4022 6338
256 379 368 434 289

730 370 1286 430 ENARRATIONUM
1321 370 1388 426 1N
1428 369 1578 425 EPP.
1617 365 1822 424 PAULI
1862 365 1991 421 LIB.
2033 365 2170 422 XIV.
2210 395 2276 405 —-
2315 364 2382 420 ΙΝ
2422 363 2640 422 EPIST.
2680 365 2772 419 AD
2809 363 3064 422 GALAT.

3431 359 3535 416 ῆιθο

252 493 476 550 Ιιιάτεοε
501 490 701 547 dicitur
730 509 742 543 :
782 488 840 544 Si
859 488 958 558 ﬁlii
979 487 1101 542 estis
1129 483 1354 559 [essetis]
1385 484 1671 546 Abraham,
1694 498 1850 551 opera
1877 485 1930 544 Α
2027 480 2333 550 Quicunque
2359 480 2496 534 enim
2518 494 2583 534 ea:
2607 479 2847 549 operibus
2872 477 3000 548 legis
3024 485 3169 541 sunt,
3195 479 3290 530 sub
3320 475 3548 532 maledi-.

254 584 487 645 Abrahae
513 581 670 652 facite
692 579 976 653 [faceretis]
1001 579 1181 650 (Jonn.
1204 579 1350 650 vin).
1379 579 1509 645 Qum
1536 586 1716 632 autem
1745 576 1849 631 alia

252 675 352 731 illo
379 675 436 730 in
471 683 719 743 tempore
743 687 865 728 cum
897 672 1012 726 hate
1041 671 1361 726 dicebantur
1389 669 1458 724 ab
1482 668 1562 723 eis
1589 667 1849 722 Dominus

251 782 424 838 opera
446 765 819 837 exspectabat,
861 763 969 818 nisi
1006 761 1381 818 credulitatem
1407 761 1461 816 in
1491 759 1684 814 Filium
1719 757 1846 825 Dei,

253 872 418 928 quem
449 855 612 910 Pater
635 855 880 918 miserat,
912 852 1262 922 loquentem?
1299 850 1406 916 Qui
1438 851 1602 905 credit
1639 851 1696 904 in
1734 865 1846 913 me,

253 966 362 1004 non
388 949 552 1003 credit
575 947 628 1001 in
651 963 754 1011 me,
777 945 868 1000 sed
896 946 950 999 in
970 961 1090 999 eum
1113 945 1200 1016 qui
1225 961 1306 999 me
1331 944 1476 998 misit
1513 942 1694 1014 (Joan.
1725 941 1866 1013 xu).

253 1039 414 1094 Unde
442 1047 496 1092 et
519 1038 572 1092 in
594 1037 699 1091 alio
720 1037 838 1092 loco
858 1037 924 1092 de
944 1035 1159 1108 generis
1183 1035 1285 1090 sibi
1308 1034 1651 1104 antiquitate,
1682 1039 1850 1087 et'no—

251 1128 466 1184 bilitate
487 1127 884 1197 plaudentibus,
915 1126 1303 1194 respondetur:
1329 1123 1413 1177 Ne
1441 1121 1700 1185 dixeritis,
1725 1121 1850 1191 quia

252 1227 460 1288 patrem
481 1218 732 1272 habemus
760 1217 1026 1270 Abraham
1067 1231 1085 1269 :
1127 1224 1307 1285 potens
1339 1223 1414 1268 est
1447 1213 1584 1266 enim
1619 1211 1758 1265 Deus
1787 1210 1850 1264 de

253 1307 524 1378 lapidibus
541 1308 653 1361 istis
674 1307 927 1361 suscitare
950 1305 1089 1373 ﬁlios
1114 1304 1380 1358 Abraham
1397 1301 1614 1372 (Matth.
1635 1299 1748 1370 ιιι);
1774 1300 1851 1354 la-

249 1399 410 1469 pides
426 1399 498 1453 ibi
515 1413 674 1452 nemo
685 1396 908 1467 ambigit
925 1397 1053 1450 dura
1068 1393 1356 1464 s’gniﬁcari
1371 1393 1532 1448 corda
1547 1391 1847 1462 gentilium,

252 1505 380 1561 quae
399 1491 606 1545 mollita
631 1499 755 1546 sunt
775 1497 982 1560 postea,
999 1498 1055 1542 et
1075 1487 1198 1542 fidei
1221 1501 1474 1556 recepere
1490 1485 1844 1557 signaculum.

331 1577 628 1632 Prouidens
657 1588 830 1632 autem
871 1575 1147 1647 Scriptura
1183 1577 1306 1645 quia
1353 1592 1416 1631 ex
1443 1575 1548 1644 ﬁde
1583 1574 1846 1644 justi/ient

252 1679 434 1740 gentes
457 1668 622 1735 Deus,
647 1668 1015 1738 prreuuntiavit
1033 1666 1257 1720 Abrahae
1274 1705 1286 1718 .
1318 1671 1454 1732 Quia
1480 1665 1848 1719 benedicentur

251 1760 310 1813 in
341 1769 390 1813 te
425 1775 603 1813 omnes
637 1768 832 1830 gentes.
866 1757 1039 1827 Igitur
1055 1757 1146 1826 qui
1166 1773 1229 1810 ex
1263 1755 1367 1826 ﬁde
1394 1764 1514 1809 sunt
1547 1754 1848 1808 benedicen-

1949 577 2032 622 cto
2052 578 2175 622 sunt
2199 569 2344 639 legis.
2366 567 2679 638 Quicunque
2698 569 2842 623 enim
2862 583 2928 622 ex
2951 568 3204 636 operibus
3234 567 3366 636 legis
3383 575 3531 632 sunt,

1950 661 2050 715 sub
2063 660 2351 715 maledicto
2372 669 2496 715 sunt
2520 659 2676 730 legis,
2707 657 2890 730 (Aug.)
2913 657 3014 713 sub
3031 658 3224 712 timore
3246 657 3360 712 vult
3376 657 3536 712 intel-

1950 750 2062 820 ligi,
2088 765 2194 804 nou
2217 749 2486 814 libertate,
2521 757 2581 803 ut
2617 748 2826 803 scilicet
2853 746 3142 817 corporali,
3173 746 3538 816 przesentique

1949 841 2186 896 vindicta
2203 839 2572 895 vindicaretur
2589 839 2644 894 in
2671 853 2766 893 eos
2786 837 2876 908 qui
2899 844 3280 906 permanerent
3296 835 3346 890 in
3361 835 3535 889 muni-

1949 930 2050 986 bus
2081 945 2200 1001 quae
2237 929 2438 999 scripta
2464 935 2588 984 sunt
2615 928 2668 981 in
2711 927 2849 982 libro
2877 926 3012 997 legis
3047 934 3108 979 ut
3143 924 3383 980 facerent
3424 939 3486 978 ea
3513 964 3528 990 ,

1950 1022 2057 1077 huc
2081 1035 2295 1091 quoque
2329 1019 2633 1083 accederet,
2663 1026 2724 1072 ut
2767 1019 2819 1071 in
2848 1017 2960 1087 ipsa
3007 1031 3293 1085 corporum
3333 1030 3494 1083 paena
3514 1053 3533 1081 ,

1951 1111 2112 1166 etiam
2141 1111 2408 1166 maledicti
2438 1110 2785 1180 ignominiam
2817 1107 3190 1163 formidarent.
3220 1106 3311 1160 Ille
3352 1117 3533 1161 autem

1945 1203 2271 1274 justiﬁcatur
2294 1201 2436 1270 apud
2481 1201 2670 1264 Deum,
2707 1199 2800 1269 qui
2848 1214 2970 1254 eum
3012 1198 3184 1267 gratis
3230 1197 3387 1262 colit;
3427 1212 3533 1250 non

1951 1291 2155 1347 scilicet
2183 1291 2476 1361 cupiditate
2503 1289 2784 1360 appetendi
2822 1287 3023 1358 aliquid
3070 1287 3138 1340 ab
3169 1285 3304 1356 ipso,
3337 1295 3536 1356 prsetcr

1951 1385 2150 1454 ipsum,
2179 1393 2270 1436 aut
2299 1383 2492 1436 timore
2529 1379 2828 1434 amittendi.
2859 1379 2914 1432 In
2947 1379 3064 1448 ipso
3093 1377 3234 1431 enim
3268 1377 3382 1432 solo
3405 1392 3534 1431 vera

1949 1486 2136 1532 nostra
2173 1473 2452 1529 beatitudo
2483 1481 2644 1541 atque
2667 1471 2908 1541 perfecta
2934 1477 3039 1535 est,
3069 1477 3121 1524 et
3151 1469 3240 1538 qui
3287 1456 3538 1523 invisibi?

1951 1565 2018 1620 lis
2057 1573 2141 1618 est
2187 1563 2358 1618 oculis
2403 1560 2638 1626 carneis,
2680 1559 2785 1616 tide
2829 1558 3024 1614 colitur
3071 1557 3306 1625 quandiu
3337 1557 3390 1610 in
3429 1558 3530 1611 hac

1949 1667 2112 1708 carne
2146 1653 2396 1714 vivimus,
2425 1649 2564 1704 sicut
2612 1663 2770 1718 supra
2795 1648 2970 1702 dixit:
3003 1646 3157 1713 Quod
3183 1656 3354 1700 autem
3395 1662 3534 1700 nunc

1950 1741 2060 1797 vivo
2087 1743 2142 1794 in
2167 1757 2344 1804 carne,
2371 1740 2426 1793 in
2451 1739 2555 1806 ﬁde
2583 1740 2697 1793 vivo
2727 1736 2857 1792 Filii
2888 1737 2980 1791 Dei
3006 1753 3024 1802 ;
3051 1744 3106 1792 et
3134 1736 3248 1804 ipsa
3270 1743 3353 1790 est
3373 1734 3534 1805 justi-

251 1860 348 1902 tur
369 1866 488 1902 cum
509 1827 655 1917 ﬁdeli
676 1847 958 1903 Abraham.
984 1845 1317 1918 (Anth.)Hoc
1345 1845 1496 1910 dicit,
1518 1845 1643 1915 quia
1669 1843 1842 1898 forma
1876 1829 1924 1890 Β
1950 1835 2047 1900 lia.
2086 1849 2192 1903 quo
2217 1833 2452 1904 Ρεΐιίηθι
2477 1831 2621 1902 quod
2647 1830 2849 1887 (“Clum
2889 1838 2974 1885 εει
3020 1846 3033 1883 ε
3073 1828 3211 1894 Quid
3245 1827 3425 1898 justus
3466 1843 3532 1881 επ

251 1951 342 1994 est
367 1940 643 2013 Abraham
665 1939 908 1994 omnium
935 1939 1288 2003 credentium,
1321 1946 1382 1992 ut
1403 1938 1458 1992 hi
1489 1935 1755 1992 benedicti
1786 1935 1842 1990 in

251 2047 323 2086 eo
373 2031 506 2096 sint,
544 2031 638 2100 qui
675 2030 922 2085 credunt.
962 2029 1265 2100 Sequentes
1312 2031 1456 2084 enim
1505 2028 1665 2084 ﬁdem
1705 2027 1840 2097 ejus,

248 2121 553 2191 participes
597 2120 734 2174 ﬁunt
767 2129 822 2174 et
870 2119 1265 2175 benedictionis
1310 2119 1572 2188 ejusdem.
1623 2117 1846 2174 Manife-

245 2223 400 2266 stum
422 2221 524 2276 est,
547 2211 674 2280 quia
703 2209 888 2265 ﬁdeles
911 2226 1035 2265 cum
1064 2210 1616 2266 ﬁdelbbenedieentur
1658 2226 1670 2262 :
1711 2223 1846 2278 quo-

250 2302 418 2356 modo
453 2300 699 2356 infideles
725 2317 848 2356 cum
885 2299 1192 2356 infidelibus
1213 2301 1530 2370 puniuntur.
1555 2297 1844 2354 Providens

252 2401 455 2456 autem,
482 2391 677 2461 inquit,
707 2389 1000 2461 Scriptura,
1031 2391 1155 2462 quia
1180 2408 1244 2446 ea:
1263 2391 1368 2461 ﬁde
1387 2391 1649 2460 justiﬁcat
1669 2399 1844 2459 gentes

250 2481 420 2547 Deus,
461 2490 568 2538 etc.
602 2481 875 2554 (Hieron.)
896 2481 1014 2536 Non
1043 2481 1184 2551 quod
1213 2482 1328 2553 ipsa
1369 2481 1668 2550 Scriptura,
1699 2489 1844 2534 atra-

251 2583 500 2630 mentum
555 2574 808 2630 videlicet
849 2583 904 2629 et
951 2573 1280 2628 membrana:
1333 2589 1453 2643 qua:
1505 2572 1844 2629 insensibiles

251 2676 404 2732 sunt,
421 2666 630 2736 possint
641 2665 819 2720 futura
835 2680 1196 2735 praenoscere,
1211 2665 1304 2720 sed
1326 2665 1466 2734 quod
1481 2663 1715 2734 Spiritus
1728 2679 1846 2718 san-

248 2765 375 2813 ctus
404 2765 461 2812 et
484 2771 674 2812 sensus
700 2756 862 2826 quiin
887 2756 1084 2811 litteris
1106 2756 1256 2820 latet,
1282 2755 1467 2810 multis
1484 2762 1610 2823 post
1633 2754 1846 2810 sa'culis

249 2854 482 2902 ventura
510 2846 877 2917 praedixerint.
909 2846 1079 2901 Porro
1121 2845 1426 2914 exemplum
1457 2844 1600 2914 quod
1632 2844 1699 2898 de
1739 2843 1845 2899 Ge-

250 2939 370 2994 nesi
403 2950 676 3010 sumptum
715 2949 821 3005 est,
851 2941 923 2996 ita
953 2941 1007 2995 in
1041 2941 1262 3012 pr0prio
1291 2940 1562 2995 volumine
1603 2940 1844 2995 contine-

249 3040 361 3085 tur.
390 3031 460 3084 Et
490 3031 857 3085 benedicentur
883 3048 938 3085 in
958 3047 1154 3086 semine
1176 3040 1266 3086 tuo
1290 3047 1467 3086 omnes
1493 3041 1667 3102 gentes
1690 3040 1844 3085 terra:

247 3118 408 3189 (Gen.
443 3119 636 3191 uva).
661 3113 814 3187 Quod
845 3120 1134 3190 Apostolus
1168 3135 1330 3192 super
1368 3121 1642 3176 Christum
1675 3121 1846 3177 inter-

249 3221 476 3282 pretans
523 3189 603 3268 ait
635 3230 648 3266 :
679 3211 806 3266 Non
841 3189 915 3268 est
943 3214 1212 3283 scriptum,
1234 3189 1330 3267 VEa:
1350 3212 1652 3278 seminibus,
1693 3213 1844 3283 quasi
1871 3189 1916 3253 (ἶ
1949 3193 2018 3248 Εε
2054 3194 2188 3248 ἀδεεῖ
2213 3190 2378 3245 omnis
2405 3205 2470 3283 Ρο

251 3305 308 3357 in
334 3303 514 3358 multis
544 3317 562 3355 :
593 3305 685 3358 sed
728 3305 880 3375 quasi
926 3303 982 3357 in
1012 3320 1115 3357 uno
1151 3318 1172 3358 :
1203 3311 1249 3356 et
1283 3303 1478 3358 semine
1507 3312 1614 3367 tuo,
1645 3303 1735 3372 qui
1768 3311 1845 3356 est

253 3395 518 3450 Christus.
549 3395 663 3450 Hoc
688 3404 870 3450 autem
915 3395 970 3449 in
1016 3393 1267 3449 omnibus
1314 3407 1453 3463 pene
1497 3392 1842 3459 testimoniis,

252 3501 378 3558 quae
396 3487 464 3543 de
491 3487 765 3542 veteribus
785 3485 938 3541 libris
958 3486 1012 3540 in
1035 3485 1184 3542 Novo
1207 3493 1484 3555 assumpta
1509 3491 1636 3539 sunt
1656 3483 1846 3538 Testa-

251 3585 460 3644 mento,
495 3577 788 3632 observare
818 3576 1090 3639 debemus,
1123 3576 1265 3645 quod
1295 3575 1569 3630 memoria:
1595 3573 1843 3628 credide-

255 3667 369 3723 rint
388 3667 734 3738 evangelistze
757 3667 840 3722 vel
869 3665 1119 3737 apostoli,
1150 3673 1206 3720 et
1231 3672 1441 3720 tantum
1483 3679 1644 3720 sensu
1676 3663 1843 3734 expli-

251 3767 401 3824 cato,
433 3774 574 3829 smpe
622 3758 866 3814 ordinem
904 3758 1396 3821 comtnutaverinh,
1455 3770 1843 3824 nonnunquam

251 3850 340 3907 vel
391 3852 728 3906 detraxerint
754 3851 917 3906 verba
942 3850 1027 3905 vel
1054 3848 1378 3904 addiderint.
1413 3847 1555 3901 Nulli
1582 3862 1712 3900 vero
1741 3847 1840 3900 du-

250 3944 426 4006 bium,
449 3943 593 4012 quod
623 3943 677 3996 in
703 3941 872 4005 Isaac,
901 3948 956 3995 et
976 3938 1164 4003 Jacob,
1197 3937 1310 3993 sive
1339 3937 1391 3990 in
1425 3935 1703 3991 duodecim
1743 3934 1844 3988 Pa-

253 4031 513 4086 triarcbis
539 4039 594 4086 et
614 4031 848 4095 caeteris,
884 4029 974 4100 qui
1006 4029 1072 4084 de
1114 4027 1388 4082 Abraham
1421 4024 1590 4094 stirpe
1622 4023 1844 4078 descen-

252 4122 416 4187 dunt,
445 4137 550 4178 non
581 4121 782 4176 fuerint
804 4121 1101 4176 benedicta:
1125 4120 1390 4174 universa:
1432 4117 1699 4179 nationes,
1751 4115 1844 4172 sed

253 4212 310 4266 in
363 4211 584 4267 Christo
611 4209 762 4276 Jesu,
817 4226 914 4281 per
955 4225 1115 4280 quem
1160 4224 1350 4264 omnes
1394 4216 1581 4278 gentes
1626 4205 1846 4261 laudant

255 4303 455 4368 Deum,
485 4311 541 4357 et
589 4302 928 4358 benedicitur
957 4316 1153 4356 novum
1181 4314 1377 4354 nomen
1406 4313 1568 4368 super
1617 4305 1838 4350 terram.

254 4391 444 4447 Potest
461 4401 644 4448 autem
658 4391 947 4462 Apostolus
959 4401 1014 4446 et
1038 4391 1104 4445 de
1117 4389 1222 4444 alio
1233 4387 1506 4444 Geneseos
1528 4387 1648 4441 loco
1661 4401 1844 4441 exem-

253 4483 405 4553 plum
432 4485 653 4540 seminis
679 4499 993 4554 usurpasse,
1016 4482 1108 4536 ubi
1136 4481 1420 4538 scribitur:
1440 4479 1639 4533 Eduxit
1667 4488 1841 4532 autem

258 4574 425 4642 foras,
449 4575 594 4630 haud
613 4575 833 4630 dubium
857 4574 988 4646 quin
1018 4573 1312 4635 Abraham,
1339 4570 1500 4634 Deus,
1527 4579 1575 4624 et
1615 4569 1747 4622 dixit
1773 4568 1840 4632 ei,

258 4661 448 4732 Aspice
468 4663 525 4716 in
556 4663 760 4734 cazlum,
786 4673 833 4718 et
862 4679 1077 4717 numera
1099 4661 1296 4725 stellas,
1320 4662 1366 4714 si
1391 4659 1582 4731 poteris
1607 4659 1845 4712 dinume-

259 4771 382 4807 rare
401 4770 490 4808 eas
507 4771 526 4819 ;
557 4765 606 4808 et
633 4757 709 4808 ait
739 4754 818 4808 illi
844 4771 864 4808 :
896 4753 988 4810 Sic
1011 4754 1108 4808 erit
1136 4769 1312 4807 semen
1358 4761 1505 4805 tuum
1547 4747 1698 4820 (Gen.
1729 4749 1841 4822 xv).

258 4843 331 4898 Et
359 4845 580 4899 credidit
601 4845 866 4900 Abraham
903 4845 1031 4910 Deo,
1067 4853 1115 4898 et
1147 4851 1442 4913 reputatum
1465 4850 1540 4895 est
1578 4841 1625 4894 ei
1651 4839 1720 4892 ad
1745 4839 1842 4908 ju-

256 4935 480 4989 stitiam.
508 4934 824 5005 Quicunque
869 4949 1000 5004 ergo
1039 4933 1266 4988 credunt
1301 4930 1688 4986 benedicentur
1721 4942 1844 4982 cum

260 5023 410 5078 ﬁdeli
453 5024 750 5090 Abraham,
792 5024 885 5094 qui
911 5025 982 5078 ob
1021 5023 1293 5094 egregiam
1342 5020 1396 5074 in
1448 5018 1613 5073 Deum
1666 5017 1849 5084 tidem,

259 5113 471 5182 primus
520 5113 574 5166 in
617 5128 738 5167 eum
769 5113 1061 5168 credidisse
1088 5119 1361 5166 narratur.
1413 5107 1566 5163 Sicut
1612 5115 1667 5162 et
1706 5107 1850 5162 Enos

261 5205 333 5260 ob
359 5204 716 5275 principalem
748 5205 803 5260 in
834 5205 1000 5260 Deum
1025 5220 1195 5274 spem,
1224 5213 1277 5260 et
1306 5204 1448 5258 inter
1471 5210 1694 5257 caeteros
1711 5200 1849 5256 emi-

262 5285 504 5360 nentem,
529 5311 775 5366 sperasse
804 5297 1062 5352 scribitur
1085 5295 1236 5368 (Gen.
1268 5295 1342 5367 tv)
1387 5295 1641 5349 invocare
1669 5291 1853 5348 Domi-

263 5399 397 5438 num
431 5384 625 5440 Deum.
654 5384 770 5442 Non
797 5387 942 5457 quod
969 5396 1024 5442 et
1055 5386 1210 5450 Abel,
1241 5389 1308 5441 de
1335 5400 1442 5455 quo
1470 5385 1727 5439 Dominus
1753 5383 1849 5449 ait,

273 5473 392 5529 Vox
422 5478 696 5547 sanguinis
723 5477 906 5547 fratris
935 5478 1014 5531 tui
1055 5476 1248 5532 clamat
1278 5476 1347 5530 ad
1388 5491 1468 5529 me
1496 5472 1646 5546 (Gen.
1678 5472 1774 5544 tv),
1799 5481 1855 5528 et

265 5569 450 5623 caeteri
477 5569 732 5641 deinceps
754 5571 921 5627 Deum
948 5586 1053 5627 non
1076 5570 1410 5641 speraverint
1434 5570 1686 5623 invocare
1716 5585 1727 5619 :
1757 5566 1852 5621 sed

267 5661 413 5730 quod
439 5676 507 5716 ex
536 5676 599 5716 ea
631 5670 802 5732 parte,
829 5665 1196 5733 unusquisque
1223 5660 1538 5732 appelletur,
1569 5673 1728 5728 quam
1771 5656 1854 5711 vel

270 5753 508 5809 maxime
535 5755 715 5810 habet.

1947 1925 2053 1994 ﬁde
2079 1925 2218 1980 uiuit.

2020 2097 2283 2167 Scriptum
2314 2106 2386 2150 est
2419 2094 2555 2148 enim
2580 2107 2598 2144 :
2633 2091 2946 2146 Maledictus
2970 2091 3136 2144 omnis
3163 2090 3250 2160 qui
3275 2106 3376 2144 non
3410 2106 3528 2160 pcr-

1945 2189 2197 2246 manserit
2220 2188 2271 2240 in
2295 2185 2532 2238 onmibus
2555 2199 2670 2254 quae
2697 2183 2889 2250 scripta
2915 2192 3058 2244 sunt,
3086 2181 3138 2232 in
3165 2179 3296 2232 libro
3323 2178 3447 2248 legis
3475 2187 3532 2232 ut

1947 2282 2109 2352 faciat
2135 2296 2215 2334 ea.
2246 2269 2694 2348 (Hieron.)°llunc
2734 2287 2940 2328 morem
2965 2272 3154 2334 habeo,
3192 2281 3251 2325 ut
3289 2272 3529 2340 quoties-

1946 2387 2159 2441 cunque
2205 2372 2272 2425 ab
2311 2367 2569 2438 apostolis
2599 2367 2664 2419 de
2697 2365 2875 2419 Veteri
2922 2364 3284 2417 Instrumenta
3329 2359 3530 2429 aliquid

1946 2463 2200 2528 sumitur,
2227 2473 2501 2515 recurram
2533 2458 2598 2510 ad
2634 2452 2926 2523 originales
2963 2452 3148 2516 libros,
3199 2457 3253 2503 et
3306 2448 3532 2518 diligen-

1948 2564 2032 2609 ter
2060 2551 2340 2624 inspiciam
2379 2547 2648 2619 quomodo
2705 2547 2756 2600 in
2805 2545 2920 2599 suis
2947 2543 3080 2598 locis
3125 2541 3322 2610 scripta
3357 2539 3464 2594 sint
3513 2555 3529 2593 :

1946 2646 2126 2702 inveni
2153 2646 2333 2715 itaque
2360 2643 2412 2696 iu
2440 2639 2853 2696 Deuterouomio
2880 2637 3059 2708 (Deut.
3091 2633 3262 2704 xxv")
3312 2635 3414 2688 hoc
3450 2633 3534 2702 ip-

1945 2751 2064 2791 sum
2090 2734 2229 2804 apud
2261 2731 2612 2802 Septuaginta
2651 2729 2976 2797 interpretes
3000 2726 3074 2780 ita
3098 2724 3328 2794 positum
3359 2735 3378 2775 :
3407 2721 3530 2776 Ha-

1945 2833 2164 2890 letlictus
2194 2831 2359 2884 onmis
2408 2829 2562 2880 homo
2589 2824 2677 2895 qui
2705 2819 3175 2892 non‘permanserit
3206 2819 3258 2871 in
3291 2815 3529 2871 omnibus

1944 2922 2268 2980 sermonibus
2291 2919 2416 2990 legis
2447 2917 2628 2986 hujus,
2656 2925 2712 2968 ut
2735 2913 2894 2983 faciat
2942 2911 3081 2974 illos,
3113 2920 3158 2964 et
3198 2909 3330 2962 dicet
3360 2908 3528 2962 onmis

1945 3010 2189 3084 populus,
2222 3009 2364 3073 Fiat,
2397 3005 2512 3075 ﬁat.
2543 3005 2697 3074 Apud
2724 3002 2973 3071 Aquilam
3001 3014 3129 3054 vero
3148 2998 3274 3084 (sic:
3309 2995 3531 3051 Maledi-

1946 3083 2058 3158 ctus
2082 3101 2172 3172 qui
2197 3108 2308 3156 non
2326 3098 2566 3154 statuerit
2599 3097 2752 3150 verba
2777 3093 2901 3164 legis
2927 3093 3111 3162 hujus,
3147 3083 3203 3143 ut
3240 3090 3401 3160 faciat
3443 3106 3527 3143 ea.

2473 3185 2628 3256 palus
2669 3199 2687 3236 :
2724 3183 2871 3238 Vere.
2905 3180 3263 3254 Symmachus
3297 3197 3311 3234 :
3356 3179 3528 3233 Male-

1947 3288 2117 3341 dictus
2140 3286 2230 3355 qui
2259 3299 2361 3336 non
2386 3278 2671 3350 firmaverit
2696 3292 2958 3332 sermones
2991 3275 3118 3328 istos
3147 3282 3203 3326 ut
3229 3272 3390 3342 faciat
3417 3288 3525 3324 eos.

1944 3376 2014 3431 Et
2041 3377 2174 3429 dicet
2203 3373 2368 3428 omnis
2389 3370 2609 3441 populus
2639 3385 2658 3423 :
2683 3370 2869 3422 Amen.
2900 3365 3066 3421 l'orro
3113 3361 3410 3424 Tlteodotio
3451 3361 3531 3416 sic

1947 3465 2219 3522 transtulit
2249 3482 2262 3518 :
2297 3461 2610 3517 Maledictus
2636 3459 2724 3529 qui
2765 3474 2865 3510 non
2904 3455 3227 3510 suscitaverit
3269 3469 3530 3508 sermones

1943 3560 2070 3629 legis
2091 3557 2248 3628 hujus
2277 3556 2448 3624 facere
2476 3570 2582 3608 eos.
2612 3551 2676 3604 Et
2698 3551 2831 3604 dicet
2857 3549 3024 3604 omnis
3047 3545 3268 3618 populus
3295 3560 3313 3599 :
3341 3544 3526 3598 Amen.

1945 3650 2021 3704 Ex
2053 3662 2158 3716 quo
2187 3645 2533 3714 intelligimus
2565 3639 2899 3710 Apostolum,
2927 3650 2988 3692 ut
3033 3638 3086 3690 in
3133 3634 3364 3699 caeteris,
3407 3648 3540 3688 sen-.

1911 3755 2061 3795 ~sum
2094 3737 2264 3806 magis
2301 3733 2592 3790 testimonii
2632 3731 2876 3802 posuisse
2905 3743 3067 3797 quam
3107 3727 3273 3780 verba
3313 3741 3327 3776 :
3361 3731 3414 3778 et
3447 3723 3529 3776 in-

1925 3807 2150 3894 .certum
2179 3827 2440 3880 habemus
2461 3833 2637 3876 utrum
2662 3820 3014 3890 Septuaginta
3039 3819 3360 3886 interpretes
3381 3812 3532 3867 addi-

1943 3921 2164 3975 derint:
2195 3917 2377 3970 Omnis
2429 3915 2605 3976 homo,
2635 3920 2690 3965 et
2732 3913 2782 3964 in
2824 3909 3085 3973 omnibus,
3130 3923 3198 3960 an
3254 3907 3308 3960 in
3351 3901 3529 3957 veteri

1944 4009 2210 4067 llebraico
2234 4008 2306 4061 ita
2335 4005 2516 4068 fuerit,
2541 4011 2598 4058 et
2627 4010 2814 4072 postea
2853 4018 2880 4053 a
2907 3997 3106 4052 JUdtlBiS
3132 3997 3370 4050 deletum
3415 3995 3486 4048 sit
3513 4011 3526 4048 :

1943 4101 2001 4154 ln
2032 4101 2172 4154 hanc
2195 4111 2279 4150 me
2301 4103 2479 4148 autem
2503 4091 2860 4161 suspicionem
2887 4087 2974 4142 illa
2999 4102 3085 4142 res
3108 4085 3364 4150 stimulat,
3386 4084 3532 4154 quod

1943 4188 2185 4251 verbum,
2217 4184 2424 4248 Omnis,
2470 4192 2525 4236 et
2548 4183 2601 4234 in
2631 4177 2891 4240 omnibus,
2917 4176 3072 4246 quasi
3092 4173 3272 4230 sensui
3300 4188 3398 4228 suo
3430 4187 3529 4228 ne-

1945 4277 2262 4338 cessarium,
2290 4273 2356 4327 ad
2381 4269 2712 4341 probandum
2759 4267 2904 4329 illud,
2951 4267 3093 4335 quod
3136 4265 3428 4335 quicunque
3465 4277 3531 4316 ex

1944 4365 2184 4437 operibus
2223 4361 2348 4432 legis
2375 4370 2514 4424 sunt,
2554 4359 2647 4413 sub
2677 4357 2952 4410 maledicto
2973 4356 3100 4420 sint,
3127 4353 3414 4424 Apostolus
3447 4351 3533 4405 vir

1945 4458 2184 4513 Hebraea
2203 4454 2411 4525 peritia:
2437 4460 2492 4507 et
2515 4451 2570 4505 in
2593 4451 2710 4520 lege
2731 4448 3094 4512 doctissimus,
3111 4459 3384 4514 nunquam
3409 4459 3532 4514 pro-

1868 4541 2162 4603 Dtulisset
2217 4544 2320 4599 nisi
2372 4543 2426 4598 in
2485 4540 2726 4596 Hebrzeis
2798 4537 3162 4594 voluminibus
3218 4535 3526 4589 haberetur.

1952 4641 2123 4707 Quam
2151 4638 2219 4694 ob
2241 4651 2458 4693 causam
2501 4632 2965 4689 Samaritanorum
3013 4629 3224 4683 hebrata
3257 4627 3532 4682 volumina

1953 4733 2196 4803 relegens
2237 4727 2413 4784 inveni
2453 4725 2584 4781 Chal
2636 4743 2654 4780 :
2705 4724 2850 4796 quod
2892 4723 3281 4790 interpretatur
3317 4720 3527 4786 omnis,

1952 4826 2066 4880 sive
2104 4821 2376 4884 omnibus,
2422 4818 2678 4887 scriptum
2721 4827 2840 4870 esse
2867 4853 2882 4879 ,
2929 4820 2986 4867 et
3026 4826 3148 4866 cum
3181 4809 3532 4880 Septuaginta

1955 4914 2338 4984 interpretibus
2370 4908 2718 4966 concordare.
2764 4905 2985 4960 Frustra
3027 4903 3191 4975 igitur
3228 4901 3356 4956 illud
3393 4900 3528 4955 tule-

1954 5015 2079 5063 runt
2097 5004 2285 5069 Judaei,
2309 5017 2379 5057 ne
2407 5001 2719 5055 viderentur
2746 5011 2868 5052 esse
2895 4995 2994 5050 sub
3015 4993 3319 5057 maledicto,
3351 4991 3395 5047 si
3423 5007 3528 5046 non

1951 5101 2174 5166 possent
2200 5091 2383 5148 omnia
2413 5087 2682 5158 complere
2710 5101 2830 5156 quae
2859 5084 3058 5154 scripta
3083 5090 3207 5140 sunt
3233 5101 3246 5136 :
3274 5098 3396 5135 cum
3435 5097 3533 5135 an-

1955 5186 2212 5254 tiquiores
2236 5181 2457 5236 alterius
2485 5193 2700 5248 quoque
2745 5177 2919 5248 gentis
2952 5176 3164 5240 litterat,
3198 5175 3249 5229 id
3295 5175 3530 5244 positum

1954 5277 2122 5332 fuisse
2170 5281 2454 5330 testantur.
2505 5270 2770 5337 Quoniam
2807 5278 2989 5324 autem
3029 5281 3186 5322 nemo
3218 5266 3391 5336 possit
3437 5281 3533 5320 ex-

1954 5369 2102 5440 plere
2130 5367 2302 5437 legem
2323 5374 2379 5419 et
2395 5371 2588 5419 cuncta
2615 5362 2794 5418 facere
2819 5377 2939 5432 quae
2958 5360 3111 5431 jussa
3136 5368 3282 5420 sunt,
3307 5366 3365 5412 et
3401 5357 3531 5412 alibi

1955 5468 2189 5516 testatur
2220 5457 2510 5528 Apostolus
2553 5456 2736 5510 dicens
2783 5453 2960 5526 (Rom.
3002 5449 3122 5522 vui)
3157 5467 3169 5502 :
3203 5447 3354 5514 Quod
3395 5447 3532 5502 enim

1955 5561 2066 5606 erat
2087 5549 2404 5620 impossibile
2425 5547 2546 5620 legi,
2573 5549 2628 5601 in
2658 5563 2758 5618 quo
2781 5543 3153 5614 inﬁrmabatur
3179 5557 3270 5610 per
3300 5553 3532 5600 carnem,

1957 5643 2097 5697 Deus
2111 5641 2157 5694 F
2162 5640 2310 5695 ilium
2333 5619 2484 5694 suum
2501 5639 2707 5692 mittens
2727 5637 2780 5691 in
2808 5632 3199 5690 similitudinem
3222 5629 3395 5682 carnis
3419 5640 3536 5694 pec-

1958 5741 2080 5803 cati,
2108 5737 2171 5790 de
2191 5740 2399 5790 oeccato
2420 5729 2778 5786 condemnavit
2804 5733 3070 5796 peccatum
3093 5723 3147 5775 in
3176 5733 3346 5772 carne.
3383 5712 3538 5782 Quod
