4022 6338
216 324 325 383 293

679 316 1223 377 ENARRA'I‘IONUM
1254 314 1325 371 IN
1365 312 1512 370 EPP.
1548 307 1751 366 PAULI
1784 306 1913 363 LIB.
1953 307 2093 369 XIV.
2127 341 2198 354 --
2232 311 2301 371 IN
2338 310 2553 369 EPIST.
2589 310 2681 366 AD
2716 308 2966 367 GALAT.

3339 304 3444 361 294

220 436 299 491 vit
324 434 394 489 ad
421 431 679 498 litteram,
706 429 847 485 unde
877 428 1042 483 etiam
1062 443 1189 484 cum
1232 427 1455 483 sabbato
1480 423 1783 480 esurientes
1812 421 1857 482 Α
1885 424 2065 479 timuit
2102 425 2297 490 dicere,
2343 442 2436 497 pro
2467 425 2611 479 nobis
2660 424 2895 481 omnibus
2921 430 3156 477 mortuus
3193 431 3289 478 est.
3333 420 3449 479 [Ioc

220 520 469 593 discipuli
495 519 675 590 spicas
695 518 1033 583 evulsissent,
1060 517 1336 587 respondit
1360 513 1785 584 indignantibus,
1884 520 1971 568 est
2002 513 2163 578 enim,
2188 522 2431 569 mortuus
2449 521 2552 579 est,
2576 513 2719 582 quod
2746 513 3107 575 maledictum,
3137 512 3261 580 quia
3303 526 3453 569 mors

218 610 509 669 Dominum
530 624 653 666 esse
679 608 846 662 ﬁlium
858 606 1093 662 hominis
1110 608 1275 661 etiam
1295 604 1503 660 sabbati
1517 601 1666 674 (Luc.
1687 599 1784 670 vi).

219 699 411 773 Itaque
447 699 537 754 illa
577 698 864 754 carnaliter
908 711 1019 754 non
1075 681 1446 761 observando,
1495 691 1787 748 carnalium

219 790 570 861 conﬂagravit
591 788 864 853 invidiam,
878 795 935 841 et
953 786 1190 855 suscepit
1202 785 1413 855 quidem
1430 796 1644 853 pmnam
1666 795 1792 852 pro-

219 880 457 952 positam
486 878 589 935 illis
632 876 724 946 qui
745 891 865 932 eam
891 890 999 931 non
1023 875 1398 930 observasscnt
1426 890 1438 925 :
1470 870 1565 928 sed
1592 882 1649 926 ut
1674 885 1793 925 cre-

221 969 417 1024 dentes
446 967 503 1022 in
530 982 589 1023 se
625 965 749 1021 talis
772 978 946 1036 poenae
979 964 1171 1019 timore
1196 963 1473 1025 liberaret,
1497 974 1606 1030 quo
1629 959 1793 1028 perti-

220 1065 317 1113 net
334 1056 479 1126 quod
503 1055 775 1126 adjungit:
807 1052 1046 1108 Christus
1073 1068 1165 1106 nos
1191 1050 1402 1105 redemit
1432 1048 1496 1103 de
1518 1047 1793 1103 maledicto

220 1146 374 1216 legis,
398 1145 568 1214 [actus
590 1161 685 1215 pro
713 1144 858 1200 nobis
886 1141 1239 1206 maledictum,
1261 1141 1387 1211 quia
1408 1140 1657 1208 scriptum
1681 1147 1755 1193 est
1774 1156 1793 1192 :

222 1234 539 1290 Haledietus
579 1235 745 1289 omnis
784 1234 873 1304 qui
916 1233 1099 1303 pendet
1121 1234 1176 1286 in
1205 1232 1365 1301 ligno,
1400 1239 1457 1285 ut
1484 1232 1540 1285 in
1562 1231 1796 1301 gentibus

221 1324 513 1379 benedictio
541 1322 762 1377 Abrahae
780 1322 923 1391 ﬁeret
945 1322 997 1375 in
1019 1320 1224 1376 Christo
1245 1319 1281 1373 ,Ι
1285 1336 1396 1385 esu,
1433 1327 1489 1372 ut
1529 1317 1800 1391 repromis-

219 1415 425 1469 sionent
460 1414 676 1483 spiritus
720 1385 1037 1482 accipiamus
1079 1426 1172 1481 per
1206 1410 1383 1479 ﬁdem.
1417 1385 1621 1482 (Am-bi)
1660 1406 1798 1462 Cum

221 1519 386 1561 nemo
408 1511 621 1573 poterat
648 1502 867 1572 implere
893 1501 1083 1571 legem,
1113 1500 1192 1555 rei
1214 1508 1372 1554 erant
1410 1512 1597 1553 omnes
1631 1496 1800 1552 male-

222 1597 373 1653 dicto
423 1595 575 1666 legis,
607 1602 669 1648 ut
715 1592 1014 1646 vindicaret
1049 1590 1103 1644 in
1148 1604 1279 1655 eos,
1329 1587 1576 1644 Christus
1619 1596 1800 1642 autem

222 1687 392 1741 homo
419 1692 605 1747 natus,
632 1680 844 1736 oblatus
881 1688 1085 1748 atpatre
1110 1694 1211 1748 pro
1233 1678 1407 1742 nobis,
1438 1675 1665 1732 redemit
1699 1691 1798 1730 nos

1887 599 2001 670 ipsa
2023 615 2089 656 ex
2114 600 2396 657 maledicto
2423 608 2524 656 est.
2552 600 2619 655 Et
2646 599 2988 655 maledictum
3013 608 3095 655 est
3135 614 3295 654 omne
3326 613 3453 669 pec-

1888 699 2087 757 catum,
2119 691 2230 746 sive
2253 691 2426 761 ipsum
2460 690 2604 761 quod
2631 690 2690 744 lit
2720 697 2781 745 ut
2821 700 3080 761 sequatur
3106 688 3449 759 supplicium,

1889 781 2003 836 sive
2028 781 2197 850 ipsum
2220 780 2559 850 supplicium,
2585 778 2729 851 quod
2757 779 2863 835 alio
2890 780 3049 834 modo
3075 787 3295 833 vocatur
3323 793 3451 849 pec-

1891 879 2090 935 catum,
2117 870 2239 939 quia
2268 869 2328 924 ﬁt
2351 884 2415 924 ex
2446 878 2685 938 peccato.
2729 867 2979 940 Suscepit
3003 876 3180 922 autem
3209 867 3456 923 Christus

1893 962 2009 1017 sine
2033 970 2182 1017 reatu
2208 961 2524 1031 supplicium
2553 969 2818 1028 nostrum,
2844 968 2905 1015 ut
2931 960 3055 1015 inde
3085 959 3316 1016 solveret
3339 974 3459 1013 rea-

1893 1059 2005 1105 tum
2052 1059 2316 1115 nostrum,
2355 1059 2408 1105 et
2433 1049 2610 1106 ﬁniret
2646 1050 2808 1106 etiam
2845 1050 3161 1122 supplicium
3189 1058 3455 1104 nostrum.

1896 1141 2041 1196 Misit
2083 1142 2239 1208 Deus,
2268 1142 2459 1211 inquit,
2487 1139 2682 1195 Filium
2717 1158 2870 1196 suum
2908 1142 2965 1195 in
2986 1141 3325 1197 similitudine
3343 1156 3461 1194 car-

1896 1232 1977 1285 nis
1975 1233 2193 1304 yeccati
2227 1230 2399 1304 (Rom.
2427 1231 2569 1302 vui),
2596 1246 2660 1287 eo
2681 1231 2799 1301 ipso
2819 1247 2926 1302 quo
2948 1230 3193 1286 mortalis
3217 1238 3367 1294 erat,
3395 1228 3463 1284 si-

1897 1321 2249 1376 militudinem
2290 1319 2528 1377 habebat
2575 1321 2753 1377 carnis
2799 1321 3028 1391 peccati,
3078 1321 3182 1376 hoc
3233 1320 3466 1391 appellat

1898 1410 2059 1465 etiam
2081 1407 2357 1480 peccatum
2395 1420 2790 1481 consequenter
2821 1412 3028 1478 dicens,
3062 1410 3130 1466 Ut
3156 1412 3221 1466 de
3252 1421 3462 1483 peccato

1899 1500 2169 1555 damnaret
2196 1509 2463 1569 peccatum
2500 1502 2554 1555 in
2582 1516 2737 1555 carne
2772 1499 2983 1572 (Ibid.).
3015 1501 3125 1555 Cur
3150 1517 3279 1573 ergo
3308 1501 3466 1558 time-

1902 1599 1987 1645 ret
2014 1590 2223 1663 Moyses
2243 1591 2443 1656 dicere,
2473 1588 2816 1646 maledictum
2853 1591 2995 1661 quod
3038 1590 3235 1646 Paulus
3262 1606 3368 1646 non
3396 1591 3464 1646 ti-

1900 1680 2037 1737 muit
2067 1681 2243 1736 dicere
2263 1688 2566 1750 peccatum.
2589 1679 2741 1748 Quod
2767 1689 2945 1736 autem
2967 1681 3204 1737 additum
3229 1688 3332 1748 est,
3356 1698 3468 1739 om-

212 1782 258 1829 a
286 1766 521 1830 diabolo.
546 1770 703 1825 Morti
730 1770 872 1825 enim
890 1766 1405 1823 t'olentem'oﬂerens
1430 1766 1580 1820 illum
1606 1779 1704 1835 pro
1720 1765 1803 1819 his
1831 1757 1878 1817 B
1907 1772 1985 1827 ut;
2010 1772 2098 1843 qui
2139 1772 2193 1827 in
2228 1770 2369 1842 ligno
2412 1771 2672 1843 pependit,
2712 1787 2816 1827 non
2869 1788 2998 1828 sane
3042 1772 3251 1845 Moyses
3294 1774 3471 1831 minus

226 1867 323 1936 qui
348 1864 633 1920 maledicto
654 1862 790 1932 legis
815 1870 972 1915 erant
1004 1858 1244 1924 obnoxii,
1270 1856 1614 1911 maledictum
1655 1854 1805 1910 illum

226 1957 361 2013 fecit
414 1956 519 2011 hoc
545 1953 737 2018 modo,
778 1952 919 2008 sicut
953 1950 1006 2004 in
1054 1949 1170 2021 lege
1205 1949 1377 2004 hostia
1420 1961 1523 2018 pro
1568 1945 1806 2017 peccatis

227 2049 412 2106 oblata
438 2054 717 2118 peccatum
740 2040 1164 2111 nuncupabatur,
1192 2046 1477 2108 propterea
1505 2049 1603 2105 pro
1642 2032 1808 2088 male-

229 2140 395 2195 dictis
435 2137 670 2201 oblatus,
714 2136 888 2190 lactus
934 2141 1019 2188 est
1061 2131 1431 2194 maledictum,
1488 2128 1614 2181 dum
1653 2123 1808 2195 quasi

229 2236 493 2300 peccator
524 2226 804 2283 occiditur.
833 2223 960 2281 Ideo
987 2238 1095 2277 non
1130 2221 1282 2285 dixit,
1318 2217 1493 2274 factus
1518 2233 1615 2288 pro
1653 2216 1810 2271 nobis

234 2320 580 2384 maledictus,
624 2315 720 2372 sed
760 2313 1128 2370 maledictum.
1176 2312 1227 2366 Is
1269 2310 1414 2365 enim
1464 2307 1553 2378 qui
1591 2314 1812 2377 prepter

234 2417 515 2481 peccatum
562 2404 839 2478 preprium
887 2403 1046 2457 morti
1093 2400 1436 2463 oﬁ‘ercbatur,
1491 2396 1809 2453 maledictus

222 2499 425 2564 ﬁebat,
453 2498 505 2551 in
532 2511 630 2551 sua
658 2496 800 2552 enim
841 2508 1002 2549 causa
1038 2491 1382 2547 moriebatur.
1411 2489 1479 2543 Et
1513 2487 1558 2542 si
1591 2486 1811 2557 propius

235 2586 493 2657 aspicias,
539 2584 747 2639 videbis
782 2582 1076 2646 Christum,
1115 2580 1456 2635 maledictum
1503 2593 1687 2634 eorum
1735 2574 1813 2630 fa-

237 2680 386 2735 ctum
413 2694 448 2732 a
476 2677 671 2748 quibus
722 2677 934 2731 occisus
980 2684 1060 2730 est
1096 2691 1111 2728 :
1165 2670 1297 2729 crux
1338 2674 1482 2728 enim
1517 2671 1813 2728 Salvatoris

233 2778 521 2841 peccatum
565 2776 619 2825 et
661 2767 1005 2823 maledictum
1034 2773 1120 2821 est
1154 2762 1478 2829 Iuda-orum,
1505 2765 1629 2835 quia
1683 2763 1816 2817 scri-

235 2870 385 2931 ptum
427 2868 501 2913 est
545 2872 565 2911 :
618 2857 932 2912 Maledictus
990 2857 1157 2910 omnis
1206 2856 1295 2928 qui
1343 2856 1527 2925 pendet
1572 2855 1629 2909 in
1675 2853 1815 2925 ligno

1904 1863 2148 1932 praevidit
2168 1863 2327 1917 etiam
2346 1860 2523 1929 iustos
2546 1863 2600 1917 in
2621 1878 2780 1918 cruce
2806 1861 3036 1931 futuros,
3060 1865 3157 1919 sed
3173 1865 3310 1920 bene
3335 1881 3472 1936 pra:-

1905 1952 2039 2006 vidit
2062 1952 2363 2017 haereticos,
2388 1967 2568 2008 veram
2592 1962 2818 2009 mortem
2848 1954 3059 2010 Domini
3084 1963 3395 2026 negaturos,
3416 1965 3474 2013 et

1906 2039 2026 2094 ideo
2057 2039 2298 2095 volentes
2324 2040 2392 2094 ab
2421 2041 2524 2096 hoc
2557 2041 2839 2097 maledicto
2864 2042 3137 2099 Christum
3169 2046 3472 2118 scjungere,

1908 2140 1969 2186 ut
1997 2146 2028 2185 a
2062 2131 2252 2186 mortis
2270 2131 2434 2187 etiam
2472 2132 2698 2188 veritate
2723 2134 3086 2203 sejungerent.
3111 2133 3169 2190 Si
3191 2137 3334 2191 enim
3351 2152 3476 2192 vera

1908 2220 1997 2276 illa
2014 2236 2159 2277 mors
2183 2235 2291 2275 non
2322 2229 2459 2287 erat,
2478 2222 2682 2276 nullum
2712 2223 3055 2279 maledictum
3077 2224 3479 2303 Cbristocguci-

1911 2310 2018 2365 ﬁxo
2041 2310 2295 2379 pependit
2318 2309 2371 2363 in
2397 2309 2561 2380 ligno,
2600 2312 2725 2382 quia
2757 2326 2857 2368 nec
2872 2328 2997 2369 vere
3031 2316 3319 2371 cruciﬁxus
3346 2325 3431 2371 est
3460 2334 3475 2370 :

1911 2414 1975 2455 ac
1992 2415 2091 2469 per
2121 2399 2223 2454 hoc
2255 2399 2494 2454 additum
2514 2411 2616 2466 est,
2640 2402 2825 2466 omnis,
2843 2418 2910 2458 ne
2930 2403 3175 2459 Christus
3198 2405 3266 2459 ad
3293 2420 3479 2461 veram

1912 2500 2140 2546 mortem
2160 2507 2265 2547 non
2290 2493 2562 2563 pertinere
2583 2493 2872 2561 diceretur,
2902 2497 2948 2551 si
2976 2512 3007 2550 a
3033 2496 3319 2553 maledicto
3339 2498 3483 2568 quod

1912 2581 2069 2636 morti
2085 2580 2428 2649 coniunctum
2441 2590 2543 2648 est,
2559 2582 2833 2654 insipienti
2846 2585 3247 2642 honoriﬁcentia
3270 2603 3485 2658 separa-

1912 2677 2084 2725 relur.
2117 2669 2251 2725 Nam
2275 2672 2417 2739 quod
2454 2672 2671 2741 quidam
2702 2675 2877 2729 nostri
2915 2676 3093 2731 minus
3114 2676 3166 2731 in
3190 2678 3486 2748 Scripturis

1913 2759 2126 2826 eruditi,
2142 2761 2462 2815 sententiam
2476 2760 2633 2816 istam
2644 2762 2806 2819 nimis
2818 2764 3091 2831 timentes,
3109 2775 3164 2821 et
3180 2765 3486 2836 Scripturas

1915 2859 2127 2906 veteres
2152 2850 2331 2906 debita
2357 2852 2561 2921 pietate
2589 2853 2968 2922 approbantes,
3010 2871 3116 2910 non
3154 2865 3345 2926 putant
3382 2857 3486 2913 hoc

240 2951 423 3023 (Deut.
469 2949 606 3020 xxi).
647 2948 761 3003 Hoc
813 2948 1020 3020 Moyses
1046 2947 1182 3002 dixit
1210 2947 1265 3000 in
1293 2944 1708 3001 Deuteronomio
1749 2944 1818 2998 de
1919 2941 1985 2997 de
2009 2941 2120 2998 Deo
2141 2942 2343 2997 dictum
2365 2957 2501 3005 esse.
2528 2944 2622 2999 sed
2642 2944 2707 2999 de
2737 2943 2871 3001 Juda
2895 2947 3156 3002 traditore
3176 2947 3313 3019 ejus,
3337 2949 3488 3004 aiunt

230 3042 353 3096 reis
378 3038 601 3099 mortis;
632 3046 693 3093 ut
729 3036 996 3094 sulllceret
1018 3038 1291 3108 suspensis
1313 3037 1367 3092 in
1384 3037 1531 3109 ligno
1558 3036 1669 3092 illic
1692 3050 1813 3091 esse
1841 3091 1883 3109 η
1919 3032 2063 3088 enim
2088 3040 2371 3103 prepterea
2398 3047 2508 3088 non
2550 3047 2670 3089 esse
2705 3032 2928 3102 dictum,
2960 3034 3273 3092 Maledictus
3319 3039 3486 3095 omnis

239 3091 432 3200 ἰιέἆυῖ
445 3091 1167 3198 ξάνννεερειεω-ει-ἀεροίιὶ
1191 3091 1654 3197 εᾱεεριιῖιιιηιω,
1683 3126 1812 3196 quia
1838 3091 1886 3154 Ο
1916 3123 2006 3193 qui
2052 3091 2234 3193 ﬁgitur
2269 3121 2324 3177 in
2364 3121 2529 3193 ligno,
2564 3123 2659 3179 sed
2698 3124 2788 3194 qui
2816 3091 3002 3195 pendet
3047 3125 3105 3179 in
3153 3125 3315 3197 ligno,
3360 3091 3490 3196 quia

245 3239 268 3272 ι
296 3218 617 3274 maledich
641 3218 839 3284 omnis,
875 3217 1069 3286 inquit,
1095 3216 1187 3287 qui
1207 3216 1404 3287 pendet
1429 3217 1483 3271 in
1519 3216 1682 3287 ligno,
1706 3235 1724 3267 ι
1757 3222 1815 3270 ιιι

239 3322 342 3363 reo
366 3307 564 3365 mortis
610 3303 881 3361 sulliceret
928 3306 1050 3368 hoc,
1079 3304 1203 3374 quia
1233 3318 1527 3375 suspensus
1556 3303 1818 3359 morieba-

237 3406 337 3452 tur
370 3398 428 3452 in
469 3396 635 3467 ligno,
660 3410 728 3450 ne
762 3394 984 3459 diutius,
1015 3394 1060 3448 si
1091 3400 1238 3449 esset
1274 3407 1585 3464 suspensus,
1641 3392 1816 3463 majus

242 3488 474 3543 haberet
514 3485 861 3557 opprobrium
907 3498 1054 3539 mors
1100 3482 1218 3553 ejus
1260 3498 1424 3553 quam
1467 3483 1714 3549 deberet,
1761 3492 1817 3537 et

242 3576 401 3631 ﬁeret
430 3574 640 3630 macula
669 3572 854 3646 generi
892 3570 1027 3639 ejus,
1057 3571 1105 3627 si
1131 3570 1360 3640 amplius
1385 3585 1530 3627 mors
1553 3568 1671 3639 ejus
1714 3585 1815 3640 pu-

242 3667 562 3722 blicaretur.
588 3664 666 3719 Ac
692 3678 791 3734 per
824 3665 925 3719 hoc
952 3662 1198 3717 Salvator
1238 3662 1497 3717 innocens
1529 3676 1819 3731 suspensus

239 3761 301 3814 in
329 3759 494 3830 ligno,
518 3772 625 3812 non
653 3766 739 3812 est
758 3755 1098 3821 maledictus,
1122 3756 1220 3811 sed
1242 3756 1582 3811 maledictum
1605 3756 1819 3812 illorum

244 3866 277 3904 a
302 3850 503 3920 quibus
535 3863 830 3919 suspensus
859 3855 959 3903 est.
983 3847 1252 3915 Quantum
1289 3857 1467 3903 tamen
1499 3848 1569 3903 ad
1606 3846 1819 3904 Iudaeos

243 3940 509 4011 pertinet,
562 3939 715 4008 quasi
756 3946 1097 4007 peccatorem
1152 3936 1301 3991 illum
1334 3936 1684 3992 occidendum
1728 3935 1819 3990 Pi-

248 4029 362 4084 lato
395 4027 708 4093 oﬂereutes,
741 4027 1081 4081 maledictum
1117 4025 1267 4079 illum
1291 4025 1557 4091 fecerunt,
1583 4035 1641 4080 ut
1666 4025 1823 4095 quasi

248 4134 374 4173 reus
421 4118 765 4173 occideretur
789 4131 910 4171 cum
952 4124 1096 4171 esset
1137 4115 1413 4181 innocens,
1455 4115 1581 4185 quia
1627 4116 1821 4186 dignus

247 4219 427 4266 morte
470 4208 786 4263 maledictus
830 4216 916 4262 est
956 4205 1109 4274 juxta
1145 4206 1336 4278 legem.
1382 4205 1636 4262 Videntes
1677 4208 1823 4264 enim

249 4296 451 4352 multos
471 4297 748 4367 aggregari
774 4295 1028 4351 doctrinae
1047 4295 1183 4365 ejus,
1207 4295 1364 4350 zelati
1389 4304 1514 4350 sunt
1534 4295 1775 4352 dicentes
1801 4311 1819 4352 :

253 4386 389 4440 Ecce
408 4395 550 4439 tatus
568 4384 792 4438 mundus
813 4384 938 4439 abiit
960 4395 1075 4455 post
1101 4383 1249 4439 illum
1279 4383 1460 4456 (Ioan.
1487 4385 1611 4455 xu),
1639 4400 1703 4442 ac
1724 4401 1824 4457 per

253 4472 379 4539 hoc,
408 4487 512 4544 pro
537 4472 692 4528 nobis
708 4473 919 4529 occisus
940 4474 1154 4537 dicitur,
1183 4480 1240 4527 et
1261 4473 1456 4543 duplici
1494 4489 1689 4544 genere
1723 4490 1823 4546 pro

255 4564 431 4619 nobis.
459 4561 595 4618 Cum
624 4572 801 4618 autem
824 4571 1014 4634 putant
1031 4562 1180 4617 illum
1209 4563 1380 4620 occidi
1408 4564 1604 4620 debere
1628 4581 1697 4622 ne
1724 4567 1822 4622 do-

255 4662 426 4717 eeret,
450 4652 585 4707 nihil
604 4653 966 4723 profecerunt,
994 4654 1122 4723 quia
1141 4661 1198 4708 et
1223 4653 1466 4710 doctrina
1488 4654 1604 4724 ejus
1629 4658 1821 4724 crevit,

253 4750 310 4796 et
338 4749 572 4796 mortem
599 4742 881 4796 evacuavit
920 4743 975 4795 in
1021 4742 1269 4811 passione
1315 4758 1433 4798 sua.
1482 4743 1823 4804 Descendens

254 4830 403 4886 enim
431 4831 503 4885 ad
526 4830 726 4885 inferos
760 4846 929 4901 genus
954 4832 1227 4886 hominum
1247 4832 1513 4901 liberavit,
1536 4848 1639 4903 qua
1659 4850 1821 4891 causa

251 4931 310 4977 et
326 4921 503 4977 occidi
533 4934 592 4976 se
614 4922 878 4990 permisit,
900 4922 1078 4976 sciens
1104 4937 1201 4992 pro
1226 4924 1382 4979 nobis
1413 4940 1534 4981 esse
1556 4935 1611 4981 et
1638 4935 1825 4983 contra

255 5009 550 5066 diabolum.
567 5008 750 5081 (Δις.)
765 5008 857 5064 Ille
875 5018 1033 5080 neget
1056 5010 1327 5067 Christum
1347 5014 1712 5083 maledictum,
1732 5018 1825 5088 qui

254 5110 417 5171 negat
444 5108 501 5155 et
528 5111 815 5162 mortuum,
841 5104 931 5172 qui
968 5113 1149 5158 autem
1199 5103 1488 5159 conﬁtetur
1528 5117 1821 5174 mortuum,

256 5206 457 5263 negare
478 5206 587 5247 non
612 5201 789 5263 potest
808 5201 1037 5248 mortem
1063 5195 1129 5248 de
1153 5203 1371 5263 peccato
1388 5209 1530 5261 esse,
1552 5205 1607 5251 et
1631 5198 1700 5253 ob
1719 5199 1824 5254 hoc

255 5284 419 5339 etiam
444 5281 621 5352 ipsum
643 5290 923 5352 peccatum
951 5283 1153 5348 vocari,
1181 5285 1365 5339 audiat
1392 5286 1568 5355 ipsum
1592 5287 1823 5358 Aposto-

255 5372 366 5427 lum
392 5372 680 5438 dicentem,
709 5374 835 5444 quia
862 5382 1005 5428 vetus
1028 5374 1183 5427 homo
1207 5384 1377 5429 noster
1399 5376 1556 5430 simul
1582 5394 1700 5433 cum
1733 5378 1825 5433 illo

254 5466 539 5535 cruciﬁxus
566 5474 644 5521 est
665 5465 843 5538 (Rom.
878 5465 976 5536 vi),
1004 5474 1060 5520 et
1106 5464 1369 5536 intelligat
1397 5480 1559 5536 quem
1601 5468 1826 5526 maledi-

255 5568 400 5613 ctum
428 5556 639 5629 Moyses
663 5557 880 5614 dixerit.
919 5558 1151 5629 Ideoque
1180 5566 1395 5614 secutus
1418 5559 1706 5629 Apostolus
1753 5562 1831 5617 ait

254 5661 321 5716 de
361 5650 596 5716 Christo,
626 5650 801 5720 {actus
826 5667 920 5722 pro
954 5651 1099 5707 nobis
1141 5650 1472 5707 maledictum
1497 5672 1510 5708 :
1540 5655 1677 5710 sicut
1724 5671 1828 5711 non

1852 4431 1904 4491 D

1910 3226 2020 3266 non
2057 3210 2147 3266 hic
2198 3210 2456 3266 Dominus
2503 3210 2835 3282 signiﬁcatus
2877 3221 2981 3280 est,
3034 3214 3130 3270 sed
3177 3214 3268 3271 ille
3300 3218 3392 3286 qui
3429 3231 3490 3272 se

1913 3299 2105 3369 laqueo
2150 3300 2448 3369 suspendit,
2504 3300 2665 3356 nimis
2720 3310 2906 3360 errant
2970 3318 3071 3360 nec
3118 3306 3403 3363 attendunt
3430 3324 3492 3365 se

1913 3398 2099 3446 contra
2136 3389 2447 3461 Apostolum
2494 3391 2785 3462 disputare,
2831 3394 2924 3464 qui
2957 3395 3031 3450 ait
3063 3413 3077 3450 :
3111 3395 3350 3454 Christus
3394 3416 3489 3456 nos

1915 3479 2131 3533 redemit
2160 3478 2224 3532 de
2266 3478 2542 3533 maledicto
2590 3480 2739 3551 legis,
2776 3482 2950 3553 factus
2973 3500 3068 3555 pro
3099 3485 3243 3540 nobis
3273 3487 3493 3543 maledi-

1916 3579 2088 3625 ctum:
2115 3571 2239 3641 quia
2260 3571 2521 3640 scriptum
2546 3580 2649 3637 est,
2676 3571 2987 3629 Maledictus
3010 3578 3178 3631 omnis
3195 3578 3285 3648 qui
3304 3579 3493 3649 pendet

1915 3663 1971 3717 in
2001 3661 2160 3733 ligno.
2205 3661 2306 3730 Qui
2350 3678 2478 3734 ergo
2501 3679 2600 3733 pro
2630 3665 2785 3721 nobis
2813 3665 2985 3722 factus
3008 3677 3094 3723 est
3126 3670 3491 3739 maledictum,

1919 3754 2034 3824 ipse
2075 3755 2258 3823 utique
2292 3755 2547 3825 pependit
2591 3755 2645 3810 in
2678 3755 2841 3828 ligno,
2888 3755 2942 3811 id
2978 3764 3062 3814 est
3096 3757 3358 3826 Christus,
3401 3760 3494 3831 qui

1918 3859 2018 3899 nos
2056 3842 2303 3900 liberavit
2342 3859 2374 3898 a
2401 3842 2684 3900 maledicto
2728 3844 2880 3916 legis,
2923 3853 2982 3901 ut
3008 3862 3114 3902 non
3137 3846 3251 3916 jam
3294 3850 3489 3906 timore

1914 3933 2041 4003 justi
2050 3933 2335 3989 licaremur
2360 3933 2413 3987 in
2433 3934 2684 4003 operibus
2702 3934 2836 4004 legis
2858 3949 2874 3988 :
2906 3935 3001 3990 sed
3021 3935 3125 3992 ﬁde
3143 3938 3282 4007 apud
3301 3938 3494 4006 Deum,

1921 4038 2039 4094 quae
2064 4039 2171 4079 non
2198 4038 2296 4094 per
2324 4023 2592 4087 timorem,
2623 4025 2716 4078 sed
2738 4039 2835 4094 per
2855 4024 3192 4081 dilectionem
3217 4037 3493 4099 operatur.

1923 4111 2156 4181 Spiritus
2194 4112 2339 4166 enim
2376 4119 2597 4167 sanctus
2637 4111 2730 4181 qui
2781 4112 2885 4168 hoc
2924 4128 3023 4183 per
3069 4113 3284 4187 Moysen
3337 4117 3490 4185 dixit,

1920 4212 2208 4273 utrumque
2249 4202 2505 4273 providit,
2548 4210 2610 4257 ut
2635 4210 2690 4257 et
2720 4203 2914 4260 timore
2941 4204 3168 4261 visibilis
3202 4221 3374 4276 plenae
3400 4224 3497 4264 cu-

1923 4290 2251 4347 stodirentur
2267 4289 2359 4369 qui
2388 4290 2622 4346 nondum
2653 4299 2903 4360 poterant
2925 4307 2993 4348 ex
3019 4293 3367 4351 invisibilium
3390 4297 3498 4353 ﬁde

1922 4382 2138 4437 vivere:
2179 4388 2236 4435 et
2267 4380 2383 4450 ipse
2407 4380 2656 4436 timorem
2688 4381 2850 4437 istum
2897 4381 3129 4441 solveret
3158 4387 3498 4457 suscipiendo

1925 4472 2069 4542 quod
2104 4469 2413 4537 timebatur,
2469 4471 2563 4540 qui
2608 4471 2817 4527 timore-
2835 4472 3065 4539 sublato,
3120 4474 3318 4533 donum
3367 4477 3499 4534 dare

1924 4572 2137 4635 poterat
2164 4563 2469 4619 cbaritatis.
2520 4560 2630 4618 Nec
2658 4563 2713 4618 in
2744 4564 2849 4619 hoc
2886 4567 3030 4633 quod
3073 4565 3388 4623 maledictus
3412 4551 3500 4625 est

1926 4655 2241 4725 appellatus,
2280 4656 2370 4724 qui
2397 4656 2593 4724 pendet
2631 4655 2685 4709 in
2710 4654 2875 4724 ligno,
2902 4657 3222 4713 contumelia
3252 4659 3306 4714 in
3326 4660 3495 4716 Deum

1924 4745 2158 4814 putanda
2202 4752 2325 4810 est;
2372 4760 2440 4799 ex
2477 4753 2631 4815 parte
2672 4745 2869 4815 quippe
2914 4747 3125 4802 mortali
3162 4750 3414 4819 pependit
3439 4750 3495 4805 in

1924 4836 2109 4908 ligno:
2137 4835 2435 4890 mortalitas
2465 4843 2643 4889 autem
2683 4835 2827 4890 unde
2878 4834 2966 4899 sit,
3017 4845 3203 4893 notum
3245 4847 3331 4895 est
3374 4854 3498 4897 cre-

1926 4928 2276 4992 dentibus,ex
2301 4940 2461 4996 poena
2481 4925 2676 4996 quippe
2695 4932 2799 4989 est,
2818 4925 3260 4983 ctmaledictione
3288 4930 3498 4998 peccati

1925 5017 2085 5088 primi
2110 5016 2345 5071 hominis
2370 5032 2384 5069 :
2411 5030 2573 5085 quam
2607 5012 2864 5070 Dominus
2900 5016 3161 5087 suscepit,
3199 5026 3255 5073 et
3276 5029 3497 5089 peccata

1927 5115 2109 5163 nostra
2145 5106 2363 5178 pertulit
2390 5106 2442 5160 in
2471 5119 2695 5174 corpore
2723 5120 2820 5161 suo
2848 5121 3011 5176 super
3033 5108 3257 5180 lignum.
3291 5109 3349 5165 Si
3369 5125 3497 5182 ergo

1927 5197 2218 5264 diceretur,
2261 5210 2408 5252 mors
2436 5195 2722 5251 maledicta
2747 5204 2847 5263 est,
2883 5213 3042 5253 nemo
3070 5201 3500 5269 exhorresceret,

1930 5292 2061 5362 quid
2105 5300 2285 5347 autem
2318 5291 2424 5345 nisi
2460 5306 2606 5345 mors
2632 5276 2849 5346 Domini
2872 5292 3122 5361 pependit
3152 5292 3206 5346 in
3231 5290 3395 5362 ligno,
3442 5298 3505 5347 ut

1933 5391 2165 5438 mortem
2202 5381 2479 5436 moriendo
2517 5381 2841 5451 superaret?
2886 5381 3089 5437 Eadem
3128 5381 3293 5452 igitur
3334 5380 3503 5437 male-

1934 5473 2075 5528 dicta
2098 5488 2219 5543 qua:
2237 5472 2377 5527 victa
2390 5480 2491 5527 est.
2516 5472 2667 5539 Item,
2695 5473 2741 5528 si
2771 5473 3061 5538 diceretur,
3086 5480 3367 5543 peccatum
3390 5486 3505 5531 ma-

1932 5564 2186 5620 ledictum
2216 5569 2318 5627 est,
2365 5577 2471 5617 non
2503 5562 2825 5628 miraretur;
2875 5562 3003 5633 quid
3049 5570 3227 5618 autem
3253 5559 3507 5631 pependit

1937 5657 1989 5711 in
2028 5654 2193 5724 ligno,
2238 5653 2342 5708 nisi
2384 5661 2664 5724 peccatum
2704 5653 2903 5708 veteris
2946 5652 3200 5719 hominis,
3236 5648 3378 5720 quod
3408 5648 3505 5719 Ι)οτ
