4022 6338
537 355 644 415 295

1085 343 1090 346 A
1178 353 1240 410 Β.
1279 349 1534 409 RABANI
1571 351 1791 409 MAU'RI
1828 351 2145 409 ARCHIEP.
2189 349 2498 408 MOGUNT.
2541 349 2828 409 OPERUM
2864 349 3044 406 PARS
3079 349 3166 406 Ill.

3718 351 3832 408 296

535 471 716 524 minus
740 481 838 539 pro
865 466 1019 524 nobis
1046 465 1102 522 in
1146 465 1260 536 ipsa
1285 465 1465 520 carnis
1499 463 1827 520 mortalitate
1855 462 2132 531 suscepit?
2158 465 2209 526 Α
2234 476 2333 531 pro
2367 461 2584 516 infamia
2621 461 2804 532 objici,
2848 459 2991 531 quod
3038 459 3290 514 Salvator
3330 467 3517 516 noster
3555 466 3609 514 et
3638 459 3833 516 Domi-

537 561 678 615 unde
705 574 808 614 nec
850 558 1066 614 erubuit
1101 572 1202 613 nec
1232 557 1412 611 timuit
1444 554 1734 626 Apostolus
1772 554 1952 609 dicere
1996 568 2124 624 pec-

539 660 721 707 catum
767 665 891 705 eum
928 648 1124 706 fecisse
1149 663 1248 720 pro
1279 649 1434 703 nobis
1462 648 1685 711 addens,
1732 657 1787 700 ut
1817 647 1881 698 de
1911 655 2122 717 peccato

538 745 910 799 condemnaret
956 752 1274 813 peccatum:
1321 755 1428 795 non
1483 739 1626 793 enim
1661 745 1716 792 et
1756 745 1912 793 vetus
1961 737 2124 792 homo

535 845 723 889 noster
767 834 926 889 simul
977 831 1384 904 cruciﬁgeretur
1437 832 1578 886 sicut
1626 831 1770 886 idem
1831 831 2122 900 Apostolus

535 925 663 980 alibi
707 924 840 978 dicit
878 922 1050 993 (Rom.
1072 923 1171 992 vi),
1204 923 1309 977 nisi
1339 922 1393 976 in
1427 921 1518 976 illa
1557 931 1729 977 morte
1765 922 1978 976 Domini
2003 937 2126 991 pec-

536 1015 643 1069 cati
687 1012 861 1068 nostri
915 1013 1084 1083 ﬁgura
1132 1012 1411 1082 penderet,
1479 1018 1539 1064 ut
1585 1019 1876 1064 evacuctur
1928 1024 2124 1078 corpus

533 1107 765 1177 peccati,
813 1114 874 1160 ut
909 1105 1054 1160 ultra
1095 1121 1202 1160 non
1251 1104 1551 1160 serviamus
1597 1111 1840 1172 peccato.
1897 1100 1955 1156 In
2007 1101 2125 1169 ejus

534 1197 744 1268 peccati
787 1204 844 1250 et
888 1196 1080 1250 mortis
1135 1195 1305 1265 ﬁgura
1359 1194 1522 1248 etiam
1577 1192 1786 1263 Moyses
1830 1193 1886 1246 in
1940 1207 2124 1246 eremo

535 1302 698 1356 super
742 1286 944 1355 lignum
971 1285 1226 1340 exultavit
1269 1292 1574 1352 serpentem
1605 1281 1795 1352 (Nam.
1825 1280 1970 1351 xxi);
1999 1295 2124 1348 per-

535 1379 786 1433 suasione
839 1377 1038 1446 quippe
1089 1374 1356 1445 serpentis
1402 1375 1563 1428 homo
1608 1372 1660 1426 in
1720 1372 2122 1426 damnationem

535 1471 729 1525 mortis
771 1470 985 1524 cecidit.
1042 1467 1227 1536 Itaque
1283 1480 1506 1536 serpens
1553 1465 1620 1518 ad
1677 1464 2122 1531 signiﬁcationem

534 1539 702 1631 ipsius
748 1561 937 1614 mortis
983 1559 1365 1613 convenienter
1394 1557 1448 1610 in
1502 1557 1648 1627 ligno
1702 1555 1968 1609 exaltatus
2015 1563 2120 1620 est,

535 1652 590 1706 in
620 1652 708 1705 illa
749 1651 891 1705 enim
928 1651 1120 1719 ﬁgura,
1161 1663 1308 1702 mors
1345 1648 1554 1701 Domini
1581 1646 1847 1717 pendebat
1879 1646 1930 1700 in
1959 1646 2120 1715 ligno.

533 1739 802 1811 (Hieron)
834 1739 1090 1809 Subrepit
1135 1749 1189 1792 et
1226 1739 1278 1792 in
1331 1738 1432 1792 hoc
1475 1737 1594 1793 loco
1641 1737 1902 1801 Marcion,
1938 1738 2002 1792 de
2028 1751 2123 1806 po-

2228 567 2332 608 nus
2377 554 2476 609 sub
2515 554 2608 608 Dei
2651 555 2818 608 fuerit
2875 554 3183 610 maledicto.
3227 555 3471 610 Primum
3522 555 3688 627 igitur
3745 557 3838 612 in-

2227 645 2485 703 tuendum
2508 654 2610 710 est,
2639 647 2784 716 quod
2807 663 2916 701 non
2952 647 3260 716 quicunque
3301 647 3356 702 in
3387 646 3535 718 ligno
3558 647 3836 718 pepende-

2227 737 2318 802 rit,
2362 737 2684 794 maledictus
2725 740 2797 794 sit
2832 739 2974 809 apud
3013 737 3322 805 Dominum,
3369 741 3465 796 sed
3502 741 3593 810 qui
3635 754 3838 810 pecca-

2224 828 2401 893 verit,
2444 837 2499 882 et
2539 837 2760 899 propter
2803 829 2980 885 scelus
3021 830 3182 886 morti
3231 830 3396 885 fuerit
3448 831 3835 901 adjudicatus,

2226 919 2575 990 sublatusque
2610 921 2666 974 in
2711 935 2961 987 crucem;
3006 937 3116 977 non
3164 921 3286 977 ideo
3322 921 3646 977 maledictus
3697 921 3838 991 quia

2224 1012 2518 1066 cruciﬁxus
2546 1021 2651 1077 est,
2695 1014 2786 1067 sed
2829 1013 2955 1083 quia
2993 1014 3048 1067 in
3081 1013 3244 1069 talem
3289 1013 3543 1068 inciderit
3587 1021 3833 1077 reatum,

2224 1108 2285 1154 ut
2321 1102 2581 1157 meruerit
2607 1103 2871 1171 cruciﬁgi.
2899 1103 3101 1157 Deinde
3130 1103 3261 1157 illud
3279 1103 3657 1174 opponendum
3681 1106 3837 1174 quod

2227 1188 2455 1268 inferius
2496 1206 2661 1247 causa
2700 1192 2926 1262 patibuli
2952 1191 3163 1262 plenius
3191 1201 3516 1262 exponatur,
3544 1190 3836 1262 Scriptura

2234 1282 2525 1350 referente,
2553 1284 2622 1339 ob
2656 1284 3001 1339 maledictum
3039 1290 3095 1338 et
3139 1283 3532 1354 blasphemiam
3575 1284 3670 1338 Dei
3701 1299 3837 1338 eum

2227 1387 2347 1427 esse
2373 1371 2714 1428 cruciﬁxum.
2759 1373 2912 1440 Quod
2943 1373 3182 1442 apertius
3204 1372 3565 1443 Symmachus
3591 1380 3839 1428 transtu-

2222 1461 2284 1516 lit
2331 1463 2554 1516 dicens:
2585 1463 2723 1528 Quia
2756 1473 2967 1533 propter
3003 1461 3377 1532 blasphemiam
3404 1462 3507 1518 Dei
3541 1477 3836 1533 suspensus

2221 1565 2317 1606 est.
2377 1553 2458 1607 Ad
2496 1561 2799 1608 extrenmm
2841 1553 3238 1624 interrogemus
3283 1568 3400 1620 eos,
3455 1555 3500 1609 si
3550 1555 3834 1622 Ananias,

2221 1645 2445 1699 Azarias
2485 1653 2542 1700 et
2587 1645 2796 1710 Misael,
2850 1645 3097 1701 nolentes
3131 1647 3358 1700 adorare
3397 1645 3597 1701 idolum
3636 1646 3834 1701 Nabu-

2199 1738 2563 1791 chodonosor
2607 1737 2769 1808 (Dan.
2796 1736 2906 1808 ιιι),
2961 1737 3188 1792 fuissent
3242 1739 3295 1791 in
3341 1737 3487 1807 ligno
3543 1739 3830 1808 suspensi;

533 1841 724 1887 testate
753 1831 1052 1896 Creatoris,
1080 1846 1242 1899 quem
1279 1830 1711 1899 sanguinarium,
1747 1829 2017 1884 crudelem
2046 1829 2126 1882 in—
2157 1817 2202 1878 Β
2230 1829 2523 1884 Eleazarus
2562 1845 2776 1900 quoque
2821 1831 3220 1900 nonagenarius
3255 1832 3354 1886 sub
3385 1832 3657 1888 Antiocho
3698 1847 3836 1904 rege

532 1922 721 1986 famat,
750 1929 805 1977 et
829 1920 1120 1984 vindicem,
1151 1936 1399 1974 asserens
1430 1936 1528 1975 nos
1557 1921 1862 1990 redemptos
1890 1935 2010 1974 esse
2029 1935 2125 1990 per

533 2015 829 2076 Christum,
867 2014 958 2082 qui
1007 2013 1230 2067 alterius
1279 2013 1404 2067 boni
1452 2013 1545 2066 Dei
1579 2013 1749 2068 Filius
1795 2013 1894 2077 sit;
1943 2012 2034 2081 q'ui
2078 2011 2124 2064 si

533 2105 892 2173 intelligeret,
942 2119 1048 2173 quo
1078 2103 1333 2158 differunt
1369 2118 1550 2157 emere
1573 2112 1627 2158 et.
1671 2103 1937 2158 redimere
1975 2101 2123 2172 (quia

530 2196 622 2264 qui
662 2195 816 2253 emit.
859 2193 1091 2247 alienum
1123 2194 1275 2259 emit,
1306 2193 1402 2263 qui
1436 2201 1613 2247 autem
1644 2193 1882 2259 redimit,
1917 2193 1970 2247 id
1991 2191 2124 2248 emit

526 2285 744 2354 propuie
773 2285 915 2353 quod
949 2299 1105 2338 suum
1132 2282 1254 2348 fuit,
1296 2290 1350 2338 et
1372 2298 1527 2338 suum
1561 2297 1684 2338 esse
1723 2281 1962 2354 desivit),
1986 2298 2122 2336 nun-

530 2389 694 2444 quam
745 2374 1146 2444 Scripturarum
1189 2374 1360 2448 verba
1401 2374 1666 2444 simplicia
1713 2373 1768 2428 in
1795 2373 2120 2429 calumniam

527 2466 612 2520 sui
652 2465 917 2536 dogmatis
952 2467 1318 2535 detorqueret.
1359 2465 1608 2521 Redemit
1655 2482 1786 2537 ergo
1827 2482 1926 2522 nos
1960 2466 2118 2521 Chri-

533 2563 654 2610 stus
700 2555 770 2608 de
804 2555 1095 2610 maledicto
1133 2555 1265 2626 legis
1297 2556 1441 2624 quod
1473 2557 1822 2626 peccantibus
1853 2557 2118 2612 constitu-

532 2657 644 2702 tum
682 2656 786 2713 est,
831 2662 966 2717 quos
999 2648 1112 2716 ipse
1151 2647 1397 2716 increpat
1433 2662 1529 2718 per
1554 2650 1870 2718 prophetam
1900 2649 2115 2704 dicens:

536 2737 673 2802 Ecce
710 2738 933 2807 peccatis
965 2738 1144 2791 vestris
1178 2738 1372 2792 uenditi
1399 2740 1545 2802 estis,
1585 2747 1633 2792 et
1668 2739 1722 2793 in
1756 2739 2116 2809 iniquitatibus

527 2830 709 2882 vestris
755 2829 930 2882 dimisi
968 2839 1188 2884 matrem
1237 2840 1455 2884 vestram
1503 2829 1639 2901 (Isa.
1668 2832 1756 2901 L);
1798 2843 1853 2887 et
1893 2832 2118 2903 Aposto-

529 2916 614 2970 lus
651 2917 757 2971 hoc
795 2917 969 2987 ipsum
1014 2919 1240 2986 replicat
1273 2921 1499 2976 dicens:
1531 2920 1645 2991 Ego
1675 2932 1850 2976 autem
1887 2923 2116 2978 carnalis

524 3025 662 3073 sum,
706 3009 942 3063 venditus
961 3009 1056 3063 sub
1084 3022 1292 3079 peccato
1329 3010 1508 3082 (Rom.
1533 3013 1652 3084 vn).
1682 3013 1958 3070 Maledicta
1982 3030 2115 3084 quo-

523 3114 630 3168 que
658 3098 810 3168 legis,
838 3115 958 3168 qua:
983 3100 1038 3153 in
1075 3100 1331 3165 chitico,
1376 3111 1430 3156 et
1457 3103 1510 3156 in
1540 3103 1958 3161 Deuteronomio
1980 3107 2114 3161 scri-

2229 1919 2403 1990 Syria:
2447 1919 2532 1992 (II
2580 1921 2722 1975 Illac.
2766 1919 2866 1991 vi),
2911 1930 2965 1974 et
3007 1936 3131 1975 cum
3179 1928 3382 1990 septem
3421 1921 3548 1977 ﬁliis
3588 1921 3834 1993 gloriosa

2225 2019 2402 2064 mater
2446 2009 2530 2080 (ll
2561 2009 2704 2064 Hac.
2732 2009 2826 2081 ι),
2870 2018 3054 2064 utrum
3095 2009 3408 2066 maledictos
3449 2026 3544 2067 eos
3589 2014 3835 2068 aestima-

2222 2102 2331 2156 turi
2361 2100 2580 2168 fuerint,
2605 2117 2674 2156 an
2699 2101 2846 2156 omni
2875 2101 3246 2157 benedictione
3267 2102 3645 2175 dignissimos;
3669 2115 3828 2161 certe

2224 2195 2269 2250 si
2294 2209 2513 2250 crucem
2545 2209 2708 2263 quam
2733 2193 2906 2247 Aman
2930 2203 3216 2262 paraverat
3237 2193 3574 2250 Mardocluco
3608 2195 3834 2267 (Esther

2222 2283 2344 2355 vn),
2394 2300 2501 2338 non
2541 2284 2658 2355 ipse
2699 2298 2797 2339 suo
2825 2285 3020 2338 merito
3057 2284 3481 2349 conscendisset,
3519 2294 3654 2356 puto
3683 2285 3832 2342 Mar-

2227 2376 2554 2432 dochmusin
2593 2365 2730 2432 eam.
2758 2393 2866 2432 non
2905 2387 2963 2432 ut
3001 2377 3338 2443 maledictus,
3382 2379 3476 2433 sed
3503 2387 3562 2432 ut
3600 2389 3830 2435 sanctus

2221 2468 2558 2522 ascenderet.
2590 2467 2688 2522 llis
2731 2477 2786 2524 et
2820 2469 3033 2523 caeteris
3071 2468 3336 2526 similibus
3409 2470 3823 2540 comprobatur,

2223 2559 2370 2614 illum
2401 2575 2518 2615 esse
2558 2560 2901 2615 maledictum
2940 2561 3030 2631 qui
3061 2561 3280 2631 dignum
3323 2559 3535 2615 facinus
3579 2561 3827 2631 patibulo

2218 2651 2549 2723 perpetravit
2596 2667 2611 2705 :
2653 2667 2758 2706 non
2814 2667 2937 2706 eum
2985 2652 3074 2720 qui
3131 2651 3416 2724 iniquitate
3467 2651 3711 2722 judicum
3770 2660 3828 2706 et

2219 2743 2563 2798 inimicorum
2603 2743 2844 2812 potentia
2883 2743 2966 2798 vel
3004 2743 3241 2798 clamore
3284 2743 3453 2814 vulgi,
3505 2752 3598 2797 aut
3642 2744 3823 2797 virtu—

2220 2829 2333 2886 tum
2380 2833 2598 2896 invidia,
2643 2841 2736 2886 aut
2789 2833 2931 2902 regis
2977 2832 3054 2885 ira
3108 2831 3270 2888 fuerit
3309 2832 3622 2888 cruciﬁxus.
3689 2832 3820 2888 lbra

2218 2926 2506 2980 adversum
2545 2925 2778 2983 Judteos.
2809 2924 3076 2982 Caeterum
3124 2934 3183 2982 ut.
3219 2925 3286 2983 ad
3327 2941 3427 2985 nos
3473 2925 3663 2984 redeat
3707 2925 3823 2985 Ilis-

2216 3017 2457 3086 putatio,
2517 3019 2657 3073 scire
2700 3035 2808 3074 non
2863 3035 3150 3090 possumus
3209 3037 3378 3092 quare
3424 3022 3716 3093 Apostolus
3765 3024 3819 3078 in

2217 3120 2283 3162 eo
2323 3107 2466 3177 quod
2509 3108 2768 3179 scriptum
2798 3121 2922 3164 est:
2969 3110 3282 3166 Maledictus
3310 3130 3342 3166 a
3378 3112 3487 3166 Deo
3534 3115 3704 3169 eninis
3725 3115 3819 3183 qui

525 3198 616 3258 pta
653 3198 796 3254 sunt,
841 3205 947 3244 non
976 3192 1086 3245 Deo
1112 3201 1330 3246 auctore
1368 3193 1728 3261 complentur,
1767 3197 1860 3251 sed
1885 3199 2112 3268 pr0phe-
2140 3179 2185 3243 C
2215 3198 2399 3268 pendet
2431 3198 2486 3250 in
2533 3197 2697 3266 ligno,
2746 3199 2832 3254 vel
2883 3202 3218 3256 subtraxerit
3263 3202 3492 3272 aliquid,
3541 3205 3628 3258 vel
3666 3179 3812 3259 addi-

524 3282 632 3336 tico
677 3280 870 3350 spiritu
917 3283 1002 3336 his
1040 3283 1132 3352 qui
1175 3285 1448 3352 peccaturi
1481 3295 1656 3351 erant,
1699 3303 1762 3342 ea
1792 3305 1912 3359 quae
1947 3306 2112 3348 even-

529 3377 646 3420 tura
683 3377 809 3424 sunt
833 3370 914 3424 eis
954 3371 1294 3425 nuntiantur.
1343 3374 1494 3439 Quod
1541 3375 1584 3429 si
1621 3375 1858 3446 Apostoli
1884 3381 2112 3436 voluerit

525 3472 625 3512 nos
673 3459 981 3514 testimonio
1025 3469 1304 3517 coarctare
1361 3463 1592 3521 dicentis
1629 3482 1644 3520 :
1695 3468 2000 3542 Quicunque
2047 3490 2112 3527 ea:

525 3545 766 3614 operibus
795 3545 922 3614 legis
964 3559 1105 3614 sunt,
1136 3550 1230 3602 sub
1273 3551 1549 3608 maledicto
1578 3567 1718 3610 sunt.
1749 3555 2016 3628 Scriptum
2036 3572 2111 3616 est

523 3636 663 3688 enim
689 3649 707 3687 :
735 3635 1048 3692 Maledictus
1079 3641 1244 3695 omnis
1265 3644 1353 3712 qui
1378 3660 1479 3700 non
1504 3651 1844 3715 permanserit
1871 3653 1926 3705 in
1943 3655 2110 3707 omni-

525 3725 622 3780 bus
664 3745 782 3798 qua:
813 3729 1006 3800 scripta
1041 3741 1162 3786 sunt
1200 3734 1255 3787 in
1285 3733 1416 3789 libro
1450 3736 1598 3807 legis,
1640 3750 1696 3792 at
1735 3741 1895 3810 faciat
1934 3761 2029 3809 ea;
2056 3754 2110 3801 et

521 3831 770 3872 asserere
808 3833 995 3875 omnes
1041 3823 1131 3892 qui
1173 3824 1274 3878 sub
1315 3823 1430 3895 lege
1473 3826 1691 3892 fuerint,
1731 3829 1895 3886 fuisse
1937 3834 2106 3888 male-

523 3908 714 3973 dictos,
759 3910 1150 3983 interrogemus
1185 3929 1328 3979 eum,
1373 3924 1554 3972 utrum
1583 3919 1636 3974 hi
1678 3922 1767 3989 qui
1792 3924 1891 3977 sub
1927 3923 2106 3978 Evan-

521 3997 662 4065 gelio
696 3997 893 4052 Christi
938 4009 1083 4065 sunt,
1143 4009 1197 4056 et
1243 4001 1360 4070 ejus
1401 4017 1668 4076 prmcepta
1715 4025 1823 4063 non
1880 4009 2103 4078 faciunt,

2214 3287 2375 3343 derit.
2426 3288 2483 3344 Si
2525 3291 2672 3346 enim
2717 3293 2883 3348 semel
2927 3295 3307 3350 auctoritatem
3350 3295 3701 3368 Septuaginta
3731 3298 3818 3353 in-

2216 3386 2510 3448 terpretum
2554 3384 2898 3452 sequebatur,
2943 3384 3126 3438 debuit
3166 3386 3307 3441 sicut
3349 3388 3418 3442 ab
3457 3387 3566 3442 illis
3602 3389 3812 3444 editum

2213 3479 2314 3534 est,
2355 3478 2410 3523 et
2451 3467 2548 3524 Dei
2597 3486 2795 3526 nomen
2839 3471 3152 3544 adjuugere.
3196 3475 3253 3532 Si
3293 3493 3420 3532 vero
3454 3487 3514 3533 ut
3550 3479 3812 3536 ﬂebrzeus

2212 3578 2280 3616 ex
2316 3562 2554 3618 Hebrzeis
2585 3563 2639 3618 id
2671 3566 2815 3634 quod
2858 3566 2912 3620 in
2953 3582 3050 3623 sua
3082 3569 3260 3639 lingua
3303 3569 3528 3641 legerat,
3579 3572 3808 3642 putabat

2211 3669 2332 3710 esse
2366 3655 2728 3722 verissimum,
2786 3674 2889 3714 nec
2943 3661 3112 3715 omnis
3161 3677 3261 3718 nec
3288 3665 3343 3717 in
3373 3663 3544 3734 ligno,
3586 3681 3711 3735 qua:
3751 3667 3809 3720 in

2212 3741 2438 3800 Hebraeo
2474 3761 2581 3800 non
2611 3747 2896 3814 habentur,
2951 3765 3251 3809 assumere.
3303 3755 3383 3808 Ex
3419 3770 3528 3825 quo
3566 3757 3702 3811 mihi
3727 3757 3809 3812 vi-

2219 3833 2380 3888 detur
2407 3843 2498 3890 aut
2542 3845 2754 3891 veteres
2782 3837 3128 3894 Hebraeorum
3156 3840 3321 3897 libros
3363 3843 3522 3898 aliter
3551 3845 3807 3901 habuisse
3891 3874 3904 3882 -

2210 3939 2372 3994 quam
2421 3942 2562 3982 nunc
2610 3929 2854 3983 habent:
2903 3941 2998 3985 aut
3038 3932 3376 4002 Apostolum,
3427 3945 3486 3990 ut
3514 3947 3642 3993 ante
3690 3938 3804 4010 jam

2213 4014 2348 4081 dixi,
2378 4031 2593 4070 sensum
2625 4018 3030 4088 Scripturarum
3052 4026 3319 4093 posuisse,
3349 4042 3456 4081 non
3485 4030 3681 4094 verba;
3713 4039 3806 4084 aut

523 4085 798 4185 maledicti
839 4085 970 4185 sint,
1026 4091 1291 4185 annnon?
1329 4091 1386 4185 Si
1431 4094 1742 4152 maledictos
1783 4098 1998 4165 dixerit,
2053 4101 2106 4156 id
2207 4105 2353 4172 quod
2390 4106 2562 4176 magis
2585 4116 2670 4162 est
2697 4085 3108 4178 aestimandum,
3163 4125 3285 4182 post
3307 4085 3613 4185 passionem
3649 4085 3804 4173 Chri-

525 4175 746 4228 habebit
785 4175 839 4228 in
875 4176 1183 4245 Evangelio,
1227 4181 1368 4248 quod
1407 4197 1506 4237 nos
1561 4184 1820 4240 habemus
1850 4188 1901 4242 in
1945 4189 2101 4259 lege:
2209 4191 2276 4244 sti
2327 4200 2382 4245 et
2417 4175 2785 4259 inCHebraeis,
2835 4207 2890 4254 et
2929 4200 2980 4253 in
3019 4175 3219 4258 nostris
3265 4175 3541 4261 codicibus
3591 4208 3664 4263 ab
3701 4208 3800 4262 ali-

524 4263 580 4317 Si
611 4264 924 4318 maledictos
950 4270 1242 4358 negaverit,
1282 4269 1480 4325 frustra
1507 4287 1636 4344 ergo
1665 4277 1933 4348 Evangelii
1961 4297 2103 4352 ιιι-ω·
2208 4297 2314 4351 quo
2352 4281 2446 4338 Dei
2475 4300 2673 4341 nomen
2703 4289 3029 4358 appositum,
3060 4301 3118 4346 ut
3151 4293 3438 4350 infamiam
3477 4296 3634 4352 nobis
3682 4299 3799 4352 inu-

523 4360 677 4446 eepta
713 4361 842 4446 sunt
875 4355 1076 4446 posita.
1110 4364 1165 4446 et
1191 4358 1392 4428 absque
1417 4366 1669 4418 mercede
1705 4376 1864 4422 erunt
1907 4371 1982 4437 hi,
2011 4373 2103 4442 qui
2207 4382 2390 4439 reret,
2441 4377 2531 4446 qui
2573 4377 2626 4432 in
2675 4355 2949 4436 Christum
2999 4355 3342 4440 maledictum
3385 4404 3416 4441 a
3466 4387 3578 4444 Deo
3617 4390 3797 4446 credi-

526 4443 647 4544 illa.
671 4443 1112 4544 compleverint;
1143 4444 1380 4544 Solvitur
1430 4451 1611 4522 itaque
1666 4463 1953 4528 utrumque
1999 4463 2103 4518 hoc
2131 4530 2177 4544 ﬁ
2208 4477 2346 4517 mus.
2376 4443 2579 4521 Audaci
2612 4468 2789 4537 itaque
2832 4471 2968 4538 pede
3000 4473 3052 4526 in
3085 4475 3185 4528 hoc
3215 4477 3450 4544 procede
3476 4443 3794 4543 certamine,

526 4533 1034 4636 ξηοξίοςηίίυοιηοάο.
1055 4534 1300 4591 Christus
1353 4536 1508 4596 Jesus
1557 4558 1624 4597 ex
1670 4546 1954 4604 maledicto
2006 4569 2104 4608 nos
2131 4530 2182 4588 D
2209 4558 2270 4604 ut
2299 4552 2367 4605 ad
2392 4553 2557 4608 libros
2593 4530 2917 4626 provocem,
2961 4562 3108 4616 nullo
3147 4530 3266 4618 loco
3305 4530 3796 4636 επινιυῶζῦξὸ

525 4621 659 4726 legis
683 4621 957 4726 liberavit,
1009 4624 1183 4726 fac-tus
1222 4642 1332 4726 pro
1351 4630 1506 4685 nobis
1530 4633 1904 4704 maledictum;
1943 4641 2015 4695 ita
2038 4642 2104 4698 de
2207 4645 2513 4714 quempiam
2555 4621 2676 4702 esse
2712 4621 3080 4717 maledictum,
3127 4663 3182 4707 et
3218 4621 3521 4726 ubicunque
3568 4621 3794 4716 maledi;

525 4711 823 4814 maledicto
843 4727 1054 4783 quoque
1080 4715 1352 4787 Evangelii
1370 4722 1521 4819 quod
1551 4732 1811 4781 statutum
1837 4740 1920 4784 est
1946 4747 2107 4801 super
2207 4735 2317 4788 ctio
2345 4711 2582 4804 ponitur,
2631 4755 2903 4809 iittnquam
2945 4743 3037 4797 Dei
3067 4711 3273 4800 nomen
3303 4711 3799 4819 adjuiicturIIIbft—t.

521 4816 616 4856 eos
655 4802 744 4870 qui
776 4802 892 4872 ejus
930 4818 1194 4876 prmcepta
1235 4823 1341 4862 non
1392 4808 1638 4880 fecerint,
1681 4819 1824 4873 eruit
1862 4836 1980 4887 nos,
2032 4824 2104 4876 fa-

521 4898 642 4945 ctus
667 4907 766 4960 pro
801 4892 955 4948 nobis
978 4894 1092 4964 ipse
1124 4898 1467 4954 maledictum
1497 4919 1510 4954 :
1549 4904 1726 4960 sciens
1758 4907 1943 4962 talenti
1971 4926 2104 4980 quo-

522 4995 627 5050 que
661 4981 936 5037 minimam
978 5001 1082 5038 non
1115 4987 1385 5044 dimittere
1418 4994 1743 5061 portionem,
1778 5007 1832 5053 et
1873 5003 2100 5057 novissi-

523 5087 668 5126 mum
695 5073 908 5144 exigere
942 5077 1316 5144 quadrantem.
1369 5082 1568 5152 (Ambr.
1598 5085 1616 5157 )
1644 5087 1758 5144 Hoc
1794 5091 1945 5157 dicit,
1973 5096 2099 5164 quia

522 5163 860 5232 exprobratis
886 5175 939 5219 et
961 5166 1260 5225 maledictis
1277 5170 1496 5239 Judreis,
1521 5191 1642 5230 cum
1664 5177 1765 5232 sibi
1796 5180 1862 5235 de
1883 5163 2098 5250 justitia

523 5251 652 5319 legis
706 5251 1080 5310 blandirentur
1124 5261 1304 5328 occiso
1344 5261 1646 5333 Salvatore,
1686 5272 1837 5338 quasi
1887 5273 2097 5330 sabbati

524 5339 707 5394 violati
730 5358 847 5408 reo,
884 5345 1187 5404 benedictio
1233 5355 1608 5420 promissionis
1649 5359 1878 5417 Abrahae
1901 5367 2096 5420 transi-

520 5437 634 5484 tum
679 5432 806 5488 fecit
847 5438 913 5491 ad
943 5447 1126 5508 gentes
1162 5458 1260 5511 per
1296 5445 1457 5501 ﬁdem
1502 5449 1702 5506 Christi
1739 5453 1891 5511 Jesu.
1944 5457 2096 5514 Unde

522 5519 651 5615 dicit
685 5522 940 5583 Dominus
975 5527 1215 5587 Judtnis:
1257 5534 1489 5590 Tolletur
1515 5559 1547 5593 a
1588 5543 1728 5597 vobis
1769 5562 2005 5615 regnum,
2048 5558 2096 5603 et

522 5611 732 5709 dabitur
766 5619 904 5709 genti
939 5620 1150 5688 facienti
1199 5626 1428 5696 fructum
1475 5632 1609 5700 ejus.
1655 5611 1896 5704 (Hieron.
1923 5639 1940 5709 )
1971 5611 2096 5696 Hinc

525 5697 877 5763 famosissima
923 5716 1146 5782 quaestio
1189 5728 1292 5785 est,
1337 5730 1389 5774 et
1442 5723 1594 5780 nobis
1645 5725 1780 5782 solet
1830 5744 1860 5783 a
1895 5697 2094 5790 J'udteis

2208 4823 2425 4880 (edictus
2463 4838 2519 4880 tu
2545 4830 2609 4882 ab
2636 4832 2874 4886 omnibus
2903 4834 3098 4901 bestiis,
3131 4838 3328 4893 dicitur
3354 4839 3422 4893 ad
3447 4852 3790 4912 serpentem;

2208 4927 2262 4968 et
2289 4917 2354 4970 ad
2383 4917 2553 4971 Adam
2585 4937 2597 4971 :
2628 4919 2913 4977 Maledicta
2943 4934 3083 4979 terra
3122 4928 3176 4982 in
3207 4930 3444 4998 operibus
3471 4932 3610 4998 tuis;
3650 4941 3710 4988 et
3727 4935 3794 4990 ad

2203 5005 2332 5061 Cain
2364 5027 2376 5061 :
2411 5009 2721 5067 Maledictus
2750 5024 2816 5069 tu‘
2834 5033 2987 5088 super
3012 5030 3242 5089 terram;
3281 5033 3336 5078 et
3360 5024 3485 5080 alibi
3517 5045 3530 5080 :
3563 5028 3794 5083 Maledi-

2200 5109 2314 5154 ctus
2350 5099 2602 5158 Chanaan
2628 5123 2776 5175 puer,
2812 5109 3042 5178 famulus
3087 5117 3184 5169 erit
3223 5117 3476 5186 fratribus
3505 5122 3642 5184 suis,
3691 5137 3792 5176 nec

2199 5206 2308 5245 non
2333 5192 2383 5246 in
2406 5193 2510 5248 alio
2533 5195 2648 5250 loco
2675 5215 2687 5249 :
2717 5198 3030 5257 Maledictus
3057 5205 3208 5266 furor
3226 5211 3566 5278 eorum,quia
3581 5213 3786 5276 and“,

2197 5282 2339 5335 etira
2365 5299 2543 5338 eorum
2568 5287 2690 5356 quia
2716 5289 2871 5344 dura.
2903 5293 3114 5349 Nullum
3145 5308 3324 5352 autem
3354 5299 3514 5354 debet
3540 5317 3784 5367 movere,

2197 5373 2341 5440 quod
2371 5374 2616 5432 Christus
2643 5395 2741 5448 pro
2770 5383 2927 5438 nobis
2959 5387 3300 5442 maledictum
3325 5390 3500 5445 factus
3529 5391 3621 5458 sit,
3654 5396 3785 5464 quia

2198 5471 2252 5519 ct
2286 5466 2428 5520 Deus
2476 5471 2566 5538 qui
2607 5487 2730 5525 eum
2772 5474 2971 5530 dicitur
3009 5476 3200 5533 fecisse
3245 5481 3612 5549 maledictum,
3644 5485 3781 5554 ipse,

2197 5571 2319 5610 cum
2359 5573 2463 5612 non
2493 5562 2656 5616 sciret
2681 5563 2931 5622 Christus
2966 5580 3266 5638 peccatum,
3310 5590 3410 5644 pro
3447 5578 3606 5645 nobis
3653 5593 3782 5633 eum

2194 5658 2473 5715 peccatum
2520 5651 2676 5719 fecit;
2718 5667 2774 5710 et
2821 5657 3067 5716 Salvator
3112 5663 3178 5718 de
3223 5664 3551 5733 plenitudine
3601 5670 3784 5728 Patris

2195 5741 2493 5798 exinanivit
2527 5761 2603 5813 se,
2637 5747 2862 5806 formam
2900 5757 3039 5810 servi
3070 5760 3336 5830 accipiens
3366 5759 3531 5834 (Phil.
3559 5765 3643 5837 ιι),
3668 5767 3781 5821 vita
