4022 6338
243 306 353 363 291

732 302 1277 359 ENARRATIONUM
1312 303 1380 358 IN
1419 303 1569 360 EPP.
1604 304 1808 362 PAULI
1846 306 1971 371 LIB.
2012 306 2126 362 XV.
2166 299 2237 349 -ὲ-
2272 308 2339 362 ΙΝ
2375 306 2592 365 EPIST.
2628 309 2719 365 AD
2752 309 3002 366 GALAT.

3379 311 3484 379 298

240 429 492 477 mortuus
515 425 620 480 est,
646 424 704 472 et
725 416 986 486 sapientia
1016 417 1130 481 Dei,
1167 416 1384 472 fatuitas
1423 417 1702 489 appellata,
1758 428 1819 473 ut
1844 424 1892 485 Α
1918 420 2081 490 ligno,
2130 429 2191 475 ut
2241 432 2517 493 peccatum
2558 439 2703 493 quoa
2753 425 3190 481 commiseramus
3234 425 3289 481 in
3341 425 3486 499 ligno

238 512 389 585 quod
427 510 649 569 stultum
677 518 795 564 erat
820 510 915 567 Dei
951 511 1246 581 sapientius
1282 513 1433 566 fieret
1482 512 1809 567 hominibus.

236 605 313 662 Et
333 605 387 659 in
414 615 583 658 LXVIII
610 598 815 670 psalmo
835 599 902 655 de
927 616 987 655 se
1015 600 1251 669 loquitur
1278 618 1293 655 :
1323 600 1488 665 Deus,
1516 610 1574 653 tu
1600 601 1702 654 scis
1734 602 1818 653 in-

236 692 538 765 sipientiam
559 705 761 755 meam;
808 697 863 743 et
892 687 1081 744 delicta
1116 706 1229 742 mea
1255 705 1287 742 a
1315 698 1363 743 te
1402 704 1507 742 non
1536 696 1656 742 sunt
1698 688 1818 742 abs-

238 783 477 838 condita.
530 779 729 849 lnjuria
763 779 944 848 itaque
997 777 1232 841 Domini,
1270 786 1456 831 nostra
1484 777 1651 847 gloria
1681 786 1765 832 est
1802 793 1815 829 :

237 874 333 929 ille
368 879 615 927 mortuus
651 878 736 924 est
758 877 816 923 ut
844 883 942 923 nos
971 867 1311 923 viveremus:
1352 867 1438 922 ille
1464 866 1737 921 descendit
1757 866 1824 920 ad

238 961 467 1024 inferos,
513 968 572 1014 ut
595 973 694 1014 nos
725 958 1132 1013 ascenderemus
1169 957 1225 1011 in
1258 958 1452 1013 cmlum
1479 975 1492 1010 :
1534 957 1620 1011 ille
1654 956 1827 1011 factus

236 1060 327 1106 est
365 1050 614 1111 stultitia,
654 1057 717 1103 ut
752 1062 852 1105 nos
895 1047 1159 1119 sapientia
1204 1047 1455 1102 fieremus
1491 1065 1503 1100 :
1547 1046 1636 1102 ille
1673 1061 1731 1101 se
1757 1047 1824 1102 de

236 1143 574 1214 plenitudine
609 1148 666 1195 et
684 1140 749 1195 de
777 1139 946 1194 forma
970 1138 1066 1193 Dei
1095 1139 1392 1202 evacuavit,
1435 1136 1662 1193 formam
1681 1139 1821 1193 servi

239 1234 537 1305 accipiens,
586 1232 723 1286 utin
752 1230 907 1285 nobis
948 1230 1219 1284 habitaret
1260 1228 1536 1298 plenitudo
1575 1227 1822 1282 divinita-

237 1323 337 1386 tis,
385 1330 445 1377 et
470 1320 678 1377 Domini
726 1320 978 1375 tieremus
1003 1333 1102 1374 nos
1136 1318 1310 1383 servi;
1360 1316 1448 1372 ille
1482 1316 1735 1387 pependit
1763 1316 1817 1369 in

1917 510 2155 564 scientiae
2190 511 2314 564 boni
2341 527 2404 567 ac
2428 512 2570 575 mali,
2609 511 2754 581 ligno
2787 512 2991 568 deleret
3013 529 3298 583 appensus.
3339 513 3483 571 Crux

1918 598 2035 668 ejus
2061 614 2274 654 amaras
2297 614 2463 668 aquas
2488 602 2649 656 vertit
2682 602 2737 655 in
2762 602 2971 657 dulcem
3006 617 3255 672 saporem
3286 602 3487 675 (Exod.

1921 689 2043 760 xv);
2075 698 2132 745 et
2168 691 2397 746 securim
2432 691 2688 761 perditam
2725 694 2779 746 in
2818 692 3243 765 profundumque
3279 694 3490 749 demer-

1925 793 2064 843 sam,
2110 780 2272 833 missa
2298 780 2353 833 in
2381 781 2578 835 fluente
2601 779 2850 836 Iordanis
2873 780 3069 835 levavit
3104 778 3211 851 (IV
3234 778 3359 851 Reg.
3386 782 3489 852 vi).

1924 868 2008 924 Ad
2044 877 2392 937 postremum,
2447 868 2621 924 factus
2657 879 2743 924 est
2789 871 2877 925 ille
2914 870 3241 937 maledictio,
3290 870 3490 940 factus,

1926 960 2163 1029 inquam,
2202 974 2309 1014 non
2351 969 2533 1026 natus,
2559 970 2621 1015 ut
2644 961 3042 1029 benedictiones
3068 977 3187 1031 quae
3214 963 3492 1032 promissa

1925 1048 2136 1103 fuerant
2156 1048 2406 1114 Abrahae.
2423 1050 2541 1119 ipso
2563 1060 2781 1107 auctore
2815 1059 2871 1109 et
2896 1051 3096 1121 praevio
3125 1052 3490 1107 transferren-

1926 1143 2014 1189 tur
2046 1135 2113 1191 ad
2149 1144 2355 1206 gentes,
2406 1146 2463 1192 et
2487 1138 2707 1208 spiritus
2734 1139 3077 1209 repromissio
3112 1154 3213 1210 per
3244 1140 3403 1196 ﬁdem
3435 1138 3495 1196 il—

1921 1224 2028 1282 lius
2064 1226 2420 1297 compleretur
2462 1227 2519 1282 in
2551 1229 2726 1287 nobis.

927 1593 1336 1706 LIBER
1414 1538 2034 1724 QUINTUS
2116 1585 2774 1701 DECIMUS.

676 1852 1021 1923 SEQUITUR
1064 1850 1290 1909 CAPUT
1340 1849 1425 1905 III.

316 1949 556 2015 Fratres,
598 1947 882 2004 secundum
927 1945 1184 2001 hominem
1225 1942 1362 1996 dico.
1418 1940 1670 2012 (Ambr.)
1712 1939 1825 1995 [loc

238 2044 420 2105 dicit,
478 2041 604 2112 quia
674 2038 921 2109 exemplo
987 2038 1238 2092 humanae
1305 2049 1483 2089 causa:
1550 2048 1825 2087 commen-

240 2137 379 2189 dare
404 2132 519 2189 vult
540 2129 1027 2188 rationem-divinae
1056 2125 1444 2198 promissionis.
1481 2123 1629 2179 Unde
1658 2124 1822 2178 etiam

242 2223 556 2280 testamenti
607 2220 829 2277 humani
869 2217 1192 2275 mentionem
1247 2213 1395 2280 facit,
1446 2212 1589 2284 quod
1638 2213 1824 2284 utique

241 2314 421 2369 multo
457 2321 540 2367 est
561 2310 829 2366 inﬁrmius
865 2324 1026 2379 quam
1063 2306 1322 2387 divinum.
1371 2303 1564 2358 Tamen
1599 2303 1821 2358 hominis

247 2403 619 2473 conﬁrmatum
645 2410 1007 2455 testamentum
1029 2413 1175 2452 nemo
1197 2396 1391 2469 spernit
1418 2395 1823 2466 autsuperordi-

244 2505 359 2552 nat.
372 2495 572 2551 Verum
588 2500 668 2549 est
691 2492 815 2562 quia
839 2498 1218 2546 testamentum
1236 2487 1468 2543 defuncti
1486 2487 1607 2558 jure
1621 2486 1820 2543 factum

243 2604 354 2644 non
374 2594 553 2658 potest
575 2584 767 2641 scindi.
798 2581 980 2661 (ᾼιιῃ.)
1007 2600 1025 2632 σ
1043 2580 1244 2636 Tamen
1274 2580 1506 2635 hominis
1532 2588 1820 2634 testamen-

246 2691 361 2733 tum
401 2675 801 2739 confirmatum,
826 2673 1019 2743 inquit,
1070 2684 1231 2726 nemo
1284 2669 1498 2725 irritum
1547 2668 1681 2723 facit
1728 2676 1821 2723 aut

246 2766 651 2839 superordinat,
694 2784 715 2818 ι
744 2764 871 2834 quia
904 2778 1026 2819 cum
1062 2770 1288 2817 testator
1328 2768 1500 2815 mutat
1525 2767 1817 2814 testamen-

244 2867 384 2923 tum,
412 2871 519 2911 non
537 2854 915 2911 conﬁrmatum
938 2859 1140 2908 mutat:
1171 2850 1442 2906 testatoris
1480 2848 1622 2903 enim
1645 2856 1819 2902 morte

243 2946 620 3003 conﬁrmatur.
655 2942 808 3011 Quod
852 2950 1028 2997 autem
1063 2954 1209 2995 mors
1248 2937 1523 2994 testatoris
1563 2936 1708 2992 valet
1751 2936 1819 2991 ad

244 3035 675 3093 conﬁrmandum
730 3039 1105 3089 testamentum
1169 3030 1304 3100 ejus,
1359 3028 1483 3099 quia
1535 3026 1816 3081 consilium

246 3135 458 3182 mutare
491 3125 605 3196 jam
642 3138 749 3178 non
774 3128 970 3192 potest,
1008 3121 1113 3175 hoc
1150 3116 1661 3174 incommutabilitas
1692 3131 1817 3185 pro-

1841 1852 1888 1911 Β
1914 1863 2160 1919 similiter
2180 1859 2463 1931 justiﬁcari
2492 1859 2583 1930 qui
2608 1857 2794 1915 vivunt
2814 1875 2881 1915 ex
2904 1862 3157 1932 operibus
3183 1868 3493 1935 carnaliter,

1929 1970 2053 2011 cum
2077 1954 2164 2009 his
2201 1952 2293 2022 qui
2319 1953 2507 2006 vivunt
2557 1966 2625 2006 ex
2656 1950 2760 2006 ﬁde
2799 1952 3132 2022 spiritaliter.
3183 1954 3297 2011 Hoc
3323 1970 3495 2015 autem

1926 2046 2043 2100 dico
2071 2052 2430 2099 testamentum
2467 2044 2831 2112 conﬁrmatum
2856 2060 2890 2097 a
2918 2044 3051 2112 Deo,
3078 2063 3197 2118 qum
3223 2060 3337 2117 post
3365 2069 3498 2123 qua.

1925 2136 2224 2207 dringentos
2248 2143 2294 2187 et
2324 2133 2538 2203 triginta
2567 2148 2730 2187 annos
2762 2131 2903 2201 facta
2923 2144 2998 2189 est
3024 2134 3129 2203 lex,
3162 2155 3264 2192 non
3286 2140 3495 2196 irritum

1926 2227 2074 2298 facit,
2098 2226 2166 2281 ad
2194 2225 2546 2280 evacuandam
2576 2224 2990 2294 promissionem.
3018 2225 3221 2297 (Ambr.
3245 2228 3264 2300 )
3293 2229 3353 2284 In
3382 2231 3498 2287 solo

1924 2316 2143 2372 Christo
2174 2315 2440 2370 ﬁrmatam
2461 2313 2851 2369 benedictionis
2877 2315 3290 2387 promissionem
3318 2312 3494 2387 docet,

1922 2415 1986 2463 ut
2011 2407 2182 2479 legem
2214 2412 2338 2477 post
2385 2420 2510 2460 cccc
2562 2413 2618 2460 et
2648 2420 2757 2459 xxx
2802 2420 2972 2461 annos
3011 2408 3189 2463 datam
3228 2414 3494 2469 ostendat.

1922 2497 2224 2554 Constituta
2267 2495 2410 2551 enim
2444 2495 2820 2565 promissione,
2862 2503 3049 2564 postea
3087 2498 3209 2553 data
3260 2499 3344 2555 lex
3390 2512 3494 2567 est,

1922 2600 2040 2656 quae
2066 2599 2173 2639 non
2201 2584 2387 2652 utique
2422 2581 2722 2637 inﬁrmaret
2756 2584 3191 2652 promissionem,
3232 2588 3326 2642 sed
3353 2592 3497 2660 quod

1921 2675 2101 2730 futura
2120 2682 2175 2730 et
2193 2674 2407 2745 quando
2426 2680 2651 2727 ventura
2672 2680 2817 2727 esset
2841 2671 3189 2743 signiﬁcaret.
3214 2674 3457 2746 (Hieron.
3474 2679 3493 2749 )

1919 2764 2204 2835 Apostolus
2239 2764 2331 2833 qui
2356 2762 2606 2818 omnibus
2642 2762 2822 2816 omnia
2870 2762 3042 2819 factus
3068 2772 3170 2830 est,
3207 2774 3267 2820 ut
3309 2783 3495 2824 omnes

1920 2854 2283 2918 lucrifaceret,
2332 2852 2543 2907 debitor
2569 2849 2770 2907 Grzecis
2805 2866 2869 2906 ac
2907 2850 3177 2918 Barbaris,
3228 2857 3493 2925 sapienti-

1919 2947 2041 3012 bus,
2063 2945 2268 3002 Galatis
2297 2958 2509 3014 quoque
2532 2958 2669 3013 quos
2700 2942 2859 3013 paulo
2887 2954 3012 2999 ante
3043 2945 3236 3001 stultos
3260 2948 3495 3003 dixeratv

1920 3035 2094 3091 factus
2131 3043 2215 3090 est
2249 3033 2467 3096 stultus,
2506 3048 2612 3087 non
2652 3032 2794 3086 enim
2819 3032 2886 3087 ad
2912 3047 3007 3087 eos
3032 3034 3117 3090 his
3141 3050 3270 3089 usus
3296 3046 3378 3090 est
3404 3053 3495 3090 ar-

1919 3124 2186 3196 gumentis
2222 3122 2418 3193 quibus
2462 3121 2530 3174 ad
2570 3119 2861 3186 Romanos,
2906 3120 3000 3175 sed
3055 3120 3492 3191 simplicioribus,

246 3215 525 3273 missionis
558 3212 655 3269 Dei
700 3214 845 3267 valet
874 3211 957 3267 'ad
998 3209 1417 3266 conﬁrmandam
1453 3208 1819 3265 haereditatem
1848 3202 1895 3267 C
1923 3226 1979 3273 et
2013 3232 2132 3288 quae
2167 3215 2313 3271 stulti
2346 3220 2567 3284 possent
2604 3210 2919 3283 intelligere,
2964 3219 3021 3268 et
3042 3227 3179 3283 pene
3219 3214 3285 3269 de
3308 3215 3490 3271 trivio.

244 3304 500 3371 Abrahae,
523 3301 676 3372 cujus
697 3300 831 3357 ﬁdes
856 3300 1105 3370 deputata
1128 3308 1213 3355 est
1236 3299 1304 3354 ad
1322 3298 1608 3369 justitiam.
1645 3296 1815 3352 Abra-

246 3398 333 3451 ha:
355 3396 512 3450 dicta:
545 3402 666 3448 sunt
700 3391 1068 3463 promissiones
1096 3399 1143 3445 et
1164 3390 1348 3444 semini
1373 3389 1509 3461 ejus,
1542 3404 1646 3444 non
1669 3388 1815 3453 dicit,

247 3498 299 3543 et
332 3485 612 3542 seminibus
645 3484 797 3556 quasi
824 3482 880 3537 in
905 3481 1104 3547 multis,
1142 3480 1233 3535 sed
1263 3480 1415 3552 quasi
1441 3481 1497 3534 in
1523 3496 1646 3544 uno,
1674 3488 1722 3534 et
1745 3496 1819 3534 se-

246 3580 379 3635 mini
424 3587 540 3643 tuo,
582 3577 673 3649 qui
719 3584 795 3630 est
825 3573 1082 3629 Christus.
1128 3571 1359 3645 (Ambr.)
1390 3570 1503 3627 Hoc
1543 3580 1628 3627 est
1676 3572 1818 3641 quod

247 3672 510 3740 scriptum
539 3676 622 3724 est
660 3667 713 3722 in
737 3665 932 3722 Genesi
964 3663 1033 3719 ad
1068 3664 1379 3719 Abraham:
1416 3662 1485 3716 Et
1528 3664 1585 3717 in
1626 3663 1821 3717 semine
1853 3660 1857 3667 '

246 3771 342 3814 tuo
365 3758 729 3813 benedicentur
751 3772 924 3810 omnes
947 3764 1118 3826 gentes
1160 3751 1311 3825 (Gen.
1338 3751 1495 3823 ml).
1528 3751 1680 3819 Quod
1708 3753 1815 3807 uti-

246 3863 359 3921 que
381 3849 439 3903 in
456 3846 670 3903 Christo
700 3845 972 3916 impletum
996 3852 1107 3910 est;
1137 3844 1190 3898 in
1218 3840 1369 3911 cujus
1392 3842 1608 3897 nomine
1630 3856 1818 3897 omnes

248 3946 441 4010 gentes
464 3935 849 3992 benedicentur
887 3948 986 4005 per
1021 3932 1202 3988 ﬁdem.
1241 3931 1367 3987 Ideo
1394 3945 1501 3986 non
1528 3928 1582 3984 in
1612 3929 1815 3996 multis,

224 4028 345 4083 sed
368 4027 428 4081 in
450 4039 559 4082 uno
584 4025 796 4081 ﬁrmata
830 4033 915 4079 est
952 4020 1261 4094 promissio,
1299 4020 1389 4090 qui
1429 4026 1514 4074 est
1547 4018 1814 4074 Christus.

250 4121 367 4177 Hac
406 4118 765 4191 disputatione
811 4131 907 4172 sua
948 4112 1232 4187 Apostolus
1272 4112 1425 4183 quasi
1470 4124 1594 4165 reos
1640 4108 1814 4164 falsati

250 4213 563 4271 testamenti
583 4211 847 4282 designat,
861 4208 953 4279 qui
968 4209 1250 4264 credentes
1272 4206 1324 4260 in
1343 4203 1637 4268 Christum,
1651 4203 1817 4259 etiam

248 4304 319 4360 de
344 4304 465 4375 lege
490 4300 688 4372 aliquid
718 4304 955 4369 sperant,
995 4306 1059 4353 ut
1082 4312 1187 4352 non
1215 4296 1387 4352 solum
1416 4294 1561 4350 salus
1590 4293 1819 4364 promiso

246 4413 308 4453 sa
344 4398 402 4452 in
431 4394 670 4459 Christo,
714 4393 809 4449 sed
837 4401 893 4448 et
934 4390 989 4446 in
1014 4389 1130 4461 lege
1166 4389 1258 4454 sit,
1294 4388 1415 4442 ideo
1458 4387 1650 4458 probat
1691 4399 1818 4455 pro-

250 4489 562 4546 missionem
573 4483 961 4541 benedictionis
978 4481 1033 4536 in
1045 4480 1159 4536 solo
1172 4479 1386 4534 Christo
1404 4475 1619 4532 factam.
1638 4473 1816 4547 (Aug.)

1925 3307 2079 3377 Quod
2123 3322 2189 3362 ne
2246 3306 2521 3360 videretur
2558 3303 2827 3374 imperitia
2862 3312 2917 3359 et
2962 3319 3068 3359 non
3111 3312 3228 3361 arte
3278 3305 3492 3375 fecisse,

1923 3398 2241 3469 prudentem
2287 3395 2463 3467 placat
2515 3403 2638 3449 ante
2679 3393 2958 3460 lectorem,
3005 3402 3060 3448 et
3088 3411 3208 3465 quae
3252 3392 3494 3453 dicturus

1924 3494 2030 3551 est,
2062 3491 2322 3554 temperat
2349 3481 2662 3554 praefatione
2690 3483 3002 3553 praemissa:
3034 3481 3274 3551 Fratres,
3310 3502 3494 3540 secun-

1924 3576 2049 3631 dum
2092 3575 2349 3630 hominem
2380 3575 2519 3641 dico,
2561 3576 2704 3645 quod
2739 3576 2882 3629 enim
2921 3575 3165 3630 dicturus
3209 3591 3350 3643 sum,
3383 3592 3488 3632 non

1924 3667 2046 3722 dico
2082 3664 2371 3721 secundum
2393 3665 2584 3729 Deum,
2626 3678 2732 3718 non
2757 3663 2878 3719 dico
2913 3663 3208 3719 secundum
3248 3666 3496 3720 recondi-

1924 3766 2032 3812 tam
2064 3755 2400 3826 sapientiam,
2423 3762 2481 3809 et
2500 3767 2594 3808 eos
2617 3753 2709 3824 qui
2734 3752 2904 3808 solido
2926 3762 3151 3823 possunt
3174 3755 3314 3810 vesci
3338 3756 3489 3824 cibo;

1923 3845 2018 3901 sed
2064 3843 2359 3900 secundum
2401 3856 2495 3897 eos
2538 3841 2632 3910 qui
2666 3841 2737 3896 ob
2770 3841 3182 3896 teneritudinem
3230 3845 3494 3900 stomachi

1921 3931 2098 3988 lacteo
2126 3946 2249 3987 rore
2274 3938 2589 4001 pascuntur,
2620 3938 2677 3984 et
2705 3944 3043 4000 nequaquam
3081 3931 3264 3987 valent
3306 3934 3495 3989 audire

1923 4039 2043 4095 quae
2076 4024 2295 4094 grandia
2334 4030 2480 4078 sunt.
2524 4019 2677 4075 Unde
2703 4028 2758 4075 et
2790 4021 2858 4075 ad
2892 4020 3220 4086 Corinthios,
3276 4024 3329 4079 in
3374 4026 3494 4095 qui-

1922 4115 2025 4171 bus
2061 4113 2380 4170 audiebatur
2415 4112 2722 4179 fomicatio,
2775 4122 2831 4169 et
2877 4114 3000 4170 talis
3048 4114 3332 4182 fornicatio
3374 4134 3493 4190 quae

1924 4221 2027 4285 nec
2052 4207 2191 4261 inter
2213 4212 2402 4275 gentes
2441 4204 2679 4273 quidem,
2721 4203 2839 4258 ait:
2872 4202 2984 4274 Ego
3011 4205 3148 4271 dico,
3184 4222 3288 4262 non
3308 4206 3491 4263 Domi-

1888 4314 1893 4321 ·
1925 4310 2023 4349 nus
2059 4292 2113 4366 (Ι
2139 4292 2261 4347 Cor.
2286 4293 2406 4361 vn).
2450 4291 2519 4347 Et
2557 4292 2624 4346 ad
2669 4292 2883 4347 eosdem
2922 4292 2974 4347 in
3021 4295 3252 4348 secunda
3292 4312 3305 4349 :
3338 4294 3492 4361 Quod

1925 4385 2126 4456 loquor,
2152 4400 2252 4438 non
2275 4382 2559 4439 secundum
2582 4380 2968 4454 Deumloqnor,
2997 4383 3086 4437 sed
3127 4384 3278 4455 quasi
3318 4386 3375 4439 in
3412 4387 3495 4439 in-

1924 4475 2167 4547 sipientia
2187 4473 2283 4546 (II
2305 4472 2427 4528 Cor.
2456 4489 2511 4528 ιι
2532 4473 2572 4544 ).
2603 4470 2801 4528 Putant
2828 4474 2990 4543 aliqui
3018 4475 3162 4545 quod
3209 4476 3275 4530 dc
3323 4482 3489 4530 testa-

250 4581 406 4639 Unus
434 4586 518 4634 est
564 4576 809 4632 Christus
853 4581 1016 4644 caput
1060 4581 1117 4628 et
1140 4586 1355 4641 corpus,
1411 4570 1638 4624 docente
1680 4566 1823 4637 Apo-
1850 4558 1898 4616 D
1926 4574 2106 4620 mento
2135 4564 2384 4629 hominis,
2411 4564 2553 4618 etde
2598 4564 2872 4619 testatoris
2923 4574 3116 4629 morte,
3176 4573 3231 4620 et
3284 4562 3494 4623 caeteris

249 4672 392 4727 stolo
410 4678 572 4740 atque
596 4667 807 4723 dicente
839 4665 906 4720 de
936 4663 1143 4720 semine
1172 4661 1399 4719 Abrahae
1433 4659 1522 4716 :Si
1535 4668 1705 4713 autem
1736 4672 1827 4712 vos

252 4758 453 4815 Christi
481 4798 498 4821 ,
547 4772 668 4827 ergo
709 4754 934 4809 Abraha:
990 4768 1164 4807 semen
1214 4750 1336 4805 estis
1365 4789 1381 4814 ,
1425 4763 1547 4804 eum
1600 4746 1827 4803 dixisset

250 4849 504 4920 superius
529 4866 543 4901 :
577 4846 702 4901 Non
721 4845 847 4899 dicit
867 4853 913 4899 et
938 4842 1239 4907 seminibus,
1265 4850 1512 4911 tanquam
1538 4840 1594 4893 in
1624 4838 1823 4906 multis,

250 4942 344 4997 sed
380 4950 631 5011 tanquam
665 4938 722 4992 in
744 4952 866 4999 uno,
892 4945 939 4990 et
967 4934 1149 4990 semini
1167 4943 1276 4996 tuo,
1310 4931 1448 5003 quod
1468 4940 1541 4986 est
1563 4929 1823 4986 Christus.

252 5026 313 5084 Si
338 5043 471 5101 ergo
498 5036 683 5083 semen
708 5025 960 5089 Abrahte,
993 5023 1097 5078 hoc
1124 5028 1209 5076 est
1235 5019 1501 5084 Christus,
1529 5019 1659 5088 quid
1681 5017 1824 5073 aliud

251 5118 458 5173 dictum
494 5122 581 5170 est
612 5112 808 5183 quibus
843 5111 1045 5166 dictum
1088 5117 1193 5175 est,
1225 5121 1356 5179 ergo
1395 5106 1619 5187 A’braha:
1653 5123 1824 5163 semen

253 5206 407 5271 estis,
430 5204 556 5269 nisi,
583 5202 727 5270 Ergo
743 5200 989 5257 Christus
1014 5199 1181 5255 estis?
1205 5198 1273 5253 Et
1297 5197 1418 5254 ideo
1440 5211 1625 5254 semen
1645 5196 1820 5254 Abra-

253 5300 380 5358 ham
430 5297 517 5352 cui
553 5295 714 5352 dieue
750 5300 875 5348 sunt
920 5292 1321 5362 promissiones,
1370 5288 1641 5345 Christum
1690 5289 1823 5345 dicit

250 5386 565 5459 Apostolus,
603 5385 708 5440 hoc
735 5391 818 5439 est
850 5397 1040 5438 omnes
1064 5381 1396 5438 Christianos
1422 5381 1526 5437 ﬁde
1547 5381 1822 5437 imitantes

246 5478 549 5534 Abraham.
592 5472 745 5541 Quod
781 5473 847 5527 ad
873 5471 1295 5540 singularitatem
1329 5472 1521 5543 redigit
1549 5486 1823 5527 commen-

253 5567 456 5628 dando,
498 5563 641 5633 quod
686 5577 792 5617 non
820 5562 1018 5616 dictum
1042 5569 1144 5624 est,
1185 5569 1241 5615 et
1270 5560 1581 5627 seminibus,
1618 5563 1713 5617 sed
1732 5578 1821 5617 se-

248 5661 385 5715 mini
430 5666 562 5713 tno:
591 5654 716 5726 quia
763 5663 820 5708 et
861 5666 969 5707 una
1008 5661 1095 5707 est
1140 5651 1271 5706 fides
1306 5669 1318 5705 :
1356 5659 1412 5706 et
1446 5666 1552 5707 non
1603 5661 1825 5721 possunt

392 5834 401 5841 '
497 5753 771 5812 Pnuos.
816 5742 1012 5811 CXII.

1935 4656 2185 4711 humanae
2206 4654 2569 4712 similitudinis
2590 4654 2956 4724 disputaturos
2980 4655 3237 4725 exemplis
3262 4656 3489 4713 dixerit:

1934 4750 2172 4817 Fratres,
2194 4751 2475 4806 secundum
2507 4750 2763 4803 hominem
2785 4749 2934 4811 dico;
2965 4749 3097 4804 mihi
3128 4758 3305 4805 autem
3348 4751 3496 4807 vide-

1930 4850 2037 4907 tur,
2066 4850 2121 4897 et
2146 4849 2363 4911 propter
2388 4841 2491 4894 hoc
2515 4839 2729 4909 quidem
2759 4839 2901 4909 quod
2933 4838 3007 4895 illi
3030 4840 3491 4907 arbitrantur,sed

1928 4932 2162 4986 maxime
2175 4939 2394 5001 propter
2417 4928 2543 4983 illud
2563 4927 2705 4997 quod
2726 4928 2968 4998 sequitur
2991 4943 3109 4985 esse
3129 4930 3487 4999 prmmissum,

1930 5023 1984 5078 id
1999 5032 2102 5088 est,
2117 5038 2220 5076 non
2239 5021 2362 5076 dicit
2375 5030 2422 5075 et
2452 5020 2731 5076 seminibus
2762 5021 2913 5091 quasi
2934 5021 2987 5074 in
3011 5020 3208 5088 multis,
3230 5022 3320 5077 sed
3340 5024 3492 5093 quasi

1929 5116 1985 5166 in
2003 5129 2126 5178 uno,
2151 5120 2199 5167 et
2227 5111 2409 5166 semini
2430 5120 2520 5165 tuo
2539 5111 2726 5182 quiest
2753 5109 3012 5165 Christus.
3042 5111 3240 5168 Omnes
3260 5114 3490 5182 scriptu-

1930 5220 2018 5259 ras
2045 5219 2205 5264 sensu
2234 5217 2299 5257 ac
2322 5201 2580 5256 memoria
2608 5214 2925 5270 peragrans,
2975 5215 3245 5271 nunquam
3295 5200 3490 5272 plurali

1924 5308 2148 5350 numero
2175 5292 2378 5348 semina
2402 5291 2601 5360 scripta
2628 5291 2824 5361 reperi,
2859 5290 2954 5346 sed
3004 5292 3117 5346 sive
3170 5290 3223 5346 in
3271 5292 3489 5356 bonam,

1925 5384 2038 5439 sive
2066 5383 2121 5437 in
2148 5381 2349 5436 malam
2372 5388 2602 5450 partem,
2626 5394 2840 5449 semper
2864 5380 3141 5451 singulari.
3168 5380 3385 5437 Necnon
3434 5389 3491 5435 et

1925 5472 2056 5527 illud
2084 5471 2225 5541 quod
2251 5469 2432 5535 infert,
2460 5468 2576 5523 Hoc
2604 5478 2776 5524 autem
2802 5470 2919 5524 dico
2968 5480 3329 5524 testamentum
3368 5486 3493 5523 con-

1925 5563 2190 5632 ﬁrmatum
2213 5577 2245 5615 a
2275 5559 2404 5624 Deo,
2428 5560 2474 5614 si
2503 5559 2625 5628 quis
2648 5559 2934 5629 diligenter
2965 5559 3188 5614 Hebrma
3218 5559 3491 5615 volumina

1892 5720 1903 5729 .
1924 5659 1980 5707 et
2007 5659 2227 5707 caeteras
2249 5648 2509 5706 editiones
2533 5664 2653 5705 cum
2678 5648 2777 5704 LX
2792 5649 2834 5702 Χ
2872 5650 3217 5717 interpretum
3266 5647 3493 5701 translad-

2904 5744 3021 5802 ’10
