4022 6338
523 334 635 398 illm

521 551 626 607 est,
655 556 763 597 nou
789 545 1171 599 testamentum
1197 547 1412 599 sonare,
1449 535 1544 588 sed
1567 540 1806 603 pactum,
1850 529 1992 599 quod
2052 528 2107 583 in

524 634 756 690 Hebraeo
782 643 1034 687 sermone
1067 626 1266 682 dicitur
1306 623 1513 679 Berith.
1564 622 1715 679 Unde
1764 621 2107 676 manifestum

522 727 610 775 est
635 717 691 772 id
717 715 909 771 fecisse
954 710 1268 783 Apostolum
1296 709 1441 780 quod
1471 707 1740 778 promisit,
1774 721 1873 761 nec
1912 720 2107 762 recon-

523 809 652 867 ditis
679 807 747 862 ad
776 805 997 861 Galatas
1015 818 1170 859 usum
1196 816 1315 858 esse
1343 800 1609 862 sensibus,
1643 798 1736 853 sed
1781 797 2111 868 quotidianis

523 908 581 957 et
604 897 824 963 vilibus,
867 903 923 952 et
965 908 1086 965 qua:
1110 899 1353 963 possent,
1392 890 1498 945 nisi
1536 888 1885 958 prmmisisset
1927 902 2113 942 secun-

524 993 651 1046 dum
672 988 938 1044 hominem
963 984 1103 1049 dico,
1140 981 1496 1054 prudentibus
1542 977 1845 1049 displicere.
1896 976 2112 1047 Suppu-

528 1080 675 1135 tandi
702 1078 760 1132 itt
788 1074 1032 1132 hocloco
1059 1071 1187 1126 anni
1213 1071 1280 1126 ab
1310 1077 1639 1138 eotempore
1686 1082 1796 1136 quo
1850 1065 2114 1119 Dominus

525 1171 594 1225 ad
619 1168 897 1224 Abraham
924 1165 1139 1220 locutus
1185 1168 1271 1217 est
1313 1160 1498 1215 dicens
1528 1157 1636 1212 :Et
1679 1157 1734 1211 in
1783 1156 1977 1211 semine
2024 1164 2114 1208 tuo

527 1260 896 1316 benedicentur
944 1273 1119 1313 omnes
1161 1262 1359 1325 gentes,
1411 1265 1582 1321 usque
1636 1250 1704 1305 ad
1750 1248 2115 1319 legislaturem

527 1351 767 1423 Moysen,
798 1355 979 1404 utrum
1000 1344 1379 1417 quadringenti
1408 1343 1630 1414 triginta
1666 1341 1791 1405 sint,
1852 1338 1937 1395 vel
1982 1352 2117 1408 quo-

524 1447 687 1502 modo
716 1440 989 1500 inGenesi
1040 1439 1140 1510 ipsi
1195 1436 1428 1491 Abrahae
1468 1433 1729 1488 Dominus
1776 1429 2113 1501 polliceatur.

526 1543 679 1611 Quod
707 1550 828 1615 post
856 1538 1276 1611 quadringentos
1319 1546 1492 1587 annos
1523 1529 1590 1585 de
1641 1536 1786 1583 terra
1843 1523 2118 1580 servitutis

528 1635 624 1690 filii
648 1632 766 1703 ejus
791 1630 988 1687 exituri
1010 1628 1136 1683 sint.
1170 1623 1287 1679 Non
1306 1622 1462 1678 enim
1493 1634 1661 1692 parva
1693 1631 1782 1672 res
1840 1622 1945 1678 est,
1997 1621 2053 1668 et
2086 1626 2118 1667 a

530 1724 715 1780 multis
762 1719 1027 1793 quaesita,
1073 1716 1259 1772 nescio
1299 1729 1369 1769 an
1423 1712 1491 1767 ab
1536 1710 1717 1780 aliquo
1757 1707 1827 1763 sit
1879 1706 2116 1761 inventa.

1207 330 1267 389 Β.
1311 328 1561 390 ιιΑΒΑΝΙ
1601 327 1817 389 MAURI
1860 324 2173 385 ARCHIEP.
2214 318 2539 381 MOGUNTJ
2566 316 2854 379 OPEBUM
2894 314 3076 375 PARS
3110 311 3199 374 ΠΙ.

520 454 670 508 tione
693 445 1001 511 contulerit,
1026 444 1262 499 Inveniet
1292 442 1379 499 ubi
1413 450 1794 497 testamentum
1843 439 2105 509 scriptum
2137 441 2179 499 Α
2211 435 2401 491 doceat
2435 432 2726 504 Apostolus
2754 445 2862 487 non
2890 445 3051 500 posse
3075 443 3175 500 per
3202 426 3401 497 legem,
3448 435 3572 495 qua!
3614 430 3813 494 postea
3928 488 3937 495 α

3696 307 3812 364 $00

2207 525 2333 578 data
2368 531 2474 589 est,
2502 520 2952 592 repromissiones
2999 534 3120 590 qua:
3179 524 3307 572 ante
3354 513 3513 570 facta:
3557 524 3687 570 sunt
3740 513 3816 569 ad

2209 616 2482 673 Abraham
2508 615 2733 680 destrui,
2747 615 3119 685 etposteriora
3138 611 3409 684 prioribus
3427 608 3814 680 praeiudicare.

2210 723 2331 762 cum
2356 705 2801 778 repromissiones
2829 705 2896 759 ad
2917 702 3189 758 Abraham
3224 709 3352 756 ante
3384 700 3819 770 quadringentos

2212 800 2432 872 triginta
2457 812 2629 853 annos
2652 798 2793 852 datm
2820 796 2950 859 sint,
2972 794 3114 866 quod
3143 792 3593 855 benedicerentur
3632 790 3687 846 in
3716 789 3821 845 illo

2211 891 2474 945 universae
2505 889 2768 943 nationes.
2796 887 2957 958 Legis
2983 893 3164 940 autem
3191 882 3523 947 observatio,
3546 882 3691 952 quod
3713 880 3819 952 qui

2213 982 2431 1036 fecisset
2460 995 2603 1043 eam,
2630 979 2838 1033 viveret
2869 978 2924 1033 in
2953 992 3041 1042 ea,
3074 984 3199 1047 post
3246 974 3672 1046 quadringentos
3714 973 3821 1029 tri-

2213 1073 2360 1144 ginta
2390 1087 2560 1127 annos
2588 1070 2754 1142 Moysi
2783 1070 2909 1125 data
2933 1070 3005 1124 sit
3035 1069 3088 1123 in
3124 1076 3310 1123 monte
3347 1064 3498 1120 Sina.
3530 1065 3572 1119 E
3591 1074 3825 1120 contra—

2216 1165 2299 1218 rio
2318 1163 2406 1219 hic
2432 1162 2535 1218 dici
2567 1171 2819 1233 poterat:
2853 1160 2992 1228 Quid
3039 1175 3170 1232 ergo
3221 1173 3448 1215 necesse
3492 1157 3593 1213 fuit
3636 1157 3823 1230 legem

2215 1262 2333 1325 post
2357 1262 2563 1308 tantum
2594 1262 2804 1322 tempus
2825 1250 3263 1322 repromissionis
3286 1250 3425 1316 dari,
3448 1264 3571 1304 cunt
3602 1256 3660 1304 et
3682 1249 3824 1303 data

2218 1345 2352 1414 iege,
2385 1343 2622 1413 suspicio
2642 1345 2933 1399 destructa:
2959 1341 3267 1412 Sponsionis
3286 1339 3559 1411 putaverit
3584 1338 3821 1401 oboriri,

2217 1446 2271 1492 et
2300 1445 2550 1492 manente
2576 1436 3018 1505 repromissione,
3061 1451 3169 1490 non
3224 1433 3505 1505 profutura
3551 1432 3640 1488 lex
3681 1432 3853 1497 data,

2217 1529 2327 1583 sit?
2378 1527 2549 1595 Quam
2579 1526 2882 1597 praevidens
2906 1524 3195 1597 Apostolus
3217 1524 3592 1594 quaestionem,
3627 1523 3681 1578 in
3728 1538 3826 1579 se-

2218 1616 2510 1688 quentibus
2537 1616 2652 1687 ipse
2683 1615 2785 1671 sibi
2809 1616 3084 1686 proponit,
3111 1623 3169 1671 et
3192 1613 3424 1684 explicat
3446 1613 3668 1669 dicens:

2291 1706 2432 1774 Quid
2454 1707 2615 1777 igitur
2637 1705 2721 1762 lea;
2735 1707 2761 1760 7
2791 1702 3019 1778 Propter
3041 1705 3487 1776 transgressiones
3507 1705 3679 1774 posita
3711 1713 3824 1769 est,

532 1788 873 1869 Vincibiliter
912 1816 1095 1864 autent
1144 1805 1290 1876 quod
1344 1803 1431 1859 lex
1480 1801 1643 1857 infert
1696 1797 1934 1854 nondum
1984 1795 2109 1850 data
2138 1788 2188 1848 Β
2215 1802 2378 1856 donec
2412 1800 2603 1855 veniret
2630 1815 2804 1854 semen
2837 1799 2922 1853 cui
2949 1799 3282 1869 promiserat,
3322 1797 3570 1852 ordinata
3595 1812 3689 1868 per
3718 1796 3829 1850 an;

526 1913 669 1968 erat”;
690 1918 792 1958 nec
818 1909 1007 1973 posset
1036 1905 1159 1969 post
1184 1904 1265 1952 tot
1288 1909 1460 1950 annos
1484 1893 1556 1948 ita
1587 1888 1727 1955 dari,
1776 1897 1839 1944 ut
1866 1887 2116 1957 antiquas
2216 1893 2357 1964 gelos
2388 1894 2443 1947 in
2468 1908 2632 1947 manu
2665 1891 2990 1946 mediatoris.
3035 1889 3303 1946 Mediator
3333 1898 3507 1944 autent
3526 1889 3688 1944 unius
3709 1905 3826 1944 non

525 1993 758 2049 Abrahae
780 1986 1361 2062 promissionesirritas
1387 1983 1610 2040 faceret.
1654 1981 1714 2037 St
1735 1981 1878 2037 enim
1915 1979 2001 2034 lex
2027 1977 2117 2047 ju-

525 2083 763 2149 stiticat,-
793 2097 897 2138 non
939 2087 1024 2137 est
1061 2078 1392 2149 justifieatus
1418 2076 1716 2139 Abraham,
1743 2071 1837 2142 qui
1885 2070 2115 2126 multum

525 2186 653 2234 ante
669 2176 843 2248 legem
865 2162 994 2230 fuit:
1011 2172 1153 2243 quod
1169 2171 1296 2241 quia
1318 2170 1499 2225 dicere
1512 2183 1616 2223 non
1632 2172 1878 2237 possunt,
1915 2177 2117 2235 cogun-

529 2279 619 2326 tur
642 2266 822 2331 fateri,
842 2265 976 2337 legis
989 2263 1242 2335 operibus
1256 2276 1365 2317 non
1382 2257 1671 2332 justificari
1690 2256 1988 2320 hominem,
2019 2250 2116 2308 sed

530 2357 656 2413 fide.
693 2353 865 2411 Simul
901 2353 1066 2408 etiam
1091 2367 1193 2408 nos
1215 2350 1362 2422 cogit
1387 2347 1710 2418 intelligere,
1737 2356 1927 2399 omnes
1969 2341 2114 2396 anti-

529 2465 668 2521 quos
688 2448 780 2521 qui
802 2445 1087 2517 justificati
1112 2453 1260 2509 sunt,
1310 2459 1374 2498 ex
1430 2441 1546 2511 ipsa
1600 2438 1703 2494 fide
1740 2437 2111 2509 jttstificatos:

532 2540 675 2611 quod
690 2539 842 2595 enim
867 2552 966 2592 nos
989 2550 1056 2590 ex
1080 2542 1233 2606 parte
1261 2532 1616 2604 praeteritum,
1671 2528 1723 2584 id
1747 2536 1830 2583 est
1881 2527 2116 2598 primum

528 2633 819 2688 adventum
842 2627 1080 2695 Domini,
1102 2642 1169 2682 ex
1193 2636 1348 2698 parte
1379 2623 1644 2687 futurum,
1679 2622 1734 2678 id
1777 2628 1878 2686 est,
1926 2635 2119 2710 secuit-

532 2725 661 2780 dum
698 2723 986 2777 adventum
1016 2720 1227 2775 Domini
1270 2718 1560 2782 credendo,
1603 2715 1738 2771 salvi
1796 2712 2114 2778 efliciemur,

534 2815 639 2873 hoc
676 2823 845 2870 totum
873 2814 968 2879 illi,
1008 2813 1061 2869 id
1090 2822 1191 2875 est,
1224 2818 1514 2880 utrumque
1560 2808 1846 2862 adventum
1876 2804 2117 2860 futurum

514 2908 845 2973 credebant,
868 2905 1141 2963 revelante
1170 2903 1271 2960 sibi
1299 2902 1502 2972 Spiritu
1529 2907 1735 2966 sancto,
1783 2907 1842 2954 ut
1861 2896 1995 2953 salvi
2021 2895 2115 2951 fie-

532 3004 693 3056 rent.’
727 2998 879 3055 Unde
931 3007 1015 3054 est
1067 2997 1232 3052 etiam
1283 2993 1414 3048 illud
1463 2991 1774 3047 :Abraltam
1825 2987 2114 3058 concupivit

532 3094 871 3147 diem'meunt
893 3089 1082 3154 videre,
1108 3097 1156 3142 et
1183 3086 1305 3143 vidit
1335 3096 1381 3140 et
1412 3086 1620 3156 gavisus
1644 3094 1719 3138 est
1763 3081 1945 3154 (Joan.
1969 3082 2109 3151 vut).

2216 1997 2314 2053 est,
2345 1986 2488 2041 Deus
2520 1995 2697 2040 autem
2729 2001 2865 2040 unus
2893 1993 2992 2039 est.
3044 1981 3183 2051 Quia
3227 1990 3481 2039 manente
3521 1981 3829 2051 repromis-

2219 2078 2371 2135 sione
2389 2093 2510 2148 quaa
2537 2075 2680 2131 facta
2702 2074 2879 2131 fuerat
2904 2075 2973 2130 ad
3002 2073 3278 2130 Abraham
3296 2114 3312 2139 ,
3353 2072 3440 2129 lex
3469 2082 3659 2143 postea
3688 2072 3825 2127 data

2219 2186 2316 2241 per
2358 2170 2577 2242 Moysen
2616 2168 2823 2225 frustra
2867 2168 3154 2225 videbatur
3196 2168 3378 2235 illata,
3425 2181 3524 2222 cur
3567 2167 3694 2223 data
3746 2166 3830 2222 sit

2219 2260 2494 2333 explicat:
2522 2270 2735 2333 propter
2761 2261 3205 2332 transgressiones
3226 2259 3397 2331 posita
3434 2267 3545 2327 est,
3593 2257 3779 2330 inquit
3802 2270 3824 2313 :

2218 2365 2343 2427 post
2374 2355 2637 2412 offensam
2676 2355 2824 2437 enim
2852 2355 2910 2410 in
2932 2369 3119 2410 eremo
3142 2352 3350 2442 poppli,
3379 2361 3502 2424 post
3526 2353 3825 2410 adoratum

2218 2447 2468 2513 vitulum,
2503 2455 2561 2503 et
2595 2462 2843 2502 murmur
2866 2447 2921 2501 in
2954 2447 3262 2512 Dominum,
3289 2446 3375 2502 lex
3420 2445 3823 2519 transgressio-

2220 2555 2316 2595 nes
2340 2538 2679 2610 prohibitura
2730 2538 2994 2595 successit
3019 2556 3033 2592 :
3062 2537 3219 2594 Iusto
3245 2532 3432 2610 quippe
3473 2539 3560 2594 lea:
3594 2556 3701 2595 non
3740 2550 3827 2596 est

2218 2632 2388 2702 posita
2416 2671 2432 2696 ,
2488 2631 2682 2704 iniquis
2736 2640 2911 2686 autem
2960 2640 3009 2685 et
3070 2648 3175 2687 non
3225 2630 3489 2697 subditis,
3535 2632 3715 2702 impiis
3770 2642 3827 2688 et

2217 2722 2573 2794 peccatoribus
2621 2720 2673 2796 (I
2704 2719 2839 2776 Tim.
2887 2719 2951 2790 ι).
2985 2716 3050 2776 Et
3094 2729 3156 2777 ut
3187 2720 3351 2778 altius
3398 2731 3644 2792 repetam
3693 2730 3829 2791 post

2216 2811 2600 2879 idololatriam,
2632 2812 2720 2869 cui
2770 2812 2824 2867 in
2871 2809 3110 2884 Egypto
3136 2811 3353 2867 fuerant
3395 2812 3711 2883 mancipati,
3744 2813 3827 2869 ita

2218 2915 2277 2960 ut
2307 2905 2475 2962 Deum
2523 2914 2741 2975 patrum
2796 2919 3021 2960 suorum
3068 2903 3521 2961 obliviscerentur
3558 2914 3616 2961 et
3669 2906 3825 2962 dieeo

2216 3005 2340 3052 rent
2372 3014 2387 3049 :
2435 2995 2536 3050 Isti
2563 3004 2684 3050 sunt
2708 2995 2787 3049 dii
2827 2995 2927 3061 tui,
2965 2992 3159 3060 Israel,
3210 2995 3301 3067 qui
3325 2995 3619 3050 eduxerunt
3659 3003 3710 3050 te
3752 2996 3827 3050 de

2215 3095 2355 3142 terra
2373 3085 2592 3158 Αἰαίη)ιί
2607 3084 2805 3158 (Exod.
2830 3084 3034 3156 xxxtt);
3062 3085 3199 3142 ritus
3219 3085 3427 3142 colendi
3451 3086 3709 3147 Deum,et
3725 3086 3826 3142 de-

563 3208 571 3217 -
605 3180 663 3238 Si
703 3182 838 3236 enim
880 3197 944 3234 ex
986 3179 1094 3249 lege
1132 3176 1430 3241 hereditas,
1470 3175 1587 3244 jam
1637 3189 1739 3226 non
1787 3187 1852 3226 ea:
1892 3170 2114 3238 promis-

2221 3154 2579 3249 linquentium
2612 3154 2772 3251 poena
2801 3154 3009 3235 sancita
3060 3187 3165 3245 est,
3191 3179 3245 3234 in
3294 3194 3456 3234 manu
3502 3179 3827 3235 mediatoris

531 3273 697 3338 sione,
719 3268 946 3323 Abraltce
957 3277 1131 3322 autem
1152 3281 1247 3336 per
1268 3263 1717 3334 repromissionem
1732 3259 1941 3314 donavit
1960 3257 2117 3313 Deus.

533 3362 768 3436 (Ambr.)
785 3363 931 3417 Duas
942 3374 1144 3416 causas
1158 3357 1260 3414 sibi
1284 3355 1589 3412 contrarias
1608 3351 1903 3409 defendunt
1925 3348 2116 3416 Judaei,

531 3454 679 3510 nullo
698 3454 842 3509 enim
865 3459 1050 3523 pacto,
1075 3450 1221 3506 nulla
1248 3449 1459 3505 ratione
1480 3446 1694 3504 suaderi
1719 3452 1899 3516 potest
1919 3441 2120 3499 Judzeis

530 3544 760 3601 Abrahze
779 3543 1193 3616 promissionem
1215 3550 1530 3599 evacuatam
1544 3553 1643 3609 per
1662 3536 1855 3609 legem,
1872 3544 1927 3591 et
1940 3544 2115 3590 recte:

533 3638 631 3695 sed
659 3637 804 3693 aliud
834 3636 1121 3692 adversum
1162 3631 1458 3705 improvida
1486 3629 1902 3702 praesumptione
1934 3625 2121 3682 defen-

531 3728 688 3795 dunt,
700 3724 1400 3798 putantesjustificationem
1427 3722 1545 3779 sine
1579 3735 1741 3792 opere
1765 3718 1902 3791 legis
1928 3730 2119 3787 prove-

529 3818 654 3877 nire
680 3834 788 3875 non
813 3832 1002 3889 posse;
1030 3831 1152 3873 cum
1172 3816 1348 3872 sciant
1366 3814 1659 3874 Abraham,
1685 3810 1777 3881 qui
1804 3808 1977 3864 forma
2004 3807 2121 3878 ejus

531 3911 613 3967 rei
625 3917 730 3968 est.
744 3908 860 3964 sine
871 3905 1266 3978 operibuslegis
1280 3920 1374 3975 per
1389 3904 1557 3960 solam
1572 3902 1731 3958 fidem
1739 3900 1760 3971 j
1768 3898 2116 3956 ustiﬁcatum.

532 4003 638 4061 Sed
651 4001 991 4059 aemulatione
1003 3999 1237 4071 quadam
1254 3996 1438 4054 czecati
1468 4011 1572 4051 non
1598 3994 1925 4063 intelligunt,
1944 4004 2121 4060 neque

526 4099 897 4161 considerant,
913 4096 1040 4168 quia
1069 4096 1113 4150 si
1141 4110 1238 4165 per
1258 4092 1430 4164 legem
1447 4089 1786 4163 justificatio,
1815 4086 2121 4143 excluditur

520 4191 833 4264 promissio.
869 4189 938 4245 Et
965 4189 1012 4245 si
1035 4187 1255 4244 exclusa
1285 4185 1449 4241 fuerit
1470 4183 1779 4255 promissio,
1809 4182 1927 4237 sine
1955 4179 2119 4236 dubio

531 4281 886 4339 frustrabitur
933 4280 1069 4335 fides
1109 4277 1362 4334 Abrahae.
1395 4275 1547 4344 Quod
1577 4290 1648 4330 ne
1684 4274 1871 4329 audire
1895 4271 2116 4342 quidem

530 4388 591 4430 se
605 4371 890 4444 patiuntur
910 4369 1103 4433 Judaei,
1123 4368 1357 4424 scientes
1367 4367 1494 4439 quia
1520 4364 1808 4436 promissio
1828 4379 1895 4419 ex
1913 4363 2017 4419 fide
2036 4370 2122 4419 est

528 4463 783 4528 Abrahae,
813 4477 934 4533 qua:
965 4458 1254 4532 promissio
1279 4473 1377 4529 per
1397 4457 1556 4513 fidem
1577 4454 1859 4524 justificat,
1891 4469 1998 4510 non
2017 4468 2114 4524 per

527 4555 724 4627 legem,
750 4556 889 4612 sicut
917 4562 972 4611 et
989 4553 1262 4609 Abraham
1286 4549 1616 4621 justifieatus
1640 4565 1707 4606 ex
1737 4548 1841 4605 fide
1889 4556 1991 4603 est.
2044 4546 2111 4602 Hi

531 4661 664 4716 ergo
689 4646 929 4701 hatredes
958 4652 1087 4700 sunt
1102 4642 1484 4715 promissionis
1503 4641 1735 4697 Abrahzc
1761 4638 1850 4709 qui
1883 4639 1958 4694 illi
1996 4654 2110 4694 suc-

529 4735 749 4799 cedunt,
778 4734 1137 4802 suscipientes
1166 4731 1348 4795 fidem,
1376 4732 1435 4787 in
1463 4745 1568 4800 qua
1593 4724 1908 4785 benedictu’s
1942 4738 1997 4784 et
2026 4726 2113 4795 ju-

530 4825 796 4881 stiflcatus
815 4832 899 4879 est
927 4824 1221 4879 Abraham.
1254 4821 1646 4879 Testimonium
1692 4835 1821 4891 ergo
1874 4821 2111 4891 promis-

529 4913 699 4969 sionis
723 4912 974 4979 Abt-alue,
1002 4921 1386 4969 testamentum
1407 4912 1727 4983 appellatur,
1750 4921 1810 4968 ut
1829 4920 1951 4982 post
1973 4927 2115 4969 mor-

531 5012 641 5057 tem
679 5002 796 5071 ejus
834 5004 1075 5060 lueredes
1103 5012 1285 5060 essent
1327 5004 1382 5060 in
1416 5001 1807 5076 promissione.
1860 5005 1953 5063 filii
1997 5003 2114 5074 ejus

530 5090 661 5149 facti
690 5108 786 5163 per
815 5092 994 5149 fidem.
1032 5093 1161 5162 Quae
1179 5110 1341 5150 causa
1371 5094 1612 5152 cucurrit
1629 5111 1803 5166 usque
1844 5096 1913 5151 ad
1957 5094 2114 5150 Chri-

531 5191 676 5239 stum
704 5181 937 5238 Abrahae
965 5183 1368 5254 repromissum,
1385 5191 1447 5239 ut
1469 5193 1593 5257 post
1640 5194 1873 5241 mortem
1912 5184 2113 5242 Christi

527 5273 835 5338 credentes,
875 5274 1117 5329 heredes
1153 5283 1336 5328 essent
1360 5273 1481 5330 fidei
1524 5273 1758 5333 Abrabat
1796 5289 1899 5345 per
1947 5283 2113 5330 testa-

532 5370 773 5421 mentum
802 5363 1083 5435 sanguinis
1112 5361 1332 5419 Cbristi.
1384 5366 1593 5421 Donum
1622 5380 1754 5437 ergo
1798 5364 1940 5436 quod
1985 5381 2112 5435 pro-

540 5466 765 5522 missum
793 5473 879 5521 est
904 5464 1149 5527 Abrahae,
1194 5462 1317 5518 filiis
1351 5461 1467 5530 ejus
1514 5462 1567 5515 in
1619 5459 1834 5515 Christo
1878 5459 2116 5515 solutum

537 5564 659 5623 est;
688 5557 937 5628 quamvis
962 5564 1013 5610 et
1045 5555 1159 5624 ipse
1191 5552 1463 5606 Abraham
1485 5558 1808 5604 consecutus
1826 5549 1899 5604 sit
1918 5549 2118 5604 donum

536 5650 642 5706 hoc
671 5648 779 5705 illic
807 5648 898 5703 ttbi
950 5646 1199 5701 inventus
1225 5653 1328 5699 est.
1359 5639 1626 5708 (Ηὶετοη.)
1665 5638 1905 5710 Simplex
1935 5647 2115 5695 autem

2222 3269 2423 3326 Christi
2446 3268 2595 3335 Iesu,
2617 3269 2745 3341 quia
2775 3271 2954 3324 omnia
2981 3287 3074 3342 per
3095 3270 3267 3342 ipsum
3292 3270 3437 3341 facta
3461 3280 3606 3335 sunt,
3634 3280 3687 3326 et
3705 3271 3825 3325 sine

2186 3361 2332 3433 οἱρδο
2379 3361 2580 3431 factum
2608 3370 2684 3416 est
2712 3361 2844 3416 nihil
2877 3359 3061 3433 (Joan.
3096 3360 3173 3433 t),
3213 3377 3323 3417 non
3366 3361 3545 3417 solum
3591 3362 3822 3428 caelum,

2139 4505 2189 4565 D

2221 3461 2386 3520 terra,
2405 3469 2574 3521 mare,
2588 3461 2642 3509 et
2656 3453 2909 3509 universa
2935 3468 3055 3525 quae
3068 3452 3365 3517 cernimus,
3395 3451 3488 3508 sed
3526 3452 3694 3508 etiam
3725 3452 3819 3506 ilia

2219 3562 2341 3612 quae
2363 3561 2462 3617 per
2485 3546 2705 3618 Moysen
2742 3546 2879 3603 duro
2915 3546 3113 3617 populo
3141 3546 3298 3617 quasi
3323 3546 3514 3617 jugum
3548 3546 3687 3619 legis
3712 3545 3820 3603 im-

2220 3630 2394 3708 posita
2413 3644 2559 3693 sunt.
2574 3635 2804 3710 (Aman)
2820 3637 2926 3693 Lex
2944 3636 3230 3701 factorum,
3247 3636 3300 3692 id
3313 3644 3419 3701 est,
3431 3635 3624 3709 Moysi,
3637 3638 3818 3709 posita

2220 3736 2304 3784 est
2343 3729 2395 3782 in
2424 3728 2604 3784 medio
2630 3727 2775 3783 inter
2794 3738 3031 3799 emptam
3060 3726 3478 3797 promissionem
3517 3736 3575 3782 et
3604 3743 3819 3795 semen,

2220 3821 2309 3878 cui
2352 3819 2495 3876 facta
2540 3820 2830 3892 promissio
2855 3829 2960 3884 est,
2990 3820 3095 3877 hoc
3140 3828 3225 3875 est
3271 3819 3415 3875 inter
3442 3818 3725 3877 Abraham
3761 3830 3818 3878 et

2221 3911 2565 3968 salvatorem.
2607 3911 2734 3967 ldeo
2774 3911 2932 3982 longe
2970 3910 3096 3967 data
3122 3918 3247 3983 post
3272 3909 3471 3967 factam
3498 3913 3817 3981 promissio-

2221 4019 2369 4068 nem,
2399 4012 2460 4058 ut
2488 4003 2604 4075 ipsa
2629 4003 2978 4061 distinctione
3007 4003 3156 4061 aliud
3186 4003 3296 4070 lex,
3326 4011 3382 4060 et
3409 4003 3557 4060 aliud
3580 4006 3817 4074 promis-

2221 4095 2303 4151 sio
2325 4095 2601 4151 videretur
2631 4113 2645 4148 :
2670 4094 3012 4167 utpopulum
3038 4094 3445 4167 Deiagentibus
3469 4104 3815 4167 segregatum

2221 4190 2460 4245 erudiret
2490 4189 2592 4244 sub
2633 4189 2727 4244 Dei
2762 4189 2994 4255 timore,
3048 4196 3111 4243 ut
3160 4187 3356 4259 dignus
3403 4186 3565 4243 fieret
3611 4187 3682 4243 ad
3724 4202 3817 4244 ex-

2221 4282 2525 4352 cipiendam
2563 4280 3006 4350 promissionem,
3037 4295 3159 4350 qua)
3186 4287 3272 4335 est
3293 4278 3565 4335 Christus.
3588 4279 3703 4336 Lex
3726 4288 3811 4335 ta-

2222 4386 2345 4427 men
2394 4370 2656 4426 factorum
2682 4370 2804 4425 ideo
2828 4369 3050 4435 dicitur,
3087 4370 3214 4440 quia
3246 4370 3404 4425 docet
3425 4384 3571 4440 quat,
3597 4371 3712 4427 Deo
3726 4370 3814 4443 ju-

2220 4461 2400 4523 bente,
2429 4459 2786 4529 corporaliter
2813 4458 2965 4523 fiant,
3002 4457 3071 4515 de
3091 4458 3374 4515 sacrificiis
3394 4499 3411 4525 ,
3433 4459 3500 4514 de
3536 4460 3813 4533 primoge-

2217 4550 2366 4613 nitis,
2395 4549 2463 4604 de
2489 4549 2737 4614 decimis,
2766 4556 2823 4604 et
2845 4549 2912 4604 de
2934 4550 3152 4606 caeteris
3178 4548 3397 4606 talibus.
3422 4548 3697 4622 Disposita
3722 4568 3815 4624 per

2215 4639 2427 4711 angelos
2462 4640 2522 4699 in
2548 4657 2710 4695 manu
2730 4640 3063 4696 mediatoris.
3094 4641 3330 4714 Angelos
3356 4641 3491 4699 dicit
3524 4642 3619 4699 Dei
3666 4660 3811 4700 nun-

2217 4731 2343 4796 tios,
2376 4730 2429 4785 id
2461 4738 2548 4786 est
2577 4729 2821 4802 Moysen,
2847 4740 2904 4787 et
2933 4731 3101 4786 filium
3140 4730 3308 4798 Nave,
3339 4741 3397 4789 et
3421 4741 3652 4805 caeteros
3681 4749 3812 4804 pro-

2216 4821 2409 4891 phetas
2436 4836 2609 4892 usque
2635 4821 2704 4877 ad
2745 4820 3009 4878 Joannem
3052 4822 3358 4895 Baptistam
3375 4866 3391 4891 ,
3440 4825 3513 4881 de
3540 4840 3652 4896 quo
3679 4826 3815 4883 dicit

2218 4911 2400 4967 Deus:
2430 4910 2568 4967 Ecce
2608 4912 2756 4966 mitto
2790 4914 3034 4985 angelum
3060 4931 3238 4970 meum
3282 4925 3406 4970 ante
3430 4915 3623 4987 faciem
3662 4926 3813 4973 tuam

2218 5004 2477 5076 (Halach.
2509 5004 2615 5079 ιιι).
2650 5005 2753 5062 Per
2774 5006 2873 5062 bos
2901 5022 3065 5079 ergo,
3106 5006 3190 5063 lex
3226 5010 3503 5075 ordinata,
3547 5009 3813 5082 disposita

2215 5104 2300 5150 est
2321 5111 2351 5150 a
2381 5096 2493 5151 Deo
2527 5098 2583 5151 in
2607 5113 2789 5162 manu,
2819 5098 2872 5153 id
2900 5109 3005 5161 est,
3020 5107 3290 5169 potestate
3324 5100 3626 5159 Salvatoris
3657 5121 3673 5158 :
3698 5103 3814 5176 ipse

2216 5194 2302 5242 est
2329 5186 2599 5242 mediator
2623 5186 2709 5242 vel
2757 5188 3134 5244 reconciliator
3163 5190 3257 5245 Dei
3297 5199 3353 5246 et
3402 5178 3714 5258 hominum,
3754 5200 3813 5249 ut

2219 5277 2389 5333 salvet
2407 5292 2546 5346 quos
2567 5278 2677 5334 vult
2705 5293 2774 5334 ex
2801 5279 2885 5334 bis
2916 5281 3006 5349 qui
3038 5281 3209 5351 legem
3232 5297 3333 5351 per
3356 5298 3519 5353 supra
3543 5299 3814 5342 memora-

2220 5378 2305 5425 tos
2352 5369 2573 5439 angelos
2602 5381 2962 5441 acceperunt;
2996 5373 3111 5442 ipse
3158 5374 3302 5429 enim
3334 5376 3413 5429 ait
3442 5392 3455 5428 :
3488 5374 3638 5431 Sicut
3671 5379 3811 5432 enim

2220 5459 2381 5515 Pater
2412 5463 2632 5516 suscitat
2666 5478 2899 5519 mortuos
2922 5474 2975 5518 et
3006 5464 3256 5534 uiviﬁcat,
3281 5467 3359 5521 sic
3396 5476 3447 5521 et
3478 5464 3656 5523 Filius
3678 5485 3811 5539 quos

2216 5550 2322 5604 vult
2352 5551 2577 5620 viviﬁcat
2606 5550 2790 5623 (Joan.
2820 5552 2896 5623 γ).

2284 5640 2551 5696 Mediator
2578 5653 2757 5697 autem
2781 5646 2938 5699 unius
2984 5661 3091 5701 non
3117 5656 3216 5702 est.
3247 5647 3378 5704 Sine
3406 5650 3573 5704 dumo
3600 5652 3809 5706 media-

534 5758 728 5806 sensus
754 5742 845 5814 qui
894 5740 951 5798 in
992 5740 1096 5796 hoc
1128 5736 1247 5792 loco
1274 5733 1493 5800 texitur,
1532 5730 1673 5788 hanc
1700 5731 1808 5787 vim
1846 5731 2028 5799 habet,
2059 5738 2121 5786 ut
2212 5739 2314 5786 tor.
2364 5732 2468 5787 hoc
2492 5741 2597 5803 est,
2636 5733 2863 5803 arbiter,
2893 5750 3001 5791 non
3042 5745 3127 5792 est
3166 5737 3348 5806 unius,
3396 5737 3491 5795 sed
3532 5739 3804 5801 duorum;
