4022 6338
247 282 349 344 50!

735 284 1286 350 ntVJIImATIONUM
1322 282 1391 343 ΙΝ
1426 281 1572 342 EPP.
1609 281 1814 341 PAULI
1852 280 1980 338 LIB.
2021 279 2137 338 XV.
2176 311 2245 321 -—
2280 278 2348 337 IN
2385 279 2601 339 EPIST.
2640 281 2733 336 AD
2776 279 3024 337 GALAT.

247 415 373 455 cum
401 399 549 455 eulm
593 396 700 455 duo
722 398 903 469 pepuli
940 398 1173 455 invicem
1204 400 1465 454 adversus
1508 411 1567 454 se
1609 396 1831 452 dimica-
1859 399 1905 455 Λ
1938 392 2067 447 Haec
2088 393 2216 447 dicit
2238 393 2496 449 Dominus
2537 394 2881 464 omnipotens.
2912 393 3098 464 Neque
3118 394 3262 450 enim
3292 395 3514 467 angelus

248 497 373 547 rent
415 503 632 558 semper
661 488 1006 554 dissidentes,
1036 498 1092 544 et
1133 490 1337 545 inimici
1385 489 1699 544 diversitate
1736 488 1832 543 do-

246 582 461 645 ctrinae,
510 578 764 635 Salvator
811 580 1006 636 horum
1057 579 1265 635 arbiter
1313 580 1492 644 venit,
1545 588 1833 649 amputans

250 672 501 742 utrisque
526 670 737 740 populis
778 685 878 741 per
909 670 1053 740 quod
1081 670 1481 736 discordabant,
1510 679 1570 726 ut
1616 679 1836 741 possent

249 778 372 822 esse
436 763 668 835 pacillci.
724 762 962 818 Abstulit
1010 778 1143 834 ergo
1198 763 1494 834 gentilibus
1548 777 1833 817 numerum

250 855 520 920 Deorum,
548 861 604 909 et
632 852 950 909 famulatum
995 854 1403 917 elementorum,
1435 853 1578 925 quod
1608 854 1849 909 scanda-r

250 945 364 1000 lum
392 953 512 1001 erat
549 943 821 1011 Hebraeis;
864 944 1088 1000 abstulit
1122 954 1180 1000 et
1220 943 1421 1001 Judzeis
1464 957 1631 1013 opera
1676 943 1833 1014 legis,

252 1038 308 1094 id
330 1046 439 1104 est,
488 1038 832 1101 neomenias,
864 1038 1365 1102 circumcisionem,
1400 1044 1455 1092 et
1483 1051 1671 1091 curam
1714 1036 1840 1091 sab'

250 1130 382 1193 bati,
415 1138 472 1185 et
500 1129 859 1185 discretiones
884 1143 1135 1185 escarum
1162 1137 1219 1184 et
1260 1136 1454 1185 caatera
1484 1144 1606 1198 quae
1631 1125 1839 1183 abomi-
1864 1122 1871 1131 ’

154 1289 177 1303 .
250 1220 523 1275 nabantur
548 1219 807 1290 gentiles;
835 1230 891 1274 et
909 1220 989 1275 sic
1009 1219 1138 1276 facti
1159 1227 1286 1274 sunt
1311 1218 1547 1289 paciﬁci,
1566 1218 1659 1289 qui
1688 1217 1838 1289 prius

250 1312 473 1368 fuerant
513 1312 739 1368 inimici.
768 1311 828 1368 Si
853 1327 984 1384 ergo
1006 1315 1122 1370 haec
1144 1314 1218 1368 ita
1246 1329 1307 1370 se
1344 1312 1566 1378 habent,
1599 1313 1728 1384 quid
1756 1321 1841 1368 est

160 1420 168 1427 ·
250 1414 315 1459 ut
356 1403 577 1460 Galatia
608 1403 935 1460 hebetudine
968 1405 1170 1461 mentis
1209 1405 1496 1460 arbitrium
1540 1406 1685 1461 istud
1726 1419 1840 1461 cor-

253 1503 529 1565 rumpant,
559 1494 809 1549 conversi
849 1495 919 1551 ad
956 1494 1331 1552 Judaismum?
1371 1495 1642 1552 Judicium
1693 1497 1838 1551 enim

250 1586 561 1642 Salvatoris
593 1585 647 1643 in
678 1586 891 1642 irritum
944 1587 1177 1654 ducunt,
1219 1589 1436 1659 quando
1472 1597 1597 1659 post
1638 1587 1838 1644 factam

251 1692 464 1749 mecm,
491 1678 646 1747 quasi
689 1677 1016 1748 poenitentes
1054 1679 1122 1736 de
1173 1696 1257 1747 ea,
1288 1681 1581 1752 subjiciunt
1609 1696 1668 1737 se
1711 1682 1836 1744 illis.

1932 485 2026 553 qui
2059 498 2179 539 esse
2208 484 2383 539 dictus
2430 483 2606 539 fuerat
2640 486 2694 540 in
2734 486 3017 556 propheta,
3045 500 3109 540 ex
3146 501 3242 541 sua
3283 502 3513 558 persona

1932 575 2167 631 audebat
2195 574 2342 645 loqui
2372 593 2385 628 :
2414 574 2544 631 Haec
2580 576 2708 631 dicit
2738 576 2999 631 Dominus
3028 578 3371 648 omnipotens.
3404 578 3515 634 Μελ·-

1934 681 2061 721 num
2096 666 2429 732 mediatoris,
2462 667 2763 736 potentiam
2810 676 2867 722 et
2895 668 3151 722 virtutem
3195 666 3313 736 ejus
3354 669 3518 726 debe-

1934 772 2058 815 mus
2099 758 2350 828 accipere
2376 777 2388 812 :
2417 760 2508 829 qui
2535 775 2659 815 cum
2688 761 2984 815 secundum
3026 760 3215 827 Deum,
3251 777 3420 817 unum
3447 764 3521 819 sit

1936 850 2051 920 ipse
2073 864 2198 903 cum
2241 849 2423 915 Patre,
2453 849 2746 904 secundum
2774 850 3093 906 mediatoris
3118 850 3353 908 oﬁicium
3381 854 3523 910 alius
3612 838 3621 851 ’

1938 940 2095 994 abeo
2125 939 2463 1010 intelligitur.
2495 938 2630 1007 Quia
2660 954 2789 996 vero
2817 940 3065 997 lectionis
3088 943 3224 998 ordo
3262 945 3523 1002 confusus

1937 1039 2041 1094 est,
2070 1037 2125 1084 et
2152 1030 2452 1101 hyperbato
2499 1032 2867 1100 perturbatur,
2899 1033 2979 1089 sic
3016 1034 3170 1091 nobis
3212 1037 3524 1096 reddendus

1940 1118 2153 1174 videtur
2183 1137 2194 1171 :
2233 1118 2317 1174 lex
2348 1120 2523 1188 posita
2550 1129 2635 1175 est
2668 1135 2765 1191 per
2792 1122 3013 1192 angelos
3041 1123 3093 1177 in
3124 1139 3285 1180 manu
3317 1128 3526 1184 media-

1940 1210 2094 1273 toris,
2122 1218 2343 1280 propter
2373 1214 2831 1281 transgressiones
2855 1215 3104 1271 ordinata
3136 1231 3233 1287 per
3280 1219 3523 1288 angelos,

1941 1304 2113 1360 donec
2141 1304 2352 1359 veniret
2379 1319 2563 1360 semen
2597 1307 2686 1361 cui
2726 1309 3112 1378 repromissum
3153 1324 3290 1369 erat.
3323 1314 3523 1371 Semen

1941 1400 2121 1447 autem
2143 1393 2286 1467 haud
2311 1394 2533 1449 dubium
2560 1397 2688 1464 quin
2721 1396 2994 1454 Christum
3023 1403 3313 1471 signiﬁcet,
3340 1407 3432 1476 qui
3454 1423 3522 1463 ex

1944 1484 2175 1540 Hatthzei
2208 1501 2424 1556 quoque
2470 1487 2739 1559 principio
2784 1493 3165 1562 comprobatur
3209 1512 3330 1553 esse
3381 1498 3526 1555 ﬁlius

1941 1577 2234 1641 Abraham,
2273 1576 2551 1648 Scriptura
2597 1580 2865 1636 referente
2910 1601 2926 1637 :
2965 1583 3119 1639 Liber
3172 1589 3527 1657 generationis

1942 1665 2074 1721 Iesu
2100 1666 2298 1722 Christi
2320 1669 2418 1737 ﬁlii
2450 1668 2644 1735 David,
2691 1671 2790 1740 filii
2823 1672 3106 1729 Abraham.
3146 1676 3329 1749 (Aug)
3376 1679 3529 1736 Inve-

249 1785 379 1840 quz
416 1769 565 1839 prius
594 1769 711 1839 paci
741 1768 957 1825 fuerant
996 1770 1236 1827 inimica.
1259 1750 1422 1827 Juxta
1460 1788 1677 1829 sensum
1712 1788 1845 1844 ergo

1951 1760 2128 1815 nimus
2171 1760 2313 1815 inter
2338 1762 2468 1831 quid
2501 1772 2556 1818 et
2588 1764 2718 1834 quid
2770 1766 2842 1820 sit
2888 1765 3189 1834 mediator,
3240 1770 3356 1840 ipso
3384 1773 3526 1843 Λροο

254 1861 593 1926 Galatarum,
623 1861 873 1917 Christus
893 1862 1097 1918 arbiter
1124 1878 1233 1918 non
1268 1873 1373 1929 est,
1396 1865 1523 1935 quia
1558 1865 1760 1921 inducti
1789 1867 1843 1920 in

256 1952 375 2025 lege
421 1953 490 2008 de
531 1952 740 2008 duobus
781 1953 994 2024 populis
1048 1968 1212 2009 unum
1258 1952 1534 2023 fecerunt,
1584 1965 1642 2011 et
1682 1956 1845 2013 unius

253 2045 448 2115 utique
478 2043 659 2114 populi
693 2045 896 2100 arbiter
919 2060 1080 2100 nemo
1105 2054 1207 2100 est.
1238 2045 1394 2103 Hunc
1431 2048 1680 2103 eumdem
1718 2059 1846 2105 seu:

254 2150 379 2194 sum
407 2135 478 2193 ad
512 2134 773 2194 Enhesius
800 2137 1147 2217 prosequitur
1175 2136 1370 2198 dicens
1397 2157 1411 2192 :
1458 2136 1573 2219 Ipse
1601 2164 1676 2205 est
1706 2141 1845 2206 enim

255 2254 367 2309 pax
385 2249 586 2304 nostra,
608 2254 699 2310 qui
725 2238 848 2309 [ecu
876 2249 1100 2309 utraque
1124 2257 1310 2308 unum,
1348 2253 1397 2295 et
1416 2243 1645 2297 medium
1670 2244 1847 2315 parie-

258 2338 364 2385 tem
398 2333 640 2386 maceriae
684 2331 910 2397 solvens,
961 2334 1267 2389 inimicitias
1314 2336 1371 2389 in
1408 2352 1564 2389 carne
1596 2352 1693 2390 sua
1715 2354 1734 2403 ;
1775 2335 1848 2391 le-

255 2438 375 2493 gem
398 2421 772 2476 mandatorum
799 2423 1020 2479 decretis
1048 2441 1337 2491 evacuans,
1378 2436 1436 2480 ut
1474 2426 1605 2481 duos
1655 2427 1848 2481 condat

257 2512 321 2569 in
357 2514 631 2585 semetipso
659 2515 717 2569 in
752 2531 917 2570 unum
948 2531 1137 2578 novum
1181 2515 1464 2583 hominem,
1512 2517 1710 2587 faciens
1753 2534 1849 2588 pa-

258 2621 373 2660 cem
396 2604 613 2678 (Ephes.
638 2607 725 2678 ιι).
754 2606 811 2663 Si
840 2608 892 2663 in
927 2623 1036 2664 uno
1064 2624 1202 2663 novo
1242 2609 1460 2665 homine
1492 2608 1618 2665 fecit
1637 2625 1846 2680 pacem,

262 2696 529 2752 ambobus
573 2698 761 2768 utique
807 2698 1052 2765 abstulit,
1082 2714 1181 2768 per
1225 2699 1369 2769 quod
1412 2699 1762 2766 dissidebant,
1796 2710 1849 2756 et

262 2789 371 2844 hoc
405 2788 488 2845 eis
523 2790 712 2844 statuit
755 2790 882 2846 data
925 2805 1022 2846 sua
1073 2790 1208 2862 lege,
1238 2805 1338 2861 per
1375 2791 1517 2861 quod
1545 2800 1730 2846 essent
1756 2806 1854 2862 pa-

262 2879 455 2947 ciﬁci;
506 2881 611 2936 hoc
662 2879 867 2936 Galatia
923 2880 1272 2951 irruperunt,
1328 2879 1575 2934 conversi
1632 2880 1700 2934 ad
1760 2879 1853 2935 Ju-

263 2971 558 3027 daismum.
589 2970 732 3025 Deus
760 2979 935 3024 autem
963 2986 1100 3024 unus
1123 2979 1219 3025 est.
1265 2969 1377 3024 Hoc
1398 2968 1554 3035 dicit,
1598 2984 1665 3025 ne
1693 2968 1854 3024 Chri-

264 3074 411 3120 stum
450 3064 795 3136 praedicando
834 3064 1027 3129 Deum,
1067 3077 1228 3134 quem
1272 3062 1536 3117 arbitrum
1582 3063 1712 3118 dicit
1761 3063 1853 3118 uni

266 3154 413 3221 Deo,
444 3155 770 3225 praedicasse
801 3162 1087 3225 putaretur
1123 3160 1310 3208 contra
1340 3153 1511 3225 legem
1541 3162 1596 3209 et
1622 3155 1853 3225 prophe—

267 3258 375 3301 tas.
401 3245 681 3303 Arbitrum
725 3263 857 3319 ergo
884 3249 1029 3304 hunc
1071 3263 1170 3318 per
1209 3248 1634 3317 assumptionem
1673 3249 1854 3306 carnis

268 3337 501 3410 intelligi
532 3339 709 3405 docet,
755 3339 898 3395 sicut
942 3339 1074 3394 dicit
1114 3339 1184 3393 ad
1213 3338 1553 3394 Timotheum
1592 3358 1606 3393 :
1648 3339 1856 3396 Arbiter

266 3429 372 3484 Dei
412 3439 463 3484 et
488 3430 760 3484 hominum
801 3431 957 3485 homo
1000 3429 1241 3484 Christus
1287 3430 1441 3485 Iesus
1490 3429 1557 3503 (Ι
1599 3430 1736 3486 Tim.
1767 3430 1852 3504 ιι).

267 3517 436 3575 Juxta
464 3528 646 3576 autem
670 3522 814 3591 quod
854 3521 998 3577 Deus
1016 3530 1120 3586 est,
1150 3535 1181 3575 a
1205 3520 1368 3577 Patre
1398 3522 1541 3578 hunc
1568 3537 1674 3577 non
1702 3538 1855 3594 sepa-

271 3609 519 3674 rari,sed
542 3626 709 3667 unum
731 3626 989 3667 essecum
1010 3610 1170 3666 Patre
1192 3629 1207 3665 :
1235 3613 1349 3666 sive
1371 3612 1518 3666 enim
1541 3611 1720 3677 Pater,
1739 3613 1857 3668 sive

268 3700 447 3757 Filius
487 3700 631 3759 Deus
658 3718 799 3758 unus
840 3710 947 3758 est.
970 3701 1115 3757 Deus
1140 3701 1284 3757 enim
1312 3709 1521 3757 natura:
1546 3718 1744 3759 nomen
1774 3711 1859 3759 est

269 3798 331 3846 et
353 3791 658 3861 potestatis,
683 3806 847 3863 quam
876 3792 930 3846 in
956 3790 1118 3847 Patre
1140 3800 1197 3848 et
1224 3791 1363 3848 Filio
1384 3792 1713 3849 individuam
1737 3810 1848 3850 ma-

270 3899 409 3941 nere
421 3886 541 3956 ipsa
554 3887 829 3942 nominum
843 3887 982 3943 ratio
1001 3887 1176 3944 docet.
1192 3885 1465 3961 (Hieron)
1484 3888 1772 3960 Postquam
1789 3892 1859 3947 ob

270 3986 525 4034 nostram
542 3978 771 4035 salutem
798 3980 865 4035 de
887 3979 1115 4052 virginis
1141 3991 1298 4037 utero
1330 3980 1581 4051 dignatus
1605 3990 1689 4036 est
1708 3984 1858 4039 nasci

270 4070 548 4127 mediator
573 4071 668 4127 Dei
703 4081 761 4129 et
786 4074 1069 4130 hominum
1098 4074 1263 4131 homo
1290 4073 1539 4132 Christus
1564 4075 1741 4143 Jesus,
1774 4093 1860 4134 se-

268 4172 496 4233 quester
523 4171 607 4219 est
632 4165 841 4221 dictus:
873 4174 1163 4236 antequam
1189 4181 1320 4222 vero
1343 4167 1640 4223 humanum
1664 4183 1861 4240 corpus

270 4262 602 4320 assumeret,
633 4264 687 4309 et
712 4264 858 4311 esset
896 4257 1036 4326 apud
1064 4255 1280 4311 Patrem
1318 4257 1372 4311 in
1411 4257 1677 4330 principio
1719 4259 1861 4316 Deus

271 4343 525 4411 verbum,
560 4345 627 4400 ad
649 4360 840 4402 omnes
866 4355 1082 4403 sanctos
1112 4348 1181 4404 ad
1212 4364 1349 4418 quos
1374 4346 1547 4405 factus
1569 4358 1655 4407 est
1681 4366 1860 4406 sermo

272 4432 397 4499 Dei,
414 4432 600 4489 Enoch
618 4433 887 4502 videlicet,
905 4434 1038 4502 Noe,
1054 4436 1347 4505 Abraham,
1365 4439 1511 4495 Isaac
1529 4448 1585 4495 et
1601 4439 1787 4507 Iacob,
1804 4450 1861 4496 et

272 4532 469 4595 postea
498 4523 716 4596 Moysen
742 4532 801 4580 et
823 4533 1046 4581 cunctos
1073 4527 1385 4597 prophetas,
1417 4543 1554 4598 quos
1576 4527 1857 4600 Scriptura

274 4623 689 4680 commemorat,
716 4614 836 4669 sine
860 4616 1224 4672 additamento
1249 4617 1508 4681 hominis,
1545 4633 1704 4688 quem
1732 4634 1856 4674 nec-

273 4705 409 4761 dum
440 4715 833 4775 assumpserat,
866 4706 1130 4762 mediator
1174 4708 1544 4764 tantummodo
1574 4723 1856 4780 nuncupa-

276 4805 388 4851 tur.
430 4795 585 4863 Quod
620 4805 802 4853 autem
849 4799 927 4853 ait
964 4816 980 4852 :
1022 4796 1134 4853 Lea:
1176 4799 1420 4852 ordinata
1464 4816 1558 4870 per
1599 4800 1810 4871 angelos
1838 4816 1858 4855 :

272 4887 383 4942 hoc
412 4887 529 4941 vult
569 4887 817 4959 intelligi,
845 4889 986 4959 quod
1012 4889 1066 4943 in
1104 4889 1250 4944 omni
1284 4888 1462 4944 Veteri
1490 4890 1855 4957 Testamento,

271 4978 370 5032 ubi
400 4977 626 5049 angelus
660 4993 894 5048 primum
930 4980 1080 5035 visus
1118 4977 1373 5046 refertur,
1403 4989 1459 5034 et
1491 4991 1673 5051 postea
1700 4983 1856 5052 quasi

276 5069 427 5125 Deus
472 5068 699 5139 loquens
747 5072 1053 5138 inducitur,
1101 5072 1323 5144 angelus
1364 5073 1580 5142 quidem
1622 5089 1748 5129 vere
1788 5090 1857 5130 ex

271 5162 549 5217 ministris
590 5161 862 5232 pluribus,
890 5165 1197 5234 quicunque
1224 5165 1296 5219 sit
1318 5164 1486 5228 visus,
1531 5166 1627 5221 sed
1679 5166 1733 5220 in
1766 5165 1858 5221 illo

273 5253 550 5307 mediator
589 5253 841 5323 loquatur
871 5253 965 5324 qui
992 5253 1138 5309 dicat
1169 5272 1182 5308 :
1210 5253 1320 5325 Ego
1359 5270 1475 5307 sum
1515 5255 1656 5317 Deus
1684 5255 1855 5309 Abra-

274 5342 437 5407 ham,
479 5350 527 5395 et
558 5341 701 5396 Deus
733 5340 907 5407 Isaac,
935 5352 985 5396 et
1008 5342 1146 5396 Deus
1169 5343 1335 5397 Iacob
1370 5342 1575 5414 (Exod.
1610 5343 1715 5415 ιιι).
1748 5343 1858 5401 Nec

276 5430 483 5486 mirum
512 5431 559 5486 si
585 5432 729 5488 Deus
769 5431 1020 5502 loquatur
1057 5432 1113 5487 in
1156 5433 1380 5503 angelis,
1423 5449 1547 5489 cum
1572 5436 1736 5489 etiam
1765 5448 1860 5507 per

278 5524 507 5590 angelos
545 5524 638 5593 qui
684 5524 739 5578 in
777 5525 1087 5580 hominibus
1138 5534 1263 5580 sunt
1311 5525 1563 5595 loquatur
1614 5527 1757 5583 Deus
1806 5529 1860 5583 in

276 5614 589 5684 prophetis,
610 5615 824 5669 dicente
837 5614 1098 5671 Zacharia
1114 5630 1129 5669 :
1148 5613 1215 5669 Et
1236 5615 1309 5669 ait
1332 5616 1547 5685 angelus
1571 5616 1663 5687 qui
1686 5614 1862 5687 loque-

280 5702 445 5761 batur
465 5704 519 5759 in
546 5720 631 5759 me
660 5701 846 5779 (Zach.
872 5720 935 5771 ιι,
964 5718 1039 5772 Iv,
1058 5705 1145 5776 v);
1173 5720 1237 5761 ac
1259 5705 1513 5779 deinceps
1547 5704 1810 5764 intercute
1843 5725 1857 5760 :

1882 4485 1937 4547 D

1946 1850 2086 1906 stolo
2129 1851 2348 1908 dicente
2395 1871 2408 1908 :
2443 1853 2593 1909 Unus
2630 1857 2769 1910 enim
2813 1856 2979 1923 Deus,
3009 1876 3146 1915 unus
3181 1872 3229 1916 et
3268 1856 3529 1919 mediator

1945 1942 2044 1996 Dei
2069 1951 2116 1996 et
2145 1930 2410 1997 hominum
2438 1945 2592 1999 homo
2632 1945 2869 2001 Christus
2903 1947 3079 2003 Jesus.
3133 1952 3191 2007 Si
3231 1968 3338 2008 non
3380 1955 3530 2026 jace-

1945 2050 2055 2098 rcs,
2104 2035 2457 2091 mediatorem
2511 2039 2875 2093 necessarium
2928 2057 3036 2096 non
3087 2043 3346 2111 haberes;
3402 2035 3531 2119 quia

1944 2143 2076 2183 vero
2094 2127 2248 2202 jaces
2268 2137 2321 2183 et
2342 2144 2564 2208 surgere
2583 2145 2688 2189 non
2711 2139 2887 2208 poles.
2901 2146 3254 2199 mutuatorem
3271 2159 3532 2216 quonam-

1948 2229 2110 2285 modo
2138 2231 2279 2285 Deus
2317 2230 2413 2286 tibi
2446 2230 2689 2300 porrexit
2738 2229 3019 2287 brachium
3051 2249 3210 2289 suum
3246 2254 3259 2289 :
3300 2236 3383 2313 Et,
3411 2237 3536 2293 bra-

1949 2322 2120 2376 chium
2148 2322 2381 2389 Domini,
2406 2323 2493 2376 cui
2522 2322 2803 2379 revelatum
2828 2325 2943 2380 est?
2973 2325 3127 2397 (Isai.
3165 2326 3307 2400 LIII.)
3346 2329 3534 2389 Oritur

1949 2415 2176 2484 quaestio
2201 2414 2334 2468 satis
2362 2415 2688 2470 necessaria.
2734 2415 2790 2470 Si
2822 2417 2967 2471 enim
3000 2417 3133 2474 ﬁdes
3157 2420 3446 2490 justiﬁeat,
3476 2432 3534 2479 et

1948 2506 2158 2576 priores
2196 2494 2367 2562 sancti
2397 2507 2487 2576 qui
2529 2507 2669 2576 apud
2717 2507 2884 2562 Deum
2921 2506 3206 2586 iustiﬁcati
3258 2522 3406 2579 sunt,
3436 2530 3535 2585 per

1952 2598 2125 2667 ipsam
2162 2596 2444 2667 iustiﬁcati
2475 2608 2620 2662 sunt,
2668 2600 2795 2669 quid
2846 2616 2980 2670 opus
3022 2612 3141 2659 erat
3168 2603 3342 2677 legem
3391 2588 3530 2663 dari.

1952 2687 2124 2755 Quam
2169 2688 2522 2758 quaestionem
2572 2691 2906 2747 tractandam
2955 2694 3034 2748 sic
3083 2695 3265 2753 intulit
3308 2699 3536 2757 interro-

1954 2794 2085 2850 gans
2120 2786 2174 2833 et
2201 2778 2427 2835 dicens:
2461 2779 2602 2845 Quid
2641 2782 2803 2849 ergo?
2843 2780 3130 2855 Hucusque
3176 2788 3320 2843 enim
3369 2790 3539 2846 inter-

1954 2869 2162 2939 rogatio
2206 2877 2327 2925 est:
2371 2870 2563 2925 deinde
2607 2869 2839 2925 infertur
2868 2875 3180 2943 responsio,
3231 2875 3317 2932 lea:
3354 2888 3533 2935 trans-

1954 2961 2231 3033 gressionis
2253 2961 2425 3031 gratia
2449 2963 2715 3034 proposita
2756 2975 2853 3030 est,
2899 2965 3062 3019 donec
3088 2968 3313 3035 veniret,
3342 2970 3535 3041 inquit,

1959 3069 2133 3108 semen
2177 3053 2263 3106 cui
2288 3053 2601 3124 promissum
2630 3065 2725 3121 est,
2754 3056 3065 3127 dispositum
3102 3075 3196 3128 per
3243 3060 3454 3131 angelos
3480 3063 3540 3136 in

1955 3162 2115 3199 manu
2136 3145 2458 3201 mediatoris.
2484 3146 2748 3203 Mediator
2766 3159 2943 3204 autem
2965 3150 3120 3206 unius
3142 3168 3246 3206 non
3274 3163 3368 3216 est,
3392 3153 3539 3211 Deus

1955 3254 2071 3293 vero
2094 3254 2229 3292 unus
2253 3249 2346 3293 est.
2371 3237 2717 3296 Mediatorem
2739 3239 2924 3297 Jesum
2947 3241 3218 3298 Christum
3241 3230 3538 3302 secundum

1953 3330 2229 3384 hominem
2257 3327 2360 3384 dici
2390 3344 2456 3385 ex
2495 3328 2582 3385 illa
2613 3329 2855 3399 ejusdem
2897 3331 3137 3403 Apostoli
3169 3336 3435 3391 sententia
3482 3336 3543 3391 ﬁt

1954 3422 2169 3493 planius
2199 3438 2323 3477 cum
2352 3422 2429 3477 ait
2460 3441 2474 3477 ε
2510 3420 2656 3478 Unus
2683 3425 2820 3479 enim
2844 3424 3010 3491 Deus,
3033 3443 3168 3482 unus
3206 3437 3255 3482 et
3282 3428 3540 3485 mediator

1954 3512 2054 3568 Dei
2089 3522 2138 3569 et
2182 3514 2451 3568 hominum
2494 3515 2648 3568 homo
2689 3512 2929 3571 Christus
2970 3514 3150 3573 Iesus.
3185 3516 3236 3588 (Ι
3281 3518 3416 3573 Tim.
3450 3519 3537 3593 Ii.)

1956 3606 2218 3663 Mediator
2237 3622 2366 3678 ergo
2396 3607 2539 3662 inter
2572 3607 2739 3662 Deum
2770 3618 2826 3664 et
2858 3608 3024 3665 Deum
3050 3624 3170 3666 esse
3196 3628 3302 3667 non
3331 3621 3537 3681 posset,

1957 3699 2082 3771 quia
2114 3714 2252 3754 unus
2281 3707 2365 3753 est
2392 3699 2553 3754 Deus.
2583 3697 2847 3754 Mediator
2874 3711 3050 3755 autem
3086 3703 3244 3757 unius
3273 3721 3378 3760 non
3421 3716 3497 3760 est
3520 3748 3536 3769 ,

1957 3793 2082 3862 quia
2112 3792 2255 3848 inter
2272 3792 2482 3861 aliquos
2516 3790 2726 3847 medius
2749 3800 2851 3847 est.
2897 3793 3087 3863 Angeli
3115 3810 3279 3865 porro
3307 3798 3397 3866 qui
3430 3813 3540 3852 non

1956 3882 2092 3953 lapsi
2120 3891 2247 3937 sunt
2271 3897 2300 3937 a
2341 3891 2629 3952 conspectu
2660 3882 2752 3936 Dei
2771 3923 2785 3943 ,
2814 3883 3111 3940 mediatore
3152 3901 3256 3940 non
3280 3901 3416 3956 opus
3438 3888 3540 3942 ha-

1955 3974 2105 4037 bent,
2132 3987 2230 4043 per
2248 3988 2409 4043 quem
2438 3973 2873 4028 reconcilientur.
2899 3974 3029 4028 item
3053 3975 3226 4044 angeli
3249 3977 3365 4047 qui,
3391 3978 3539 4033 nullo

1958 4065 2238 4131 suadente,
2276 4072 2573 4133 spontanea
2600 4064 3043 4135 praevaricatione
3088 4068 3168 4121 sic
3209 4066 3343 4138 lapsi
3388 4078 3539 4133 sunt,

1956 4172 2074 4229 per.
2094 4156 2446 4212 mediatorem
2481 4173 2588 4213 non
2618 4157 3057 4217 reconciliantur.
3086 4159 3276 4216 Restat
3302 4179 3453 4235 ergo,
3480 4174 3543 4220 ut

1957 4248 2051 4320 qui
2102 4248 2396 4304 mediatore
2440 4249 2672 4320 superbo
2718 4249 2930 4305 diabolo
2975 4252 3281 4323 superbiam
3319 4271 3543 4326 persua-

1959 4341 2118 4397 dente
2138 4338 2382 4408 dejectus
2407 4349 2512 4407 est,
2548 4342 2846 4399 mediatore
2872 4344 3061 4400 humili
3099 4345 3336 4414 Christo,
3363 4349 3539 4407 humi-

1959 4434 2167 4491 litatem
2201 4432 2580 4503 persuadente,
2611 4434 2869 4507 erigatur.
2908 4434 3045 4507 Nam
3086 4438 3132 4492 si
3157 4438 3327 4495 Filius
3351 4440 3447 4496 Dei
3483 4442 3537 4496 in

1962 4522 2195 4579 naturali
2223 4524 2529 4594 :equalitate
2554 4523 2730 4581 Patris
2760 4541 2977 4582 manere
2997 4527 3181 4594 vellet,
3217 4546 3320 4587 nec
3361 4547 3421 4587 se
3445 4547 3542 4589 ex-

1962 4613 2216 4677 inaniret,
2240 4611 2468 4669 formam
2496 4602 2635 4671 serui
2663 4617 2954 4687 accipiens,
2968 4634 3076 4674 non
3106 4629 3253 4677 esset
3278 4624 3543 4681 mediator

1962 4702 2059 4758 Dei
2089 4703 2143 4757 et
2165 4703 2466 4771 hominum,
2494 4705 2619 4775 quia
2662 4705 2775 4775 ipsa
2822 4706 3057 4765 Trinitas
3099 4726 3238 4767 unus
3265 4711 3410 4768 Deus
3436 4723 3541 4781 est,

1960 4796 2152 4851 eadem
2207 4796 2263 4851 in
2298 4797 2493 4865 tribus,
2524 4797 2684 4854 Patre
2717 4808 2774 4853 et
2812 4798 2963 4863 Filio,
2993 4811 3050 4856 et
3101 4801 3303 4874 Spiritu
3328 4815 3541 4871 sancto,

1961 4887 2179 4943 deitatis
2204 4889 2508 4945 aeternitate
2537 4896 2593 4944 et
2618 4890 2928 4959 mqualitate
2968 4902 3279 4961 constante;
3319 4896 3401 4952 sic
3440 4898 3543 4953 ειδ-

1960 4994 2071 5050 que
2114 4980 2305 5034 unicus
2352 4979 2518 5035 Filius
2564 4980 2661 5034 Dei
2714 4982 2980 5038 mediator
3030 4984 3124 5040 Dei
3168 4995 3223 5041 et
3260 4988 3541 5046 hominum

1960 5067 2141 5124 factus
2163 5078 2268 5135 est,
2290 5084 2410 5125 cum
2440 5070 2666 5125 verbum
2686 5069 2798 5136 Dei,
2824 5072 2964 5129 Deus
2992 5076 3130 5146 apud
3153 5076 3544 5145 Deum,etma-

1944 5163 2207 5233 'jestatem
2237 5176 2389 5216 suam
2413 5177 2582 5231 usque
2606 5163 2672 5219 ad
2702 5163 2936 5220 humana
2956 5167 3221 5238 deposuit,
3244 5181 3298 5226 et
3324 5173 3543 5230 humili-

1963 5262 2131 5308 tatom
2146 5253 2437 5313 humanam
2454 5268 2624 5323 usque
2647 5254 2715 5310 ad
2726 5255 2906 5311 divina
2921 5258 3193 5326 subvexit,
3207 5270 3265 5317 ut
3280 5262 3547 5321 mediator

1966 5352 2115 5398 esset
2141 5343 2279 5397 inter
2304 5343 2473 5398 Deum
2500 5352 2554 5400 et
2583 5345 2848 5413 homines,
2891 5349 3053 5406 homo
3081 5365 3177 5421 per
3204 5351 3371 5409 Deum
3402 5353 3547 5410 ultra

1964 5431 2236 5487 homines.
2275 5431 2393 5502 Ipse
2419 5443 2504 5488 est
2548 5436 2693 5495 enim
2718 5438 3013 5508 .speciosus
3040 5438 3211 5497 forma
3263 5458 3375 5512 prae
3420 5442 3546 5498 ﬁliis

1966 5522 2271 5588 hominum,
2298 5532 2357 5577 ut
2377 5532 2572 5580 unctus
2593 5524 2712 5581 oleo
2733 5523 3107 5585 exsultationis
3132 5548 3242 5601 prie
3264 5534 3545 5603 participi-

1965 5613 2071 5668 bus
2100 5613 2212 5667 suis
2241 5612 2410 5685 (Psal.
2445 5616 2610 5688 XLIV).
2643 5616 2828 5675 Sanati
2853 5629 2982 5674 sunt
3011 5635 3141 5693 ergo
3173 5624 3241 5679 ab
3270 5625 3549 5695 impietate

1968 5706 2237 5776 superbia:
2299 5716 2357 5762 ut
2400 5709 2887 5769 reconciliarentur
2907 5712 3017 5767 Deo
3042 5715 3347 5787 quicunque
3374 5718 3550 5776 homi-

3406 260 3621 335 ευτ’
