4022 6338
501 353 622 406 503

1129 345 1189 398 Β.
1232 342 1476 398 RABANI
1517 340 1732 396 MAURI
1769 335 2083 392 ARCHIEP.
2124 332 2427 391 MOGUNT.
2470 331 2752 389 OPEBUM
2793 327 2971 385 PARS
3010 329 3074 383 Ill

3630 328 3738 386 504

505 481 599 518 nes
629 459 982 516 humilitatem
1031 459 1230 524 Christi
1262 469 1316 514 et
1351 474 1444 530 per
1485 456 1862 510 revelationem
1911 459 2060 505 ante-
2096 452 2142 508 A
2173 464 2437 506 memores
2464 450 2617 513 estis,
2648 449 2772 517 quia
2819 462 2916 502 vos
2945 445 3231 516 aliquando
3257 454 3442 517 gentes
3467 444 3521 501 in
3561 461 3744 514 carne,

503 567 662 622 quam
699 551 882 613 fieret,
925 553 979 602 et
1011 563 1105 616 per
1139 548 1483 618 Evangelium
1527 554 1875 615 posteaquam
1924 539 2066 594 facta

471 689 474 692 .
503 651 604 702 est.
632 638 896 693 credendo
923 637 1241 700 dilexerunt,
1281 635 1549 705 diligendo
1571 632 1760 687 imitati
1790 637 1932 685 sunt.
1963 629 2069 683 Sed

507 733 620 786 haec
651 728 858 799 justitia
894 727 1034 792 ﬁdei,
1061 728 1184 798 quia
1214 743 1318 780 non
1347 743 1442 796 pro
1483 725 1672 780 merito
1710 724 1834 777 data
1861 730 1947 776 est
1975 720 2071 774 ho-

508 821 759 884 minibus,
804 819 897 873 sed
937 834 1035 887 pro
1084 818 1450 872 misericordia
1503 826 1556 869 et
1588 815 1758 884 gratia
1801 813 1927 874 Dei,
1961 826 2068 864 non

505 918 622 964 erat
663 908 933 978 pepularis
981 915 1271 974 antequam
1317 907 1459 959 Deus
1507 903 1668 956 homo
1714 902 1853 954 inter
1901 899 2073 953 homi-

511 1018 606 1056 nes
655 1007 989 1054 nasceretur.
1033 997 1221 1051 Semen
1257 1005 1436 1049 autem
1468 996 1554 1048 cui
1600 994 1910 1064 promissum
1956 1001 2070 1056 est,

509 1090 761 1161 populum
778 1087 1062 1157 significat,
1085 1102 1190 1141 non
1217 1086 1334 1140 illos
1359 1085 1730 1155 paucissimos,
1743 1083 1834 1152 qui
1863 1082 2070 1137 revela-

512 1181 744 1236 tionibus
757 1195 874 1232 eam
897 1177 1129 1232 futuram
1147 1192 1341 1231 eernen
1351 1185 1448 1240 tes,
1463 1174 1708 1244 quamvis
1720 1189 1816 1243 per
1827 1176 2073 1227 eamdem

511 1271 670 1326 (idem
705 1270 837 1326 salvi
865 1268 1086 1332 fierent,
1116 1267 1368 1337 populum
1419 1275 1594 1320 tamen
1645 1264 1851 1318 salvum
1899 1262 2075 1316 facere

511 1379 618 1418 non
645 1368 912 1431 poterant.
957 1358 1057 1423 Qui
1085 1357 1309 1426 populus
1333 1370 1462 1409 sane
1486 1355 1531 1408 si
1561 1370 1660 1423 per
1691 1360 1861 1407 totum
1888 1351 2076 1405 orbem

512 1455 884 1509 consideretur
908 1450 1054 1520 (nam
1077 1449 1144 1504 de
1180 1457 1292 1504 toto
1330 1449 1460 1502 orbe
1489 1446 1784 1501 Ecclesiam
1824 1443 2079 1498 Hierusa-

512 1548 614 1599 lem
643 1545 913 1598 caelestem
952 1541 1292 1612 congregat),
1328 1540 1486 1611 pauci
1523 1548 1675 1603 sunt,
1715 1537 1838 1606 quia
1865 1537 1950 1590 via
1978 1551 2078 1588 an-

511 1646 667 1706 gusta
718 1649 1012 1704 paucorum
1059 1641 1174 1696 est,
1222 1632 1274 1686 in
1321 1647 1484 1685 unum
1535 1638 1714 1683 tamen
1772 1627 2077 1698 congregati

512 1733 774 1796 quotquot
792 1725 1022 1778 existere
1046 1730 1334 1792 potuerunt
1354 1736 1421 1778 ex
1452 1736 1557 1790 quo
1582 1719 1925 1789 Evangelium
1949 1733 2080 1788 prie

2174 540 2264 608 qui
2297 539 2534 592 dieimini
2555 538 2899 607 pratputium,
2929 537 2995 590 ab
3027 553 3089 591 ea
3134 552 3253 605 qua:
3284 537 3482 590 dicitur
3516 535 3749 592 circum-

2175 629 2308 682 cisio
2336 628 2388 682 in
2417 642 2579 682 carne
2628 626 2975 690 manufacta,
3007 627 3132 696 quia
3166 625 3331 680 eratis
3379 625 3473 680 illo
3505 636 3752 698 tenuiore

2175 720 2293 774 sine
2319 718 2550 783 Christo,
2581 719 2798 773 alienati
2841 735 2870 772 a
2900 719 3157 774 societate
3183 717 3368 783 Israel,
3397 728 3451 773 et
3481 721 3751 790 peregrini

2177 817 2639 872 testamentorum,
2695 808 3067 878 promissionis
3117 823 3264 878 spem
3315 824 3419 861 non
3469 810 3752 875 habentes,

2175 905 2230 952 et
2257 899 2373 952 sine
2400 897 2509 951 Deo
2534 898 2586 950 in
2601 898 2704 951 hoc
2733 898 2950 950 mundo.
2977 917 2995 949 ι
3024 896 3264 964 Denique
3289 896 3396 951 illic
3423 897 3666 953 infideles
3690 902 3760 954 de

2177 989 2315 1042 oliva
2342 1004 2437 1042 sua
2467 987 2643 1052 fracti,
2673 987 2762 1042 hic
2806 996 2984 1041 autem
3015 986 3198 1041 fideles
3219 986 3286 1040 de.
3316 985 3550 1042 oleastro
3579 988 3632 1042 in
3657 987 3758 1041 oli-

2175 1093 2299 1133 vam
2323 1077 2532 1130 illorum
2564 1077 2751 1131 inserti
2786 1091 2906 1131 esse
2949 1085 3340 1130 monstrantur.
3381 1076 3600 1130 Illorum
3628 1093 3761 1148 ergo

2177 1176 2296 1222 erat
2315 1167 2380 1222 de
2402 1165 2533 1236 legis
2555 1167 2980 1235 transgressione
3004 1166 3282 1221 atterenda
3315 1168 3584 1236 superbia,
3616 1170 3761 1224 sicut

2177 1259 2244 1312 ad
2267 1258 2538 1312 Romanos
2557 1272 2678 1310 cum
2707 1255 3105 1326 Scripturarum
3130 1256 3309 1311 verbis
3327 1268 3546 1327 peccata
3567 1254 3776 1314 eorum

2178 1355 2556 1418 exaggerasset
2586 1364 2598 1399 :
2625 1345 2782 1401 Scitis
2820 1357 3025 1410 autem,
3076 1347 3273 1416 inquit,
3328 1350 3573 1418 quoniam
3614 1367 3763 1418 qua:-

2179 1457 2379 1510 cuuque
2397 1440 2481 1492 lex
2501 1439 2651 1501 dicit,
2678 1439 2758 1492 his
2783 1439 2872 1509 qui
2893 1439 2947 1491 in
2973 1438 3082 1509 lege
3111 1449 3231 1493 sunt
3259 1440 3509 1510 loquitur,
3526 1451 3580 1494 ut
3608 1459 3762 1498 omne

2181 1545 2237 1582 os
2266 1529 2586 1592 obstruatur,
2625 1537 2673 1581 et
2712 1545 2830 1582 reus
2852 1528 2943 1596 ﬁat
2970 1529 3138 1582 omnis
3164 1529 3391 1583 mundus
3434 1531 3542 1583 Deo
3575 1529 3756 1601 (Rom.

2182 1618 2310 1688 tu);
2339 1615 2505 1672 Judaei
2550 1617 2758 1672 scilicet
2783 1618 2849 1673 de
2881 1621 3306 1688 transgressione
3335 1620 3469 1689 legis
3495 1629 3550 1674 et
3571 1632 3763 1691 gentes

2181 1710 2246 1764 de
2267 1709 2540 1779 impietate
2568 1709 2684 1763 sine
2707 1708 2821 1779 lege
2858 1726 2872 1762 :
2905 1708 3056 1764 Unde
3075 1719 3131 1764 et
3157 1710 3353 1764 iterum
3381 1711 3494 1765 ait:
3528 1710 3762 1766 Conclu-

513 1817 740 1879 dieatur,
769 1823 823 1868 et
868 1822 1129 1884 quotquot
1172 1819 1423 1883 poterunt
1469 1825 1640 1880 usque
1677 1810 1730 1863 in
1779 1808 1937 1862 finem
1983 1823 2081 1860 εω-
2111 1819 2156 1878 B
2182 1799 2248 1853 sit
2278 1798 2415 1852 enim
2444 1798 2586 1852 Deus
2637 1800 2817 1852 omnia
2849 1799 2905 1852 in
2948 1800 3384 1868 incredulitatem,
3423 1813 3479 1856 ut
3523 1804 3765 1858 omnibus

513 1907 618 1961 culi
667 1921 762 1974 per
814 1919 1001 1959 omnes
1044 1911 1259 1974 gentes,
1306 1901 1572 1970 adjunctis
1613 1899 1713 1954 sibi
1758 1899 1922 1952 etiam
1975 1896 2080 1951 illis

513 1998 758 2066 quamvis
803 1995 1164 2066 paucissimis,
1192 1996 1284 2063 qui
1328 2007 1391 2046 es
1433 1991 1536 2045 fide
1581 1979 1790 2043 Domitii
1817 2003 1914 2058 per
1955 2002 2082 2057 pro-

512 2089 748 2158 phetiam
791 2095 916 2141 ante
955 2085 1140 2139 ambos
1181 2084 1442 2139 adventus
1481 2082 1597 2151 ejus
1643 2079 1870 2133 salutem
1895 2079 2083 2146 gratia:

513 2186 887 2250 perceperunt,
936 2176 1156 2247 implent
1185 2183 1494 2230 sanctorum
1537 2171 1904 2226 beatissimum
1949 2167 2083 2222 civi-

514 2275 643 2327 tatis
691 2273 1032 2342 sempiternze
1080 2277 1298 2324 statum.
1331 2264 1676 2336 Superbienti
1718 2276 1848 2332 ergo
1891 2259 2086 2330 populo

515 2367 602 2420 lex
638 2365 812 2435 posita
861 2373 966 2426 est,
994 2370 1052 2415 ut
1079 2361 1330 2430 quoniam
1378 2359 1604 2429 gratiam
1651 2355 1952 2418 charitatis,
1980 2351 2085 2406 nisi

518 2455 848 2516 humiliatus,
878 2453 1120 2522 accipere
1161 2467 1265 2505 non
1293 2458 1493 2520 posset,
1525 2456 1580 2502 et
1613 2447 1728 2501 sine
1765 2446 1864 2499 hac
1915 2443 2086 2514 gratia

517 2542 666 2595 nullo
708 2541 865 2595 modo
894 2548 1155 2610 przecepta
1205 2539 1335 2610 tegis
1365 2537 1631 2607 impleret,
1665 2534 2089 2604 transgressione

517 2630 912 2692 bumiliaretur,
963 2637 1022 2682 ut
1055 2635 1320 2696 quzereret
1368 2627 1598 2697 gratiam
1653 2642 1666 2678 :
1725 2640 1825 2678 nec
1874 2638 1932 2678 se
1980 2623 2090 2678 suis

525 2721 732 2776 meritis
752 2720 955 2774 salvum
987 2719 1124 2783 fieri,
1148 2718 1288 2788 quod
1317 2718 1604 2786 superbum
1631 2723 1736 2778 est,
1759 2713 2087 2783 opinaretur,

525 2819 584 2864 ut
619 2820 763 2866 esset
791 2825 894 2864 non
943 2809 996 2862 in
1026 2824 1120 2862 sua
1151 2815 1418 2876 potestate
1444 2815 1498 2860 et
1521 2805 1730 2859 viribus
1771 2804 1968 2872 justus,
1998 2803 2091 2857 sed

521 2900 578 2954 in
620 2915 780 2953 manu
811 2899 1120 2952 mediatoris
1153 2896 1496 2966 justiﬁeantis
1527 2896 1769 2966 impium.
1801 2895 1903 2949 Per
1928 2911 2091 2965 ange-

521 2989 603 3042 los
635 2999 814 3042 autem
859 2989 1160 3043 ministrata
1201 2997 1283 3042 est
1316 2986 1490 3040 omnis
1535 2984 1859 3056 dispensatio
1888 2985 2094 3041 Veteris

523 3078 854 3134 Testamenti
879 3086 1068 3148 agente
1089 3077 1143 3130 in
1169 3077 1247 3131 eis
1270 3075 1474 3146 Spiritu
1497 3084 1702 3140 sancto,
1719 3085 1774 3128 et
1800 3076 1912 3144 ipso
1932 3076 2094 3128 verbo

525 3171 774 3226 veritatis
809 3170 1044 3225 nondum
1085 3169 1386 3232 incarnato,
1411 3169 1503 3223 sed
1531 3183 1801 3236 nunquam
1829 3166 1896 3219 ab
1916 3165 2092 3234 aliqua
2122 3185 2166 3245 ο

526 3260 762 3315 veridica
792 3258 1253 3312 administratione
1273 3258 1558 3312 recedente
1577 3275 1590 3309 :
1607 3256 1731 3326 quia
1757 3270 1853 3324 per
1875 3254 2092 3324 angelos

527 3349 781 3418 disposita
825 3356 907 3400 est
943 3346 1031 3400 illa
1062 3346 1390 3414 dispensatio
1425 3345 1588 3416 legis,
1642 3359 1764 3400 cum
1809 3343 2095 3412 aliquando

527 3455 702 3504 suam,
742 3437 1026 3507 aliquando
1065 3435 1158 3489 Dei
1189 3451 1503 3505 personam,
1530 3436 1671 3489 sicut
1711 3435 2096 3504 prophetarum

531 3532 695 3585 etiam
735 3544 850 3584 mos
869 3537 971 3592 est,
1005 3537 1244 3599 agerent,
1274 3542 1477 3597 perque
1506 3527 1652 3581 illam
1679 3527 1852 3596 legem
1882 3526 2097 3580 morbos

530 3621 923 3682 ostendentem,
942 3633 1050 3672 non
1081 3617 1432 3681 auferentem,
1454 3617 1614 3670 etiam
1637 3615 2098 3685 praevaricationis

529 3710 1001 3766 criminecontrita
1017 3717 1101 3764 est
1120 3707 1389 3782 superbia;
1407 3707 1722 3778 dispositum
1739 3715 1822 3760 est
1833 3721 1930 3776 per
1943 3720 2100 3776 ange-

530 3803 732 3868 los,sed
748 3802 799 3855 in
816 3817 974 3857 manu
991 3801 1323 3862 mediatoris,
1336 3809 1395 3854 ut
1408 3800 1519 3869 ipse
1531 3799 1784 3854 liberaret
1796 3815 1825 3853 a
1841 3801 2096 3869 peccatis,

526 3893 637 3962 jam
664 3908 760 3964 per
785 3892 1262 3963 transgressionem
1284 3890 1414 3962 legis
1439 3897 1655 3945 coactos
1683 3889 1948 3953 conﬁteri,
1965 3905 2100 3960 Opus

530 3986 633 4041 sibi
679 4000 799 4040 esse
823 3985 1048 4055 gratiam
1089 3990 1144 4038 et
1186 3982 1609 4037 misericordiam
1646 3981 1881 4047 Domini,
1910 3990 1968 4036 ut
1996 3982 2100 4036 sibi

527 4083 751 4145 peccata
767 4075 1182 4138 dimitterentur,
1198 4081 1254 4127 et
1273 4073 1325 4126 in
1345 4087 1480 4127 nova
1504 4073 1612 4126 vita
1637 4087 1733 4142 per
1747 4088 1869 4127 eum
1887 4072 1978 4141 qui
2003 4086 2101 4142 pro

531 4182 591 4221 se
615 4166 925 4236 sanguinem
952 4163 1195 4227 fudisset,
1228 4163 1708 4217 reconciliarentur
1737 4161 1866 4216 Deo.
1893 4161 1948 4215 ln
1979 4162 2100 4218 istis

523 4257 675 4312 enim
726 4263 845 4308 erat
885 4268 979 4322 per
1029 4253 1513 4321 transgressionem
1547 4251 1680 4322 legis
1719 4251 2101 4322 confringenda

534 4343 801 4413 superbia,
835 4342 924 4411 qui
957 4340 1248 4411 gloriantes
1296 4341 1362 4396 de
1413 4350 1564 4410 patre
1612 4343 1905 4406 Abraham,
1945 4343 2101 4412 quasi

534 4430 836 4487 naturalem
881 4445 938 4485 se
959 4429 1235 4500 jactabant
1278 4430 1474 4484 habere
1499 4431 1797 4501 justitiam,
1825 4441 1880 4486 et
1907 4434 2099 4488 merita

2181 1891 2487 1944 misereatur
2511 1905 2530 1943 :
2561 1890 2667 1944 hoc
2696 1898 2751 1944 et
2776 1904 2921 1944 nunc
2941 1889 3099 1956 dicit,
3134 1890 3396 1946 refrieans
3421 1893 3590 1962 ipsam
3617 1910 3768 1962 quaa-

2182 1981 2430 2036 stionem.
2480 1980 2588 2034 Lex
2621 1997 2742 2050 ergo
2799 1981 3048 2035 adversus
3103 1983 3362 2051 promissa
3415 1984 3558 2037 Dei?
3590 1985 3765 2038 Absit.

2185 2070 2418 2144 (Ambr.)
2452 2071 2605 2126 Absit
2633 2071 2818 2140 utique
2865 2071 2989 2140 quia
3021 2086 3126 2126 non
3164 2082 3245 2127 est
3275 2073 3359 2126 lex
3399 2074 3614 2128 inimica
3639 2089 3768 2144 pro—

2185 2163 2488 2228 missionis,
2533 2163 2728 2233 quippe
2757 2177 2880 2217 cum
2909 2162 3194 2217 confirmet
3217 2178 3374 2229 eam;
3404 2179 3526 2217 nam
3555 2165 3771 2234 primus

2188 2256 2395 2327 Moyses
2439 2255 2574 2309 dixit
2606 2274 2614 2305 :
2646 2252 2965 2325 Prophetam
3008 2255 3279 2308 suseitabit
3326 2255 3469 2309 vobis
3516 2255 3655 2310 Deus
3700 2257 3771 2311 de

2191 2347 2440 2414 fratribus
2461 2346 2640 2400 vestris
2662 2344 2839 2416 (Deut.
2865 2346 3042 2413 xviii).
3082 2344 3197 2400 Hoc
3229 2345 3294 2400 de
3320 2344 3532 2401 Christo
3560 2348 3770 2403 dictum

2189 2436 2380 2491 Petrus
2419 2434 2691 2505 apostolus
2720 2435 2910 2504 probat
2950 2436 3004 2488 in
3039 2435 3191 2490 Actis
3215 2434 3580 2503 apostolorum
3625 2436 3770 2506 (Act.

2192 2522 2308 2595 tu):
2342 2521 2399 2578 Si
2429 2524 2565 2577 enim
2592 2523 2716 2576 data
2739 2533 2866 2577 esset
2900 2523 2986 2577 lex
3008 2539 3124 2593 qua:
3151 2533 3318 2593 posset
3344 2524 3626 2592 viviﬁcare,
3654 2542 3776 2580 rere

2192 2633 2256 2670 ea:
2283 2616 2392 2687 lege
2414 2625 2545 2670 esset
2565 2615 2794 2684 justitia.
2833 2614 3104 2670 Justitiam
3132 2616 3271 2670 hanc
3302 2616 3451 2680 dicit,
3487 2631 3607 2685 quae
3628 2617 3774 2686 apud

2193 2706 2360 2761 Deum
2383 2706 2674 2776 imputatur
2688 2705 2914 2774 justitia,
2948 2706 2999 2760 id
3025 2715 3109 2760 est
3129 2706 3275 2773 fidei,
3314 2707 3438 2778 quia
3462 2717 3518 2762 et
3555 2708 3640 2762 lex
3674 2709 3775 2762 lia-

2193 2798 2311 2851 buit
2323 2795 2624 2865 justitiam,
2654 2796 2746 2851 sed
2774 2797 2839 2850 ad
2865 2811 3121 2866 praesens,
3160 2811 3266 2852 non
3298 2813 3415 2866 quae
3448 2797 3777 2866 justiticaret

2195 2889 2335 2958 apud
2367 2890 2533 2944 Deum
2565 2907 2578 2943 :
2604 2890 2878 2943 remittere
2905 2890 3048 2944 enim
3079 2899 3298 2959 peccata
3333 2906 3442 2945 non
3488 2893 3682 2960 potuit,
3713 2900 3776 2946 ut

2197 2982 2263 3036 de
2297 2981 2669 3052 peccatoribus
2705 2979 2908 3036 faceret
2928 2981 3104 3050 justos
3127 2999 3140 3036 :
3160 2982 3253 3036 sed
3278 2983 3346 3036 ad
3381 2983 3482 3036 hoc
3508 2982 3635 3036 data
3664 2989 3775 3046 est.

2197 3083 2259 3128 ut
2284 3073 2476 3128 terrori
2505 3081 2665 3135 esset,
2683 3088 2984 3142 provocans
3013 3072 3260 3128 homines
3278 3073 3344 3128 ad
3369 3073 3562 3128 bonam
3582 3074 3775 3139 vitam,

2199 3163 2554 3216 irreverentes
2579 3163 2824 3231 puniens,
2858 3163 3087 3232 ideoque
3111 3179 3218 3218 non
3257 3171 3340 3218 est
3365 3163 3489 3218 data
3515 3163 3624 3229 lex,
3653 3181 3779 3235 quae

2197 3261 2379 3322 posset
2403 3252 2690 3317 vivificare,
2720 3255 2812 3308 sed
2835 3255 3212 3310 condemnare.

2271 3363 2373 3420 Sed
2400 3364 2648 3419 conclusit
2670 3364 2941 3433 Scriptura
2972 3369 3149 3421 omnia
3185 3365 3280 3421 sub
3300 3377 3531 3438 peccato,
3560 3377 3619 3421 ut
3651 3385 3780 3438 pro-

2200 3454 2379 3507 missio
2404 3470 2468 3508 επ
2489 3454 2592 3523 ﬁde
2619 3454 2747 3508 Jesu
2774 3453 2970 3508 Christi
3009 3455 3224 3510 daretur
3249 3456 3591 3511 credentibus.
3622 3457 3778 3513 Hunc

2201 3559 2418 3598 sensum
2461 3553 2516 3598 et
2567 3545 2632 3598 ad
2679 3543 2949 3600 Romanos
2995 3546 3176 3614 posuit
3226 3545 3412 3600 dicens
3453 3564 3466 3599 :
3505 3545 3779 3600 Conclusit

2203 3636 2342 3690 Deus
2391 3637 2567 3690 omnia
2615 3637 2698 3690 sul
2759 3648 3002 3701 peccato,
3065 3647 3120 3691 ut
3168 3640 3400 3692 omnium
3464 3640 3784 3692 misereatur

2204 3725 2391 3798 (Rom.
2439 3727 2550 3797 ιιι).
2580 3727 2692 3782 Hoc
2739 3728 2875 3782 dixit
2920 3729 3061 3798 quod
3109 3745 3268 3799 supra
3301 3730 3619 3792 memoravi,
3648 3732 3780 3798 quia

2203 3817 2288 3872 lex
2322 3817 2389 3870 ad
2418 3817 2520 3871 hoc
2573 3817 2698 3871 data
2738 3827 2843 3882 est,
2874 3828 2928 3872 ut
2970 3828 3284 3888 peceatores
3321 3835 3444 3874 reos
3473 3835 3533 3874 se
3573 3821 3781 3875 scirent

2203 3913 2344 3982 apud
2372 3912 2558 3966 Deum.
2586 3911 2936 3968 Manifestatis
2961 3913 3104 3967 enim
3129 3912 3362 3982 peccatis
3385 3913 3496 3968 suis
3534 3913 3779 3968 conclusi

2203 4011 2349 4067 sunt,
2380 4011 2439 4057 ut
2467 4017 2526 4057 se
2553 4017 2812 4058 excusare
2834 4017 2939 4056 non
2970 4012 3213 4073 possent,
3240 4003 3331 4057 sed
3359 4016 3660 4072 quaererent
3682 4005 3782 4058 mi-

2203 4093 2578 4158 sericordiam,
2609 4102 2669 4147 ut
2691 4094 2913 4148 veniens
2951 4095 3044 4164 qui
3073 4096 3368 4165 promissus
3404 4095 3578 4149 fuerat
3604 4095 3782 4149 Abra-

2205 4185 2320 4249 hze,
2378 4183 2538 4238 ﬁdem
2578 4182 2746 4237 solam
2798 4183 2868 4238 ab
2914 4187 2993 4238 eis
3041 4193 3322 4254 posceret,
3373 4200 3536 4255 quam
3590 4185 3783 4239 habuit

2204 4273 2496 4340 Abraham,
2544 4272 2888 4355 utmalorum
2930 4289 3152 4329 suorum
3178 4275 3390 4328 veniam
3433 4283 3490 4328 et
3511 4273 3784 4342 iustiﬁca-

2207 4365 2407 4420 tionem
2447 4373 2804 4419 mererentur.
2834 4363 2946 4419 Hoc
2981 4364 3124 4418 enim
3171 4363 3607 4419 manifestaverat
3637 4365 3784 4421 Deus

2203 4470 2302 4525 per
2333 4455 2522 4509 Isaiam
2566 4455 2880 4524 prophetam
2928 4455 3115 4510 dicens
3150 4470 3165 4509 :
3213 4455 3390 4509 Veniet
3432 4471 3496 4509 ex
3529 4455 3662 4510 Sion
3689 4457 3784 4526 qui

533 4542 630 4582 sua
678 4527 731 4580 in
781 4524 1189 4580 circumcisione
1243 4525 1451 4579 czeteris
1495 4525 1740 4595 gentibus
1787 4533 1936 4580 tanto
1983 4542 2092 4596 per-

2207 4524 2392 4612 eripiat
2416 4553 2463 4598 et
2493 4552 2688 4597 avertat
2717 4543 3028 4611 impietatem
3071 4561 3102 4597 a
3129 4543 3295 4598 Jacob
3315 4585 3330 4608 ,
3359 4554 3406 4598 et
3433 4545 3530 4597 hoc
3557 4546 3655 4597 erit
3675 4524 3784 4600 illis

535 4617 796 4671 niciosius
821 4623 1022 4684 quanto
1044 4614 1383 4684 arrogantius
1403 4614 1788 4683 praiferebant;
1811 4625 1996 4685 gentes
2016 4631 2110 4669 au-

538 4715 645 4761 tem
674 4706 925 4760 facillime
951 4705 1116 4760 etiam
1156 4705 1272 4758 sine
1302 4701 1603 4772 hujusmodi
1635 4705 1767 4776 legis
1805 4717 2106 4778 transgres-

537 4798 692 4851 sione
722 4795 1130 4850 liumiliarentur
1162 4812 1174 4847 :
1207 4793 1450 4848 homines
1493 4796 1634 4848 enim
1687 4796 1883 4850 nullam
1912 4813 1978 4850 ex
2013 4813 2106 4868 pa-

538 4887 781 4941 rentibus
826 4885 1089 4953 originem
1131 4885 1352 4954 justitize
1388 4898 1446 4938 se
1498 4885 1711 4938 trahere
1747 4885 2103 4953 przevidentes

539 4975 948 5029 simulacrorum
975 4974 1139 5028 etiam
1170 4989 1354 5028 servos
1403 4973 1608 5028 invenit
1637 4974 1954 5044 Evangelica
1981 4991 2105 5046 gra-

540 5050 635 5122 tia.
681 5065 794 5121 Non
822 5069 962 5121 enim
995 5068 1131 5122 sicut
1161 5067 1276 5121 istis
1303 5067 1404 5121 dici
1439 5073 1668 5136 poterat,
1700 5081 1805 5118 non
1849 5066 2014 5120 fuisse
2045 5068 2107 5120 il-

541 5161 648 5215 lam
672 5160 938 5229 justitiam
981 5168 1265 5229 parentum
1316 5175 1500 5214 eorum
1555 5157 1610 5210 in
1660 5156 1897 5211 colendis
1928 5157 2103 5224 idolis,

528 5273 702 5328 quam
718 5273 836 5312 esse
856 5259 1283 5311 arbitrabantur:
1303 5257 1375 5310 ita
1392 5257 1551 5310 etiam
1564 5254 1761 5310 Iudaeis
1777 5256 1878 5310 dici
1896 5267 2106 5326 poterat

525 5347 730 5402 ‘falsain
761 5347 926 5402 fuisse
947 5347 1214 5416 justitiam
1245 5346 1417 5414 patris
1456 5344 1728 5399 Abraham
1757 5360 1771 5397 :
1797 5345 1977 5415 itaque
2001 5346 2106 5402 illis

510 5437 774 5493 dicitur:
806 5435 990 5490 Facite
1034 5453 1154 5504 ergo
1182 5435 1407 5503 fructum
1442 5433 1654 5504 dignum
1684 5435 2028 5503 paenitentiaz,
2056 5445 2106 5488 et

531 5545 608 5584 ne
632 5530 868 5583 dixeritis
895 5529 1059 5592 vobis,
1093 5525 1304 5578 Patrem
1332 5525 1576 5578 habemus
1600 5525 1896 5578 Abraham:
1927 5536 2106 5594 potens

545 5632 620 5676 est
641 5624 775 5675 enim
798 5623 937 5675 Deus
989 5623 1045 5673 ἰε
1071 5620 1330 5688 lapidibus
1357 5621 1468 5674 istis
1503 5623 1754 5674 suscitare
1773 5621 1912 5689 ﬁlios
1940 5621 2108 5674 Abra-

532 5713 666 5764 ‘ham
686 5709 898 5764 (Matth.
927 5709 1029 5777 nt).
1052 5708 1172 5762 Istis
1208 5710 1598 5780 autemudicitur
1623 5728 1635 5762 :
1676 5729 1693 5760 ι
1713 5708 1938 5779 Propter
1962 5709 2104 5778 quod

2209 4653 2242 4688 a
2294 4651 2374 4688 me
2425 4643 2822 4698 testamentum,
2875 4649 2991 4686 cum
3029 4633 3293 4688 abstulero
3339 4644 3550 4706 peccata
3597 4652 3782 4690 eorum

2209 4723 2356 4796 (Isa.
2403 4722 2551 4792 ιιι).
2607 4721 2818 4794 [Aug.]
2869 4722 3092 4788 Quando
3141 4725 3294 4779 audis
3344 4726 3782 4796 promissionem,

2207 4822 2457 4884 exspecta
2491 4813 2767 4868 factorem.
2799 4813 2991 4867 Idonea
3033 4810 3135 4866 fuit
3183 4814 3414 4868 humana
3457 4824 3647 4872 natura
3685 4831 3786 4885 per

2204 4904 2432 4958 liberum
2481 4903 2761 4957 arbitrium
2822 4901 3107 4957 vulnerare
3155 4919 3254 4968 se,
3297 4905 3390 4959 sed
3436 4903 3550 4971 jam
3592 4905 3786 4959 vulne-

2207 5003 2324 5048 rata
2368 5002 2421 5048 ct
2470 4994 2735 5056 sauciata,
2790 5008 2896 5047 non
2935 5003 3019 5048 est
3068 4994 3258 5049 idonea
3304 5011 3399 5065 per
3425 4997 3653 5051 liberum
3691 5013 3783 5050 ar-

2205 5083 2422 5137 bitrium
2470 5097 2662 5136 sanare
2717 5097 2793 5136 se.
2843 5082 2988 5136 Dona
3035 5091 3120 5136 est
3174 5082 3259 5136 lex
3315 5083 3361 5137 si
3415 5084 3537 5152 quis
3592 5098 3656 5138 ea
3705 5084 3784 5136 le-

2207 5173 2392 5242 gitime
2448 5179 2649 5225 utatur.
2701 5170 2840 5237 Quid
2890 5181 2975 5226 est
3020 5187 3149 5243 ergo
3195 5171 3431 5244 legitime
3486 5174 3563 5227 uti
3617 5173 3786 5243 lege?

2207 5261 2312 5316 Per
2332 5261 2501 5331 legem
2543 5276 2834 5330 agnoscere
2875 5263 3121 5316 morbum
3163 5278 3340 5325 suum,
3369 5271 3424 5316 et
3444 5279 3687 5331 quaerere
3712 5263 3782 5316 ad

2207 5347 2491 5402 sanitatem
2521 5347 2758 5402 divinum
2790 5348 3111 5417 adjutorium
3143 5369 3156 5402 :
3185 5350 3311 5419 quia
3347 5351 3488 5405 sicut
3521 5351 3632 5404 disi
3664 5369 3677 5404 :
3719 5351 3779 5406 Si

2207 5439 2331 5494 data
2352 5445 2498 5491 esset
2522 5437 2627 5502 lex,
2655 5453 2774 5505 quae
2792 5448 2973 5508 posset
2999 5439 3296 5504 vivificare,
3317 5441 3538 5496 omnino
3566 5457 3632 5497 ex
3662 5441 3784 5512 lege

2205 5537 2347 5584 esset
2380 5527 2608 5596 justitia,
2639 5544 2736 5583 nec
2763 5540 3094 5598 quasreretur
3124 5531 3389 5596 Salvator,
3430 5547 3526 5587 nec
3570 5534 3784 5588 veniret

2204 5619 2470 5684 Christus,
2492 5635 2590 5676 nec
2619 5635 2878 5690 sanguine
2905 5636 3002 5676 suo
3023 5637 3179 5677 ovem
3204 5624 3466 5692 perditam
3486 5635 3778 5694 quaereret.

2210 5707 2300 5763 Sic
2323 5709 2452 5763 dicit
2473 5710 2579 5763 alio
2603 5710 2719 5764 loco
2749 5710 2888 5763 idem
2915 5710 3231 5779 Apostolus:
3259 5713 3399 5767 Nam
3429 5715 3473 5767 si
3501 5731 3592 5782 per
3615 5712 3784 5782 legem
