4022 6338
266 393 373 456 305

753 396 1302 458 ENARRATIONUM
1329 369 1411 457 ἸΝ
1447 400 1597 458 ΕΡΡ.
1638 398 1845 460 PAULI
1880 401 2007 462 LIB.
2049 401 2166 462 XV.
2203 434 2274 445 —
2305 401 2374 459 IN
2410 398 2627 457 EPIST.
2669 399 2761 455 AD
2793 374 3051 456 GALAT.

3422 397 3527 455 306

254 512 504 586 gustitta,
551 527 675 583 ergo
699 509 938 569 Christus
975 514 1140 585 gratis
1188 525 1427 572 mortuus
1455 526 1531 571 est
1561 515 1706 588 (Gal.
1743 516 1837 591 ιι).
1870 523 1920 582 Α
1946 520 2032 575 nis
2055 519 2311 576 adferret.
2344 519 2454 577 Nec
2479 531 2610 574 vero
2636 514 3011 572 aestimandum
3035 514 3392 586 Scripturam,
3427 533 3527 572 an-

261 600 385 659 Non
420 615 553 673 ergo
593 601 679 657 lex
700 602 826 658 data
853 611 956 669 est,
979 611 1039 659 ut
1077 613 1359 675 peccatum
1386 604 1647 673 auferret,
1667 608 1763 663 sed
1789 617 1849 662 ut

260 692 365 751 sub
388 701 614 764 peccato
641 696 821 751 omnia
865 695 1212 753 concluderet
1252 714 1265 751 :
1304 698 1391 754 lex
1418 699 1561 754 enim
1596 699 1849 756 ostende-

260 784 358 841 bat
379 801 503 842 esse
527 795 828 857 peccatum,
854 789 998 859 quod
1022 788 1098 843 illi
1127 804 1225 859 per
1253 791 1699 847 consuetudinem
1739 807 1847 847 ca:-

259 876 393 941 cati,
417 884 639 947 possent
665 884 857 947 putare
895 875 1161 947 justitiam
1182 918 1199 944 ,
1232 888 1291 934 ut
1320 880 1422 935 hoc
1467 880 1627 935 modo
1672 879 1849 935 humi-

259 963 378 1020 liati
421 975 827 1037 c0gnoscerent,
870 982 977 1021 non
1024 967 1079 1022 in
1118 984 1216 1023 sua
1260 983 1422 1025 manu
1462 983 1582 1025 esse
1616 969 1845 1025 salutem

257 1072 440 1124 suam,
461 1058 557 1114 sed
582 1057 637 1113 in
666 1074 829 1113 manu
863 1059 1207 1127 mediatoris;
1242 1061 1479 1116 maxime
1518 1062 1718 1132 quippe
1747 1062 1848 1116 hu~

257 1149 466 1206 militas
505 1158 741 1216 revocat,
772 1151 917 1207 unde
959 1167 1057 1207 nos
1097 1151 1296 1222 dejecit
1324 1153 1576 1225 superbia
1606 1172 1620 1209 :
1646 1163 1703 1210 et
1731 1153 1847 1224 ipsa

254 1238 541 1295 humilitas
557 1249 643 1296 est
664 1242 1068 1296 accommodata
1094 1243 1454 1315 percipienda:
1481 1243 1669 1315 gratiae
1691 1242 1848 1299 Chri-

253 1329 355 1395 sti,
400 1329 493 1399 qui
544 1330 816 1400 singulare
872 1331 1192 1388 humilitatis
1248 1332 1551 1404 exemplum
1601 1341 1706 1389 est.
1737 1331 1847 1388 Nec

252 1418 548 1488 quisquam
582 1420 673 1475 hic
720 1428 833 1475 tam
866 1420 1117 1492 imperite
1149 1421 1382 1488 dixerit,
1426 1419 1538 1477 Cur
1576 1435 1707 1493 ergo
1736 1436 1845 1477 non

252 1506 467 1580 profuit
493 1507 693 1565 Judteis
711 1510 854 1582 quod
876 1525 976 1581 per
1006 1510 1230 1582 angelos
1264 1511 1438 1584 legem
1471 1512 1846 1567 ministrantes

253 1598 315 1655 in
350 1613 516 1654 manu
569 1601 885 1657 mediatoris
931 1602 1177 1674 dispositi
1226 1603 1391 1658 sunt?
1442 1601 1653 1659 Profuit
1699 1602 1846 1658 enim

253 1700 525 1763 quantum
553 1693 659 1749 dici
700 1707 809 1748 non
852 1702 1030 1765 potest
1062 1711 1077 1749 :
1108 1709 1230 1764 quae
1274 1694 1421 1750 enim
1457 1694 1697 1767 gentium
1744 1692 1865 1748 Ec—‘

253 1783 440 1840 desim
466 1784 807 1841 venditarum
837 1801 1018 1842 rerum
1067 1798 1291 1842 suarum
1338 1788 1515 1859 pretia
1561 1786 1630 1844 ad
1678 1786 1844 1858 pedes

1946 619 2148 667 ctorem
2178 626 2298 668 esse
2319 609 2550 681 peccati,
2574 607 2701 679 quia
2727 606 2907 663 omnia
2932 607 3043 664 sub
3059 614 3284 677 peccato
3308 609 3526 664 conclu-

1946 701 2080 756 sisse
2106 701 2335 766 dic-ater,
2361 715 2484 756 cum
2511 699 2822 756 mandatum
2853 700 2997 770 quod
3026 714 3095 753 ex
3135 697 3259 767 jure
3282 699 3527 772 praecipi-

1947 798 2056 855 tur,
2083 790 2332 845 ostendat
2371 790 2547 860 potius
2582 797 2879 859 arguatque
2912 796 3214 857 peceatum,
3248 803 3410 858 quam
3454 790 3528 844 sit

1945 894 2107 934 causa
2155 879 2392 950 peccati;
2437 875 2707 947 quomodo
2747 886 2805 945 et
2851 874 3026 931 Judex
3068 890 3174 931 non
3218 886 3303 932 est
3341 886 3530 934 auctor

1945 969 2167 1025 sceleris
2204 984 2436 1040 nequam
2481 968 2727 1023 homines
2781 966 3109 1022 vinciendo:
3156 966 3252 1021 sed
3306 967 3529 1022 conclu-

1945 1059 2025 1115 dit
2081 1074 2215 1124 eos,
2278 1068 2332 1115 ct
2400 1068 2656 1115 nocentes
2704 1059 2988 1114 sententiae
3039 1074 3151 1114 suae
3205 1060 3525 1116 auctoritate

1942 1150 2275 1220 pronuntiat,
2314 1158 2375 1204 ut
2403 1150 2612 1206 debitos
2654 1164 2831 1221 poenae
2877 1148 3209 1220 indulgentia
3257 1157 3445 1220 postea
3481 1150 3529 1205 si

1944 1239 2177 1296 voluerit
2225 1240 2540 1311 principalis
2590 1239 2855 1296 absolvat.
2902 1239 3087 1312 (Aug.)
3118 1239 3189 1294 Ut
3228 1239 3373 1294 enim
3423 1248 3531 1294 tam

1943 1346 2112 1402 prope
2156 1331 2546 1397 invenirentur,
2590 1338 2647 1386 et
2690 1338 2799 1385 tam
2843 1330 2909 1385 de
2956 1328 3206 1400 proximo
3233 1329 3305 1382 ad
3336 1328 3527 1392 Deum,

1944 1423 2178 1479 venditis
2221 1422 2336 1478 suis
2370 1422 2533 1478 rebus
2581 1420 2925 1485 accederent,
2967 1420 3110 1491 quod
3140 1418 3400 1474 Dominus
3450 1417 3533 1472 eis

1942 1516 2201 1588 praecepit
2237 1515 2327 1587 qui
2354 1514 2552 1571 vellent
2590 1529 2711 1570 esse
2749 1512 2994 1585 perfecti,
3029 1512 3146 1583 lege
3176 1512 3292 1582 ipsa
3324 1510 3531 1565 factum

1943 1613 2051 1673 est,
2077 1604 2177 1662 sub
2204 1620 2310 1677 qua
2342 1602 2789 1660 custodiebantur
2822 1601 3064 1657 conclusi
3106 1601 3162 1656 in
3192 1616 3313 1657 eam
3340 1598 3524 1661 ﬁdem,

1945 1695 2001 1751 id
2034 1704 2138 1761 est,
2178 1696 2233 1751 in
2260 1694 2551 1750 adventum
2587 1691 2705 1762 ejus
2736 1692 2885 1759 fidei,
2913 1706 3035 1764 qua:
3067 1699 3254 1763 postea
3292 1690 3531 1746 revelata

1944 1793 2045 1841 est.
2094 1784 2379 1841 Conclusio
2423 1783 2568 1840 enim
2611 1790 2731 1838 erat
2770 1791 2884 1838 tum
2927 1782 3089 1838 timor
3128 1782 3291 1837 unius
3318 1781 3437 1847 Dei,
3475 1789 3534 1835 et

253 1873 628 1945 apostolorum
667 1876 1000 1946 posuerunt?
1047 1876 1193 1946 quod
1235 1884 1317 1932 tot
1355 1875 1524 1932 millia
1568 1876 1844 1932 hominum
1878 1880 1925 1940 Β
1950 1875 2093 1945 quod
2127 1873 2572 1946 praevaricatores
2610 1871 2780 1945 ipsius
2818 1871 2954 1944 legis
2997 1871 3201 1927 inventi
3237 1878 3383 1937 sunt,
3422 1883 3531 1924 non

255 1972 373 2019 tam
410 1973 633 2034 repente
680 1964 952 2033 fecerunt,
977 1980 1078 2022 nec
1109 1967 1281 2022 turbae
1322 1966 1616 2023 infidelium
1659 1966 1846 2023 consi-

260 2054 519 2111 derandae
564 2063 714 2122 sunt,
763 2056 941 2111 omnis
989 2056 1136 2111 enim
1189 2072 1320 2112 area
1368 2056 1569 2112 multis
1599 2056 1846 2128 partibus

255 2143 580 2214 ampliorem
622 2145 788 2202 habet
817 2145 1091 2216 palearum
1116 2154 1349 2217 partem,
1375 2162 1537 2218 quam
1566 2148 1840 2203 frumenti.

258 2235 422 2292 Unde
437 2236 603 2291 etiam
644 2243 825 2292 autem
865 2236 957 2292 illa
993 2236 1237 2308 ejusdem
1280 2238 1523 2310 Apostoli
1562 2237 1727 2294 verba
1774 2237 1845 2292 ad

254 2328 558 2395 Romanos,
602 2329 709 2383 nisi
734 2329 803 2384 de
828 2329 1261 2385 sanctiﬁcatione
1299 2328 1609 2385 Judreorum
1640 2347 1653 2383 :
1703 2327 1845 2395 Quid

251 2419 424 2490 ergo!
465 2417 722 2491 Nunquid
768 2418 954 2489 repulit
984 2418 1127 2476 Deus
1174 2419 1374 2492 plebem
1420 2421 1620 2477 suam?
1671 2420 1839 2476 Absit.

256 2507 407 2563 Nam
446 2524 540 2579 ego
577 2506 829 2563 Israelita
855 2524 973 2562 sum
997 2524 1063 2563 ea:
1082 2510 1278 2564 semine
1298 2509 1588 2577 Abraham,
1619 2510 1683 2564 de
1703 2510 1843 2565 tribu

252 2598 560 2670 Benjamin.
590 2599 716 2655 Non
746 2600 936 2672 repulit
962 2600 1105 2656 Deus
1132 2600 1330 2673 plebem
1356 2619 1508 2659 suam
1527 2619 1686 2674 quam
1707 2620 1844 2676 pra:-

252 2692 405 2748 scieit
444 2690 623 2765 (Rom.
654 2692 756 2764 xi).
791 2692 927 2749 Cum
975 2702 1158 2750 autem
1206 2694 1449 2752 laudaret
1474 2712 1587 2768 pra:
1634 2696 1845 2753 caeteris

253 2784 517 2843 Ecclesiis
542 2786 782 2858 gentium
824 2786 1124 2842 Ecclesiam
1151 2787 1739 2871 Thessalonicensium,
1767 2789 1843 2844 si-

252 2875 417 2935 miles
428 2890 524 2933 eos
535 2875 705 2934 factos
716 2877 847 2935 dicit
858 2878 1114 2935 Ecclesiis
1124 2876 1475 2950 Judaeaa,quia
1491 2879 1657 2936 multa
1672 2894 1703 2934 a
1716 2894 1845 2935 con-

256 2967 547 3024 tribulibus
568 2968 683 3024 suis
700 2984 799 3040 pro
827 2968 933 3025 fide
954 2968 1102 3041 passi
1127 2977 1304 3037 erant,
1325 2970 1597 3041 quomodo
1623 2979 1679 3025 et
1699 2969 1776 3025 illi
1810 2983 1844 3025 a

250 3056 479 3117 Iudaeis.
528 3060 669 3118 Hine
695 3070 780 3117 est
803 3070 861 3118 et
888 3061 1019 3118 illud
1050 3062 1194 3132 quod
1237 3062 1400 3133 paulo
1431 3071 1559 3119 ante
1602 3077 1843 3119 comme-

1946 1968 2013 2023 ad
2043 1967 2366 2038 perniciem,
2397 1966 2491 2023 sed
2517 1966 2586 2022 ad
2632 1966 2921 2022 utilitatem
2953 1965 3126 2023 valuit
3161 1965 3244 2021 eis
3284 1964 3378 2035 qui
3412 1977 3533 2021 cre-

1945 2058 2218 2116 diderunt.
2255 2058 2501 2130 Cognitio
2535 2057 2681 2114 enim
2716 2056 2941 2127 majoris
2967 2055 3323 2127 mgritudinis,
3354 2064 3411 2111 et
3436 2053 3534 2111 de-

1944 2154 2174 2210 siderari
2220 2153 2488 2209 medicum
2528 2151 2904 2207 vehementius
2951 2149 3101 2214 fecit,
3148 2157 3204 2204 et
3245 2148 3394 2220 diligi
3440 2162 3531 2203 ar-

1945 2242 2160 2297 dentius
2211 2260 2223 2295 :
2275 2240 2378 2296 Cui
2421 2241 2559 2296 enim
2609 2238 2729 2310 plus
2779 2237 3103 2303 dimittitur,
3175 2236 3294 2309 plus
3358 2235 3533 2307 diligit

1946 2330 2098 2405 (Luc.
2132 2332 2252 2404 vn).

2014 2433 2202 2506 Itaque
2229 2414 2314 2488 lea:
2335 2433 2652 2504 ptedagogus
2688 2442 2865 2487 noster
2890 2439 3005 2486 erat
3044 2432 3097 2485 in
3123 2428 3338 2514 Christo
3368 2429 3521 2495 Jesu,

1943 2537 2001 2582 ut
2024 2545 2088 2582 ea:
2106 2527 2213 2598 ﬁde
2232 2527 2603 2598 justiﬁcemur.
2633 2524 2867 2597 (Ambr.)
2894 2524 3036 2579 Idem
3060 2538 3252 2579 sensus
3272 2530 3376 2588 est,
3399 2523 3531 2592 quia

1944 2620 2046 2676 sub
2073 2634 2200 2674 cura
2248 2618 2381 2691 legis
2407 2633 2645 2683 eramus,
2685 2616 2858 2673 donec
2886 2615 3099 2670 veniret
3125 2614 3394 2679 Christus,
3434 2614 3530 2683 qui

1943 2725 2046 2765 nos
2073 2709 2355 2766 credentes
2379 2707 2722 2777 justilicaret.
2752 2708 2816 2761 At
2838 2705 2927 2760 ubi
2954 2705 3087 2761 venit
3110 2704 3261 2775 ﬁdes,
3279 2704 3396 2775 jam
3418 2718 3524 2757 non

1944 2817 2125 2855 sumus
2153 2800 2248 2854 sub
2273 2799 2579 2871 pardagogo.
2628 2797 2822 2853 Omnes
2851 2797 2989 2853 enim
3025 2796 3128 2866 ﬁlii
3150 2796 3247 2850 Dei
3286 2795 3407 2849 estis
3436 2810 3531 2864 per

1943 2892 2102 2962 ﬁdem
2137 2892 2193 2945 in
2217 2888 2423 2945 Christo
2445 2889 2596 2945 Iesu.
2631 2889 2745 2946 Sub
2771 2890 3061 2961 padagogo
3088 2888 3180 2959 qui
3208 2889 3338 2960 agit,
3376 2897 3529 2958 pote-

1945 2982 2105 3038 statis
2153 2997 2265 3038 suze
2310 2989 2551 3037 nonest.
2580 2978 2847 3035 Parvulus
2890 2980 3034 3035 enim
3083 2989 3139 3035 et
3181 2979 3421 3034 lubricus
3465 2978 3532 3033 ad

1944 3072 2301 3144 peccandum,
2342 3073 2442 3127 sub
2480 3070 2758 3143 pmdagogi
2791 3085 2921 3126 cura
2967 3070 3216 3126 habetur.
3273 3067 3536 3124 Veniente

256 3149 488 3218 moravi,
517 3150 659 3221 quod
700 3151 779 3207 ait
802 3150 870 3207 ad
893 3149 1171 3207 Romanos
1203 3168 1216 3206 :
1253 3150 1312 3207 Si
1340 3152 1480 3206 enim
1517 3152 1842 3225 spiritalibus

1947 3177 2130 3222 autem
2157 3164 2395 3232 Christo,
2426 3165 2519 3236 qui
2547 3163 2701 3235 quasi
2741 3162 2809 3219 de
2848 3163 3147 3218 minoribus
3198 3160 3333 3216 facit
3363 3161 3532 3233 majo-

252 3256 439 3296 eorum
467 3241 975 3296 communicaverunt
1006 3251 1207 3312 gentes,
1235 3240 1421 3298 debent
1455 3244 1586 3299 etin
1608 3243 1841 3299 carnali-
1870 3227 1916 3291 C
1948 3272 2056 3324 res,
2086 3256 2299 3312 liberari
2333 3227 2400 3312 δέ
2436 3227 2703 3327 [magiam
2736 3253 3033 3326 paedagogi,
3073 3267 3173 3324 per
3200 3227 3532 3308 ablutionem

256 3330 354 3386 bus
379 3331 677 3385 ministrare
696 3331 773 3385 eis
801 3329 981 3403 (Rom.
1019 3330 1139 3403 xv).

329 3419 497 3477 Prius
515 3421 651 3476 enim
669 3438 828 3493 quam
851 3422 1044 3476 ueniret
1066 3421 1219 3492 ﬁdes,
1232 3421 1329 3477 sub
1352 3438 1463 3496 tege
1480 3421 1846 3479 custodieban-

254 3524 383 3580 tur,
450 3513 684 3568 conclusi
735 3514 793 3567 in
839 3529 956 3567 eam
1004 3513 1163 3583 ﬁdem
1209 3530 1329 3586 qum
1377 3514 1655 3570 rerelanda
1707 3525 1840 3570 erat.

1943 3358 2291 3420 peccatorum
2317 3347 2443 3404 facti
2467 3362 2654 3404 sumus
2702 3345 2795 3402 lilii
2822 3345 2937 3411 Dei,
2964 3360 3088 3400 cum
3112 3357 3358 3399 essemus
3385 3341 3533 3398 servi

1942 3441 2174 3514 peccati.
2222 3438 2492 3515 (Hierom)
2533 3436 2866 3511 Pmdagogus
2908 3436 3151 3509 parvulis
3196 3436 3529 3507 assignatur,

1945 3541 2005 3589 ut
2054 3534 2341 3590 lasciviens
2383 3530 2688 3588 refrenetur
2745 3539 2914 3597 aetas,
2975 3536 3032 3584 et
3088 3543 3263 3600 prona
3308 3528 3365 3584 in
3402 3527 3534 3582 vitia

256 3603 375 3660 Hoc
402 3612 490 3659 εει
514 3603 657 3675 il“0d
682 3603 834 3670 ἀίείίο
861 3606 987 3675 quia
1017 3613 1306 3677 δηῑθίίιιθω
1328 3608 1538 3664 veniret
1575 3607 1840 3675 Salvator.
1944 3624 2110 3679 corda
2135 3631 2441 3688 teneantur,
2468 3622 2596 3677 dum
2624 3630 2808 3677 tenera
2837 3620 3037 3676 studiis
3064 3619 3312 3675 eruditur
3356 3616 3536 3673 infan-

255 3697 363 3752 snb
424 3696 561 3766 legis
605 3698 851 3753 custodia
899 3699 1194 3770 agebamus
1239 3716 1310 3755 ne
1353 3715 1732 3772 peccaremus,
1785 3710 1847 3756 ut

1946 3716 2020 3769 tia
2040 3733 2053 3770 :
2071 3725 2127 3771 et
2147 3714 2214 3770 ad
2236 3715 2471 3786 majores
2490 3713 2842 3786 philosophia:
2863 3729 2929 3769 ac
2956 3712 3203 3783 regendae
3227 3709 3537 3780 reipublicae

258 3787 505 3844 venienti
538 3789 896 3860 promissione
923 3788 1071 3862 digni
1104 3805 1371 3847 essemus.
1421 3790 1535 3847 Hac
1563 3792 1709 3848 enim
1750 3807 1847 3864 spe

1947 3806 2261 3878 disciplinas
2299 3814 2447 3861 metu
2487 3819 2665 3877 ptente
2713 3805 2952 3861 coercita
2997 3811 3349 3874 praeparetur.
3416 3800 3536 3858 Non

257 3880 347 3936 lex
374 3890 520 3937 tutos
554 3882 851 3953 praestabat
891 3897 1012 3949 nos,
1034 3892 1095 3937 ut
1116 3884 1353 3940 venienti
1381 3883 1600 3941 Christo
1628 3884 1849 3943 oll'erret
1948 3907 2129 3952 tamen
2153 3897 2501 3967 paedagogus,
2531 3894 2790 3966 magister
2826 3903 2881 3951 et
2907 3902 3060 3965 pater
3086 3902 3193 3959 est,
3229 3908 3333 3948 nec
3356 3893 3533 3947 luere-

257 3987 385 4038 nos,
422 3973 475 4028 id
505 3980 590 4029 est
609 3970 843 4029 Judaeos.
875 3971 1145 4046 (Hierom)
1176 3974 1331 4030 Sicut
1358 3975 1624 4032 mediator
1652 3977 1749 4033 Dei
1792 3987 1847 4034 et

1950 3982 2173 4046 ditatem
2213 3998 2269 4043 et
2303 3987 2588 4043 scientiam
2626 3986 2924 4057 paedagogi,
2967 3987 3015 4041 is
3040 3986 3131 4055 qui
3157 3985 3421 4050 eruditur,
3448 3999 3540 4039 ex-

260 4062 564 4129 hominum,
606 4063 750 4119 inter
775 4063 992 4119 dantem
1020 4074 1075 4119 et
1108 4065 1461 4136 accipientem
1491 4065 1685 4139 legem,
1731 4082 1846 4123 me-
1949 4088 2194 4150 spectat;
2235 4079 2331 4135 sed
2359 4077 2595 4133 alienum
2629 4075 2865 4131 custodit
2894 4075 3060 4130 illium
3095 4075 3437 4146 paedagogus,
3466 4072 3537 4128 ab

260 4155 388 4211 dius
435 4154 575 4224 fuit;
634 4156 716 4213 sic
759 4154 846 4213 lex
879 4156 996 4228 ipsa
1037 4172 1158 4229 quae
1209 4166 1334 4230 post
1373 4160 1847 4230 repromissionem

1948 4184 2035 4237 eo,
2067 4178 2352 4240 postquam
2384 4167 2473 4222 ille
2502 4167 2570 4223 ad
2600 4166 2901 4237 legitimum
2938 4164 3215 4237 capienda:
3248 4163 3537 4220 haeredita-

260 4248 391 4303 data
440 4258 565 4316 est,
620 4249 764 4304 inter
809 4248 1287 4320 repromissionem
1328 4261 1385 4308 et
1431 4251 1847 4323 completionem
1951 4260 2021 4315 tis
2047 4267 2261 4329 tempus
2286 4255 2568 4312 advenerit
2595 4269 2930 4311 recessurus.
2988 4254 3230 4325 Denique
3255 4260 3311 4308 et
3339 4266 3537 4308 nomen

259 4339 382 4409 ejus
415 4338 592 4395 media
638 4339 943 4411 subrepsit,
978 4355 1099 4410 qua:
1148 4356 1257 4397 non
1300 4342 1505 4400 idcirco
1533 4344 1848 4401 arbitranda
1948 4349 2224 4421 paedagogi
2249 4348 2352 4404 hoc
2373 4347 2549 4418 ipsum
2579 4355 2756 4412 sonat,
2783 4355 2839 4402 et
2862 4353 2946 4402 est
2973 4345 3334 4417 compositum
3358 4359 3388 4398 a
3413 4353 3535 4406 παῖς

260 4441 349 4486 est
399 4433 818 4504 promissionem
869 4434 1177 4503 excludere,
1230 4435 1360 4508 quia
1419 4445 1610 4508 postea
1657 4437 1846 4495 subse—
1949 4438 2144 4515 ειᾶιγω,
2160 4439 2673 4511 quodpuerosagat,
2695 4438 2746 4493 id
2762 4446 2866 4503 est,
2882 4437 3274 4508 ducat;itaque
3293 4445 3349 4493 et
3365 4435 3536 4508 Moysi

262 4534 393 4582 cuta
437 4540 591 4593 eam,
636 4541 759 4597 qua:
816 4526 967 4597 prius
1011 4525 1134 4594 fuit,
1186 4528 1401 4584 videtur
1450 4529 1697 4599 abolere;
1750 4531 1847 4588 sed
1878 4533 2061 4603 “lex,
2085 4530 2282 4603 populo
2318 4530 2620 4588 lascivienti
2652 4530 2721 4585 ad
2749 4530 2924 4584 instar
2945 4528 3222 4599 pmdagogi
3245 4528 3537 4584 severioris

263 4632 327 4672 es
377 4630 445 4672 eo
498 4616 643 4686 quod
678 4631 787 4671 non
839 4616 1013 4687 potuit
1040 4617 1347 4686 vivificare,
1378 4635 1482 4677 nec
1510 4620 1564 4677 id
1608 4584 1846 4679 tribuere
1878 4584 1929 4645 Β
1953 4584 2197 4696 apposita
2232 4631 2335 4689 est,
2374 4630 2437 4678 ut
2461 4623 2759 4679 custodiret
2784 4637 2901 4687 eos,
2927 4584 2983 4678 et
3014 4584 3210 4677 futurae
3238 4620 3363 4677 ﬁdei
3399 4637 3539 4692 pra:-

260 4711 411 4782 quod
449 4708 796 4781 repromissio
833 4711 1009 4780 prima
1054 4711 1289 4782 pollicita
1341 4722 1448 4781 est,
1496 4713 1846 4771 manifestum
1952 4722 2198 4786 pararet;
2230 4728 2350 4785 qua:
2372 4721 2661 4785 postquam
2688 4711 2840 4766 venit
2863 4720 2919 4766 et
2949 4710 3278 4768 credidimus
3303 4711 3359 4766 in
3384 4710 3537 4767 Chri-

261 4812 349 4857 est
378 4801 433 4856 in
473 4801 773 4857 custodiam
799 4816 923 4857 eam
969 4803 1436 4875 repromissionis,
1467 4821 1576 4861 non
1615 4807 1671 4862 in
1721 4809 1848 4865 sub-
1952 4812 2118 4870 stum,
2141 4803 2256 4874 jam
2293 4820 2401 4860 non
2432 4818 2621 4860 sumus
2648 4803 2751 4858 sub
2778 4802 3092 4874 pzedagogo,
3120 4810 3267 4857 tutor
3293 4817 3323 4856 a
3354 4801 3530 4865 nobis,

262 4892 574 4949 versionem
615 4891 817 4948 datam.
849 4890 910 4949 Si
952 4892 1098 4948 enim
1123 4894 1249 4950 data
1281 4894 1366 4950 lex
1411 4908 1557 4953 esset
1582 4914 1702 4969 qua:
1725 4915 1847 4970 pos-
1952 4905 2281 4967 curatorque
2323 4894 2628 4959 discedunt,
2658 4903 2713 4949 et
2751 4893 3054 4965 legitimum
3101 4895 3276 4950 astatis
3319 4903 3547 4966 tempus-

265 4993 353 5040 set
388 4991 648 5055 praestare
691 4984 892 5051 vitam,
932 4993 989 5040 et
1033 4985 1088 5040 id
1137 4986 1280 5056 quod
1330 4989 1681 5059 repromissio
1724 5006 1848 5062 spo-
1953 4988 2222 5052 ineuntes,
2254 5001 2378 5041 vere
2403 4985 2498 5042 Dei
2520 4983 2643 5039 Filii
2669 4985 3034 5052 nominamur,
3064 4987 3150 5042 cui
3184 5002 3284 5043 nos
3309 4997 3536 5059 generat

264 5078 533 5147 ponderat
569 5075 849 5143 exhibere,
878 5090 1007 5131 vere
1029 5077 1318 5147 promissio
1353 5092 1452 5149 per
1495 5079 1666 5151 legem
1696 5090 1848 5152 puta-
1954 5096 2064 5136 non
2098 5079 2184 5134 lex
2220 5078 2438 5143 abolita,
2462 5077 2561 5133 sed
2584 5085 2762 5133 mater
2788 5077 2940 5143 fides,
2969 5094 3089 5149 quas
3116 5084 3201 5135 eSt
3231 5080 3287 5134 in
3315 5078 3536 5139 Christo

266 5176 422 5225 retur
450 5167 688 5224 exclusa.
720 5166 874 5223 Nunc
905 5178 1085 5224 autem
1114 5180 1337 5240 propter
1369 5173 1844 5244 transgressiones,
1954 5168 2103 5228 Iesu.
2135 5167 2319 5240 (Aug.)
2348 5168 2451 5235 Qui
2493 5166 2741 5238 sequitur
2783 5168 3017 5225 litteram
3065 5169 3328 5226 translata
3365 5174 3547 5229 verba

264 5265 503 5327 utsupra
516 5256 774 5323 diximus,
799 5257 997 5329 posita,
1014 5259 1183 5331 magis
1197 5275 1291 5316 eos
1312 5264 1491 5334 arguit
1509 5273 1849 5333 peccatores,

266 5347 469 5419 quibus
495 5355 620 5417 post
648 5348 1122 5420 repromissionem
1158 5352 1210 5407 in
1239 5353 1562 5417 custodiam,
1592 5364 1667 5421 et,
1685 5365 1747 5411 ut
1775 5357 1850 5413 ita

267 5439 472 5506 dicam,
514 5440 571 5495 in
608 5454 883 5496 carcerem
924 5441 1050 5497 data
1091 5450 1193 5509 est,
1234 5452 1294 5498 ut
1338 5444 1465 5516 quia
1505 5461 1604 5517 per
1639 5448 1852 5504 arbitrii

268 5528 617 5597 libertatem,
661 5531 942 5588 noluerant
992 5532 1304 5588 innocentes
1357 5548 1674 5606 exspectare
1728 5556 1854 5611 pro-

270 5621 523 5687 missum,
554 5619 817 5691 legalibus
838 5621 1069 5677 vinculis
1102 5623 1405 5693 praepediti,
1438 5634 1491 5680 et
1530 5627 1584 5682 in
1622 5631 1853 5687 servitu~

273 5719 385 5765 tem
426 5713 803 5768 mandatorum
851 5712 1056 5769 redacti
1080 5753 1095 5777 ,
1118 5714 1524 5771 custodirentur
1567 5718 1621 5774 in
1660 5721 1855 5779 adven-

274 5809 392 5855 tum
425 5799 620 5859 futusa:
649 5800 702 5859 in
726 5801 942 5861 Christo
972 5803 1116 5871 fidei,
1144 5820 1265 5877 qua:
1291 5795 1452 5862 finem
1485 5810 1852 5880 repromissio-

1936 5259 2081 5315 sicut
2102 5260 2321 5328 propria
2354 5266 2519 5325 tenet,
2552 5274 2729 5329 neque
2756 5259 2887 5317 illud
2930 5263 3076 5333 quod
3113 5266 3336 5337 proprio
3361 5268 3531 5324 verbo

1937 5346 2275 5421 significatur
2321 5348 2489 5405 refert
2535 5351 2603 5407 ad
2649 5352 2810 5408 aliam
2859 5353 3315 5425 signiﬁcationem
3361 5376 3376 5413 :
3430 5360 3529 5416 sed

1937 5438 1984 5497 si
2027 5439 2310 5496 sabbatum
2357 5441 2610 5509 audierit,
2659 5444 2809 5500 verbi
2861 5447 3055 5518 gratia,
3120 5464 3230 5506 non
3275 5451 3527 5525 intelligit

1936 5532 2043 5589 nisi
2068 5547 2236 5589 unum
2274 5532 2417 5589 diem
2452 5533 2519 5589 de
2555 5544 2781 5604 septem,
2824 5536 2921 5607 qui
2965 5538 3225 5597 continuo
3251 5541 3526 5598 volumine

1936 5631 2279 5695 repetuntur,
2312 5632 2511 5681 etcum
2538 5626 2769 5685 audierit
2799 5628 3152 5700 sacrificium,
3175 5647 3282 5689 non
3311 5634 3525 5691 excedit

1936 5717 2266 5790 cogitatione
2309 5716 2457 5785 illud,
2503 5720 2649 5791 quod
2695 5720 2813 5778 fieri
2859 5721 2928 5780 de
2985 5723 3221 5781 victimis
3262 5740 3520 5797 pecorum

1935 5811 2275 5883 terrenisque
2301 5810 2566 5869 fructibus
2603 5811 2782 5870 solet:
2830 5829 2952 5886 qua:
2980 5824 3162 5874 tamen
3199 5819 3433 5877 servitus
3464 5821 3519 5879 in
