4022 6338
461 340 572 409 8M

1097 351 1157 409 Β.
1200 352 1452 409 BADA-Nl
1489 352 1709 411 MAUR!
1743 351 2060 408 ARCHIEP.
2103 351 2413 411 MOGUNT.
2455 355 2740 417 OPERUM
2775 357 2955 419 PARS
2991 360 3078 418 HI.

3625 364 3735 423 308

461 467 651 525 Iudaeo
697 468 895 541 populo
940 470 1099 541 longe
1149 486 1181 525 a
1237 477 1556 527 casterarum
1608 468 1847 540 gentium
1891 480 2043 521 more
2071 469 2119 526 Α
2147 481 2434 538 corporum
2463 482 2823 544 separantur:
2855 484 3109 531 caeterum
3130 475 3263 533 ﬁdes
3283 490 3380 547 pro
3407 478 3609 535 mentis
3636 479 3733 535 de-

463 559 720 627 distahat,
746 561 1181 632 quandoquidem
1210 561 1374 617 rebus
1403 560 1786 631 temporalibus
1812 559 1884 614 ita
1915 559 2043 613 sul:-

457 649 633 722 jugati
662 658 854 717 erant,
885 662 947 706 ut
974 667 1113 705 unus
1149 651 1204 706 in
1238 650 1317 706 eis
1341 649 1592 707 omnibus
1628 648 2042 704 commendare-

458 751 553 800 tur
589 745 751 799 Deus.
802 744 872 798 Et
909 757 1218 815 quanquam
1272 742 1424 815 signa
1484 755 1663 796 rerum
1717 739 2041 810 spiritalium

459 851 562 905 pro
604 835 738 907 ipsis
781 835 943 890 rebus
975 835 1364 900 observarent,
1400 833 1702 889 nescientes
1727 847 1837 903 quo
1873 830 2043 887 refer-

460 940 673 995 rentur,
719 931 772 986 id
815 941 995 986 tamen
1054 931 1273 986 insitum
1336 929 1650 993 habebant,
1724 927 1868 996 quod
1918 943 2039 981 ser-

459 1020 634 1079 uitute
668 1020 783 1086 tali,
820 1021 913 1076 uni
956 1020 1175 1077 omnino
1212 1034 1376 1090 quem
1415 1034 1521 1074 non
1556 1016 1831 1083 videbant,
1861 1018 2043 1087 place-

458 1122 579 1169 rent
614 1114 747 1179 Deo,
772 1130 935 1184 quam
962 1114 1265 1170 custodiam
1315 1121 1574 1183 tanquam
1615 1113 1715 1167 sub
1753 1112 2041 1182 padagogo

455 1203 804 1275 parvulorum
837 1205 1001 1260 fuisse
1028 1204 1217 1259 scribit
1238 1203 1548 1274 Apostolus,
1576 1210 1632 1258 et
1656 1201 1776 1257 ideo
1800 1201 1891 1272 qui
1923 1202 2042 1255 tati-

458 1294 561 1351 bus
587 1296 757 1368 signis
800 1297 1149 1368 pertinaciter
1204 1296 1566 1361 inhaeserunt,
1603 1304 2040 1350 contemnentem

457 1385 564 1442 ista
589 1386 900 1453 Dominum,
931 1403 1054 1445 cum
1073 1387 1184 1457 jam
1222 1396 1434 1459 tempus
1468 1387 1813 1443 revelationis
1851 1402 2041 1443 eorum

457 1476 722 1542 venisset,
765 1477 909 1536 ferre
938 1493 1045 1535 non
1073 1486 1387 1549 potuerunt,
1409 1486 1571 1549 atque
1594 1478 1719 1534 inde
1743 1478 2041 1533 calumnias

456 1568 601 1637 quod
643 1566 870 1624 sabbato
909 1578 1128 1625 curaret
1161 1568 1332 1624 moliti
1375 1576 1522 1624 sunt.
1560 1567 1870 1635 Quicunque
1902 1568 2040 1621 enim

455 1656 706 1727 baptismi
733 1658 876 1724 estis,
892 1657 1156 1713 Christum
1181 1657 1446 1712 induistis.
1480 1655 1716 1729 (Ambr.)
1743 1656 1857 1711 Hoc
1884 1655 2037 1721 dicit,

334 1756 351 1761 '
455 1747 583 1816 quia
612 1748 914 1814 credentes,
941 1749 1071 1805 dum
1093 1750 1470 1815 immutantur,
1486 1747 1759 1804 Christum
1786 1745 2034 1811 induunt,

2142 560 2359 615 vatione
2403 571 2676 629 censetur,
2721 572 2778 622 et
2812 580 2953 635 smpe
2988 568 3185 633 evenit,
3221 577 3364 625 utet
3388 569 3585 625 mulier
3612 571 3734 627 viro

2141 651 2332 708 salutis
2348 669 2509 710 causa
2534 654 2649 723 ﬁat,
2671 666 2725 713 et
2754 657 3035 713 mulierem
3060 660 3142 715 vir
3162 660 3215 714 in
3238 660 3497 733 religione
3516 677 3729 732 prace-

2142 742 2255 797 dat.
2289 740 2422 798 Cum
2454 754 2635 800 autem
2666 761 2756 802 res
2784 747 2859 801 ita
2893 763 2953 803 se
2977 747 3189 812 habeat,
3216 759 3272 805 et
3300 759 3411 806 tota
3439 752 3734 809 diversitas

2142 834 2375 904 generis,
2407 835 2730 891 conditionis
2759 844 2816 890 et
2843 850 3157 907 corporum,
3180 838 3378 895 Christi
3406 840 3736 911 baptismate

2141 930 2199 977 et
2236 924 2549 980 indumento
2586 923 2729 981 illius
2766 926 3064 995 auferatur,
3101 945 3291 987 omnes
3330 947 3499 986 unum
3541 948 3737 988 sumus

2143 1013 2197 1068 in
2232 1012 2448 1070 Christo
2476 1013 2626 1085 Jesu,
2656 1025 2718 1072 ut
2763 1021 3034 1087 quomodo
3075 1018 3238 1075 Pater
3279 1031 3335 1075 et
3365 1016 3532 1077 Filius
3580 1022 3634 1077 in
3674 1039 3737 1079 se

2142 1122 2309 1162 unum
2338 1116 2497 1173 sunt,
2538 1109 2609 1164 ita
2642 1118 2698 1165 et
2730 1127 2832 1166 nos
2871 1112 2925 1167 in
2953 1111 3086 1182 ipsis
3115 1129 3279 1168 unum
3320 1114 3510 1170 simus.
3543 1114 3737 1187 (Aug.)

2142 1196 2516 1270 Nunquidnam
2572 1202 2734 1272 igitur
2777 1201 2961 1258 ﬁdeles
3007 1202 3219 1259 femina:
3265 1219 3452 1260 sexum
3489 1208 3741 1275 corporis

2142 1290 2484 1347 amiserunt?
2524 1293 2618 1347 sed
2655 1293 2782 1363 quia
2831 1294 2903 1348 ibi
2952 1305 3282 1349 renovantur
3325 1297 3392 1351 ad
3438 1297 3736 1367 imaginem

2142 1380 2256 1445 Dei,
2304 1382 2395 1438 ubi
2443 1398 2605 1440 sexus
2652 1383 2831 1439 nullus
2876 1392 2979 1448 est,
3022 1384 3095 1439 ibi
3144 1384 3320 1441 factus
3362 1394 3447 1442 est
3475 1387 3639 1441 homo
3667 1388 3740 1443 ad

2142 1473 2433 1545 imaginem
2484 1475 2600 1539 Dei,
2651 1477 2744 1530 ubi
2795 1492 2959 1531 sexus
3006 1475 3186 1531 nullus
3225 1484 3333 1542 est,
3385 1477 3489 1532 hoc
3530 1487 3637 1540 est,
3678 1478 3737 1532 in

2141 1565 2333 1636 spiritu
2376 1566 2574 1621 mentis
2615 1582 2747 1632 sate,
2792 1582 2982 1621 onmes
3022 1568 3164 1638 apud
3192 1583 3312 1623 eam
3353 1569 3534 1624 vestiti
3584 1578 3734 1625 sunt.

2142 1656 2394 1727 Nunquid
2422 1659 2488 1714 de
2518 1659 2758 1714 nuditate
2779 1675 3060 1715 servorum
3089 1676 3312 1716 suorum
3336 1661 3603 1718 sollicitus
3626 1664 3739 1719 erit

2141 1746 2226 1801 vir
2259 1746 2377 1817 ejus
2413 1763 2538 1802 cum
2578 1748 2774 1804 alicubi
2817 1749 3150 1815 demoratur,
3196 1751 3406 1807 habens
3444 1753 3735 1822 conjugem

454 1840 670 1909 quando
682 1840 787 1897 hoc
799 1839 2032 1912 appellanturquodcredunt.Nonestludwus,
2063 1817 2111 1876 Β
2140 1837 2342 1895 talem?
2366 1838 2498 1906 Quis
2526 1849 2610 1895 est
2638 1840 2740 1895 iste
2767 1840 2874 1906 vir,
2901 1840 3003 1895 nisi
3029 1839 3311 1897 Christus?
3375 1842 3483 1897 Aut
3507 1817 3738 1914 conjux,

454 1946 618 2002 neque
643 1929 861 1987 Gra'cus
884 1947 905 1988 :
943 1949 1047 2007 non
1082 1941 1156 1986 est
1181 1949 1380 1995 servus,
1409 1948 1573 2000 neque
1610 1931 1739 1986 liber
1764 1945 1790 1993 _:
1827 1947 1932 1985 non
1960 1938 2034 1983 est

452 2022 743 2089 masculus,
776 2041 941 2097 neque
963 2025 1163 2095 femina
1192 2041 1211 2079 :
1240 2041 1417 2080 omnes
1441 2026 1581 2079 enim
1611 2041 1696 2080 vos
1720 2040 1881 2078 unum
1913 2023 2036 2078 estis

449 2113 506 2168 in
526 2110 736 2170 Christo
757 2114 908 2171 Iesu.
936 2114 1151 2170 Nullam
1172 2115 1486 2171 distantiam
1515 2115 1644 2171 dicit
1672 2114 2033 2179 credentium,

451 2213 513 2261 ut
575 2206 707 2263 nulli
748 2207 1130 2279 praeiudicetur
1173 2208 1304 2279 quid
1348 2206 1511 2262 fuerit
1568 2214 1857 2277 antequam
1909 2220 2033 2260 cre-

451 2297 623 2363 deret,
650 2299 902 2354 omnibus
924 2299 1068 2355 enim
1095 2298 1179 2355 his
1206 2314 1369 2354 unum
1395 2300 1670 2354 decretum
1695 2306 1779 2354 est
1801 2297 2030 2353 donum:

450 2392 593 2462 apud
622 2391 795 2447 Deum
835 2392 980 2448 enim
1028 2393 1173 2448 nulla
1219 2394 1476 2449 discretio
1522 2400 1608 2448 est
1651 2408 2034 2465 personarum,

450 2482 554 2537 nisi
590 2497 802 2539 morum
824 2492 882 2538 et
904 2484 1027 2539 vita:
1056 2501 1070 2539 :
1096 2492 1156 2539 ut
1192 2484 1441 2540 homines
1465 2483 1628 2539 unius
1665 2483 1787 2539 ﬁdei
1824 2484 2035 2539 meritis

388 2625 405 2635 _
450 2573 872 2645 distinguantur,
906 2590 1014 2631 non
1041 2576 1309 2646 personis.
1346 2574 1618 2648 ("iet-on.)
1651 2575 1805 2642 Quod
1849 2582 2032 2630 autem

448 2665 698 2722 Christus
748 2667 819 2723 sit
865 2668 1261 2735 indumentum,
1309 2683 1417 2723 non
1458 2667 1631 2723 solum
1668 2666 1737 2722 de
1779 2667 2033 2737 pncsenti

450 2758 591 2823 loco,
626 2774 815 2815 verum
840 2759 1006 2815 etiam
1045 2760 1113 2816 de
1153 2759 1263 2815 alio
1295 2759 1696 2829 comprobatur,
1720 2757 1887 2814 Paulo
1933 2772 2031 2814 eo-

449 2852 572 2905 dem
600 2849 957 2906 cohortante:
999 2848 1215 2905 Induite
1246 2866 1334 2905 vos
1355 2849 1635 2904 Dominum
1657 2846 1841 2904 Iesum
1869 2846 2035 2902 Chri-

446 2949 589 2995 stum
627 2939 805 3011 (Rom.
838 2941 981 3012 xm).
1028 2940 1087 2996 Si
1124 2940 1290 3010 igitur
1312 2940 1405 3010 qui
1439 2940 1491 2995 in
1520 2938 1738 2996 Christo
1770 2940 2034 3010 haptizati

447 3038 595 3094 sunt,
624 3026 901 3086 Christum
950 3030 1261 3097 induerunt,
1293 3029 1641 3086 manifestum
1676 3039 1761 3086 est
1803 3046 1899 3087 eos
1939 3030 2030 3100 qui

445 3136 556 3176 non
587 3130 713 3177 sunt
759 3122 932 3178 induti
961 3122 1256 3190 Christum,
1288 3138 1397 3178 non
1440 3121 1607 3178 fuisse
1643 3122 1946 3193 baptizatos
1974 3122 2030 3177 in

447 3211 699 3280 Christo;
726 3215 793 3270 ad
815 3229 911 3270 eos
929 3215 1075 3270 enim
1094 3215 1187 3286 qui
1214 3214 1422 3281 ﬁdeles,
1448 3224 1504 3272 et
1531 3216 1799 3285 baptisma
1827 3214 2031 3271 Christi

447 3305 726 3360 wnsecuti
756 3306 1104 3375 putabantur,
1135 3306 1340 3362 dictum
1361 3315 1465 3373 est,
1495 3305 1708 3361 Induite
1728 3323 1814 3362 vos
1842 3306 2031 3363 Domi-

445 3411 575 3451 num
592 3396 775 3453 Jesum
787 3397 1072 3457 Christum.
1092 3396 1150 3454 Si
1170 3399 1295 3470 quis
1327 3399 1432 3456 hoc
1447 3414 1789 3471 corporeum,
1812 3408 1867 3457 et
1887 3401 2031 3470 quod

446 3486 619 3543 oculis
655 3488 836 3545 carnis
875 3490 1156 3560 aspicitur,
1200 3505 1357 3561 aqua:
1395 3499 1603 3547 tantum
1651 3491 1849 3561 accipit
1887 3491 2033 3546 lava-

448 3592 629 3645 crum,
664 3592 771 3635 non
816 3588 904 3635 est
950 3580 1168 3637 indutus
1196 3582 1480 3636 Dominum
1508 3581 1694 3639 Jesum
1729 3582 2026 3639 Christum.

445 3668 583 3726 Nam
607 3679 665 3726 et
688 3669 876 3728 Simon
923 3671 1014 3728 ille
1040 3672 1107 3729 de
1134 3673 1359 3730 Actibus
1388 3674 1772 3746 apostolorum,
1810 3690 2032 3746 accepe-

447 3767 537 3814 rat
572 3760 852 3817 lavacrum
893 3776 1069 3833 aqute,
1095 3777 1286 3817 verum
1320 3762 1447 3833 quia
1476 3762 1734 3835 Spiritum
1780 3774 2026 3820 sanetum

445 3868 558 3908 non
585 3852 841 3919 habebat,
857 3853 1080 3910 indutus
1101 3869 1207 3909 non
1235 3862 1353 3912 erat
1373 3853 1675 3911 Christum:
1701 3864 1757 3910 et
1786 3856 2027 3911 haeretici

402 4004 407 4009 ,
444 3943 534 4000 vel
563 3944 879 4016 hypocrita,
939 3952 996 4001 et
1028 3944 1084 4000 hi
1113 3944 1205 4015 qui
1233 3944 1448 4002 sordide
1474 3947 1743 4014 victitant,
1776 3947 2028 4003 videntur

445 4035 666 4106 quidem
694 4037 942 4107 accipere
986 4037 1334 4108 baptismum,
1366 4038 1460 4094 sed
1500 4040 1681 4095 nescio
1723 4055 1793 4094 an
1824 4038 2027 4096 Christi

442 4125 679 4181 habeant
704 4126 1097 4182 indumentum.
1125 4126 1309 4198 Itaque
1335 4129 1755 4195 consideremus,
1791 4143 1860 4184 ne
1889 4128 2027 4184 forte

444 4225 502 4272 et
538 4217 590 4270 in
634 4217 793 4273 nobis
826 4217 1022 4287 aliquis
1059 4219 1517 4289 deprehendatur,
1544 4221 1633 4288 qui
1668 4235 1738 4274 ex
1777 4236 1842 4276 eo
1882 4221 2027 4291 quod

445 4307 650 4364 Christi
689 4323 796 4363 non
846 4309 1007 4364 habet
1066 4310 1463 4373 indumentum,
1497 4319 1759 4380 arguatur
1785 4325 1890 4366 non
1922 4311 2023 4366 ba-

442 4398 683 4469 ptizatus
710 4398 763 4454 in
789 4399 1025 4455 Christo.
1043 4400 1179 4457 Cum
1202 4410 1382 4455 autem
1403 4401 1524 4470 quis
1553 4402 1719 4457 semel
1745 4401 2022 4460 Christum

2138 1929 2241 1984 nisi
2272 1929 2549 1986 Ecclesia?
2588 1931 2783 1986 Vcstiti
2813 1942 2941 1987 sunt
2975 1941 3032 1988 et
3054 1935 3279 2003 optime,
3306 1949 3468 2005 quam
3498 1937 3731 2006 optime,

2134 2020 2300 2075 vultis
2348 2020 2542 2083 nosse?
2579 2020 2843 2092 Quotquot
2901 2023 2955 2076 in
3010 2021 3219 2078 Christo
3271 2023 3524 2092 baplizalt'
3572 2026 3734 2091 estis,

2134 2110 2315 2165 vestiti
2345 2111 2500 2177 estis,
2527 2109 2795 2166 Christum
2824 2111 3088 2167 induistis.
3117 2113 3319 2170 Omnes
3338 2116 3560 2171 omnino
3586 2118 3737 2187 apud

2133 2218 2253 2259 eam
2291 2204 2470 2260 vestiti
2509 2212 2635 2260 sunt
2673 2206 2765 2275 qui
2789 2204 3065 2260 Christum
3113 2206 3419 2263 induerunt.
3454 2207 3570 2264 Non
3603 2218 3733 2263 tan-

2136 2305 2249 2351 tum
2300 2295 2369 2350 ad
2417 2295 2652 2351 formam
2705 2297 3058 2362 sacramenti,
3108 2297 3202 2352 sed
3247 2301 3411 2353 etiam
3461 2300 3514 2354 in
3563 2314 3737 2369 opere

2132 2387 2401 2458 exempli,
2445 2395 2738 2458 sequentes
2785 2387 3013 2459 vestigia
3068 2387 3283 2444 Domini
3333 2391 3437 2445 sui.
3492 2390 3735 2445 lnduunt

2136 2486 2315 2533 autem
2355 2477 2604 2533 homines
2631 2476 2934 2543 Christum,
2965 2477 3257 2549 aliquando
3296 2495 3470 2550 usque
3515 2481 3582 2535 ad
3633 2496 3733 2536 sa-

2135 2568 2398 2624 cramenti
2428 2568 2834 2639 perceptionem
2864 2585 2879 2626 :
2913 2568 3204 2641 aliquando
3232 2578 3289 2626 et
3313 2586 3483 2641 usque
3507 2572 3576 2626 ad
3601 2572 3735 2629 vita:

2135 2659 2642 2714 sanctiﬁcationem.
2679 2659 2858 2728 Atque
2906 2658 3038 2714 illud
3072 2661 3308 2731 primum
3357 2670 3413 2717 et
3458 2663 3617 2718 bonis
3658 2679 3731 2720 ac

2136 2749 2292 2805 malis
2345 2757 2525 2820 potest
2568 2764 2689 2806 esse
2737 2762 3026 2806 commune
3066 2768 3079 2804 :
3121 2751 3226 2806 hoc
3275 2761 3457 2809 autem
3490 2754 3727 2810 alterum

2135 2841 2413 2912 proprium
2436 2851 2520 2897 est
2544 2839 2808 2897 bonorum
2836 2856 2901 2896 ac
2924 2842 3155 2912 piorum.
3183 2841 3371 2915 Itaque
3392 2843 3497 2907 lex,
3522 2845 3730 2916 inquit,

2135 2933 2457 3005 ptrdagogus
2484 2933 2586 3004 fuit
2617 2944 2793 2988 uoster
2821 2934 2878 2989 in
2909 2933 3135 2990 Christo.
3181 2935 3296 2993 Hoc
3320 2947 3406 2994 est
3430 2940 3575 3008 quod
3608 2941 3687 2995 ait
3708 2958 3722 2972 ο

2136 3024 2245 3080 Sub
2277 3025 2387 3096 lege
2421 3027 2868 3092 custodiebamur,
2896 3027 3129 3084 conclusi
3158 3029 3213 3083 in
3248 3047 3311 3084 ea
3339 3046 3359 3086 :
3380 3041 3726 3102 posteaquam

2136 3119 2270 3175 venit
2291 3119 2445 3188 ﬁdes,
2460 3121 2579 3191 jam
2614 3138 2718 3177 non
2743 3138 2926 3177 sumus
2956 3120 3052 3176 sub
3084 3121 3392 3193 ptedagogo.
3442 3122 3549 3177 Eos
3586 3138 3725 3195 ergo

2136 3226 2243 3267 non
2273 3213 2621 3282 reprehendit
2645 3213 2737 3284 qui
2766 3214 2981 3275 faciunt,
2999 3213 3208 3269 irritam
3234 3214 3464 3285 gratiam
3489 3214 3727 3280 Christi,

2134 3303 2290 3374 quasi
2335 3304 2481 3359 enim
2521 3305 2759 3360 nondum
2784 3306 2995 3361 venerit
3032 3305 3124 3376 qui
3156 3315 3376 3362 vocaret
3413 3306 3468 3361 in
3497 3306 3725 3362 liberta-

2133 3404 2266 3463 tem,
2297 3399 2378 3453 sic
2405 3398 2583 3454 adhuc
2609 3398 2798 3454 volunt
2820 3413 2940 3454 esse
2955 3397 3058 3455 sub
3087 3400 3409 3471 paedagoga.
3430 3399 3584 3467 Quod
3616 3417 3719 3455 au-

2132 3500 2262 3555 tem,
2289 3490 2429 3546 ﬁlios
2445 3490 2539 3546 Dei
2557 3490 2687 3546 dicit
2703 3505 2823 3546 esse
2846 3505 3034 3549 omnes
3061 3506 3157 3562 per
3171 3491 3355 3555 ﬁdem,
3376 3492 3502 3562 quia
3530 3492 3725 3547 indue-

2132 3591 2261 3637 runt
2287 3580 2585 3642 Christum,
2613 3580 2920 3650 quicunque
2949 3580 3002 3634 in
3032 3580 3250 3636 Christo
3278 3580 3536 3651 haptizati
3567 3591 3725 3645 sunt,

2132 3671 2200 3725 ad
2242 3670 2344 3725 hoc
2370 3669 2513 3724 valet
2545 3685 2613 3723 ne
2640 3679 2829 3738 gentes
2859 3670 2926 3725 de
2954 3685 3012 3725 se
3042 3671 3425 3741 desperarent,
3451 3669 3578 3740 quia
3606 3686 3720 3725 non

2130 3759 2572 3816 custodiebantur
2596 3760 2696 3815 sub
2723 3760 3013 3832 pzedagogo
3047 3777 3060 3814 :
3105 3770 3163 3817 et
3198 3761 3320 3817 ideo
3346 3776 3406 3818 se
3439 3761 3579 3818 ﬁlios
3605 3779 3721 3817 non

2131 3859 2404 3922 putarent,
2446 3851 2541 3906 sed
2578 3865 2679 3920 per
2718 3850 2877 3906 fidem
2912 3851 3184 3908 induendo
3215 3851 3490 3908 Christum
3525 3868 3723 3910 omnes

2131 3945 2269 3996 ﬁunt
2294 3940 2389 3995 lilii
2417 3958 2430 3993 :
2470 3956 2577 3996 non
2604 3949 2798 3996 natura
2828 3940 2970 3996 sicut
3007 3941 3199 4021 unicus
3224 3941 3389 4008 ﬁlius,
3418 3942 3511 4012 qui
3547 3943 3715 3998 etiam

2129 4034 2397 4105 sapientia
2433 4033 2529 4090 Dei
2573 4042 2677 4097 est,
2728 4047 2902 4103 neque
2951 4032 3195 4104 potentia
3239 4040 3296 4088 et
3341 4033 3718 4105 singularitate

2129 4126 2487 4197 susceptionis
2528 4124 2595 4180 ad
2627 4123 2925 4180 habendam
2972 4123 3294 4180 naturaliter
3350 4133 3408 4180 et
3446 4125 3717 4197 agendam

2126 4231 2414 4288 personam
2444 4215 2742 4285 sapientiae,
2775 4213 2916 4269 sicut
2936 4212 3052 4283 ipse
3077 4213 3364 4280 mediator,
3393 4228 3562 4270 unum
3588 4230 3715 4271 cum

2128 4310 2242 4378 ipsa
2273 4306 2599 4377 suscipiente
2623 4305 2885 4377 sapientia
2912 4305 3028 4360 sine
3054 4305 3461 4376 interpositione
3485 4306 3719 4377 alicujus

2126 4398 2444 4454 mediatoris
2474 4396 2732 4462 effectus;
2778 4398 2871 4452 sed
2900 4397 2995 4451 lilii
3021 4396 3159 4452 ﬁunt
3182 4398 3601 4470 participatione
3625 4415 3717 4456 sa-

443 4491 609 4547 fuerit
643 4491 884 4558 indutus,
911 4501 968 4548 et
1011 4494 1209 4549 missus
1248 4494 1303 4547 iu
1333 4493 1604 4546 flammam
1634 4491 1871 4562 Spiritus
1899 4510 2024 4549 san-
2048 4509 2102 4571 Β
2125 4492 2361 4565 pientite,
2408 4489 2461 4545 id
2498 4496 2836 4559 praeparante
2873 4498 3035 4558 atque
3062 4496 3354 4559 praestante
3394 4491 3715 4546 mediatoris

440 4584 517 4640 eti
545 4585 738 4641 ardore
771 4585 1070 4651 canduerit,
1106 4599 1213 4639 non
1258 4583 1573 4654 intelligitur
1605 4601 1797 4641 aurum
1826 4585 1915 4651 sit,
1949 4603 2019 4641 an

442 4683 759 4744 argentum;
791 4674 1029 4746 quandiu
1078 4673 1228 4729 calor
1271 4687 1505 4728 massam
1552 4676 1829 4745 possidet,
1880 4692 2021 4732 unus

441 4766 631 4835 igneus
643 4764 793 4819 color
819 4772 920 4829 est,
938 4762 1180 4818 etomnis
1195 4761 1481 4818 diversitas
1501 4766 1731 4835 generis,
1756 4766 2019 4821 conditio-

439 4858 529 4914 nis
573 4866 631 4912 et
667 4871 957 4926 corporum
1004 4852 1249 4909 aufertur
1298 4853 1601 4911 istiusmodi
1650 4857 2013 4912 vestimento:

443 4947 571 5003 Non
603 4959 679 5003 est
710 4947 847 5003 enim
875 4946 1133 5011 Judtrus,
1171 4962 1333 5018 neque
1365 4944 1598 5003 (ἓν-ωειλ..
1651 4946 1758 5004 Pro
1805 4948 2014 5015 Crteco,

438 5041 698 5110 gentilem
746 5039 993 5108 accipere
1017 5037 1275 5094 debemus
1309 5056 1323 5092 :
1352 5039 1477 5110 quia
1518 5040 1664 5100 mm
1686 5048 1742 5096 et
1767 5040 2017 5096 Graecum

441 5140 497 5187 et
520 5130 793 5186 ethnicum
820 5116 1109 5199 utrumque
1136 5129 1426 5199 significat.
1450 5128 1559 5186 Nec
1577 5129 1794 5186 Iudaeus
1816 5132 2033 5207 idcirco,

441 5218 635 5273 melior
673 5224 788 5282 est,
824 5217 948 5286 quia
989 5217 1342 5273 circumcisus
1369 5226 1484 5284 est,
1517 5233 1617 5275 nec
1652 5220 1867 5291 gentilis
1898 5221 2018 5276 ideo

441 5308 701 5373 deterior,
737 5308 863 5379 quia
901 5308 1220 5379 praeputium
1266 5307 1586 5374 habet;-sed
1625 5326 1725 5382 pro
1753 5310 2017 5381 qualitate

441 5397 590 5463 fidei,
624 5397 709 5454 vel
743 5398 979 5465 Iudaeus,
1007 5397 1091 5455 vel
1127 5398 1367 5465 Graecus,
1403 5398 1592 5457 melior
1627 5401 1741 5456 sive
1779 5401 2017 5457 deterior

436 5496 547 5547 est.
574 5489 774 5546 Servus
798 5505 1011 5562 quoque
1035 5499 1092 5547 et
1117 5490 1252 5547 liber
1283 5506 1391 5547 non
1419 5491 1725 5548 conditione
1752 5508 2014 5565 separan-

439 5590 533 5639 tur
557 5583 652 5638 sed
681 5583 808 5647 ﬁde,
854 5584 980 5653 quia
1010 5590 1187 5654 potest
1222 5598 1410 5639 servus
1451 5583 1623 5639 libero
1650 5600 1773 5640 esse
1802 5585 2010 5651 melior,

440 5683 497 5729 et
525 5671 660 5730 liber
685 5688 899 5730 servum
922 5673 977 5728 in
1002 5673 1126 5728 ﬁdei
1150 5673 1410 5744 qualitate
1436 5681 1780 5742 przevertere.
1806 5672 2014 5729 Mascu-

443 5762 526 5819 lus
566 5765 899 5825 similiter.et
937 5764 1159 5831 femina,
1214 5764 1529 5822 fortitudine
1571 5772 1625 5821 et
1649 5763 2013 5821 imbecillitate

2129 4585 2255 4649 lide,
2285 4597 2448 4652 quam
2487 4581 2611 4635 ﬁdei
2654 4579 2884 4650 gratiam
2934 4594 3077 4635 nunc
3119 4580 3490 4636 indumentum
3533 4590 3713 4638 vocat.

2130 4674 2203 4732 Ut
2235 4673 2510 4729 Christum
2554 4671 2725 4726 induti
2765 4679 2892 4726 sunt
2927 4671 3020 4742 qui
3064 4672 3119 4726 in
3159 4686 3283 4727 eum
3324 4673 3712 4741 crediderunt,

2127 4776 2184 4824 et
2210 4768 2330 4823 ideo
2348 4766 2452 4821 'ﬁlii
2482 4766 2594 4827 Dei,
2628 4764 2932 4834 fratresque
2969 4764 3209 4834 ejusdem
3240 4765 3555 4822 mediatoris
3580 4766 3715 4824 εσθ-

2125 4855 2201 4911 eti
2226 4866 2373 4919 sunt,
2399 4856 2453 4910 in
2479 4869 2585 4924 qua
2616 4854 2720 4909 ﬁde
2752 4869 2857 4908 non
2889 4862 2975 4908 est
2995 4853 3283 4921 distantia,
3313 4854 3483 4911 Judaei
3533 4872 3713 4925 neque

2128 4944 2326 5009 Graeci,
2350 4960 2458 5001 non
2497 4945 2638 4999 servi
2688 4958 2861 5013 neque
2914 4943 3091 5009 liberi,
3122 4932 3228 5000 non
3267 4946 3493 5004 masculi
3530 4956 3587 5004 et
3628 4947 3711 5005 fe-

2120 5035 2299 5090 minae.
2345 5035 2401 5089 In
2429 5045 2686 5104 quantum
2719 5035 2863 5089 enim
2890 5050 3079 5090 omnes
3123 5034 3308 5093 ﬁdeles
3334 5047 3484 5106 sunt,
3515 5054 3713 5097 omnes

2120 5145 2286 5184 unum
2313 5137 2439 5184 sunt
2467 5129 2519 5199 in
2549 5128 2766 5185 Christo
2788 5128 2939 5185 Jesu.
2975 5129 3042 5184 Et
3070 5130 3117 5185 si
3139 5130 3244 5187 hoc
3269 5129 3398 5187 facit
3424 5131 3582 5199 ﬁdes,
3608 5150 3710 5205 per

2119 5237 2282 5291 quam
2314 5222 2366 5276 in
2397 5221 2499 5276 hac
2523 5221 2633 5275 vita
2649 5220 2795 5291 juste
2821 5219 3148 5288 ambulatur,
3177 5232 3381 5292 quanto
3409 5222 3708 5293 perfectius

2119 5322 2282 5382 atque
2326 5313 2652 5370 cumulatius
2697 5312 2751 5368 id
2781 5312 2990 5383 species
3024 5312 3142 5382 ipsa
3184 5313 3391 5369 factura
3421 5323 3529 5380 est,
3578 5331 3706 5370 cum

2119 5403 2421 5459 videbimus
2480 5401 2619 5457 faeie
2673 5401 2741 5456 ad
2790 5401 2983 5457 faciem
3029 5419 3042 5456 :
3097 5417 3222 5457 nam
3278 5419 3422 5459 nunc
3453 5406 3705 5475 quamvis

2120 5492 2388 5563 primitias
2417 5493 2678 5548 habentes
2707 5493 2954 5564 spiritus,
2982 5494 3072 5564 qui
3110 5494 3217 5549 vita
3247 5501 3330 5548 est
3361 5504 3584 5564 propter
3606 5494 3702 5564 ju-

2118 5584 2320 5640 stitiam
2351 5583 2495 5649 ﬁdei,
2526 5593 2705 5640 tamen
2733 5585 2859 5655 quia
2894 5585 3072 5640 adhuc
3098 5594 3370 5642 mortuum
3396 5595 3478 5642 est
3503 5602 3703 5659 corpus

2118 5684 2335 5745 propter
2373 5686 2675 5746 peccatum,
2709 5676 3011 5733 differentia
3061 5677 3160 5734 ista
3194 5678 3275 5733 vel
3312 5680 3575 5750 gentimu,
3616 5681 3703 5735 vel

2120 5766 2442 5823 conditionis
2468 5768 2549 5822 vel
2591 5783 2752 5824 sexus
2780 5784 2885 5837 iam
2915 5769 3131 5839 quidem
3163 5769 3340 5827 ablata
3369 5779 3451 5827 est
3478 5771 3549 5826 ab
3578 5770 3700 5825 uni-
