4022 6338
283 354 392 411 369

277 459 400 524 'tate
429 467 576 532 ﬁdet,
607 471 701 525 sed
732 479 910 523 manet
935 470 986 522 in
1015 470 1428 524 conversatione
1453 469 1665 522 mortali
1698 484 1708 521 :
1735 466 1876 534 ejus—
1903 485 1951 540 Α

281 577 392 632 que
420 562 668 628 ordinem
707 562 761 615 in
790 561 950 630 hujus
983 561 1106 616 vita:
1157 562 1351 616 itinere
1380 560 1704 614 servandum
1731 575 1872 626 esse,

282 663 341 708 et
371 653 599 723 apostoli
630 653 979 723 principium,
1015 651 1106 721 qui
1133 652 1298 706 etiam
1329 650 1539 721 regulas
1579 652 1874 706 saluberri-

281 761 406 799 mas
434 746 674 809 tradunt,
699 744 1151 815 quemadmodum
1180 757 1360 798 secum
1389 744 1573 797 vivant
1602 757 1700 812 pro
1726 742 1876 797 dilic-

281 835 466 889 rentia
520 835 716 905 gentis,
763 834 934 890 Juda'i
976 845 1031 889 et
1079 831 1276 898 Graeci,
1327 843 1382 888 et
1427 849 1526 903 pro
1573 832 1872 888 differentia

276 928 638 993 conditionis,
691 928 892 982 domini
941 937 998 982 et
1046 926 1208 989 servi,
1242 935 1295 981 et
1341 927 1640 982 differentia
1689 942 1870 992 sexus,

276 1021 388 1074 viri
424 1030 479 1075 et
513 1020 737 1075 uxoris:
786 1018 868 1073 vel
902 1019 948 1074 si
979 1034 1083 1090 qua
1126 1018 1252 1073 talia
1299 1029 1494 1073 cmtera
1543 1029 1868 1083 occurrunt;

273 1119 338 1165 et
376 1113 491 1181 ipse
517 1111 668 1182 prior
700 1111 980 1174 Dominus,
1013 1110 1104 1181 qui
1146 1111 1222 1165 ait
1254 1128 1267 1164 :
1296 1109 1511 1166 Reddite
1537 1109 1739 1166 Cwsari
1755 1127 1872 1182 qua:

275 1199 516 1256 Cresaris
546 1211 688 1267 sunt,
719 1210 766 1255 et
795 1200 903 1256 Deo
929 1217 1045 1272 qua?
1070 1201 1161 1255 Dei
1185 1213 1304 1255 sunt
1337 1201 1554 1272 (Matth.
1587 1217 1662 1256 xu
1683 1217 1696 1266 ;
1721 1200 1866 1261 ,Luc.

273 1291 399 1358 xx).
432 1291 549 1346 Alia
577 1301 703 1347 sunt
729 1293 873 1346 enim
902 1306 1022 1360 quae
1051 1306 1333 1346 servamus
1364 1293 1415 1346 iu
1455 1291 1715 1346 unitatem
1746 1291 1868 1346 ﬁdei

273 1381 401 1435 sine
429 1379 534 1436 ulla
565 1381 839 1446 distantia,
870 1390 922 1436 et
953 1380 1056 1434 alia
1099 1380 1152 1434 in
1183 1382 1375 1436 ordine
1401 1382 1524 1435 vita:
1553 1381 1713 1449 hujus
1748 1390 1866 1434 tan—

270 1487 448 1540 quam
475 1472 528 1525 in
555 1472 664 1534 via,
697 1487 764 1526 ne
790 1487 982 1525 nomen
1015 1472 1227 1526 Domini
1267 1480 1320 1527 et
1350 1473 1597 1528 doctrina
1624 1472 1869 1542 blasphe-

271 1573 483 1619 metur.
506 1564 572 1618 Et
596 1564 698 1620 hoc
719 1579 824 1618 non
851 1564 1023 1619 solum
1046 1575 1267 1634 propter
1287 1565 1443 1630 iram,
1469 1575 1527 1620 ut
1547 1563 1867 1636 eﬁ'ugiamus

268 1653 632 1710 offensionem
671 1657 971 1721 hominum,
1002 1656 1095 1711 sed
1134 1657 1298 1712 etiam
1328 1665 1546 1727 propter
1583 1658 1864 1712 conscien-

273 1747 435 1810 tiam,
470 1755 665 1802 utnon
701 1747 949 1802 simulate
977 1747 1130 1817 quasi
1165 1747 1232 1802 ad
1258 1746 1444 1802 oculos
1478 1747 1754 1801 hominum
1789 1748 1863 1802 ita

271 1839 545 1894 faciamus
585 1857 599 1891 :

269 1930 472 1996 Deum,
495 1933 585 2002 qui
610 1949 787 1987 omnes
806 1933 1041 1986 homines
1070 1931 1173 1986 uult
1207 1931 1375 1986 salvos
1400 1931 1538 2000 ﬁeri,
1564 1940 1610 1984 et
1639 1931 1692 1983 in
1716 1931 1867 2000 agni-

267 2024 472 2077 tionem
496 2024 730 2078 veritatis
765 2025 935 2077 venire
963 2022 1014 2094 (Ι
1042 2021 1178 2077 Tim.
1215 2022 1299 2093 ιι).

346 2135 406 2191 Si
454 2147 629 2190 autem
675 2152 762 2190 uos
806 2152 967 2188 unum
1010 2136 1132 2190 estis
1185 2137 1240 2190 in
1281 2135 1490 2191 Christo
1531 2133 1686 2201 Jesu,‘
1741 2152 1863 2206 ergo

266 2226 502 2280 Abrahte
525 2242 696 2280 semen
717 2226 861 2290 estis,
885 2225 1166 2279 secundum
1191 2227 1585 2295 promissionem
1609 2225 1860 2278 Itan'edes.

267 2315 510 2388 (Ambr.)
549 2315 747 2371 Semen
769 2315 1000 2371 Abrahre
1033 2325 1157 2371 sunt
1187 2331 1374 2371 omnes
1403 2318 1706 2383 credentes,
1736 2318 1862 2387 quia

263 2407 547 2462 Abraham
583 2418 740 2478 pater
773 2419 859 2463 est.
898 2408 1138 2462 omnium
1185 2410 1540 2464 credentium.
1579 2409 1646 2464 Et
1693 2411 1737 2464 si
1770 2411 1861 2465 lilii

261 2507 417 2562 sunt,
441 2498 745 2552 necessario
765 2496 1144 2568 promissionis
1164 2498 1280 2568 ejus
1302 2499 1564 2564 haeredes,
1593 2508 1651 2553 ut
1665 2515 1860 2554 conse-

261 2596 510 2657 quantur
536 2603 631 2657 per
657 2587 834 2650 ﬁdem,
867 2590 1012 2658 quod
1059 2590 1382 2658 promissum
1413 2598 1496 2645 est
1520 2590 1770 2656 Abrahae,
1803 2599 1862 2644 ut

263 2679 566 2749 participes
601 2679 770 2735 simus
795 2678 1202 2749 justiﬁeationis
1231 2679 1348 2748 ejus
1397 2681 1450 2736 in
1493 2697 1658 2753 regno
1692 2682 1859 2737 coelo-

263 2786 410 2824 rum.
437 2769 707 2842 (Ηὶει-οη.)
735 2770 870 2838 Quia
906 2770 1358 2840 repromissiones
1391 2772 1456 2825 ad
1488 2771 1762 2827 Abraham
1805 2781 1861 2827 et

266 2860 340 2914 ad
371 2875 561 2915 semen
590 2862 707 2932 ejus
734 2861 891 2917 facta:
922 2871 1067 2928 sunt,
1096 2863 1238 2932 quod
1287 2871 1371 2918 est
1399 2862 1646 2918 Christus
1675 2863 1856 2929 Jesus,

265 2965 676 3024 consequenter
707 2956 763 3010 bi
793 2955 884 3026 qui
910 2955 1111 3011 Christi
1143 2955 1260 3022 ﬁlii,
1293 2957 1346 3012 id
1383 2965 1485 3023 est,
1513 2973 1699 3012 semen
1739 2957 1858 3026 ejus

261 3054 412 3110 sunt,
464 3060 651 3101 semen
694 3061 912 3116 quoque
942 3048 1200 3102 dicuntur
1221 3049 1515 3114 Abraham,
1554 3048 1707 3116 cujus
1731 3061 1856 3105 sunt

261 3147 454 3188 semen
499 3148 566 3186 ex
598 3134 802 3188 semine
834 3152 846 3188 :
885 3149 1072 3188 verum
1120 3135 1549 3204 quotiescunque
1592 3119 1851 3191 Dominus

772 351 1321 410 ENARlUTlONUM
1358 351 1424 408 IN
1457 351 1613 408 ΕΡΡ.
1653 351 1859 408 PAULI
1895 350 2024 407 LlB.
2062 350 2180 407 XV.
2223 382 2291 392 —
2328 349 2395 406 lN
2434 351 2648 408 EPIST.
2690 350 2781 406 AD
2818 351 3068 408 GALAT.

3449 355 3564 412 5ιο

2590 463 2817 519 CAPUT
2869 465 2958 518 lV.

1977 555 2216 612 Ostendit
2239 555 2514 625 Apostolus
2545 555 2883 625 cessationem
2920 554 3165 624 legalium
3198 573 3290 625 per
3318 556 3552 611 duass!-

2045 624 2389 690 militudiues,
2413 627 2715 696 interposita
2739 624 3052 680 Galatarum
3083 624 3481 696 ingralituditte.

2045 741 2175 794 Dico
2223 752 2416 804 autem,
2463 750 2660 810 quanto
2705 749 2931 807 tempore
2967 739 3131 793 Ita’res
3170 739 3418 810 parvulus
3455 752 3552 806 est,

1975 832 2106 886 nihil
2146 831 2321 900 (li/fert
2351 849 2381 884 a
2405 847 2571 893 servo,
2600 846 2717 882 cum
2757 831 2822 882 sit
2847 829 3101 884 Dominus
3150 832 3417 897 omnium;
3463 834 3552 888 sed

1973 924 2067 978 sub
2110 925 2364 976 tutoribus
2401 933 2448 976 et
2477 921 2739 975 actoribus
2785 931 2880 985 est,
2924 938 3086 992 usque
3125 922 3192 975 ad
3233 924 3553 993 prteﬁuitum

1973 1025 2172 1084 tempus
2208 1031 2239 1066 a
2266 1026 2431 1083 patre.
2468 1011 2701 1082 (Ambta)
2747 1011 2944 1067 Verum
2980 1021 3063 1068 est
3102 1015 3226 1082 quia
3261 1013 3352 1082 jus
3384 1016 3555 1084 patris

1973 1107 2361 1160 ordinaverunt
2399 1112 2453 1157 et
2494 1119 2663 1172 usque
2711 1104 2776 1158 ad
2812 1119 2971 1172 quam
3011 1114 3226 1160 aetatem
3277 1105 3554 1173 subjectus

1972 1199 2166 1253 debeat
2199 1211 2319 1251 esse
2347 1195 2559 1251 adultus
2589 1205 2917 1261 statuerunt,
2965 1199 3035 1250 ita
3066 1208 3123 1250 ut
3149 1198 3384 1267 quaudiu
3423 1214 3551 1267 par-

1972 1290 2128 1345 vulus
2156 1301 2260 1353 est,
2291 1289 2538 1344 libertate
2582 1306 2676 1343 sua
2711 1290 2785 1342 uti
2817 1305 2920 1342 non
2951 1291 3137 1359 possit,
3172 1305 3346 1359 neque
3382 1292 3554 1346 domi-

1971 1382 2111 1446 nari,
2144 1383 2299 1452 quasi
2339 1382 2514 1436 haeres
2544 1398 2556 1433 :
2587 1382 2680 1436 sed
2712 1381 2903 1435 similis
2929 1398 3095 1453 prope
3137 1384 3309 1438 servis
3338 1384 3389 1437 in
3425 1401 3554 1439 con-

1971 1472 2173 1526 ditione
2199 1480 2283 1526 est
2331 1481 2640 1526 curatorum
2693 1471 2773 1526 vel
2831 1481 3095 1527 actorum.
3149 1473 3262 1529 lloc
3309 1477 3554 1546 exemplo

1969 1564 2158 1634 probat
2211 1579 2305 1618 eos
2350 1565 2440 1632 qui
2487 1565 2586 1618 sub
2634 1563 2749 1633 lege
2795 1563 3034 1629 fuerunt,
3083 1565 3337 1635 parvulos
3383 1567 3552 1622 fuisse

1969 1656 2115 1711 circa
2169 1655 2460 1720 meritum,
2509 1670 2610 1710 nec
2654 1655 2956 1710 libertatem
3007 1656 3282 1722 habuisse,
3323 1660 3446 1727 quia
3497 1662 3550 1713 in

1968 1747 2274 1803 conditione
2312 1747 2446 1818 legis
2472 1755 2628 1802 erant
2667 1749 2894 1817 subjecti
2925 1765 3088 1804 causa
3127 1752 3353 1820 peccati.
3390 1751 3476 1806 Ita
3504 1766 3552 1806 et

643 1840 736 1894 sed
768 1855 902 1910 pura
933 1840 1238 1895 dilectionis
1263 1841 1618 1904 conscientia,
1648 1847 1864 1908 propter
1893 1829 1939 1888 Β
1968 1857 2061 1894 nos
2087 1857 2205 1894 cum
2235 1857 2461 1895 essemus
2494 1840 2722 1910 parvuli,
2753 1841 2847 1894 sub
2881 1841 3146 1897 elementis
3182 1844 3340 1914 hujus
3371 1847 3552 1900 mundi

1967 1949 2176 1986 eramus
2218 1933 2514 1987 servientes.
2552 1934 2607 1988 lu
2640 1934 2944 2001 elementis,
2987 1937 3308 1993 Neomenias
3347 1939 3552 2009 signiti-

1967 2032 2054 2078 cat
2082 2035 2136 2078 et
2171 2025 2452 2079 sabbatum
2494 2044 2506 2080 :
2550 2025 2858 2081 Ncomeniac
2887 2025 3054 2092 enim,
3089 2031 3204 2085 dies
3229 2039 3353 2085 sunt
3401 2031 3552 2086 luna-

1966 2129 2073 2179 res,
2107 2131 2242 2184 quos
2275 2118 2568 2172 observant
2607 2115 2774 2171 Judati
2799 2159 2812 2179 ,
2843 2117 3139 2173 Sabbatum
3175 2136 3302 2175 vero
3329 2122 3442 2176 dies
3471 2139 3554 2178 rc-

1965 2209 2278 2279 quielionis.
2331 2207 2634 2277 Antequam
2682 2211 2890 2264 veniret
2934 2227 3064 2282 ergo
3119 2213 3444 2282 promissio,
3496 2215 3550 2269 id

1963 2310 2066 2367 est,
2119 2301 2316 2355 donum
2370 2301 2561 2370 gratia:
2613 2302 2704 2355 Dei
2755 2303 3047 2371 ptn'ilieans
3073 2302 3400 2372 justiﬁearet
3431 2321 3550 2360 cre—

1963 2393 2174 2458 dentes,
2205 2393 2357 2463 quasi
2393 2393 2694 2464 imperfecti
2743 2405 2796 2448 et
2837 2397 3045 2466 parvuli
3095 2413 3193 2466 per
3230 2397 3403 2468 legem
3452 2398 3545 2454 Dei

1962 2487 2188 2556 subjecti
2245 2504 2462 2543 eramus
2509 2490 2818 2554 conservis,
2867 2491 3020 2559 quasi
3073 2493 3376 2563 pmdagogis
3419 2510 3431 2546 :
3478 2493 3544 2545 li-

1961 2580 2142 2635 bertas
2171 2581 2314 2634 enim
2352 2591 2535 2636 nostra
2577 2581 2806 2634 obnoxia
2840 2593 2957 2635 erat
2983 2598 3144 2636 causa
3171 2583 3400 2652 peccati.
3454 2581 3548 2636 Ni-~

1959 2668 2036 2722 hil
2086 2681 2266 2724 tamen
2317 2670 2385 2723 de
2429 2669 2712 2724 chamentis
2759 2674 3052 2740 sperabant
3097 2672 3265 2727 Judaei
3313 2673 3452 2728 sicut
3492 2682 3546 2728 et

1958 2761 2176 2831 pagani,
2217 2762 2308 2815 sed
2341 2770 2640 2816 creatorem
2669 2762 2837 2817 Deum
2868 2767 3268 2820 venerabantur
3309 2766 3362 2820 in
3391 2781 3541 2820 crea-

1959 2859 2099 2904 tura.
2133 2849 2403 2921 (llieron.)
2446 2851 2628 2905 [heres
2665 2853 2764 2906 iste
2795 2857 3042 2922 parvulus
3076 2856 3166 2925 qui
3201 2854 3332 2914 nihil
3366 2857 3543 2926 di/fert

1957 2958 1990 2994 a
2018 2958 2186 3006 servo,
2221 2958 2339 2994 cum
2367 2943 2431 2995 sit
2455 2942 2699 2996 dominus
2742 2960 2996 3008 omnium,
3028 2947 3118 2998 sed
3155 2947 3249 3000 sub
3279 2947 3546 3002 tutoribus

1955 3040 2003 3085 et
2027 3032 2290 3086 actoribus
2313 3041 2407 3096 est,
2435 3049 2597 3102 usque
2631 3033 2700 3086 ad
2738 3033 3056 3103 prie/initum
3085 3047 3283 3107 tempus
3313 3055 3345 3091 α
3369 3047 3540 3104 patre,

1957 3130 2128 3177 totum
2171 3123 2464 3178 lunnanutn
2493 3139 2661 3194 genus
2690 3140 2858 3194 usque
2893 3127 2958 3181 ad
2979 3123 3279 3183 ‘advcntuin
3311 3128 3538 3195 Christi,

260 3223 618 3281 nosterJesus
629 3226 872 3282 Christus
886 3241 1071 3281 semen
1084 3227 1316 3282 Abrahae
1331 3229 1851 3300 nominatur,corpo-

1957 3224 2034 3282 et,
2065 3225 2121 3271 ut
2144 3217 2372 3286 amplius
2386 3217 2583 3282 dicant,
2608 3234 2776 3288 usque
2805 3220 2871 3274 ad
2903 3222 3088 3276 mundi
3115 3225 3539 3280 consummatio-

259 3316 454 3371 raliter
469 3318 809 3372 sentiendum
838 3329 938 3378 est,
957 3319 1098 3387 quod
1117 3334 1182 3373 ex
1205 3319 1323 3390 ejus
1347 3321 1514 3391 stirpe
1530 3329 1844 3392 generetur;

259 3410 480 3478 quoties
506 3419 685 3465 autem
718 3426 834 3476 nos,
865 3411 957 3480 qui
987 3411 1286 3467 Salvatoris
1320 3427 1570 3468 sermone
1600 3423 1848 3483 suscepto

256 3505 594 3561 credidimus
621 3508 673 3560 in
704 3522 849 3572 eum,
865 3517 920 3562 et
945 3508 1280 3562 nobilitatem
1302 3509 1758 3579 generisAbrahm
1777 3511 1846 3565 ad

258 3614 423 3668 quem
473 3599 760 3668 promissio
806 3609 890 3654 est.
939 3599 1080 3654 facta
1129 3601 1492 3670 suscepimus,
1533 3601 1847 3671 spiritaliter

258 3704 447 3744 seinen
473 3689 593 3743 ﬁdei
617 3699 670 3744 et
691 3690 1087 3760 prazdicatiouis
1113 3691 1360 3760 accipere
1387 3691 1664 3746 debemus.
1682 3692 1844 3748 Dein-

258 3781 326 3834 de
374 3781 542 3835 etiam
600 3782 704 3836 hoc
765 3782 1256 3847 considerandum,
1311 3785 1454 3853 quod
1509 3785 1720 3854 quando
1780 3787 1847 3841 de

259 3870 490 3924 Domino
535 3870 796 3941 loquitur,
834 3871 1060 3926 Abrahae
1106 3874 1262 3927 dicta:
1309 3886 1430 3929 sunt
1475 3877 1844 3946 promissiones

256 3969 307 4012 et
334 3961 520 4014 semini
543 3961 675 4031 ejus,
706 3962 810 4017 hoc
836 3971 938 4028 est,
968 3963 1184 4018 Christo
1218 3962 1362 4028 Jesu,
1398 3967 1844 4035 repromissiones

255 4051 542 4120 pluraliter
559 4063 720 4123 ponat
740 4073 752 4107 :
771 4056 984 4123 quando
1007 4071 1135 4111 vero
1156 4059 1222 4112 de
1242 4059 1326 4113 his
1345 4060 1436 4128 qui
1459 4073 1556 4130 per
1569 4059 1844 4115 Christum

257 4158 445 4197 semcn
493 4153 617 4198 sunt
643 4145 896 4211 Abrahae,
944 4147 1290 4218 singulariter
1317 4151 1663 4220 repromissio
1701 4168 1843 4205 nun-

257 4242 512 4302 cupetur,
555 4243 615 4288 ut
664 4234 718 4289 in
766 4237 1018 4306 prtesenti
1065 4237 1182 4293 loco
1213 4256 1225 4290 :
1253 4238 1394 4310 Ergo
1419 4240 1642 4294 Abraha:
1667 4259 1842 4297 semen

255 4327 402 4389 estis,
425 4328 710 4381 secundum
731 4330 1127 4398 promissionem
1150 4331 1400 4385 hwredes.
1424 4331 1629 4388 Decens
1645 4335 1841 4405 quippe

257 4430 394 4484 erat,
422 4422 649 4492 utquod
689 4422 741 4476 in
770 4422 986 4477 Christo
1018 4438 1124 4477 uno
1151 4423 1426 4492 pluraliter
1454 4426 1752 4488 dicebatur,
1785 4427 1839 4482 id

255 4512 312 4567 in
341 4513 528 4568 multis
572 4515 877 4569 hominibus
917 4515 1260 4585 singulariter
1288 4527 1595 4585 poneretur.
1653 4517 1835 4590 (Aug.)
1863 4561 1915 4619 Ι)

258 4601 521 4672 Superius
545 4605 686 4658 enim
715 4605 923 4659 dixerat
950 4625 963 4659 :
997 4605 1120 4658 Non
1151 4606 1355 4662 dicit.et
1390 4608 1671 4662 seminibus
1715 4618 1835 4662 tan-

254 4711 411 4764 quam
451 4696 504 4748 in
535 4695 735 4760 multis,
768 4697 858 4750 sed
891 4707 1141 4766 tauquam
1186 4699 1240 4751 in
1273 4714 1394 4759 uno,
1428 4708 1475 4751 et
1512 4701 1697 4753 semini
1722 4710 1834 4766 tuo,

252 4786 394 4855 quod
442 4795 519 4840 est
541 4784 801 4852 Christus,
849 4787 937 4843 hic
980 4802 1110 4858 ergo
1151 4789 1389 4842 ostendit
1441 4805 1604 4845 unum
1653 4808 1836 4846 semen

253 4872 564 4940 Christum,
605 4891 714 4930 non
760 4883 964 4930 tantum
1019 4877 1195 4946 ipsum
1241 4879 1591 4934 ntediatorcm
1641 4881 1838 4935 intelli-

255 4965 489 5036 gendum
529 4980 651 5022 esse
695 4983 709 5018 :
757 4981 943 5020 verum
987 4969 1149 5022 etiam
1178 4969 1495 5033 Ecclesiam,
1545 4969 1698 5038 cujus
1749 4972 1837 5027 ille

254 5055 500 5124 corporis
540 5064 702 5126 caput
736 5065 839 5122 est,
870 5065 929 5110 ut
958 5073 1147 5112 omnes
1176 5058 1228 5111 in
1265 5057 1481 5114 Christo
1520 5078 1685 5115 unum
1726 5063 1835 5116 sint

255 5157 310 5202 et
334 5148 551 5217 capiant
577 5147 870 5202 secundum
898 5149 1309 5218 promissionem
1333 5151 1705 5208 intereditatem
1737 5171 1836 5224 per

255 5236 438 5303 ﬁdem,
470 5237 523 5291 in
557 5253 716 5306 quam
747 5238 1032 5294 conclusus
1070 5249 1205 5304 erat,
1237 5243 1288 5298 id
1330 5253 1439 5306 est,
1469 5245 1520 5298 in
1547 5247 1702 5316 cujus
1739 5248 1834 5302 ad-

252 5337 474 5382 ventum
509 5337 766 5398 tauquam
794 5331 892 5385 sub
917 5331 1206 5402 paedagogo
1231 5335 1634 5390 custodiebatur
1661 5353 1834 5408 popu-

250 5415 356 5482 lus,
391 5433 564 5487 usque
594 5419 661 5473 ad
687 5419 863 5474 aetatis
894 5421 1384 5490 opportunitatem:
1419 5427 1543 5493 quia
1581 5427 1633 5479 in
1669 5426 1830 5483 liber-

251 5515 414 5561 tatem
449 5508 674 5562 vocandi
703 5520 859 5563 erant
888 5510 978 5578 qui
1011 5511 1063 5564 in
1099 5511 1284 5566 eodem
1318 5514 1509 5583 populo
1536 5518 1828 5572 secundum

250 5598 583 5668 propositum
631 5600 806 5654 vocati
862 5609 1024 5665 sunt,
1089 5603 1140 5658 id
1204 5615 1306 5670 est,
1356 5606 1445 5673 qui
1487 5608 1539 5661 iu
1583 5608 1670 5663 illa
1699 5625 1826 5666 area

253 5689 580 5744 lrumentum
613 5691 810 5746 inventi
845 5701 988 5746 sunt.

1954 3323 2078 3364 nem
2110 3310 2396 3380 significat.
2431 3310 2709 3378 Quomodo
2734 3314 2877 3368 enim
2909 3329 3098 3371 omnes
3128 3317 3180 3370 in
3206 3317 3540 3388 protoplasto

1954 3399 2125 3453 Adam
2177 3400 2402 3455 necdum
2456 3403 2568 3457 nati
2609 3404 2914 3460 tuoriuntur
2964 3423 2976 3458 :
3021 3407 3096 3461 ita
3139 3408 3301 3462 etiam
3348 3423 3536 3465 omnes

1956 3492 2008 3546 hi
2041 3492 2131 3560 qui
2165 3504 2290 3546 ante
2322 3493 2610 3548 adventum
2635 3495 2834 3550 Christi
2877 3499 2987 3551 nati
3035 3508 3180 3566 sunt,
3215 3500 3266 3553 in
3298 3502 3537 3556 secundo

1951 3583 2123 3637 Adam
2153 3585 2512 3640 viviﬁcantm'.
2544 3587 2720 3657 Atque
2750 3587 2818 3641 ita
2848 3588 2957 3653 ﬁet,
2990 3599 3050 3643 ut
3082 3600 3137 3644 et
3162 3607 3260 3646 nos
3287 3591 3389 3664 legi
3418 3610 3535 3649 ser-

1952 3679 2212 3734 vierimus
2240 3681 2292 3733 i'u
2324 3681 2586 3750 patrihus,
2614 3691 2668 3735 et
2696 3681 2768 3736 illi
2798 3683 2970 3752 gratia
3003 3684 3278 3740 salventur
3308 3686 3359 3740 in
3390 3687 3532 3742 ﬁliis.

1950 3769 2056 3824 Iste
2110 3771 2412 3825 intellectus
2467 3771 2719 3826 Ecclesia:
2760 3771 3050 3829 Catholica:
3097 3775 3367 3840 convenit,
3418 3793 3537 3846 qum

1956 3864 2173 3918 Veteris
2209 3873 2263 3918 cl.
2289 3863 2420 3918 Novi
2455 3865 2784 3919 Tcstamenti
2814 3883 2975 3919 unaut
3016 3868 3211 3922 asserit
3246 3870 3537 3938 providen-

1953 3955 2104 4016 tiam,
2157 3971 2256 4009 nec
2301 3956 2583 4027 distinguit
2632 3955 2683 4010 in
2731 3967 2991 4024 tempore,
3041 3975 3178 4028 quos
3227 3961 3533 4015 conditione

1950 4049 2194 4104 sociavit.
2247 4049 2446 4103 Omnes
2492 4048 2740 4104 aediﬁcati
2795 4065 2980 4104 sumus
3026 4067 3189 4121 super
3217 4051 3533 4107 fundamen-

1948 4149 2059 4194 tum
2103 4139 2463 4210 apostolorum
2513 4151 2568 4193 ct
2608 4141 3012 4210 propln‘rtarum,
3062 4143 3370 4198 continente
3431 4160 3532 4198 nos

1948 4230 2190 4301 anguluri
2238 4230 2412 4299 lapide
2449 4228 2574 4284 Jcsu
2625 4229 2840 4284 Christo
2892 4230 3115 4285 Domino
3171 4243 3380 4296 nostro,
3437 4233 3529 4306 qui

1946 4323 2073 4377 fecit
2131 4331 2360 4390 utraque
2416 4338 2605 4385 unum,
2657 4331 2712 4376 et
2776 4307 3011 4376 medium
3066 4324 3327 4393 parietem
3377 4323 3531 4378 dissi-

1945 4429 2097 4484 pans,
2141 4413 2480 4467 inimicitiam
2510 4415 2788 4482 utriusque
2821 4414 2999 4484 populi
3034 4415 3086 4468 in
3119 4431 3213 4470 sua
3243 4431 3403 4470 carne
3433 4416 3526 4471 de-

1945 4503 2162 4566 struxit,
2194 4510 2248 4556 ct
2274 4501 2506 4570 antiqua:
2530 4501 2662 4572 legis
2689 4489 3052 4557 diﬁicultatem
3081 4503 3522 4574 Evangelicorum

1943 4593 2251 4664 dogmatum
2299 4591 2606 4663 integritate
2656 4592 2902 4645 mutavit.
2969 4593 3198 4649 Tutores
3246 4603 3426 4650 autem
3473 4608 3526 4650 et

1941 4679 2154 4739 actores
2197 4694 2425 4754 possunt
2464 4693 2518 4738 et
2549 4685 2824 4754 prophetae
2863 4684 3056 4753 accipi,
3089 4700 3317 4754 quorum
3346 4688 3526 4743 verbis

1940 4774 2182 4845 quotidie
2228 4775 2279 4828 in
2326 4775 2558 4830 adventu
2586 4773 2884 4829 Salvatoris
2925 4775 3328 4843 erudiebamur,
3380 4780 3521 4835 sicut

1938 4866 2229 4936 pzedagriga
2266 4865 2434 4936 Moysi
2469 4865 2554 4920 lex
2598 4881 2761 4935 supra
2800 4867 3064 4922 edisserta
3109 4878 3210 4924 est.
3251 4869 3318 4924 Et
3344 4871 3516 4941 angeli

1941 4957 2287 5027 parvulorum
2315 4957 2406 5026 qui
2441 4956 2680 5024 quotidie
2709 4955 2892 5011 vident
2923 4955 3114 5014 faciem
3137 4959 3336 5025 Patris,
3361 4971 3415 5016 et
3443 4979 3517 5016 tn-

1943 5045 2228 5115 terpellant
2266 5060 2363 5115 pro
2404 5045 2504 5109 eis,
2543 5045 2606 5099 de
2637 5044 2834 5114 quibus
2876 5047 3077 5102 dicttun
3101 5058 3222 5105 est:
3263 5049 3514 5108 [inmittet

1942 5136 2183 5203 angelum
2225 5134 2438 5188 Domini
2469 5135 2522 5188 in
2564 5135 2784 5190 circuitu
2832 5139 3122 5193 ltmentium
3160 5158 3298 5206 eunt,
3335 5152 3381 5197 et
3417 5145 3520 5198 eri~

1937 5224 2043 5292 piet
2074 5240 2158 5277 eos
2187 5221 2355 5292 (Psal.
2382 5225 2595 5296 χχχιιι).
2623 5225 2851 5282 Ροεειιιιι
2874 5229 3095 5302 intelligi
3123 5241 3174 5287 et
3208 5234 3519 5292 sacerdOtes

1939 5324 1994 5368 et
2041 5315 2343 5384 principes,
2397 5317 2631 5387 qui'tum
2666 5321 3186 5392 pepuledominati,
3232 5342 3377 5380 nunc
3405 5325 3518 5382 for-

1939 5421 2082 5459 mam
2107 5407 2348 5476 prarbere
2372 5419 2680 5465 censentur.
2712 5412 2876 5467 Recte
2909 5414 2961 5470 hi
2984 5416 3083 5470 sub
3112 5419 3377 5474 tutoribus
3395 5433 3518 5474 esse

1938 5495 2209 5563 dicuntur,
2255 5501 2346 5568 qui
2395 5501 2656 5558 habentes
2705 5505 2950 5576 spiritum
3001 5509 3229 5576 timoris,
3283 5513 3512 5568 necdum

1938 5599 2254 5644 meruerunt
2276 5592 2520 5661 spiritum
2547 5594 2806 5651 libertatis
2836 5606 2889 5652 et
2910 5600 3208 5669 adoptionis
3233 5602 3508 5670 accipere:

1939 5677 2094 5735 IEtaS
2113 5682 2256 5737 enim
2279 5683 2514 5741 infantiae
2539 5689 2604 5742 ad
2621 5687 2837 5757 peccata
2869 5690 3138 5757 formidat,
3162 5694 3507 5766 paedagogum

1937 5771 2145 5839 metuit,
2179 5789 2281 5830 non
2313 5776 2531 5832 confidit
2570 5794 2688 5834 esse
2715 5794 2769 5836 se
2800 5781 3022 5837 liberam
3042 5823 3056 5848 ,
3089 5783 3210 5838 licet
3234 5798 3332 5854 per
3356 5795 3507 5841 natu~
