4022 6338
457 345 555 400 3H

1088 342 1150 397 Β.
1188 342 1437 398 RA'BANI
1475 341 1691 398 MAURI
1728 341 2041 398 ARClllEP.
2081 340 2387 399 MOGUNT.
2426 341 2708 399 OPERUM
2744 344 2923 398 PARS
2961 342 3049 397 Ill.

3586 336 3697 394 512

457 478 575 517 ram
589 459 801 517 uomiua
817 461 1287 516 sit.Etsecundum
1305 457 2017 529 utramqueintelligentiam,
2050 459 2095 515 A
2124 456 2397 524 gentium,
2429 455 2533 511 hoc
2572 457 2833 511 duntaxat
2856 456 3004 519 loco,
3031 455 3124 525 qui
3152 461 3206 509 et
3238 468 3421 509 eorum
3450 452 3735 524 pem.‘

457 569 562 623 qua
613 562 818 608 tutores
864 560 1178 615 etactores,
1220 551 1304 607 vel
1330 550 1638 622 prophetas,
1678 548 1763 603 vel
1805 547 2022 618 angelos

457 644 709 705 diximus,
734 641 991 712 parvulus
1022 642 1124 696 iste
1152 641 1335 696 tandiu
1363 641 1463 696 sub
1488 639 1766 695 actoribus
1803 648 1886 693 est
1935 645 2020 691 at-

455 747 563 805 que
594 732 881 795 tutoribus,
906 731 1078 786 donec
1104 730 1400 801 legitimum
1425 729 1651 801 perfecti
1686 728 1786 783 viri
1815 736 2024 797 tempus

455 822 777 893 impleverit.
809 820 1130 891 Legitimum
1178 830 1357 876 autem
1392 827 1620 891 tempus,
1646 819 1788 874 sicut
1824 817 2023 872 Roma-

457 915 545 973 nis
578 914 785 985 legibus
828 912 1277 983 vigintiquinque
1314 927 1577 966 annorum
1620 911 1796 981 spatio
1830 909 2021 965 termi-

456 1016 638 1072 natur,
660 1007 733 1061 ita
762 1006 829 1060 ad
863 1003 1084 1059 humani
1116 1002 1331 1074 generis
1372 999 1780 1072 perfectionem,
1822 999 2021 1056 Christi

455 1106 739 1170 reputatur
765 1097 1046 1158 adventus,
1072 1094 1255 1149 statim
1297 1100 1358 1147 ut
1382 1092 1469 1147 ille
1496 1092 1725 1158 venerit,
1753 1100 1809 1145 et
1833 1105 2023 1146 omnes

455 1189 513 1244 in
536 1189 709 1243 virum
734 1188 1034 1257 perfectum
1064 1183 1413 1247 creverimus,
1441 1182 1762 1253 paedagogus
1788 1197 1820 1235 a
1868 1182 2022 1236 nobis

456 1288 709 1349 tutorque
759 1278 1060 1333 discedunt.
1129 1274 1281 1329 Tunc
1337 1273 1662 1329 auctoritate
1704 1271 1918 1326 Domini
1963 1278 2021 1326 et

457 1369 789 1427 haereditatis
832 1366 1173 1439 possessione
1214 1363 1584 1435 perfruemur,
1630 1363 1687 1419 in
1733 1378 1837 1433 qua
1871 1363 2022 1432 prius

454 1460 589 1526 nati,
616 1456 1010 1528 quodammodo
1037 1456 1362 1524 putabatnur
1393 1453 1575 1509 alieni.
1605 1451 1692 1507 Ita
1720 1462 1767 1507 et
1789 1469 1905 1517 nos,
1939 1453 2022 1507 in-

453 1550 595 1621 quit,
622 1566 741 1605 cum
765 1563 992 1602 essemus
1013 1544 1238 1617 parvuli,
1263 1545 1358 1607 sub
1381 1543 1642 1599 elementis
1668 1543 1850 1597 mundi
1898 1559 2020 1599 era-

451 1663 569 1702 mus
587 1646 878 1701 servientes.
918 1643 1192 1698 Elementa
1224 1640 1429 1704 mundi,
1452 1638 1669 1694 eosdem
1698 1652 1834 1708 quos
1857 1653 2019 1709 supra

452 1746 659 1794 tutores
688 1744 743 1793 et
770 1746 982 1792 actores
1002 1735 1233 1797 dixerat,
1256 1731 1568 1803 appellavit:
1593 1731 1734 1801 quod
1755 1731 1857 1786 sub
1885 1731 2017 1802 ipsis

448 1829 686 1899 primum
732 1825 1050 1897 praesidibus
1104 1794 1424 1888 constituti,
1479 1794 1628 1891 quia-
1654 1820 1887 1877 necdum
1906 1794 2017 1877 'Dei
2049 1794 2097 1855 Β

450 1917 573 1972 Filii
601 1930 797 1986 capere
821 1915 891 1970 ad
925 1930 1023 1971 nos
1044 1922 1354 1984 poteramus
1394 1913 1705 1978 adventum,
1734 1911 2021 1968 erudieba-

452 2024 575 2063 lltlll'
602 2009 659 2063 in
688 2006 884 2063 medio.
931 2003 1181 2061 Nonnulli
1211 2019 1306 2060 eos
1341 2020 1463 2060 esse
1499 2003 1718 2075 angelos
1747 2004 2021 2059 arbitran-

451 2107 554 2159 tur,
589 2099 680 2168 qui
708 2106 941 2171 quatuor
971 2097 1156 2153 mundi
1183 2096 1465 2151 elementis
1490 2096 1831 2167 praesideant,
1859 2103 2022 2152 terrae

450 2186 720 2252 videlicet,
764 2201 948 2256 aquae,
988 2185 1099 2258 igni
1142 2194 1199 2241 et
1245 2185 1390 2250 aeri,
1428 2193 1483 2241 et
1520 2200 1743 2241 necesse
1786 2200 1929 2252 esse,
1960 2195 2023 2243 ut

449 2279 767 2350 priusquam
800 2278 923 2348 quis
955 2278 1144 2335 credat
1178 2278 1233 2333 in
1267 2277 1505 2342 Christo,
1544 2278 1650 2333 illis
1679 2279 1897 2335 arbitris
1925 2293 2022 2348 gu-

452 2372 729 2425 bernetur.
797 2368 1078 2426 Elementa
1135 2369 1359 2437 mundi,
1423 2369 1619 2425 coelum
1678 2381 1734 2425 et
1784 2380 2019 2439 terram,

452 2469 510 2515 et
525 2476 589 2521 ea
611 2475 731 2532 quae
755 2461 895 2515 intra
920 2462 1035 2517 hzec
1060 2467 1186 2515 sunt
1206 2500 1222 2525 ,
1247 2460 1489 2531 plerique
1518 2461 1782 2531 appellata
1808 2471 2021 2532 putant,

455 2553 602 2624 quod
640 2552 889 2609 videlicet
936 2552 1124 2617 solem,
1167 2552 1381 2618 lunam,
1435 2552 1630 2618 maria,
1670 2552 1926 2607 silvarum
1965 2562 2022 2607 et

452 2642 715 2699 montium
748 2644 877 2698 deos
902 2651 958 2698 et
986 2643 1255 2713 sapientes
1282 2640 1537 2708 Graacize,
1576 2651 1631 2697 et
1660 2644 1905 2700 barbara:
1928 2659 2024 2699 na-

453 2738 651 2804 tiones,
679 2737 1038 2808 Romanique,
1065 2735 1305 2794 omnium
1326 2736 1767 2807 superstitionum
1790 2737 2020 2804 sentina,

451 2837 796 2894 venerentur,
825 2845 856 2884 a
898 2829 1093 2899 quibus
1124 2843 1248 2884 cum
1288 2826 1536 2884 Christus
1569 2829 1780 2884 venerit
1824 2829 2023 2885 libera-

452 2934 575 2975 mur
605 2938 619 2975 :
650 2918 1007 2988 intelligentes
1031 2932 1095 2973 ea
1131 2925 1410 2973 creaturas
1445 2932 1587 2982 esse,
1630 2933 1736 2972 non
1778 2919 2018 2973 numina.

451 3010 556 3065 Alii
595 3009 858 3065 elementa
901 3008 1113 3074 mundi,
1143 3009 1318 3080 legem
1363 3009 1789 3078 interpretantur
1831 3009 2020 3079 Moysi,

454 3111 510 3158 et
531 3101 739 3172 eloquia
766 3099 1181 3171 Prophetarum,
1215 3099 1359 3169 quod
1391 3114 1488 3171 per
1516 3099 1629 3154 hazc
1655 3100 1804 3168 quasi
1847 3099 2020 3165 initia,

454 3202 509 3249 et
536 3192 759 3249 exordia
800 3191 1122 3255 litterarum,
1168 3190 1266 3245 Dei
1313 3189 1583 3255 timorem,
1612 3190 1704 3259 qui
1750 3190 2025 3259 sapientiae

453 3283 780 3357 principium
826 3291 927 3347 est,
969 3281 1343 3351 suscipiamus.
1394 3281 1634 3351 Denique
1666 3281 1732 3336 ad
1765 3296 1884 3349 eos,
1933 3282 2026 3352 qui

451 3376 566 3446 jam
597 3374 853 3430 deberent
879 3387 1000 3429 esse
1026 3372 1276 3452 perfecti,
1320 3380 1377 3426 et
1404 3375 1630 3427 veritate
1662 3372 1900 3442 neglecta
1926 3373 2026 3428 ad-

455 3469 564 3523 huc
602 3466 1006 3537 disciplinarum
1046 3464 1322 3536 principiis
1370 3465 1719 3531 inbaarebant,
1759 3465 1948 3521 scribit
1973 3467 2029 3520 in

457 3557 695 3629 Epistola
719 3558 787 3613 ad
820 3557 1074 3613 Hebraeos
1103 3556 1430 3628 Apostolus:
1468 3558 1674 3613 Etenim
1716 3576 1832 3613 cum
1870 3558 2029 3613 debe-

458 3650 583 3704 retis
627 3666 736 3704 esse
785 3649 1021 3720 magistri
1069 3658 1278 3720 propter
1320 3658 1538 3720 tempus,
1574 3666 1783 3704 rursum
1829 3666 2030 3704 necesse

458 3740 658 3795 habetis
700 3749 758 3793 ut
803 3739 1097 3793 doceamini
1144 3755 1261 3810 qua:
1320 3740 1423 3793 sint
1476 3739 1728 3795 elementa
1782 3740 2031 3811 principii

458 3846 756 3887 sermonum
802 3829 898 3884 Dei
943 3827 1148 3901 (Hebr.
1191 3829 1287 3902 v).
1341 3828 1562 3902 [Aug.]
1622 3829 1798 3897 Quaeri
1846 3841 2045 3885 autcm‘

458 3928 640 3991 potest
664 3919 931 3990 quomodo
960 3919 1255 3974 secundum
1287 3919 1430 3974 hanc
1463 3919 1890 3985 similitudinem,
1929 3920 2029 3975 sub

458 4010 744 4066 elementis
768 4009 928 4081 hujus
952 4009 1138 4065 mundi
1178 4008 1397 4064 fuerunt
1420 4006 1609 4075 Judaai,
1650 4024 1776 4064 cum
1805 4008 1911 4064 illis
1932 4023 2031 4078 per

458 4102 633 4174 legem
661 4116 823 4172 quam
851 4108 1193 4170 acceperunt,
1226 4116 1364 4156 unus
1388 4101 1528 4157 Deus
1556 4101 1646 4171 qui
1675 4100 1801 4157 fecit
1834 4101 2029 4156 coelum

460 4202 517 4252 et
573 4202 773 4250 terram
831 4192 1086 4250 colendus
1141 4193 1654 4249 commendaretur:
1694 4191 1789 4249 sed
1853 4199 2032 4262 potest

462 4298 586 4341 esse
633 4283 770 4340 alius
811 4285 990 4340 exitus
1034 4284 1252 4355 capituli
1287 4282 1469 4353 hujus,
1512 4291 1572 4338 ut
1618 4299 1742 4339 cum
1786 4284 2032 4354 superius

463 4376 638 4448 legem
658 4376 1004 4448 paedagogum
1031 4374 1243 4442 fecerit,
1275 4376 1375 4431 sub
1408 4389 1515 4444 quo
1533 4381 1653 4428 erat
1695 4372 1780 4428 ille
1805 4374 2033 4443 populus

2124 546 2376 601 decenter
2418 560 2477 601 se
2514 555 2691 616 potest
2730 556 3044 613 annectere,
3084 544 3278 616 quibus
3320 546 3387 601 ad
3422 544 3699 616 evangeli-

2124 636 2354 691 zandum
2384 637 2582 693 missus
2607 646 2709 693 est.
2745 635 2948 691 Deinde
2982 634 3095 703 jam
3116 633 3268 701 dicit,
3300 624 3557 690 veniente.
3578 634 3696 706 ple-

2122 725 2364 782 nitudine
2391 728 2669 798 temporis,
2695 728 2862 783 Deum
2896 726 3107 783 misisse
3132 726 3325 781 Filium
3349 742 3507 782 suum
3542 726 3609 780 ad
3632 725 3697 781 li-

2120 815 2420 873 berandum
2454 818 2738 889 parvulum
2783 818 3053 874 hmredem
3094 817 3417 873 servientem
3444 834 3511 874 ex
3540 828 3701 889 parte

2122 907 2223 974 legi
2256 916 2516 976 tanquam
2553 908 2871 979 padagogo,
2915 923 2983 964 ex
3024 916 3179 978 parte
3212 907 3491 963 elementis
3535 908 3701 979 hujus

2121 997 2327 1063 mundi,
2353 1004 2608 1068 tanquam
2639 997 3085 1067 procuratoribus
3106 1005 3165 1052 et
3187 997 3479 1053 actoribus.

2188 1108 2255 1161 At
2290 1107 2379 1161 ubi
2406 1109 2538 1162 venit
2569 1107 2836 1178 plenitudo
2862 1109 3128 1178 temporis,
3158 1109 3300 1163 misit
3328 1109 3471 1165 Deus
3497 1108 3704 1164 Filium

2119 1212 2272 1250 suum
2300 1197 2498 1266 factum
2523 1214 2587 1252 ea:
2620 1197 2858 1263 muliere,
2899 1199 3097 1268 factum
3124 1199 3219 1253 sub
3249 1198 3387 1269 lege,
3414 1209 3470 1254 ut
3497 1217 3586 1254 eos
3610 1203 3705 1271 qui

2119 1291 2214 1344 sub
2240 1290 2350 1361 lege
2373 1301 2519 1345 erant
2545 1291 2837 1357 redimeret,
2870 1301 2926 1345 ut
2952 1292 3286 1362 adeptionem
3314 1291 3547 1360 ﬁliorum
3578 1292 3729 1346 reci--

2117 1397 2374 1451 peremus.
2408 1380 2615 1453 (Amhr.
2637 1380 2656 1449 )
2677 1379 2961 1436 Plenitudo
2995 1381 3253 1451 temporis
3272 1390 3357 1437 est
3376 1381 3707 1453 completum

2120 1479 2330 1541 tempus
2353 1471 2495 1542 quod
2524 1471 2849 1541 praeﬁnitum
2872 1470 3050 1527 fuerat
3074 1487 3106 1527 a
3131 1473 3244 1528 Da)
3270 1472 3450 1536 Patre,
3482 1471 3708 1543 quando

2118 1560 2359 1615 mitteret
2381 1560 2577 1615 Filium
2620 1576 2776 1617 suum
2802 1600 2819 1627 ,
2865 1568 2927 1615 ut
2970 1576 3040 1616 ex
3069 1561 3276 1633 virgine
3329 1561 3506 1618 factus
3543 1564 3703 1633 quasi

2118 1649 2281 1706 homo
2302 1659 2638 1715 nasceretur.
2656 1651 2950 1723 subjiciens
2969 1666 3029 1708 se
3050 1652 3152 1722 legi
3184 1667 3356 1724 usque
3384 1653 3454 1709 ad
3492 1662 3710 1725 tempus

2118 1741 2410 1811 baptismi,
2461 1750 2524 1797 ut
2568 1739 2800 1797 formam
2851 1742 3007 1798 daret
3059 1743 3330 1814 quomodo
3380 1752 3710 1814 peccatores

2121 1832 2313 1898 abluti,
2355 1841 2410 1888 et
2442 1847 2473 1887 a
2511 1831 2642 1904 jugo
2682 1832 2817 1904 legis
2855 1833 3043 1904 erepti,
3091 1834 3401 1905 dignatione
3427 1835 3565 1902 Dei,
3606 1831 3709 1891 ﬁlii

2081 1945 2096 1963 ο
2119 1923 2237 1994 ejus
2270 1925 2672 1995 adoptarentur.
2706 1924 2850 1981 sicut
2872 1925 3224 1996 promiserat,
3263 1926 3525 1997 redempti
3572 1941 3707 1982 san-

2119 2014 2282 2087 guine
2308 2013 2427 2068 Filii
2453 2011 2588 2083 ejus.
2624 2013 2957 2070 Salvatorem
2985 2022 3167 2071 autem
3196 2029 3417 2071 necesse
3435 2023 3555 2072 erat
3584 2014 3706 2071 ﬁeri

2122 2105 2222 2160 sub
2261 2103 2406 2174 lege,
2449 2103 2605 2175 quasi
2646 2103 2815 2158 tilium
2866 2102 3099 2159 Abrahae
3140 2102 3295 2173 juxta
3341 2119 3587 2169 carnem,
3638 2113 3709 2159 ut

2121 2193 2475 2249 circumcisus
2487 2201 2772 2265 appareret
2792 2193 2838 2249 is
2854 2209 2996 2260 esse,
3009 2194 3103 2264 qui
3135 2194 3433 2263 promissus
3445 2194 3705 2262 Abrahae,

2120 2294 2345 2341 venerat
2368 2294 2557 2357 gentes
2581 2282 2903 2354 justillcare,
2926 2299 3023 2354 per
3048 2283 3232 2351 fidem,
3258 2285 3472 2356 signum
3493 2284 3706 2342 habens

2123 2375 2240 2447 ejus
2286 2378 2372 2433 cui
2415 2378 2713 2448 promissus
2762 2376 2941 2434 fuerat
2984 2394 2998 2431 :
3061 2378 3183 2434 ideo
3240 2378 3383 2434 ultra
3422 2380 3705 2438 neminem

2123 2471 2362 2541 oportuit
2407 2470 2742 2537 circumcidi,
2786 2469 2913 2541 quia
2958 2470 3144 2525 tandiu
3178 2470 3421 2526 cucurrit
3447 2472 3705 2544 signum,

2122 2549 2476 2634 quoadusque
2495 2562 2704 2617 veniret
2740 2561 2831 2632 qui
2859 2560 3158 2631 promissus
3185 2560 3363 2616 luerat
3392 2570 3708 2618 restaurare

2124 2655 2305 2720 fidem,
2334 2654 2390 2709 in
2416 2669 2523 2725 qua
2544 2652 2869 2725 justillcatus
2908 2659 2987 2708 est
3028 2650 3303 2707 Abraham
3334 2651 3390 2707 in
3417 2653 3707 2723 praeputio,

2123 2756 2185 2802 ut
2211 2746 2559 2802 credentibus
2594 2760 2703 2801 non
2744 2759 2879 2815 opus
2910 2743 2982 2799 sit
3017 2743 3387 2810 circumcisio;
3433 2742 3712 2798 Abraham

2125 2847 2304 2894 autem
2332 2838 2455 2893 ideo
2483 2837 2836 2894 circumcisus
2878 2843 2979 2901 est,
3019 2835 3143 2906 quia
3190 2835 3359 2890 filium
3385 2851 3445 2890 se
3479 2836 3716 2891 credidit

2124 2929 2456 2994 habiturum,
2505 2928 2561 2982 in
2604 2942 2712 2998 quo
2762 2940 2952 2982 omnes
2996 2933 3183 2997 gentes
3235 2924 3710 2981 benedicerentur.

2126 3020 2395 3094 (Hieron.)
2452 3019 2746 3090 Diligenter
2790 3019 3090 3083 attendite,
3143 3018 3291 3088 quod
3340 3032 3447 3072 non
3487 3017 3713 3084 dixerit,

2126 3113 2325 3169 factum
2356 3127 2454 3183 per
2480 3111 2760 3167 mulierem
2779 3152 2794 3177 ,
2824 3110 2965 3183 quod
2996 3109 3231 3166 Marcion
3267 3117 3321 3167 et
3344 3119 3555 3166 cetera:
3598 3111 3715 3167 ha:-

2124 3219 2274 3260 reses
2300 3204 2515 3269 volunt,
2553 3218 2674 3274 qua:
2706 3201 3003 3274 putativam
3048 3200 3247 3256 Christi
3291 3216 3511 3257 carnem
3542 3202 3717 3256 simu.

2127 3293 2385 3359 lant;sed
2426 3310 2491 3349 ea:
2526 3290 2764 3358 muliere,
2806 3300 2867 3346 ut
2910 3307 3016 3347 non
3048 3307 3147 3361 per
3188 3291 3353 3357 illam,
3382 3291 3473 3347 sed
3513 3307 3579 3348 ex
3618 3292 3712 3347 illa

2128 3392 2286 3439 natus
2312 3398 2432 3439 esse
2467 3385 2736 3439 credatur.
2783 3382 2932 3450 Quod
2976 3392 3153 3437 autem
3192 3391 3434 3438 sanctam
3479 3393 3537 3438 et
3570 3384 3712 3439 bea-

2128 3485 2238 3532 tam
2266 3484 2495 3530 matrem
2518 3475 2749 3541 Domini,
2772 3474 3073 3540 mulierem,
3098 3489 3204 3528 non
3231 3475 3494 3545 virginem
3526 3476 3713 3530 nomi-

2128 3566 2297 3631 navit,
2350 3566 2455 3620 boc
2498 3565 2639 3620 idem
2682 3573 2736 3620 et
2786 3565 2839 3620 in
2892 3564 3179 3636 Evangelia
3217 3567 3348 3621 κατὰ
3392 3563 3711 3621 Mattheum

2129 3654 2387 3726 scriptum
2424 3663 2527 3720 est,
2559 3656 2774 3725 quando
2812 3672 2949 3711 uxor
2973 3655 3271 3728 appellatur
3301 3655 3521 3728 Ioseph,
3558 3664 3615 3712 et
3640 3657 3713 3713 ab

2129 3747 2246 3816 ipso
2276 3746 2506 3801 Domino
2529 3746 2683 3815 quasi
2711 3745 2901 3799 mulier
2928 3746 3272 3815 increpatur:
3300 3760 3408 3800 non
3443 3744 3585 3800 enim
3615 3759 3715 3800 ne.

2130 3854 2281 3894 cesse
2308 3847 2425 3894 erat
2468 3852 2682 3907 semper
2727 3837 2883 3908 quasi
2918 3844 3075 3891 caute
3114 3846 3170 3891 et
3217 3836 3402 3892 timide
3440 3835 3711 3905 virginem

2129 3930 2328 3995 dicere,
2378 3944 2499 3985 cum
2534 3927 2725 3982 mulier
2762 3941 2949 3982 sexum
3005 3926 3177 3998 magis
3219 3925 3508 3997 signiﬁcet,
3544 3940 3711 3995 quam

2130 4020 2372 4090 copulam
2404 4020 2524 4073 viri.
2541 4016 2819 4086 Quomodo
2841 4017 2941 4071 sub
2966 4015 3082 4087 lege
3102 4022 3275 4072 iactus
3298 4025 3402 4082 est,
3418 4024 3480 4070 ut
3499 4030 3595 4072 eos
3615 4017 3710 4085 qui

2131 4111 2233 4165 sub
2265 4110 2381 4177 lege
2416 4116 2570 4164 erant
2608 4107 2925 4163 redimeret:
2955 4106 3033 4161 sic
3061 4115 3282 4176 propter
3311 4107 3431 4161 illos
3465 4106 3559 4177 qui
3594 4108 3709 4160 nati

2133 4198 2346 4252 fuerant
2369 4211 2438 4251 ex
2468 4197 2712 4261 muliere,
2744 4210 2811 4250 ex
2834 4194 3060 4250 muliere
3096 4195 3243 4250 nasci
3268 4194 3456 4250 voluit.
3494 4194 3631 4249 Nam
3656 4205 3715 4251 et

2132 4287 2457 4358 baptismum
2474 4287 2527 4341 in
2542 4284 2791 4341 Jordanis
2811 4282 3009 4340 fluento
3029 4285 3228 4340 idcirco
3242 4284 3393 4355 quasi
3416 4284 3709 4354 pmnitens,

2132 4393 2259 4432 cum
2285 4386 2430 4431 esset
2455 4391 2485 4431 a
2508 4377 2741 4448 peccatis
2763 4374 2916 4439 liber,
2933 4374 3159 4444 accepit,
3179 4382 3240 4429 ut
3264 4382 3490 4430 caeteros
3511 4374 3710 4430 edoce-

462 4464 787 4531 Judacorum.
818 4481 961 4522 nunc
995 4472 1377 4536 procuratores
1419 4470 1475 4517 et
1512 4468 1723 4517 actores
1748 4461 1891 4517 dicat
1917 4460 2030 4516 ele-
2060 4492 2110 4551 ι)
2135 4476 2217 4524 ret
2265 4468 2598 4523 mundandos
2644 4481 2764 4522 esse
2815 4481 2914 4537 per
2949 4465 3307 4534 baptismum,
3359 4474 3414 4519 et
3458 4465 3514 4519 in
3569 4465 3711 4519 ﬁlios

464 4566 649 4614 menta
706 4558 912 4622 mundi,
959 4558 1059 4613 sub
1110 4556 1305 4626 quibus
1355 4552 1662 4608 serviebant
1709 4561 1916 4622 gentes,
1973 4558 2035 4605 ut

466 4649 608 4703 illius
639 4647 729 4704 ille
766 4648 1039 4720 parvulus,
1087 4647 1142 4700 id
1166 4653 1270 4709 est,
1318 4642 1577 4715 populus,
1605 4650 1825 4712 propter
1870 4657 2031 4697 unam

466 4740 625 4794 tidem
662 4739 729 4794 ad
758 4754 923 4794 unum
953 4751 1135 4793 semen
1155 4735 1386 4789 Abrahae
1420 4733 1709 4804 pertinens,
1735 4733 1859 4802 quia
1884 4740 1939 4787 ct
1969 4733 2036 4788 de

465 4827 664 4884 Judteis
686 4836 743 4884 et
771 4829 837 4883 de
872 4826 1120 4896 gentibus
1144 4833 1502 4895 congregatus
1537 4832 1641 4887 est,
1681 4822 1877 4892 partim
1923 4822 2037 4877 fue-

468 4921 540 4974 rit
570 4920 669 4975 sub
688 4918 976 4989 ptedagogo
1000 4914 1134 4987 legis
1155 4923 1395 4985 tempore
1418 4914 1660 4985 pueritia:
1687 4928 1816 4976 sure,
1848 4912 1898 4966 id
1928 4919 2031 4977 est,

467 5028 537 5070 ex
560 5027 625 5068 ea
645 5018 800 5081 parte
836 5024 939 5078 qua
968 5006 1034 5061 de
1071 5005 1268 5062 Judzeis
1288 5014 1644 5076 congregatus
1682 5012 1764 5059 est
1790 5021 1803 5056 :
1836 5004 2035 5074 partim

468 5103 572 5157 sub
598 5097 880 5155 elementis
909 5096 1067 5167 hujus
1099 5097 1303 5161 mundi,
1330 5095 1524 5166 quibus
1555 5102 1808 5164 tanquam
1844 5109 2039 5163 procu-

471 5189 743 5247 ratoribus
792 5196 849 5244 et
883 5188 1155 5244 actoribus
1196 5186 1467 5242 serviebat
1490 5225 1527 5259 ,.
1550 5201 1617 5240 ex
1646 5200 1709 5240 ea
1746 5192 1900 5254 parte
1929 5199 2035 5253 qua

471 5285 538 5340 de
566 5281 812 5354 gentibus
859 5288 1214 5351 congregatus
1262 5286 1364 5344 est,
1412 5284 1471 5332 ut
1503 5277 1643 5347 quod
1679 5277 1868 5331 miscet
1896 5274 2040 5345 Apo-

471 5373 640 5431 stolus
665 5388 949 5445 personam
972 5388 1146 5437 suam,
1162 5386 1269 5426 non
1296 5369 1512 5424 dicens:
1541 5369 1672 5423 Cum
1695 5367 1887 5422 essetis
1910 5383 2037 5437 par-

471 5465 580 5520 vuli
610 5465 712 5520 sub
734 5465 1016 5521 elementis
1045 5462 1207 5533 lmjus
1244 5461 1429 5516 mundi
1458 5461 1655 5524 eratis,
1683 5460 1778 5515 sed
1805 5458 1992 5515 dicens
2021 5477 2034 5513 :

473 5554 605 5610 Cum
643 5571 867 5610 essemus
910 5553 1136 5625 parvuli,
1178 5551 1273 5606 sub
1310 5550 1573 5605 elementis
1617 5549 1800 5604 mundi
1832 5564 2049 5602 eramus

471 5646 767 5711 servientes,
817 5658 920 5700 non
953 5642 1219 5715 pertineat
1254 5640 1321 5696 ad
1353 5638 1797 5708 significationem
1830 5635 2043 5692 Judzeo-

480 5756 618 5809 rum,
639 5756 705 5798 ex
734 5739 928 5813 quibus
951 5736 1146 5795 Paulus
1171 5736 1433 5807 originem
1457 5733 1622 5799 ducit,
1655 5732 1747 5789 sed
1772 5732 1943 5804 magis
1973 5731 2041 5787 ad

2135 4572 2271 4612 nova
2320 4556 2538 4627 spiritus
2567 4556 2849 4624 adoptione
2872 4552 3140 4624 generari.
3176 4551 3327 4620 Quod
3359 4566 3708 4622 nequaquam

2134 4649 2435 4719 intelligens
2486 4646 2723 4702 Joannes
2774 4645 3048 4715 Baptista,
3101 4660 3227 4700 eum
3305 4644 3373 4698 ad
3435 4642 3715 4699 lavacrum

2135 4740 2455 4810 prohibebat
2491 4738 2748 4791 accedere
2769 4775 2784 4801 ,
2815 4737 2998 4791 dicens
3023 4752 3037 4789 :
3068 4735 3180 4804 Ego
3209 4752 3243 4788 a
3281 4743 3329 4789 te
3353 4734 3514 4788 debeo
3542 4734 3714 4805 bapti-

2138 4831 2249 4884 zari
2293 4829 2517 4901 (Matth.
2566 4828 2681 4901 nt),
2708 4838 2765 4882 et
2790 4827 2974 4883 statim
3002 4836 3397 4903 sacramentum
3427 4827 3659 4884 docetur
3695 4847 3709 4884 :

2139 4919 2265 4974 Sine
2312 4918 2488 4983 modo,
2539 4918 2614 4971 sic
2659 4918 2796 4972 enim
2846 4934 2941 4972 nos
2986 4917 3133 4971 decet
3173 4917 3458 4988 adimplere
3505 4935 3714 4973 omnem

2127 5010 2388 5079 justitiam
2420 5008 2441 5078 (
2462 5007 2668 5062 Mare.t
2694 5023 2709 5073 ;
2731 5006 2890 5062 Joan.
2920 5008 2982 5079 ι),
3014 5023 3081 5062 ne
3104 5008 3197 5077 qui
3222 5009 3293 5064 ob
3317 5009 3596 5065 hominum
3619 5026 3713 5066 sa-

2136 5099 2301 5154 lutem
2340 5105 2591 5163 venerat,
2645 5097 2845 5167 aliquid
2874 5101 2940 5153 de
2979 5100 3386 5155 conversatione
3430 5098 3713 5158 hominum

2137 5193 2439 5262 prmteriret
2471 5191 2688 5265 (Aug.)
2725 5192 2831 5247 Sed
2860 5191 3108 5259 oﬂendit,
3146 5193 3340 5263 factum
3373 5212 3438 5250 ex
3471 5195 3711 5264 muliere,

2138 5285 2263 5354 quia
2296 5293 2476 5338 natum
2503 5284 2823 5339 conﬁtemur
2849 5299 2915 5338 ex
2942 5286 3168 5356 virgine,
3199 5285 3398 5342 factum
3429 5303 3535 5342 non
3578 5304 3712 5344 eon-

2140 5374 2356 5428 lltemur
2391 5374 2490 5427 nisi
2526 5374 2798 5429 hominem
2828 5392 2841 5428 :
2868 5376 3007 5429 Deus
3037 5385 3213 5430 autem
3254 5391 3467 5446 semper
3506 5375 3712 5433 faciens

2142 5470 2254 5527 est,
2284 5462 2399 5517 fieri
2438 5464 2605 5517 nescit
2638 5470 2697 5518 ut
2722 5463 2820 5530 sit,
2872 5463 2985 5519 ﬁeri
3013 5463 3187 5518 nescit
3219 5464 3397 5530 Dens,
3439 5466 3532 5520 sed
3563 5466 3621 5520 lit
3652 5475 3713 5521 ut

2142 5552 2343 5623 aliquid
2391 5551 2547 5607 alicui
2583 5553 2673 5619 sit,
2720 5552 2990 5622 quomodo
3035 5551 3532 5618 diciturzbomine,
3564 5564 3711 5623 retu-

2142 5644 2285 5712 gium
2310 5643 2481 5713 fartus
2509 5652 2583 5697 est
2615 5644 2761 5697 nobis
2788 5642 2971 5716 (Psal.
3009 5642 3275 5715 tum);
3307 5643 3375 5698 Et
3408 5660 3422 5697 :
3452 5641 3710 5697 Dominus

2144 5731 2315 5801 factus
2363 5740 2437 5788 est
2486 5731 2774 5788 auxiliator
2820 5748 2966 5787 meus
3006 5729 3199 5803 (Psal.
3254 5732 3440 5800 nix).
3482 5730 3709 5801 Quando
