4022 6338
228 393 332 448 513

708 388 1248 446 ENABRATIONUM
1287 391 1353 446 lN
1394 391 1540 448 EPP.
1581 391 1784 449 PAULI
1825 392 1948 448 LIB.
1988 391 2103 447 XV.
2144 424 2211 433 —
2248 392 2314 447 ΙΝ
2353 391 2570 450 ΕΡ18Τ.
2609 395 2700 450 AD
2737 394 2986 452 GALAT.

3365 406 3465 461 3H

229 510 404 563 factus
451 509 542 575 qui
589 519 862 574 nunquam
909 512 994 558 est
1042 503 1215 558 factus
1231 484 1270 557 ?'
1311 505 1564 558 Dominus
1614 512 1790 557 autem
1821 511 1866 569 Α
1899 511 2005 557 tem
2033 503 2176 573 quod
2205 503 2299 567 ait,
2322 513 2378 557 ut
2402 504 2729 574 adoptionem
2771 505 3000 574 ﬁliorum
3030 509 3357 579 recipiamus,
3386 529 3470 568 reo

227 598 476 652 Christus
505 596 664 650 homo
704 594 878 648 factus
917 602 1023 658 est,
1059 602 1119 648 ut
1157 604 1319 656 esset,
1368 595 1545 662 utqui
1583 603 1798 648 creator

227 704 444 758 semper
490 697 628 752 erat,
679 695 929 742 creatura
975 694 1136 740 esset.
1181 686 1398 740 Mancns
1443 685 1588 739 enim
1635 686 1799 748 Deus,

227 779 408 834 factus
427 788 512 832 est
539 779 722 840 homo,
743 787 802 830 ut
828 777 979 831 ﬁeret
1002 777 1144 844 quod
1171 793 1275 831 non
1301 785 1436 841 erat,
1465 791 1570 831 non
1595 785 1656 830 ut
1680 792 1803 846 per-

227 871 336 924 iret
366 869 510 937 quod
547 875 686 921 erat.
731 865 845 921 Iloc
887 881 1017 935 ergo
1059 866 1125 920 de
1175 867 1382 935 virgine
1420 866 1564 934 quod
1601 865 1800 920 factum

226 969 334 1025 est,
372 975 542 1031 quare
563 975 630 1014 ex
659 958 920 1013 muliere?
945 957 1095 1024 Quod
1121 959 1260 1026 apud
1296 958 1567 1022 Hebrzeos,
1602 959 1692 1012 ubi
1721 966 1805 1012 est

226 1052 404 1121 prima
441 1051 622 1120 lingua
655 1049 947 1118 Scriptura:
968 1089 983 1114 ,
1033 1049 1226 1103 mulier
1271 1065 1464 1104 nomen
1497 1056 1580 1103 est
1601 1048 1804 1118 signiﬁ-

227 1141 389 1195 candi
432 1153 613 1204 sexus,
640 1155 747 1194 non
773 1139 982 1193 amissa:
1023 1139 1363 1210 integritatis.
1419 1138 1560 1208 Lege
1589 1138 1804 1207 quando

226 1230 430 1284 mulier
457 1229 685 1284 formata
728 1236 829 1284 est.
873 1228 1140 1295 Extruxit,
1173 1229 1364 1300 inquit
1401 1230 1561 1294 Deus,
1590 1246 1750 1283 unam
1776 1246 1804 1284 e

227 1320 389 1373 costis
432 1318 567 1388 ejus,
599 1317 654 1371 id
693 1325 792 1378 est,
828 1317 960 1382 viri,
1003 1325 1051 1371 et
1079 1317 1356 1386 redi/ienuit
1392 1335 1507 1372 eam
1535 1319 1590 1371 in
1614 1317 1804 1371 mulie-

228 1426 363 1462 rem.
398 1407 492 1463 Sic
517 1396 716 1462 mulier
744 1407 911 1461 Maria
931 1447 946 1473 ,
971 1407 1050 1462 sic
1078 1408 1127 1461 ei
1157 1408 1357 1462 dictum
1396 1416 1479 1462 est
1516 1417 1804 1476 antequam

225 1508 473 1568 pareret,
524 1509 814 1568 antequam
863 1499 1169 1568 conciperet
1199 1513 1214 1552 :
1246 1497 1411 1552 Beata
1441 1508 1496 1551 tu
1531 1499 1807 1572 intermu-

227 1592 386 1645 lieres
434 1589 596 1660 (Luc.
625 1589 700 1661 ι).
732 1588 865 1644 Cum
907 1589 1090 1660 itaque
1111 1589 1186 1643 ait
1215 1607 1228 1642 :
1264 1588 1409 1642 Misit
1445 1587 1580 1642 Deus
1605 1587 1805 1642 Filium

224 1697 387 1735 suum
413 1680 614 1749 factum
642 1696 707 1734 ea:
731 1679 968 1743 muliere,
1014 1679 1145 1734 satis
1168 1677 1405 1734 ostendit
1433 1692 1500 1732 eo
1535 1677 1650 1747 ipso
1679 1676 1806 1730 mis-

228 1787 353 1826 sum
383 1771 576 1825 Filium
595 1785 702 1840 quo
725 1769 898 1824 factus
930 1776 1012 1824 est
1037 1783 1102 1824 ex
1124 1768 1370 1823 muliere.
1399 1766 1550 1834 Quod
1575 1782 1704 1838 ergo
1738 1767 1807 1823 de

1901 593 2074 648 fertur
2117 595 2184 648 ad
2227 596 2279 650 id
2323 596 2464 666 quod
2509 596 2665 662 dixit,
2708 597 2905 666 factum
2945 615 3008 652 ex
3053 601 3284 656 muliere.
3334 602 3471 660 Hinc

1902 684 2046 738 enim
2095 684 2434 753 adoptionem
2472 686 2760 754 recipimus
2804 689 2947 758 quod
2995 689 3082 745 ille
3125 693 3316 747 unicus
3361 710 3469 749 non

1901 775 2218 845 dedignatus
2244 784 2327 831 est
2347 777 2809 846 participationem
2832 791 3038 835 natura:
3057 791 3276 846 nostra},
3300 783 3470 839 factus

1899 880 1966 920 ex
1989 865 2211 920 muliere
2244 874 2303 920 ut
2330 883 2434 922 non
2463 867 2634 921 solum
2675 869 2981 939 unigenitus
3017 883 3182 936 esset,
3220 872 3310 926 ubi
3356 873 3470 926 fra-

1902 968 2013 1014 tres
2045 975 2150 1014 non
2192 961 2371 1025 habet,
2423 961 2516 1016 sed
2555 962 2717 1016 etiam
2755 963 3144 1032 primogenitus
3184 965 3238 1019 in
3289 965 3472 1020 multis

1900 1051 2161 1108 fratribus
2187 1053 2357 1108 ﬁeret.
2389 1055 2504 1109 Duo
2536 1055 2680 1110 enim
2709 1057 3002 1126 proposuit,
3033 1057 3229 1125 factum
3263 1073 3328 1111 ex
3354 1074 3470 1110 mu-

1901 1140 2044 1206 liere,
2075 1151 2150 1206 et,
2197 1142 2392 1211 factum
2440 1145 2534 1197 sub
2572 1144 2699 1213 lege,
2746 1145 2836 1199 sed
2881 1155 3088 1200 mutato
3125 1147 3336 1210 ordine,
3379 1162 3470 1200 re-

1902 1232 2138 1301 spondit,
2160 1231 2274 1300 jam
2304 1232 2452 1287 illum
2473 1233 2726 1303 populum
2765 1233 3077 1304 adiungens,
3103 1235 3193 1303 qui
3219 1234 3472 1304 parvulus

1902 1321 2001 1375 sub
2040 1321 2478 1390 procuratoribus
2508 1330 2563 1375 et
2610 1323 2884 1377 actoribus
2929 1323 3212 1385 serviebat,
3266 1322 3320 1376 id
3369 1332 3471 1386 est,

1903 1409 2182 1464 elementis
2213 1407 2370 1476 hujus
2411 1409 2616 1474 mundi,
2656 1425 2723 1463 ne
2750 1418 3001 1478 putarent
3037 1425 3094 1465 se
3115 1423 3221 1465 non
3263 1424 3382 1466 esse
3409 1409 3475 1463 ﬁ-

1903 1499 2025 1564 lios,
2050 1499 2174 1569 quia
2199 1514 2305 1554 non
2340 1507 2496 1554 erant
2522 1499 2622 1553 sub
2649 1500 2957 1570 paedagogo.

1977 1590 2236 1655 Quoniam
2280 1600 2456 1644 autem
2483 1591 2605 1644 estis
2629 1590 2729 1659 ﬁlii
2755 1590 3036 1656 Dei,°misit
3057 1590 3196 1644 Deus
3219 1588 3475 1660 Spiritum

1906 1677 2038 1734 Filii
2063 1681 2147 1734 sui
2182 1680 2236 1733 in
2265 1679 2423 1734 corda
2453 1688 2632 1734 nostra
2677 1679 2986 1735 clamantem
3014 1695 3032 1734 :
3061 1681 3206 1736 Abba
3224 1720 3239 1743 ,
3290 1680 3473 1734 Pater.

1908 1769 2284 1843 (Ambr.)Ab
2328 1770 2412 1826 his
2450 1770 2616 1839 ecepit
2666 1771 2862 1839 quibus
2903 1779 2959 1828 et
3007 1771 3193 1826 scribit
3241 1770 3467 1824 dicens:

226 1861 346 1916 Deo
385 1869 546 1916 natus
587 1869 694 1924 est,
721 1860 777 1914 in
805 1860 908 1916 hoc
940 1860 1138 1915 mundo
1162 1869 1283 1914 erat
1309 1878 1322 1913 :
1355 1859 1498 1931 quod
1523 1867 1701 1913 autem
1740 1858 1807 1914 de
1835 1853 1884 1916 Β
1910 1861 2169 1926 Quoniam
2183 1869 2354 1914 autem
2366 1861 2487 1914 estis
2499 1860 2600 1928 ﬁlii
2622 1860 2736 1924 Dei,
2751 1868 2806 1915 et
2819 1860 3335 1932 subjungitludaeos,
3351 1860 3500 1913 dum‘

227 1952 429 2018 Maria,
476 1959 638 2006 natus
673 1959 756 2006 est
785 1951 840 2005 in
869 1952 1011 2006 hunc
1039 1951 1318 2017 mundum,
1344 1951 1541 2007 missus
1567 1951 1802 2006 advenit.

224 2040 422 2110 Itaque
460 2056 583 2095 eum
616 2039 733 2094 sine
768 2038 877 2093 ullo
919 2039 1071 2094 initio
1111 2039 1403 2109 temporis,
1453 2039 1506 2093 in
1545 2038 1808 2109 principio

229 2142 383 2189 esset
412 2133 656 2197 verbum,
686 2141 741 2186 et
769 2131 990 2186 verbum
1013 2138 1157 2186 esset
1181 2131 1323 2200 apud
1356 2132 1546 2197 Deum,
1587 2139 1642 2186 et
1666 2131 1808 2186 Deus

229 2231 383 2278 esset
417 2222 659 2285 verbum,
703 2221 820 2276 sine
842 2220 954 2275 ullo
985 2228 1224 2290 tempore
1247 2221 1300 2274 in
1328 2221 1496 2276 verbo
1523 2221 1638 2290 ipso
1666 2229 1804 2286 erat,

231 2329 344 2384 quo
387 2321 627 2383 tempore
654 2313 876 2366 verbum
911 2326 1039 2367 caro
1068 2311 1223 2367 ﬁeret
1249 2320 1304 2366 et
1331 2311 1599 2366 habitaret
1631 2311 1687 2365 in
1712 2326 1811 2365 no-

231 2406 340 2460 bis.
384 2403 514 2470 Quae
551 2403 824 2472 plenitudo
875 2402 1134 2472 temporis
1186 2418 1312 2458 cum
1356 2401 1612 2467 venisset,
1665 2402 1812 2456 misit

233 2494 378 2548 Deus
405 2492 602 2547 Filium
627 2509 780 2548 suum
811 2491 1008 2561 factum
1031 2509 1096 2547 ex
1124 2492 1356 2557 muliere,
1404 2493 1458 2546 id
1486 2501 1570 2547 est
1605 2490 1810 2547 factum

233 2587 294 2640 in
325 2593 584 2656 tempore,
625 2592 684 2638 ut
718 2584 1054 2638 incarnatnm
1103 2583 1328 2638 verbum
1373 2582 1680 2642 hominibus
1721 2597 1812 2653 ap.

233 2684 474 2747 pareret.
508 2673 772 2746 (llieron.)
797 2673 949 2728 Alius
969 2688 1097 2728 vero
1121 2675 1294 2742 ipsum
1320 2674 1564 2737 verbum,
1593 2673 1812 2726 redime-

237 2776 337 2831 ret,
385 2766 595 2821 acutius
628 2764 952 2828 intuebitur,
991 2772 1046 2818 et
1073 2763 1236 2828 dicet,
1279 2778 1372 2818 eos
1403 2761 1697 2833 signiﬁcari
1725 2777 1816 2816 re-

235 2859 503 2928 demptos,
533 2857 622 2927 qui
648 2857 879 2927 primum
908 2854 975 2912 de
1000 2855 1094 2910 Dei
1123 2863 1274 2925 parte
1299 2855 1518 2920 fuerint,
1550 2863 1606 2909 et
1625 2861 1811 2924 postea

237 2965 359 3006 esse
407 2949 733 3005 cessaverint
763 2966 776 3002 :
809 2947 927 3002 illos
966 2961 1097 3001 vero
1143 2947 1235 3015 qui
1273 2947 1372 3001 sub
1406 2945 1522 3015 lege
1561 2959 1669 2998 non
1699 2943 1813 2998 fue-

237 3041 370 3105 rint,
419 3054 524 3094 non
556 3049 662 3093 tam
701 3037 893 3093 redimi
921 3051 1082 3106 quam
1108 3036 1237 3100 emi,
1279 3035 1420 3089 unde
1445 3042 1500 3090 et
1525 3033 1592 3088 ad
1623 3033 1813 3088 Corin-

239 3132 406 3196 thios,
451 3131 505 3186 in
532 3131 725 3201 quibus
745 3128 1062 3186 audiebatur
1098 3126 1382 3184 fornicatio
1409 3135 1463 3182 et
1497 3125 1618 3180 talis
1645 3125 1812 3180 forni-

240 3193 751 3290 catio'qute-neque
795 3219 936 3273 inter
976 3228 1163 3288 gentes
1207 3217 1456 3286 quidem,
1512 3216 1808 3272 scribitur:
1841 3193 1885 3254 (ἶ

241 3311 424 3367 Pretio
450 3313 605 3382 empti
647 3311 769 3366 estis
799 3308 862 3380 (1
891 3306 1013 3364 Cor.
1057 3307 1200 3380 vn),
1237 3324 1343 3362 non
1383 3307 1673 3376 redempti,
1713 3307 1814 3361 sub

239 3401 358 3472 lege
393 3401 589 3471 quippe
613 3415 718 3454 non
747 3399 977 3453 fuerant.
1027 3398 1194 3468 (Aug.
1222 3398 1240 3467 )
1270 3398 1408 3452 Ecce
1435 3397 1502 3450 ad
1540 3396 1644 3452 hoc
1669 3395 1815 3450 venit

240 3492 491 3548 Christus
525 3499 584 3544 ut
620 3504 714 3545 eos
759 3488 847 3558 qui
886 3488 985 3542 sub
1022 3487 1140 3558 lege
1187 3495 1343 3541 erant
1382 3486 1703 3550 redimeret,
1755 3492 1814 3539 ut

233 3578 350 3648 jam
373 3594 485 3634 non
527 3579 697 3632 simus
725 3577 824 3632 sub
847 3575 993 3646 lege,
1031 3575 1123 3631 sed
1163 3576 1264 3630 sub
1295 3575 1486 3646 gratia.
1519 3574 1651 3640 Quis
1685 3589 1813 3644 ergo

242 3672 389 3726 dedit
419 3671 632 3740 legem?
658 3669 746 3724 ille
771 3669 918 3724 dedit
942 3667 1133 3740 legem,
1171 3668 1263 3737 qui
1294 3667 1438 3722 dedit
1465 3675 1519 3719 et
1542 3665 1768 3736 gratiam
1797 3681 1809 3718 :

241 3761 338 3815 sed
373 3760 544 3830 legem
590 3774 685 3829 per
723 3775 937 3814 servum
980 3759 1160 3822 misit,
1194 3773 1315 3812 cum
1355 3757 1527 3827 gratia
1574 3757 1686 3825 ipse
1719 3756 1815 3810 de-

243 3852 473 3906 scendit.
508 3851 573 3904 Et
606 3850 746 3904 unde
786 3848 909 3904 facti
938 3857 1094 3903 erant
1123 3848 1367 3901 homines
1395 3847 1492 3900 sub
1522 3845 1671 3914 lege?
1705 3860 1812 3899 non

242 3946 518 4014 implendo
546 3945 736 4015 legem.
765 3944 866 4011 Qui
891 3957 1023 4015 ergo
1043 3943 1212 4013 legem
1235 3943 1438 4012 implet,
1471 3957 1578 3997 non
1604 3950 1687 3996 est
1717 3942 1817 3997 sub

242 4037 384 4108 lege,
434 4037 528 4092 sed
577 4051 700 4092 cum
742 4035 858 4107 lege
889 4053 902 4088 :
931 4035 1023 4105 qui
1059 4045 1238 4089 autem
1286 4034 1385 4088 sub
1428 4033 1543 4104 lege
1578 4043 1684 4099 est,
1709 4049 1817 4088 non

243 4127 582 4193 sublevatur,
618 4127 712 4182 sed
739 4127 1003 4197 premitur
1027 4125 1162 4196 lege.
1193 4125 1392 4180 Omnes
1429 4123 1611 4193 itaque
1644 4124 1817 4180 homi-

245 4237 343 4275 nes
390 4221 492 4275 sub
521 4219 636 4290 legc
681 4220 1030 4284 constitutos,
1062 4234 1183 4274 reos
1211 4219 1342 4274 facit
1379 4218 1486 4282 lex,
1513 4226 1569 4273 et
1604 4218 1672 4272 ad
1715 4219 1818 4272 hoc

245 4310 351 4365 illis
385 4325 548 4379 super
573 4318 732 4380 caput
759 4320 864 4375 est,
903 4317 963 4364 ut
997 4310 1246 4364 ostendat
1283 4317 1524 4380 peccata,
1573 4324 1679 4364 non
1709 4309 1814 4363 tol-

246 4402 343 4455 lat.
385 4402 455 4455 Et
491 4401 741 4470 quoniam
780 4400 891 4454 suis
924 4400 1130 4454 viribus
1177 4399 1397 4470 implere
1425 4415 1534 4455 non
1569 4407 1817 4470 poterant

247 4491 444 4562 legem,
479 4489 604 4544 facti
636 4490 714 4544 rei
756 4489 856 4544 sub
882 4489 996 4557 lege
1057 4489 1474 4558 imploraverunt
1515 4489 1819 4544 liberatoris

249 4581 531 4644 auxilium,
557 4588 612 4633 et
639 4588 820 4634 reatus
845 4581 977 4649 legis
1005 4579 1131 4634 fecit
1155 4580 1523 4648 aegritudinem
1551 4579 1813 4648 superbis,

248 4673 512 4741 aegritudo
546 4672 894 4741 superborum
924 4670 1064 4724 facta
1097 4679 1182 4724 est
1207 4670 1471 4725 confessio
1512 4669 1814 4723 humilium.

248 4762 370 4818 Jam
415 4762 741 4816 conﬁtentur
774 4761 960 4829 (egroti
1014 4760 1140 4830 quia
1189 4767 1486 4830 aegrotant,
1537 4767 1594 4812 ut
1637 4760 1819 4814 veniat

251 4853 495 4908 medicus
538 4859 590 4906 et
628 4859 778 4906 sanet
805 4859 1052 4921 aegrotos.
1105 4850 1341 4904 Medicus
1367 4849 1527 4924 quis?
1560 4850 1818 4904 Dominus

252 4953 440 4998 noster
480 4939 634 4996 Jesus
673 4940 936 4995 Christus.
975 4939 1324 5008 AdOptionem
1354 4946 1633 5008 pr0pterea
1664 4938 1814 5003 dicit,

254 5045 312 5088 ut
359 5035 612 5090 distincte
655 5032 1012 5102 intelligamus
1063 5031 1279 5084 unicum
1321 5029 1412 5083 Dei
1460 5029 1668 5093 ﬁlium;
1715 5046 1816 5084 nos

255 5127 400 5182 enim
464 5123 725 5178 beneﬁcio
777 5131 830 5176 et
884 5121 1188 5191 dignatione
1241 5121 1621 5176 misericordiae
1664 5121 1816 5190 ejus,

259 5218 352 5272 ﬁlii
396 5217 492 5270 Dei
521 5231 724 5270 sumus.
765 5215 854 5268 ille
891 5221 1080 5267 natura
1116 5223 1198 5267 est
1226 5213 1362 5267 ﬁlius
1387 5254 1400 5277 ,
1443 5213 1535 5281 qui
1573 5213 1675 5266 hoc
1716 5222 1818 5277 est,

255 5307 398 5377 quod
427 5306 603 5358 Pater.
652 5303 758 5358 Nec
788 5303 922 5357 dixit
949 5303 1294 5372 accipiamus,
1343 5302 1435 5355 sed
1479 5301 1818 5370 recipiamus,

255 5407 315 5452 ut
354 5395 685 5466 signiﬁcaret
731 5395 832 5448 hoc
877 5408 972 5446 nos
1013 5392 1255 5446 amisisse
1299 5392 1350 5444 in
1381 5391 1570 5455 Adam,
1620 5406 1685 5444 ex
1716 5405 1821 5460 quo

257 5485 517 5539 mortales
560 5497 762 5538 sumus.
801 5481 914 5535 lloc
946 5496 1073 5550 ergo
1100 5479 1243 5548 quod
1272 5479 1348 5532 ait
1375 5497 1387 5532 :
1421 5488 1476 5531 ut
1502 5496 1588 5533 eos
1619 5480 1708 5549 qui
1729 5479 1822 5533 sub

257 5575 368 5645 lege
396 5585 546 5629 erant
575 5575 864 5636 redimeret,
887 5581 941 5626 et
965 5573 1031 5626 ad
1059 5571 1394 5626 liberandum
1423 5586 1542 5624 eum
1570 5570 1823 5640 populum

257 5665 512 5734 pertinet,
556 5663 648 5732 qui
691 5661 940 5733 parvulus
977 5661 1076 5717 sub
1115 5661 1399 5730 predagogo
1443 5661 1738 5722 serviebat,
1773 5669 1827 5714 et

259 5753 496 5810 refertur
530 5755 598 5824 ad
626 5754 677 5810 id
705 5753 846 5824 quod
871 5753 1022 5818 dixit,
1059 5752 1252 5821 factum
1279 5751 1371 5806 sub
1401 5750 1525 5822 lege.
1568 5751 1697 5805 illud
1725 5766 1823 5805 au-

1905 1952 2020 2006 ait:
2052 1950 2202 2004 Misit
2241 1950 2384 2005 Deus
2423 1950 2681 2021 Spiritum
2727 1950 2857 2005 Filii
2893 1953 2978 2006 sui
3011 1953 3066 2005 in
3091 1952 3250 2006 corda
3277 1960 3474 2004 nostra.

1907 2041 2132 2109 Quando
2178 2050 2358 2097 autem
2395 2050 2583 2112 gentes
2626 2043 2762 2098 dixit
2794 2043 2934 2097 ﬁlios
2979 2043 3074 2098 Dei
3105 2043 3387 2098 credentes
3422 2043 3478 2097 in

1906 2135 2207 2201 ChriStum,
2237 2149 2356 2205 qua:
2398 2136 2550 2204 prius
2580 2134 2795 2190 fuerant
2829 2135 3082 2200 inimica},
3117 2135 3336 2189 dubium
3371 2148 3478 2187 non

1905 2236 2025 2283 erat
2067 2225 2279 2282 Judaeos
2304 2227 2588 2282 credentes
2616 2227 2720 2282 dici
2753 2226 2891 2282 ﬁlios
2937 2227 3055 2292 Dei,
3099 2241 3236 2296 quos
3271 2232 3483 2279 constat

1901 2314 2014 2384 jam
2058 2315 2265 2386 pridem
2297 2316 2396 2371 hoc
2434 2315 2653 2370 nomine
2694 2325 3070 2386 nuncupatos:
3102 2331 3294 2371 nomen
3335 2314 3481 2370 enim

1907 2405 2035 2460 olim
2081 2414 2423 2476 acceperunt,
2474 2407 2619 2461 velut
2646 2406 2702 2460 iu
2744 2407 2996 2477 imagine,
3032 2414 3091 2459 ut
3138 2413 3321 2476 postea
3356 2419 3483 2459 con-

1908 2493 2215 2548 ﬁrmaretur
2245 2509 2342 2564 per
2362 2493 2658 2560 Christum,
2698 2495 2824 2564 quia
2858 2495 2976 2550 sine
2999 2494 3194 2564 spiritu
3225 2509 3332 2550 non
3361 2501 3482 2548 erat

1909 2584 2143 2656 plenum.
2198 2585 2309 2640 Hoc
2329 2594 2426 2639 est
2463 2586 2606 2655 quod
2641 2585 2773 2640 dicit
2818 2595 2872 2640 et
2909 2585 3278 2648 adllomanos
3312 2601 3324 2637 :
3356 2581 3480 2652 Ipse

1912 2674 2142 2744 Spiritus
2169 2675 2519 2729 testimonium
2547 2674 2714 2730 reddit
2741 2677 2952 2745 spiritui
2983 2685 3178 2739 nostro,
3219 2675 3358 2746 quod
3383 2691 3478 2729 su-

1911 2782 2027 2820 mus
2082 2765 2180 2833 filii
2223 2766 2320 2820 Dei
2365 2765 2560 2838 (Rom.
2601 2765 2770 2837 vni);
2824 2775 2885 2820 ut
2933 2768 3076 2822 enim
3127 2766 3483 2836 probaremur

1912 2858 2149 2926 adoptati
2180 2872 2300 2912 esse
2339 2873 2369 2911 a
2410 2857 2520 2911 Deo
2548 2859 2600 2911 in
2639 2857 2798 2922 ﬁlios,
2850 2859 3094 2927 spiritum
3135 2873 3292 2911 suum
3336 2856 3484 2910 derit

1912 2947 2090 3010 nobis,
2135 2946 2227 3016 qui
2270 2947 2479 3016 signum
2505 2947 2675 3015 patris
2695 2947 2944 3000 ostendat
2981 2947 3037 2999 in
3063 2946 3220 3009 ﬁlios,
3253 2955 3312 2998 ut
3355 2945 3481 3013 quia

1913 3038 2017 3093 hoc
2061 3054 2165 3093 non
2218 3039 2535 3093 auderemus
2577 3038 2756 3093 dicere
2798 3038 2850 3092 in
2895 3037 3206 3092 inﬁrmitate
3249 3045 3304 3092 et
3345 3037 3484 3090 indi-

1915 3130 2118 3200 gnitate
2148 3139 2353 3196 nostra,
2385 3136 2657 3199 suggerat,
2679 3137 2738 3182 ut
2763 3128 3056 3183 audeamus
3081 3127 3280 3192 dicere,
3316 3125 3481 3190 Abba,

1917 3222 2061 3290 quod
2084 3229 2168 3276 est
2195 3220 2378 3286 Pater,
2403 3219 2632 3289 denique
2659 3217 2858 3274 Judaeis
2895 3220 2997 3273 hoc
3015 3217 3128 3286 jam
3151 3217 3348 3272 dudum
3374 3232 3483 3272 non

1917 3319 2003 3365 est
2035 3325 2348 3366 concessum
2379 3310 2577 3364 dicere.
2608 3307 2876 3380 (Hieron.)
2908 3306 3185 3362 Manifeste
3207 3306 3484 3376 apostolus

1915 3401 2114 3455 Paulus
2154 3409 2262 3455 tres
2285 3400 2507 3469 spiritus
2543 3400 2821 3454 nominat:
2853 3399 3111 3468 Spiritum
3151 3398 3270 3452 Filii
3302 3399 3394 3453 Dei
3424 3408 3485 3453 ut

1879 3513 1882 3516 ’
1915 3490 1968 3544 in
2013 3491 2261 3560 praesenti
2311 3490 2449 3556 loco,
2487 3489 2625 3544 misit
2674 3489 2930 3559 Spiritum
2965 3487 3093 3543 Filii
3121 3489 3204 3543 sui
3240 3490 3294 3543 in
3324 3489 3484 3544 corda

1915 3591 2134 3644 nostra;
2165 3589 2220 3635 et
2248 3579 2506 3650 Spiritum
2553 3580 2678 3645 Dei,
2709 3589 2770 3634 ut
2805 3581 2858 3634 in
2896 3581 2985 3636 illo
3014 3599 3026 3634 :
3056 3579 3319 3651 Quotquot
3358 3579 3484 3648 Spi-

1915 3671 2020 3724 ritu
2065 3671 2160 3725 Dei
2206 3680 2456 3740 aguntur,
2481 3670 2534 3722 lii
2562 3671 2662 3739 ﬁlii
2710 3670 2810 3740 Dei
2833 3681 2952 3724 sunt
2991 3669 3180 3741 (Rom.
3210 3685 3304 3723 vm
3332 3670 3379 3737 );
3431 3678 3486 3723 et

1918 3759 2177 3828 Spiritum
2207 3768 2474 3824 sanctum,
2518 3769 2579 3812 ut
2599 3759 2670 3812 ibi
2706 3757 2979 3828 :Corpora
3026 3769 3196 3811 vestra
3235 3756 3482 3826 templum

1913 3849 2082 3902 sancti
2125 3848 2356 3918 Spiritus
2400 3856 2542 3911 sunt,
2594 3849 2682 3918 qui
2724 3858 2797 3901 est
2838 3849 2894 3901 in
2944 3848 3082 3901 vobis
3114 3846 3184 3916 (Ι
3214 3845 3334 3899 Cor.
3374 3845 3486 3914 vr).

1915 3941 2092 3994 Alium
2135 3948 2313 3994 autem
2351 3939 2608 4008 Spiritum
2647 3950 2890 3995 sanctum
2932 3955 3050 3995 esse
3089 3953 3250 4007 quam
3293 3938 3487 3991 Filium

1917 4030 2032 4091 Dei,
2064 4028 2498 4084 manifestissime
2538 4029 2592 4082 in
2623 4028 2907 4097 Evangelio
2935 4028 3351 4096 comprobatur:
3385 4023 3488 4088 Qui

1916 4119 2105 4172 dixerit
2137 4117 2344 4172 verbum
2373 4127 2552 4170 contra
2574 4115 2772 4169 Filium
2803 4116 3045 4179 hominis,
3075 4113 3361 4167 dimittetur
3391 4112 3437 4164 ei
3467 4126 3484 4164 :

1915 4210 2208 4280 quicunque
2251 4217 2427 4262 autem
2474 4207 2664 4261 dixerit
2711 4218 2892 4260 contra
2939 4205 3193 4276 Spiritum
3226 4212 3485 4264 sanctum,

1918 4318 2010 4355 nec
2036 4301 2118 4354 hic
2165 4316 2255 4353 nec
2303 4300 2358 4352 in
2394 4299 2572 4368 futuro
2618 4299 2908 4352 dimittetur
2951 4299 2998 4352 ei
3022 4299 3038 4368 (
3063 4297 3191 4350 Luc.
3235 4310 3310 4348 xu
3347 4293 3386 4364 ).
3412 4294 3489 4347 De

1918 4391 2364 4463 quinquagesimo
2389 4390 2593 4460 psalmo
2633 4398 2742 4445 tres
2780 4389 3002 4458 spiritus
3028 4386 3332 4442 nominatos
3358 4385 3484 4439 bre-

1919 4485 2060 4540 viter
2105 4484 2418 4546 ostendam,
2470 4481 2736 4550 Propheta
2787 4482 3040 4536 dicente:
3075 4478 3178 4533 Cor
3233 4477 3486 4532 mundum

1923 4593 2041 4630 crea
2069 4577 2123 4629 in
2146 4591 2246 4640 me,
2273 4575 2437 4638 Deus,
2464 4584 2509 4627 et
2535 4573 2788 4644 Spiritum
2821 4584 3012 4627 rectum
3036 4573 3224 4625 innova
3246 4571 3298 4622 in
3323 4569 3488 4622 visce-

1921 4669 2064 4720 ribus
2093 4666 2238 4719 meis.
2265 4664 2346 4718 Ne
2377 4665 2624 4734 projieias
2665 4681 2743 4717 me
2766 4682 2797 4716 α
2831 4663 2963 4730 facie
2989 4672 3100 4724 tua,
3143 4671 3187 4713 et
3218 4659 3478 4727 Spiritum

1922 4769 2158 4813 srmctum
2198 4768 2342 4811 tuum
2371 4774 2432 4810 ne
2459 4757 2670 4825 auferas
2700 4775 2731 4808 a
2759 4773 2856 4808 me.
2897 4753 3068 4807 Redde
3096 4753 3220 4805 mihi
3247 4750 3484 4804 ltetitiam

1924 4849 2172 4903 salutaris
2193 4848 2290 4911 tui,
2321 4857 2368 4901 et
2400 4848 2585 4916 spiritu
2615 4845 2889 4914 principali
2925 4844 3177 4912 conﬁrma
3210 4858 3310 4894 me.
3336 4840 3491 4893 Prin-

1925 4939 2152 5009 cipalem
2180 4937 2464 5008 Spiritum,
2509 4935 2726 4990 Patrem
2758 4933 3020 5003 appellat,
3045 4932 3167 5000 quia
3216 4930 3381 4984 Filius
3424 4944 3491 4982 ex

1920 5031 2113 5093 Patre,
2159 5038 2214 5084 et
2272 5044 2381 5082 non
2429 5027 2588 5080 Pater
2638 5041 2705 5079 ex
2763 5023 2934 5089 Filio;
2996 5021 3254 5090 Spiritum
3309 5027 3490 5072 autem

1920 5129 2148 5185 rectum,
2178 5118 2420 5173 veritatis
2450 5124 2610 5185 atque
2637 5114 2872 5184 iustitiae,
2906 5113 3178 5168 Christum
3210 5110 3490 5164 Dominum

1920 5211 2224 5282 significat;
2272 5209 2397 5277 quia
2455 5207 2612 5260 Pater
2661 5223 2809 5260 omne
2845 5205 3103 5274 judicium
3152 5202 3290 5256 dedit
3348 5201 3491 5254 Filio

1921 5299 2113 5373 (Joan.
2135 5315 2168 5353 v
2188 5299 2226 5369 ).
2256 5299 2323 5353 Et
2356 5298 2514 5351 estin
2545 5295 2768 5352 Psalmis
2794 5313 2806 5350 :
2835 5296 2998 5360 Deus,
3031 5294 3294 5364 judicium
3343 5301 3489 5345 tuum

1924 5393 2032 5462 regi
2072 5392 2161 5456 da,
2198 5400 2243 5444 et
2279 5390 2539 5460 justitiam
2575 5399 2717 5444 tuam
2755 5388 2863 5457 ﬁlio
2904 5388 3036 5457 regis
3073 5384 3256 5457 (Psal.
3309 5385 3486 5452 LXXI).

1924 5482 2094 5536 Porro
2125 5479 2381 5550 Spiritum
2409 5488 2651 5533 sanctum
2682 5486 2868 5548 aperto
2896 5478 3112 5531 nomine
3138 5483 3292 5530 vocat
3331 5491 3343 5527 :
3374 5488 3493 5542 quae

1926 5571 2141 5642 quidem
2174 5585 2293 5624 cum
2319 5567 2589 5623 vocabulis
2611 5568 2958 5636 personisque
2985 5565 3337 5627 dissentiant,
3364 5561 3492 5614 sub-

1926 5659 2122 5716 stantia
2152 5666 2450 5728 naturaque
2476 5657 2677 5713 sociata
2709 5665 2851 5722 sunt,
2881 5665 2933 5712 et
2955 5653 3322 5709 indifferenter
3351 5647 3494 5702 idem

1927 5751 2162 5822 Spiritus
2199 5749 2268 5805 ob
2313 5757 2515 5805 natura:
2551 5748 2891 5811 societatem,
2919 5759 3058 5800 nunc
3090 5740 3266 5796 Patris
3300 5737 3502 5793 dicitur
