4022 6338
498 389 601 443 515

1133 389 1191 444 Β.
1232 390 1484 446 RABANI
1525 390 1740 447 MAURI
1781 389 2095 446 ARCHIEP.
2142 390 2447 448 MOGUNT.
2491 392 2771 449 OPERUM
2811 393 2990 450 PARS
3028 395 3091 449 Ill

3639 394 3741 450 316

492 518 633 567 esse,
678 518 817 557 nunc
861 500 1000 557 Filii.
1041 502 1427 573 Argumentum
1457 514 1636 560 autem
1671 520 1776 573 quo
1820 505 2069 559 adserere
2101 506 2146 562 A
2173 506 2622 572 quemadmodum
2663 504 2810 559 multi
2839 507 2914 560 dii
2949 517 2996 561 et
3037 509 3234 562 domini
3265 508 3433 572 multi,
3479 510 3569 564 sed
3599 511 3743 564 not-is

491 601 736 655 conatur,
787 607 885 646 nos
919 592 1030 662 jam
1072 609 1175 646 non
1203 609 1322 647 esse
1351 595 1449 656 sub
1476 594 1612 664 lege,
1646 595 1736 648 sed
1769 594 1866 648 sub
1887 593 2064 662 gratia

492 681 701 736 Domini
738 680 897 746 Jesu,
939 683 1028 736 tali
1069 682 1174 736 ﬁne
1207 683 1497 738 concludit.
1541 683 1798 752 Superius
1839 683 2063 744 dixerat,

493 782 548 825 ut
585 772 912 841 adoptionem
943 772 1174 840 ﬁliorum
1215 773 1554 842 reciperemus
1582 785 1600 822 :
1633 786 1775 825 nunc
1816 771 1908 825 Dei
1950 785 2069 824 esse

492 877 592 916 nos
621 863 791 927 ﬁlios,
831 879 894 916 ex
943 863 1133 932 spiritu
1174 865 1366 933 probat
1399 878 1558 932 quem
1594 863 1851 917 habemus
1876 863 1928 916 in
1969 879 2069 916 no-

496 953 598 1008 bis.
631 951 914 1022 Nunquam
944 954 1109 1018 enim,
1142 953 1332 1022 inquit,
1363 955 1683 1008 auderemus
1713 953 1929 1008 dicere:
1963 951 2071 1004 Pa-

492 1052 571 1095 ter
595 1052 786 1105 noster,
832 1045 920 1113 qui
952 1059 1004 1097 es
1033 1045 1088 1097 in
1113 1044 1270 1104 cretis,
1304 1044 1656 1111 saneti/icetur
1685 1061 1869 1098 nomen
1900 1055 2066 1109 tuum,

492 1130 596 1183 nisi
625 1129 692 1183 de
737 1131 1066 1185 conscientia
1109 1131 1345 1202 Spiritus
1386 1132 1678 1186 habitantis
1721 1134 1772 1186 in
1806 1132 1984 1196 nobis,
2017 1143 2072 1188 et

491 1235 683 1291 magna
713 1235 966 1276 sensuum
1015 1231 1069 1277 et
1099 1223 1408 1293 dogmatum
1438 1237 1567 1277 voce
1595 1223 1899 1288 clamante:
1928 1223 2070 1276 Abba

492 1311 675 1368 Pater.
729 1314 900 1378 Abba,
957 1313 1279 1370 Hebraicum
1327 1325 1442 1379 est,
1487 1315 1715 1384 idipsum
1760 1315 2074 1386 significans

491 1407 633 1474 quod
663 1405 843 1470 Pater,
873 1415 929 1460 et
958 1407 1099 1462 hanc
1121 1408 1566 1463 consuetudinem
1598 1409 1650 1462 in
1673 1409 1917 1477 pluribus
1941 1409 2073 1464 locis

493 1495 770 1567 Scriptura
803 1507 1120 1563 conservat,
1149 1509 1211 1552 ut
1237 1499 1556 1554 Hebraicum
1585 1499 1804 1553 verbum
1833 1515 1952 1554 curn
1985 1499 2070 1552 in-

493 1586 878 1656 terpretatione
904 1603 1000 1641 sua
1040 1579 1222 1657 porﬂtt.
1262 1587 1565 1642 Notandum
1603 1589 1762 1642 etiam
1802 1589 1928 1657 quia
1964 1587 2072 1642 cla-

491 1676 713 1752 mor.in
760 1675 1055 1745 Scripturis
1097 1693 1202 1734 non
1251 1693 1456 1747 magna:
1493 1679 1641 1733 vocis
1688 1679 1928 1743 emissio,
1978 1679 2073 1733 sed

490 1765 727 1819 scientia:
766 1766 1112 1836 intelligatur,
1144 1776 1199 1821 et
1224 1768 1530 1838 dogmatum
1561 1769 1868 1838 magnitudo
1901 1786 1914 1821 :
1945 1783 2068 1820 nam

2171 609 2306 646 unus
2338 593 2476 647 Deus
2517 591 2699 658 Pater,
2729 605 2822 661 per
2843 613 2994 665 quem
3021 599 3196 651 omnia
3222 607 3270 650 et
3305 615 3398 652 nos
3427 600 3481 652 in
3515 601 3629 668 ipso
3652 640 3666 663 ,
3695 608 3742 651 et

2172 697 2306 734 unus
2355 681 2611 737 Dominus
2653 683 2812 737 Iesus
2847 685 3108 750 Christus,
3133 699 3247 756 'per
3275 705 3424 758 quem
3451 690 3651 753 omnia,
3695 699 3744 742 et

2172 789 2265 826 nos
2298 791 2390 842 per
2424 776 2592 844 ipsum
2639 777 2700 847 (I
2734 775 2856 832 Cor.
2896 779 3049 851 vui).
3079 780 3212 835 Cum
3255 791 3433 837 autem
3479 785 3633 850 dicit,
3663 787 3744 844 his

2169 864 2259 934 qui
2289 865 2601 918 naturaliter
2622 883 2724 921 non
2739 880 2860 922 sunt
2885 870 2960 923 dii
2980 872 3230 936 servistis,
3257 874 3388 927 satis
3413 874 3746 930 demonstrat

2171 969 2336 1007 unum
2361 969 2544 1008 verum
2575 957 2740 1010 Deum
2769 967 2956 1012 natura
2981 975 3101 1014 esse
3137 962 3302 1016 Deum
3323 1004 3338 1026 ,
3375 979 3481 1034 quo
3506 967 3743 1030 nomine,

2173 1042 2410 1098 Trinitas
2441 1043 2752 1102 ﬁdelissimo
2775 1057 2831 1102 et
2867 1049 3132 1105 catholico
3168 1053 3372 1120 gremio
3398 1055 3577 1110 cordis
3606 1059 3747 1112 acci-

2171 1133 2334 1202 pitur.
2374 1134 2479 1188 Eos
2501 1145 2678 1189 autem
2704 1138 2796 1206 qui
2828 1147 3018 1192 natura
3045 1156 3149 1194 non
3176 1151 3301 1196 sunt
3327 1144 3422 1206 d’i,
3459 1155 3747 1215 propterea

2174 1225 2424 1293 superius
2478 1236 2858 1294 procuratores
2913 1238 3228 1298 actoresque
3289 1232 3562 1301 appellat,
3621 1237 3748 1303 quia

2173 1312 2318 1367 nulla
2346 1323 2594 1367 creatura
2621 1322 2723 1379 est,
2753 1316 2867 1370 sive
2891 1332 3010 1385 qua:
3032 1317 3087 1371 in
3111 1320 3337 1374 veritate
3367 1330 3567 1385 manet,
3616 1322 3751 1375 dans

2173 1403 2394 1474 gloriam
2427 1405 2535 1459 Deo
2567 1423 2579 1458 :
2608 1407 2723 1459 sive
2757 1421 2877 1474 quae
2908 1407 2960 1461 in
2990 1402 3218 1464 veritate
3257 1427 3361 1464 non
3389 1411 3556 1473 stetit,
3601 1427 3750 1480 qua:-

2175 1509 2301 1549 rens
2326 1495 2552 1563 gloriam
2583 1511 2754 1550 suam.
2788 1495 2941 1550 Nulla
2961 1513 3089 1568 ergo
3117 1508 3363 1554 creatura
3392 1511 3474 1555 est
3495 1517 3639 1570 qum,
3658 1519 3752 1554 ve-

2173 1583 2236 1637 lit
2261 1583 2412 1647 nolit,
2441 1600 2548 1638 non
2579 1585 2774 1640 divina:
2801 1589 3154 1655 providentia:
3179 1591 3401 1656 serviat,
3440 1593 3534 1646 sed
3565 1592 3754 1647 volens

2175 1675 2305 1730 facit
2331 1692 2453 1730 cum
2477 1675 2542 1732 ea
2571 1677 2713 1747 quod
2739 1679 2936 1733 bonum
2967 1689 3082 1746 est,
3124 1682 3191 1737 de
3216 1682 3306 1736 illa
3342 1699 3472 1738 vero
3507 1700 3628 1753 quae
3653 1684 3755 1738 hoc

2176 1784 2283 1824 non
2323 1769 2465 1834 vult,
2511 1769 2570 1823 ﬁt
2614 1773 2757 1840 quod
2800 1770 3004 1839 justum
3037 1783 3142 1828 est.
3192 1773 3325 1828 Nam
3367 1775 3412 1828 si
3447 1775 3613 1829 etiam
3655 1776 3756 1844 ipsi

489 1865 544 1911 et
578 1857 629 1910 in
670 1857 852 1912 Exodo
895 1860 1169 1928 respondit
1215 1860 1470 1914 Dominus
1506 1860 1572 1913 ad
1617 1859 1889 1930 Moysem:
1931 1859 2070 1925 Qui!
2105 1839 2149 1898 Β
2177 1839 2644 1930 praavaricatores
2669 1861 2842 1933 angeli
2909 1878 3033 1918 cum
3085 1864 3330 1934 principe
3381 1881 3478 1921 suo
3530 1839 3758 1920 Diabolo

491 1946 689 2001 clamas
716 1948 783 2000 ad
812 1950 932 2002 me?
965 1949 1174 2018 (Exod.
1217 1950 1329 2021 xw)
1369 1966 1492 2005 cum
1533 1951 1746 2019 penitus
1775 1949 1941 2022 Moysi
1967 1965 2069 2005 vox

423 2071 426 2074 -
491 2038 634 2091 nulla
680 2041 1055 2108 praecesserit;
1086 2056 1272 2095 verum
1299 2051 1676 2110 compunctum
1721 2057 1838 2106 cor,
1884 2050 1939 2096 et
1973 2057 2072 2112 pro

491 2117 702 2199 populo.
739 2132 1158 2202 lacrymabiliter
1210 2134 1591 2204 ingemiscens,
1645 2132 1926 2202 Scriptura
1961 2132 2071 2186 cla-

492 2236 698 2275 morem
739 2223 968 2277 vocavit.
1012 2223 1290 2290 Quomodo
1333 2223 1496 2294 igitur
1521 2222 1610 2292 qui
1649 2222 1908 2292 Spiritum
1948 2221 2071 2276 Filii

491 2312 585 2366 Dei
635 2313 813 2377 habet,
855 2314 1023 2370 Filius
1068 2316 1158 2370 Dei
1207 2323 1326 2380 est;
1365 2316 1444 2370 sic
1485 2315 1536 2368 in
1577 2316 1934 2384 reciprocum,
1981 2313 2072 2382 qui

493 2399 752 2470 Spiritum
785 2402 905 2456 Filii
938 2404 1030 2458 Dei
1064 2419 1169 2458 non
1195 2405 1376 2467 habet,
1417 2405 1512 2459 Dei
1553 2404 1722 2458 Filius
1765 2419 1870 2458 non
1900 2410 2075 2473 potest

492 2491 772 2561 appellari.
801 2494 1084 2563 Accepistis
1115 2497 1355 2564 spiritum
1377 2496 1672 2565 adoptionis
1695 2495 1925 2562 ﬁliorum
1955 2494 2072 2558 Dei,

491 2585 547 2637 in
578 2600 680 2654 quo
711 2583 1038 2642 clamamus:
1062 2587 1229 2651 Abba,
1271 2585 1434 2641 Pater
1459 2587 1477 2657 (
1499 2587 1648 2640 Rom.
1673 2587 1834 2658 mm).
1863 2585 2071 2660 [Aug]

493 2673 635 2729 Ecce
659 2675 747 2730 hic
771 2692 875 2730 non
903 2677 1039 2731 dixit
1064 2679 1204 2747 quod
1233 2678 1345 2748 ipse
1369 2677 1605 2748 Spiritus
1629 2679 1825 2732 clamet
1846 2679 2072 2745 orando,

491 2765 605 2830 sed,
623 2767 675 2818 in
689 2783 791 2835 quo
805 2766 1114 2832 clamamus,
1131 2769 1272 2822 Abba
1283 2810 1296 2833 ,
1317 2767 1494 2821 Pater.
1513 2769 1633 2823 Alio
1649 2778 1828 2824 tamen
1845 2769 1963 2825 loco
1977 2771 2070 2824 ait:

493 2854 636 2927 (Gal.
659 2859 732 2928 tv)
759 2858 1018 2924 Quoniam
1049 2861 1147 2930 filii
1167 2864 1310 2925 estis,
1347 2863 1486 2915 misit
1507 2862 1643 2916 Deus
1668 2861 1920 2933 Spiritum
1944 2861 2076 2916 Filii

489 2949 574 3001 sui
601 2949 656 3002 in
683 2949 842 3004 corda
870 2961 1068 3015 nostra,
1101 2951 1414 3005 clamantem
1449 2952 1592 3006 Abba
1622 2951 1812 3018 Pater,
1847 2969 1954 3008 non
1988 2953 2076 3008 hic

491 3041 655 3104 ait,m
682 3058 783 3111 quo
803 3041 1113 3109 clamamus,
1141 3044 1232 3098 sed
1263 3043 1437 3112 ipsum
1463 3043 1724 3114 Spiritum
1748 3046 2074 3100 clamantem

491 3130 671 3186 dicere
701 3131 907 3197 maluit,
957 3149 1063 3203 quo
1093 3133 1320 3189 eiﬁcitur
1347 3144 1406 3189 ut
1429 3135 1741 3190 clamemus.
1771 3135 1922 3192 Sicut
1951 3145 2076 3192 sunt

2174 1966 2280 2005 non
2310 1961 2456 2006 recte
2486 1953 2796 2008 dicerentur
2815 1962 3193 2022 procuratores
3219 1955 3302 2010 vel
3329 1966 3542 2011 actores
3561 1956 3759 2010 divina:

2173 2041 2544 2112 pfovidentiaa,
2570 2061 2675 2100 non
2704 2046 2966 2100 Dominus
2986 2047 3356 2117 magistratum
3389 2046 3555 2115 hujus
3570 2049 3758 2102 mundi

2174 2131 2456 2188 Diabolum
2481 2133 2714 2200 diceret,
2750 2151 2850 2191 nec
2875 2143 3121 2191 uteretur
3141 2134 3230 2191 illo
3264 2137 3331 2191 ad
3356 2137 3759 2206 correptionen

2175 2223 2452 2278 hominum
2509 2225 2622 2294 ipsa
2671 2235 2911 2295 potestas
2961 2227 3288 2295 apostolica,
3346 2227 3534 2282 eodem
3585 2227 3758 2281 Paulo

2174 2311 2300 2366 alibi
2354 2314 2564 2370 dicente
2607 2313 2676 2386 (Ι
2705 2314 2838 2368 Tim.
2872 2316 2930 2387 ι)
2958 2333 2971 2381 ;
3000 2333 3130 2386 quos
3157 2317 3353 2370 tradidi
3402 2316 3640 2384 Satance,
3699 2326 3759 2370 ut

2175 2403 2376 2457 discant
2428 2422 2531 2459 non
2574 2403 2929 2474 blasphemare
2953 2423 2971 2472 ;
2998 2412 3052 2460 et
3095 2406 3200 2461 alio
3235 2405 3355 2461 loco
3395 2405 3464 2477 (1
3499 2405 3623 2460 Cor.
3655 2422 3687 2457 v
3715 2409 3758 2475 ),

2175 2495 2242 2549 ad
2277 2495 2525 2561 salutem,
2553 2496 2630 2551 ait
2665 2498 2808 2551 enim
2839 2497 2990 2568 :Ego
3025 2483 3234 2568 quidem
3262 2499 3395 2552 sicut
3426 2498 3611 2552 absens
3640 2516 3762 2552 cor—

2173 2603 2326 2656 pore,
2356 2603 2584 2656 prwsens
2611 2598 2783 2640 autem
2805 2588 3012 2657 spiritu,
3027 2587 3144 2656 jam
3175 2587 3413 2657 judicaui
3443 2588 3595 2657 quasi
3618 2604 3760 2656 pra:-

2175 2693 2291 2731 sens
2322 2694 2438 2730 eum
2464 2680 2553 2748 qui
2585 2678 2664 2732 sic
2696 2686 2937 2748 operatus
2974 2687 3048 2732 est
3079 2680 3135 2731 in
3177 2679 3382 2732 nomine
3421 2678 3630 2732 Domini
3659 2696 3760 2732 no-

2175 2769 2272 2820 stri
2321 2769 2446 2822 Jesu
2493 2767 2706 2834 Christi,
2758 2768 3079 2840 congregatis
3123 2767 3264 2822 vobis
3297 2778 3345 2823 et
3381 2785 3492 2821 meo
3543 2769 3754 2838 spiritu,

2177 2876 2295 2912 cum
2315 2861 2543 2929 potentia
2573 2860 2782 2914 Domini
2813 2862 2977 2918 nostri
2997 2861 3124 2916 Iesu
3150 2859 3366 2925 Christi,
3391 2863 3597 2915 tradere
3618 2862 3764 2930 ejus-

2177 2949 2319 3002 modi
2365 2950 2581 3003 Satanre
2625 2951 2678 3002 in
2719 2951 2988 3004 interitum
3018 2951 3192 3004 carnis
3233 2959 3289 3004 ut
3329 2951 3544 3020 spiritus
3579 2948 3761 3002 salvus

2176 3041 2244 3094 sit
2279 3040 2333 3094 iu
2363 3040 2446 3093 die
2483 3040 2694 3095 Domini
2727 3041 2875 3096 Jesu.
2923 3041 3030 3097 Sed
3073 3043 3420 3114 magistratus
3464 3044 3564 3098 sub
3608 3052 3763 3098 tanto

2178 3129 2509 3201 imperatore
2541 3147 2646 3187 non
2674 3131 2823 3198 facit,
2869 3133 2970 3187 nisi
3009 3142 3269 3203 quantum
3297 3133 3368 3190 illi
3399 3134 3760 3204 permittitur,

493 3222 612 3276 illa:
651 3222 772 3292 Ipse
810 3224 1039 3286 Spiritus
1074 3225 1367 3294 interpellat
1396 3228 1670 3297 gemitibus
1705 3229 2074 3283 inenarrabili-
2102 3203 2146 3264 (ἶ
2180 3232 2234 3278 et
2279 3232 2659 3294 procuratores
2699 3233 3017 3296 actoresque
3056 3225 3215 3294 hujus
3262 3203 3445 3281 mundi
3494 3225 3627 3282 nihil
3673 3225 3755 3280 fa-

493 3313 618 3377 bus;
644 3323 728 3368 et:
760 3315 991 3385 Spiritus
1011 3315 1189 3370 Patris
1211 3320 1362 3372 vestri
1385 3329 1458 3373 est
1485 3321 1574 3384 qui
1598 3319 1828 3392 loquitur
1845 3323 1898 3375 in
1914 3323 2073 3376 vobis.

564 3403 749 3473 Itaque
777 3405 894 3474 jam
931 3423 1033 3460 non
1060 3417 1134 3460 est
1169 3426 1363 3472 servus,
1387 3411 1475 3463 sed
1495 3412 1660 3480 filius.
1695 3412 1923 3474 ('Atttbr.‘
1957 3415 2074 3470 Non

491 3502 574 3548 est
601 3510 807 3559 servus,
854 3497 980 3566 quia
1012 3499 1254 3554 sublatus
1295 3503 1359 3556 de
1392 3511 1655 3571 potestate
1695 3504 1847 3574 legis,
1897 3507 2076 3562 socius

493 3583 667 3638 factus
696 3594 781 3638 est
826 3586 1215 3642 benedictionis
1245 3591 1446 3660 proprii
1478 3590 1570 3646 ﬁlii
1603 3592 1720 3646 Dei.
1755 3592 1909 3657 Quod
1935 3597 1982 3648 si
2008 3597 2074 3664 ﬁ-

491 3673 614 3739 lius,
642 3685 687 3728 et
719 3675 882 3728 lurres
906 3695 998 3746 per
1022 3678 1212 3732 Deum.
1243 3679 1470 3735 Dubium
1509 3697 1612 3736 non
1656 3692 1768 3748 est,
1794 3686 1918 3754 quia
1952 3687 2074 3741 ideo

491 3764 612 3832 quis
651 3764 870 3834 adoptat
901 3767 1000 3821 sibi
1042 3768 1240 3835 ﬁlium,
1289 3780 1349 3824 ut
1392 3773 1657 3828 ltmredem
1710 3775 1855 3828 illum
1905 3777 2071 3831 relin-

493 3863 624 3922 quat
663 3873 676 3908 :
718 3856 810 3910 sed
849 3857 1136 3914 luereditas
1182 3877 1248 3915 ex
1293 3871 1467 3917 morte
1507 3863 1733 3935 alicujus
1777 3869 2068 3937 provenit:

491 3943 622 4012 quid
663 3953 746 3999 est
780 3960 908 4016 ergo
949 3955 1009 4001 ut
1053 3951 1308 4005 mortales
1347 3951 1463 4019 ejus
1505 3955 1746 4010 hazredes
1792 3958 2068 4024 dicantur,

489 4033 578 4100 qui
612 4049 825 4104 semper
857 4037 1021 4090 vivit?
1050 4039 1154 4093 Sed
1195 4039 1470 4110 Scriptura
1507 4059 1655 4098 more
1683 4054 1867 4102 nostro
1895 4047 2069 4117 loqui-

490 4131 595 4188 tur,
628 4134 685 4179 ut
716 4125 1011 4198 intelligere
1037 4131 1341 4198 possimus;
1382 4141 1442 4186 ut
1465 4134 1610 4188 enim
1641 4137 1889 4191 ostendat
1911 4138 2068 4194 datu-

489 4229 610 4265 rum
647 4224 853 4282 patrem
899 4217 1023 4273 ﬁliis
1066 4221 1131 4275 de
1172 4221 1326 4276 bonis
1357 4224 1488 4288 suis,
1536 4225 1650 4280 haec
1688 4243 1807 4296 qua:
1849 4229 2072 4285 daturus

488 4318 570 4362 est
608 4309 974 4366 [nereditatem
1004 4316 1254 4384 appellat.
1290 4317 1569 4388 (Hieron.)
1611 4320 1764 4387 Quod
1807 4330 1988 4377 autem
2017 4323 2066 4376 in

491 4398 592 4451 hoc
624 4397 738 4452 loco
764 4399 1013 4466 dicimus,
1033 4403 1083 4455 in
1109 4405 1319 4460 eazteris
1350 4422 1563 4478 quoque
1589 4412 1877 4464 observare
1903 4411 2068 4466 debe-

492 4507 642 4556 mus,
691 4492 759 4546 de
804 4503 916 4548 toto
959 4511 1156 4566 genere
1201 4500 1478 4556 hominum
1529 4504 1792 4574 singulari
1844 4522 2067 4560 numero

488 4580 770 4650 disputari.
819 4583 1017 4640 Omnes
1065 4587 1208 4641 enim
1255 4589 1534 4646 credentes
1579 4608 1744 4646 unum
1789 4609 1975 4648 sumus
2017 4595 2069 4648 in

489 4669 704 4725 Christo
745 4671 893 4739 Jesu,
939 4684 995 4730 et
1021 4679 1263 4732 membra
1297 4682 1538 4751 corporis
1583 4681 1698 4749 ejus
1729 4701 1741 4736 :
1775 4693 1830 4738 et
1860 4684 1911 4738 in
1942 4700 2068 4755 per-

490 4770 688 4814 rectum
740 4763 915 4818 virum
949 4768 1172 4834 redacti,
1210 4769 1358 4824 illum
1394 4772 1653 4826 habemus
1700 4784 1896 4844 caput,
1944 4776 2067 4844 quia

488 4861 643 4918 caput
675 4852 770 4904 viri
799 4852 1033 4909 Christus
1060 4867 1152 4911 est.

560 4939 664 4994 Sed
703 4953 824 4996 tunc
850 4947 1055 5013 quidem
1087 4951 1383 5018 ignorantes
1423 4953 1608 5018 Deum,
1649 4955 1728 5010 his
1753 4959 1842 5027 qui
1870 4967 2062 5012 natura

490 5049 593 5085 non
615 5043 733 5086 sunt
766 5035 872 5101 Dii,
903 5040 1220 5096 sentiebatis.
1255 5041 1486 5117 (Ailllil'.)
1511 5045 1774 5112 Quoniam
1791 5049 1940 5118 prius
1967 5065 2067 5118 per

489 5125 845 5194 ignorantiam
871 5131 1187 5198 peccabant,
1216 5135 1371 5189 idolis
1420 5137 1718 5202 serviente,
1749 5138 1905 5194 facile
1952 5140 2056 5194 illis

488 5221 726 5290 ignotum
759 5223 1059 5294 signiﬁcat,
1105 5230 1245 5283 sicut
1282 5231 1413 5284 dicit
1442 5231 1494 5284 iu
1524 5233 1720 5286 Genesi
1749 5232 2062 5288 Abimelcch

487 5314 555 5368 ad
584 5314 746 5368 Deum
776 5335 788 5368 :
819 5316 1059 5383 Domine,
1086 5321 1291 5390 inquit,
1327 5324 1561 5393 nunquid
1587 5334 1784 5393 gentem
1816 5326 2065 5394 ignoran-

486 5418 588 5463 tem
619 5411 841 5481 perdes?
883 5412 902 5483 (
923 5413 1097 5486 Aug.)
1141 5415 1285 5470 Satis
1327 5417 1601 5485 probabile
1643 5425 1726 5472 est
1771 5419 1931 5472 etiam
1973 5434 2063 5472 su-

486 5500 669 5570 perius
692 5503 756 5556 de
784 5505 1034 5573 gentibus
1058 5508 1280 5571 dictum,
1306 5509 1447 5578 quod
1475 5510 1575 5562 sul,
1599 5509 1878 5564 elementis
1905 5509 2064 5578 hujus

488 5592 671 5646 mundi
702 5603 858 5648 erant
896 5597 1221 5660 servientes,
1265 5605 1517 5668 tanquam
1554 5599 1652 5653 sub
1699 5599 2066 5668 procuratori—

489 5681 588 5736 bus
633 5690 689 5736 et
732 5684 1025 5738 actoribus.
1089 5685 1222 5740 Nam
1263 5687 1373 5756 ipsa
1425 5686 1686 5742 elementa
1737 5690 1919 5758 utique
1958 5704 2064 5743 non

490 5780 615 5824 sunt
667 5774 986 5829 naturaliter
1037 5776 1106 5830 dii
1163 5778 1272 5832 sive
1323 5780 1373 5832 in
1429 5778 1565 5834 ca'lo
1613 5779 1726 5835 sive
1776 5779 1829 5834 in
1880 5788 2061 5845 terra;

2096 4551 2149 4610 D

2180 3315 2350 3380 ciunt,
2382 3314 2484 3368 nisi
2514 3323 2774 3384 quantum
2804 3314 3062 3370 Dominus
3097 3315 3244 3370 sinit.
3292 3313 3408 3370 Non
3442 3316 3584 3369 enim
3623 3315 3764 3370 latet

2179 3421 2301 3461 eum
2329 3405 2528 3474 aliquid
2558 3406 2697 3460 sicut
2720 3405 3013 3472 hominem,
3041 3414 3133 3461 aut
3160 3407 3214 3460 in
3247 3406 3426 3476 aliquo
3453 3414 3536 3460 est
3572 3407 3770 3461 minus-

2177 3503 2390 3564 potens,
2407 3502 2466 3548 ut
2491 3502 2873 3564 procuratores
2897 3503 3057 3565 atque
3077 3503 3290 3551 actores
3309 3497 3400 3565 qui
3424 3504 3546 3550 sunt
3571 3497 3626 3549 in
3644 3495 3764 3563 ejus

2178 3593 2441 3656 potestate
2487 3585 2709 3655 aliquid,
2752 3585 2869 3656 ipso
2915 3586 3028 3641 sive
3078 3602 3182 3639 non
3223 3587 3592 3656 permittente,
3645 3588 3764 3642 sive

2177 3676 2470 3740 nesciente,
2503 3677 2554 3730 in
2589 3675 2845 3744 subjectis
2875 3676 2975 3731 sibi
3001 3691 3098 3746 pro
3121 3693 3220 3733 suo
3247 3679 3416 3748 gradu
3457 3679 3619 3734 rebus
3647 3679 3764 3734 elli-

2176 3765 2340 3820 ciant.
2375 3763 2488 3818 Non
2527 3766 2606 3820 eis
2639 3774 2818 3820 tamen
2850 3767 3162 3835 rependitur
3186 3769 3329 3838 quod
3363 3769 3428 3824 de
3458 3769 3587 3839 ipsis
3612 3768 3772 3837 juste-

2175 3854 2256 3917 ﬁt,
2284 3854 2376 3908 sed
2403 3869 2511 3923 quo
2546 3855 2728 3909 animo
2757 3855 2857 3925 ipsi
2892 3856 3095 3911 faciunt
3129 3872 3143 3910 :
3173 3859 3300 3928 quia
3328 3874 3501 3928 neque
3530 3859 3760 3916 liberam

2172 3945 2502 3999 voluntatem
2527 3945 2771 4000 rationali
2798 3956 3060 4002 creatum
3090 3964 3200 4004 suae
3245 3949 3388 4004 Deus
3427 3951 3660 4020 negavit,
3703 3963 3764 4007 et

2174 4044 2353 4091 tamen
2391 4045 2710 4106 potestatem
2739 4052 2857 4106 qua:
2883 4038 3048 4093 etiam
3089 4039 3313 4108 injustos
3343 4039 3488 4108 juste
3520 4042 3762 4107 ordinat,

2174 4129 2274 4183 sibi
2329 4129 2573 4184 retinuit.
2618 4130 2786 4197 Quem
2818 4129 2994 4184 locum
3024 4131 3188 4187 latius
3217 4143 3272 4186 et
3308 4133 3526 4188 uberius
3556 4133 3610 4186 in
3637 4133 3768 4188 aliis

2174 4217 2323 4273 libris
2370 4220 2740 4274 tracmvimus.
2791 4221 2918 4276 Sive
2963 4237 3092 4293 ergo
3143 4223 3310 4277 solem
3352 4231 3408 4278 et
3444 4222 3648 4287 lunam,
3699 4234 3763 4278 et

2171 4311 2368 4377 sidera,
2399 4320 2453 4367 et
2485 4298 2702 4379 cwlum,
2739 4324 2794 4370 et
2834 4323 3032 4370 terram
3077 4324 3378 4384 carteraque
3421 4314 3757 4385 hujusmodi,

2172 4415 2358 4474 gentes
2381 4407 2650 4473 colebant,
2681 4411 2794 4465 sive
2822 4411 3104 4474 daemonia,
3137 4420 3283 4466 recte
3316 4412 3418 4466 sub
3439 4422 3762 4483 procurato-

2173 4498 2322 4553 ribus
2347 4509 2402 4554 et
2431 4503 2704 4557 actoribus
2731 4502 2899 4558 fuisse
2936 4503 3325 4572 intelliguntur.
3369 4507 3759 4562 Verumtamen

2174 4607 2236 4646 ea
2266 4609 2386 4662 qua:
2406 4603 2724 4662 sequuntur,
2741 4593 2852 4662 jam
2880 4596 3033 4664 quasi
3060 4595 3380 4666 explicatam
3402 4598 3764 4666 quaestionem

2173 4701 2359 4740 rursus
2408 4687 2704 4756 implicant.
2745 4687 2878 4742 Cum
2924 4687 3068 4741 enim
3119 4704 3214 4757 per
3259 4696 3425 4744 totam
3457 4689 3762 4758 Epistolam

2172 4795 2275 4834 non
2300 4781 2367 4834 ab
2397 4781 2518 4835 aliis
2538 4783 2788 4836 ostendat
2807 4781 3148 4836 sollicitatam
3177 4782 3342 4837 fuisse
3356 4781 3673 4836 Galatarum
3699 4781 3762 4836 ﬁ-

2170 4873 2311 4936 dem,
2330 4873 2432 4928 nisi
2457 4874 2525 4927 ab
2545 4875 2624 4929 eis
2646 4874 2735 4944 qui
2757 4889 2821 4928 ex
2847 4875 3257 4930 circumcisione
3278 4886 3456 4939 erant,
3471 4885 3526 4929 et
3550 4877 3615 4930 ad
3631 4892 3758 4931 car-

2167 4963 2318 5018 nales
2343 4963 2748 5019 observationes
2770 4963 2926 5035 legis,
2952 4975 3205 5034 tanquam
3229 4966 3282 5020 in
3304 4966 3384 5021 eis
3413 4965 3558 5019 salus
3584 4975 3752 5028 esset,

2167 5057 2435 5111 adducere
2460 5057 2778 5126 cupiebant;
2803 5058 2906 5111 hoc
2928 5064 3137 5112 tantum
3162 5058 3279 5112 loco
3299 5059 3365 5111 ad
3386 5073 3480 5112 eos
3509 5056 3653 5126 loqui
3679 5059 3756 5112 vi-

2167 5149 2324 5204 detur
2343 5149 2434 5217 qui
2455 5150 2520 5203 ad
2535 5149 2809 5218 gentilium
2828 5149 3240 5218 superstitiones
3260 5150 3434 5204 redire
3453 5157 3749 5203 tentarent.

2241 5237 2396 5292 Nunc
2440 5249 2612 5292 autem
2642 5256 2759 5292 cum
2802 5241 3140 5310 coguoreritis
3181 5239 3366 5303 Deum,
3409 5241 3512 5294 imo
3556 5241 3752 5309 cogniti

2166 5327 2278 5380 sitis
2309 5345 2339 5380 a
2369 5327 2480 5380 Deo
2499 5368 2513 5393 ,
2539 5327 2797 5398 quomodo
2823 5329 3181 5381 convertimini
3219 5329 3406 5382 iterum
3433 5327 3501 5380 ad
3532 5328 3749 5396 inﬁrma

2165 5429 2213 5472 et
2267 5435 2426 5486 egena
2483 5417 2732 5472 elementa
2767 5459 2780 5482 ,
2836 5419 3022 5488 quibus
3077 5419 3248 5471 denuo
3306 5418 3496 5472 servire
3549 5417 3750 5474 vultis?

2168 5505 2430 5579 (Amhr.)
2481 5506 2657 5561 Grave
2709 5507 2922 5562 illorum
2977 5507 3271 5562 admissum
3311 5509 3566 5574 adnotat,
3619 5510 3746 5577 quia

2165 5608 2289 5669 post
2315 5599 2674 5670 cognitionem
2719 5599 2837 5664 Dei,
2890 5615 2952 5654 ea
2981 5615 3101 5669 qua:
3130 5614 3457 5670 paganorum
3487 5607 3613 5655 sunt
3655 5614 3742 5654 se-

2168 5690 2257 5758 qui
2286 5697 2582 5758 coeperant,
2614 5697 2668 5744 et
2697 5688 2814 5758 plus
2845 5688 3080 5744 addidit;
3105 5707 3122 5739 ι
3153 5689 3287 5757 Quia
3305 5705 3410 5744 non
3431 5690 3517 5745 isti
3544 5704 3746 5759 cogno-

2170 5787 2362 5834 verunt
2409 5779 2598 5845 Deum,
2640 5779 2732 5834 sed
2767 5778 2938 5849 magis
2969 5779 3165 5849 cogniti
3189 5795 3218 5835 a
3247 5779 3354 5836 Deo
3381 5788 3520 5834 sunt.
3559 5799 3576 5832 ›
3608 5778 3742 5836 Cum
