4022 6338
226 328 356 387 317
737 331 1287 392 ENARRATIONUM
1324 333 1392 392 IN
1428 335 1578 394 EPP.
1616 337 1824 396 PAULI
1861 339 1991 397 LIB.
2034 341 2149 400 XV.
2189 372 2260 387 -—
2296 341 2364 399 IN
2405 342 2623 401 EPIST.
2664 343 2760 401 AD
2795 342 3049 401 GALAT.
3418 347 3527 405 5I8

232 441 395 497 enim
443 439 501 498 hi
546 456 655 498 non
695 451 1005 512 quaererent
1052 443 1256 511 Deum,
1308 446 1594 504 advocavit
1636 463 1732 505 eos
1771 448 1916 513 ad'A
1944 451 2290 509 nuncvivunt
2308 454 2773 526 angeli,supern:e
2792 456 3168 526 quevirtutes;
3196 456 3379 514 sensui
3395 473 3526 515 vero

233 546 403 587 suam
425 531 765 603 gratiam,‘et
788 533 840 588 hi
866 533 1065 603 iugrati
1094 535 1161 591 ad
1187 551 1251 592 ea
1272 538 1514 594 converti
1534 548 1836 610 coeperant,
1939 538 2167 600 Iudaico
2196 552 2533 614 comparata,
2586 560 2694 602 non
2729 554 2842 603 tam
2877 546 3230 614 elementum,
3269 548 3375 605 hoc
3414 558 3519 617 est,

231 636 369 692 quae
393 628 525 677 tunc
548 619 795 713 colebant
824 623 1042 693 quando
1074 624 1397 695 ignorabant
1425 626 1618 694 Deum,
1649 637 1712 683 ut
1739 645 1836 686 γε·
1939 637 2175 704 initium,
2194 654 2357 710 quam
2379 639 2640 711 perfectio
2656 650 3019 713 nuncupatur.
3038 642 3190 710 Quod
3212 652 3395 698 autem
3413 644 3519 699 ait:

230 720 575 793 nerarentur
645 711 860 811 inﬁrma
916 721 974 768 et
1022 730 1193 811 egena
1247 715 1555 811 elementa,
1605 728 1662 775 et
1727 736 1835 778 non
1943 727 2139 786 «Nunc
2157 744 2289 786 vero
2314 711 2905 802 cognoscentesDeum,
2923 732 3095 804 magis
3117 741 3297 788 autem
3320 733 3522 805 cogniti

231 809 363 856 ³ου
441 810 626 857 meme
697 800 974 859 Christum
1040 803 1096 858 ίη
1159 820 1269 875 quo
1328 807 1507 863 omnis
1540 800 1838 867 ’ἰηιιεώἰιτιι
1935 820 2004 875 ab
2031 835 2123 886 eo,-
2149 841 2168 875 ι
2205 820 2335 876 illud
2363 800 2620 888 ostendit,
2648 824 2794 892 quod
2827 832 2952 893 post
2981 800 3250 882 idolorum
3289 800 3519 892 cultum,

228 894 521 951 divinitas.
573 893 791 951 Inﬁrma
845 903 902 951 et
954 910 1125 968 egena
1181 897 1315 954 dicit
1358 899 1660 965 elementa,
1709 904 1836 972 quia
1936 908 2105 965 Deum
2158 909 2519 967 intellexerint
2556 910 2780 979 Galatae,
2834 912 2917 967 vel
2975 915 3159 984 potius
3198 913 3299 983 ipsi
3329 914 3520 985 cogni—

228 985 569 1087 imperfecta
622 996 794 1051 sunt;
850 987 936 1087 _ad
981 989 1298 1087 regendum
1364 994 1507 1048 enim
1572 996 1834 1051 mundum
1934 1003 2081 1059 tione
2109 1002 2225 1074 ejus
2248 1004 2396 1074 digni
2425 1001 2816 1073 sintjudieati;
2844 1022 2952 1061 non
2976 1006 3116 1087 quod
3141 1005 3287 1061 Deus
3303 1013 3522 1062 creator

230 1081 483 1138 invicem
554 1092 717 1153 egent
780 1082 866 1138 sui
922 1083 1035 1139 :in
1102 1083 1319 1143 Christo
1379 1088 1524 1143 enim
1587 1088 1829 1158 perfecta

226 1172 391 1229 salus
437 1182 544 1229 est.
576 1172 848 1247 (Hieron.)
882 1173 1024 1230 Puto
1061 1174 1247 1247 itaque
1274 1179 1517 1247 quandiu
1541 1179 1664 1249 quis
1706 1194 1832 1251 par-

224 1264 399 1320 vulus
445 1272 550 1331 est,
595 1278 698 1321 nec
745 1273 1009 1320 statutum
1056 1273 1271 1338 tempus
1309 1283 1340 1324 a
1376 1276 1533 1339 patre
1568 1269 1827 1341 implevit,

225 1366 296 1412 ut
334 1356 482 1413 ﬁlius
530 1365 588 1413 et
632 1357 811 1413 hasres
851 1357 1110 1427 appellari
1149 1367 1336 1429 queat,
1389 1362 1494 1417 sub
1539 1362 1829 1419 elementis

225 1467 363 1508 wm
416 1452 638 1517 mundi,
689 1451 807 1524 lege
852 1451 1104 1509 videlicet
1150 1468 1274 1510 esse
1320 1453 1510 1526 Moysi.
1551 1455 1689 1510 Cum
1732 1471 1830 1510 au-

227 1554 349 1601 tem
374 1553 505 1615 post
532 1545 862 1610 libertatem,
896 1545 1245 1616 adoptionem
1275 1555 1332 1602 et
1359 1548 1730 1604 haereditatem
1758 1547 1827 1602 fi-

224 1637 311 1692 lio
338 1636 582 1693 debitam
618 1652 832 1692 rursum
861 1650 1114 1693 reversus
1157 1636 1321 1693 fuerit
1362 1638 1433 1693 ad
1468 1638 1661 1709 legem,
1714 1639 1824 1694 cir-

224 1733 473 1788 cumcidi
489 1731 679 1788 volens
699 1740 754 1788 et
784 1740 950 1788 totam
973 1733 1211 1790 Iudaica:
1253 1735 1652 1805 superstitionis
1679 1735 1825 1791 litte-

224 1839 352 1879 ram
379 1824 566 1896 sequi;
592 1833 741 1890 tunc,
767 1839 890 1895 qua:
910 1825 1061 1894 prius
1081 1825 1131 1881 ei
1158 1804 1344 1881 mundi
1372 1833 1582 1882 tantum
1608 1825 1826 1882 fuerant
1857 1804 1904 1865 Β

222 1919 525 1982 elementa,
554 1917 770 1972 inﬁrma
817 1932 1033 1988 quoque
1079 1927 1136 1973 et
1181 1933 1352 1991 egena
1382 1919 1639 1976 dicuntur
1662 1934 1825 1976 exor-

223 2008 342 2064 dia.
366 2008 428 2063 In
451 2016 662 2063 tantum
695 2007 842 2063 enim
869 2007 1003 2063 nihil
1032 2018 1259 2080 prosunt
1282 2009 1579 2067 cultoribus
1606 2010 1739 2077 suis,
1759 2018 1825 2067 ut

223 2116 300 2158 ne
362 2101 470 2157 hoc
523 2100 741 2172 quidem
790 2101 880 2177 eis,
912 2101 1172 2157 exhibere
1208 2101 1456 2168 valeant,
1505 2104 1648 2173 quod
1694 2111 1822 2159 ante

222 2192 622 2264 praestiterant,
648 2191 1043 2264 Hierosolyma,
1078 2192 1297 2265 templo,
1318 2193 1585 2265 altarique
1609 2195 1822 2251 destru-

225 2283 356 2339 ctis.
384 2283 736 2355 Respondeat
757 2283 956 2354 aliquis
974 2291 1031 2339 et
1048 2284 1232 2340 dicat:
1263 2283 1322 2339 Si
1359 2284 1447 2341 lex
1473 2294 1531 2341 et
1552 2294 1819 2356 praecepta

223 2390 353 2446 qua:
384 2375 442 2430 in
492 2374 610 2447 lege
655 2374 965 2444 conscripta
1016 2383 1162 2440 sunt,
1203 2373 1415 2430 infirma
1444 2382 1501 2430 et
1516 2375 1821 2445 egena-ele-

223 2474 414 2521 menta
444 2474 593 2531 sunt,
618 2473 675 2521 et
700 2466 754 2521 hi
784 2465 874 2535 qui
900 2474 1271 2537 cognoverunt
1285 2465 1477 2532 Deum,
1508 2466 1683 2537 magis
1716 2482 1818 2522 au-

225 2567 338 2613 tem
364 2556 568 2629 cogniti
591 2565 719 2613 sunt
742 2557 925 2623 abeo,
952 2556 1124 2628 legem
1150 2556 1441 2613 observare
1462 2572 1571 2613 non
1595 2557 1813 2623 debent,

224 2664 298 2703 ne
336 2647 603 2718 incipiant
650 2662 755 2703 non
804 2656 915 2702 tam
956 2647 1124 2701 Deum
1166 2645 1363 2710 colere,
1395 2661 1428 2701 a
1459 2661 1567 2717 quo
1614 2646 1815 2718 cogniti

223 2734 374 2805 sunt,
408 2752 573 2809 quam
611 2738 679 2792 ad
719 2752 815 2794 eos
834 2738 1038 2793 reverti
1063 2737 1159 2807 qui
1193 2745 1388 2793 natura
1416 2752 1525 2793 non
1551 2746 1678 2794 sunt
1703 2737 1813 2803 dii;

221 2839 317 2887 aut
348 2831 527 2904 legem
548 2831 974 2888 observaverunt
999 2830 1212 2902 Moyses
1231 2830 1602 2902 etprophetai,
1626 2839 1815 2887 etnon

222 2932 601 2993 cognoverunt
629 2924 816 2989 Deum,
847 2938 946 2979 nec
974 2924 1176 2995 cogniti
1207 2931 1334 2980 sunt
1378 2922 1449 2978 ab
1490 2934 1560 2979 eo
1591 2940 1605 2978 :
1632 2930 1729 2978 aut
1767 2921 1815 2978 si

221 3025 601 3086 cognoverunt
627 3015 818 3082 Deum,
850 3016 1105 3071 mandata
1141 3015 1277 3088 legis
1316 3015 1539 3071 minime
1570 3014 1812 3085 comple-

218 3115 448 3171 verunt;
478 3105 623 3175 quod
645 3114 933 3176 utrumque
954 3105 1317 3176 periculosum
1350 3112 1435 3160 est
1463 3104 1644 3160 dicere
1672 3119 1688 3159 :
1716 3114 1812 3160 aut

220 3196 343 3252 illos
374 3210 482 3252 non
517 3196 709 3255 fecisse
737 3212 857 3268 qua:
884 3195 1020 3267 legis
1073 3203 1220 3263 sunt,
1265 3204 1322 3253 et
1363 3197 1445 3252 sic
1491 3196 1809 3269 cognovisse

220 3287 392 3344 Deum
419 3304 434 3342 :
467 3297 563 3344 aut
605 3303 715 3343 non
755 3289 1078 3359 cognovisse
1105 3287 1296 3354 Deum,
1325 3289 1453 3344 dum
1484 3288 1722 3355 inﬁrma,
1751 3296 1809 3345 et

219 3395 391 3451 egena
420 3379 553 3452 legis
595 3379 863 3435 elementa
909 3378 1241 3434 custodiunt.
1287 3377 1441 3446 Quod
1481 3379 1698 3450 quidem
1728 3378 1809 3435 sic

220 3472 353 3528 solvi
380 3481 581 3543 potest,
607 3478 669 3526 ut
689 3471 934 3528 dicamus
955 3470 1077 3526 illos
1097 3471 1369 3542 quomodo
1409 3470 1609 3526 Paulus
1631 3468 1808 3526 factus

220 3570 303 3619 est
322 3561 528 3618 Iudaeis
549 3561 785 3628 Iudaeus,
814 3571 874 3618 ut
889 3561 1105 3618 Judteos
1130 3561 1499 3627 lucrifaceret;
1518 3569 1572 3617 et
1592 3562 1646 3617 in
1666 3560 1806 3618 Cen-

220 3655 371 3710 chris
399 3669 468 3709 ex
499 3662 625 3709 voto
649 3668 860 3709 comam
907 3653 1161 3719 totondit,
1192 3662 1247 3709 et
1273 3652 1613 3723 nudipedalia
1642 3661 1807 3724 atque

218 3744 500 3800 calvitium
544 3744 927 3816 Hierosolymis
964 3745 1018 3800 in
1047 3744 1248 3815 templo
1275 3745 1520 3800 exercuit
1547 3743 1687 3815 (Act.
1724 3742 1803 3818 χ),

218 3844 279 3891 ιιι
312 3851 506 3892 eorum
545 3837 767 3891 sedaret
790 3835 1047 3890 invidiam
1088 3836 1179 3907 qui
1223 3835 1581 3892 eathechizati
1628 3835 1695 3891 de
1739 3850 1807 3891 eo

218 3928 459 3994 fuerant,
489 3929 631 4000 quod
679 3936 870 3985 contra
919 3929 1092 3999 legem
1123 3928 1291 4001 Moysi
1330 3936 1388 3985 et
1413 3927 1583 3984 Deum
1604 3927 1807 3984 faceret

219 4022 608 4091 prophetarum
638 4034 654 4074 :
697 4020 772 4074 ita
807 4027 863 4075 et
909 4029 1127 4076 sanctos
1161 4021 1308 4076 viros
1362 4020 1551 4076 fecisse
1586 4021 1805 4091 quidem

220 4129 283 4169 ea
310 4129 435 4185 qua:
468 4112 604 4184 legis
632 4121 810 4177 erant,
839 4112 934 4168 sed
961 4128 1182 4169 sensum
1223 4113 1396 4185 magis
1430 4113 1564 4186 legis
1591 4123 1807 4172 secutos

220 4219 363 4271 esse,
394 4220 557 4274 quam
578 4204 837 4270 litteram,
865 4204 957 4274 qui
986 4220 1092 4260 non
1118 4205 1299 4260 minus
1328 4220 1492 4276 quam
1508 4205 1801 4273 Abraham,

221 4294 437 4350 sublato
467 4295 534 4351 de
587 4294 725 4351 facie
762 4294 1087 4360 velamento,
1119 4295 1405 4365 cupierunt
1451 4296 1636 4352 videre
1660 4296 1803 4351 diem

220 4384 449 4449 Christi,
479 4395 533 4442 et
563 4386 815 4442 viderunt
837 4396 894 4442 et
927 4387 1094 4443 laetati
1141 4396 1264 4443 sunt
1293 4386 1475 4459 (Joan.
1506 4388 1644 4461 vm),
1678 4387 1804 4445 facti

221 4479 439 4534 inﬁrmo
466 4481 666 4551 populo
688 4480 911 4546 infirmi,
938 4490 1000 4536 ut
1028 4480 1274 4536 inﬁrmos
1293 4479 1675 4537 lucrifacerent
1703 4496 1718 4536 :
1749 4490 1804 4538 et
1833 4510 1885 4572 ι)

223 4573 309 4629 his
342 4574 438 4644 qui
488 4576 589 4630 sub
623 4575 741 4647 lege
768 4584 943 4643 erant,
986 4576 1141 4646 quasi
1178 4584 1361 4631 essent
1401 4575 1499 4647 ipsi
1538 4576 1641 4631 sub
1665 4575 1800 4648 lege,

221 4677 284 4724 ut
308 4684 405 4724 eos
432 4669 500 4724 ab
526 4670 682 4725 idolis
711 4669 907 4742 quibus
936 4669 991 4725 in
1030 4668 1266 4741 Egypto
1293 4676 1662 4734 assueverant,
1714 4684 1804 4725 se-

222 4770 498 4831 pararent.
523 4762 634 4817 Lex
668 4761 836 4835 Moysi
870 4778 991 4833 qua:
1016 4772 1144 4817 ante
1168 4760 1537 4832 Evangelium-
1556 4761 1706 4815 dives
1750 4770 1807 4816 et

222 4854 475 4923 opulenta
520 4862 575 4909 et
617 4854 763 4909 clara
805 4852 925 4917 fuit,
978 4861 1101 4923 post
1149 4852 1438 4905 adventum
1476 4849 1697 4915 Christi,
1734 4851 1803 4906 ad

224 4944 679 5014 comparationem
706 4943 822 5013 ejus
868 4941 1023 5013 quasi
1060 4940 1274 4997 inﬁrma
1313 4949 1369 4995 et
1392 4944 1586 5010 egena,
1616 4939 1799 4994 immi-

226 5045 352 5091 nuta
386 5044 549 5106 atque
578 5036 850 5091 destructa
872 5040 958 5089 est
986 5032 1055 5088 ab
1075 5047 1139 5087 eo
1179 5031 1271 5102 qui
1318 5031 1494 5102 major
1522 5029 1624 5085 fuit
1646 5029 1803 5087 Salo-

226 5143 406 5194 mone,
444 5138 499 5181 et
522 5125 740 5197 templo,
764 5133 819 5182 et
846 5123 982 5181 Jona
1028 5122 1244 5187 (Matth.
1273 5123 1394 5195 xu).
1419 5119 1569 5177 Alias
1596 5130 1797 5188 autem,

225 5218 438 5275 inﬁma
466 5231 521 5274 et
545 5232 713 5289 egena
739 5216 1003 5272 elementa
1028 5213 1335 5271 Iudaeorum
1379 5214 1717 5279 traditiones,
1746 5221 1802 5268 et

228 5309 516 5366 secundum
550 5308 785 5363 litteram
812 5308 974 5362 vilem
1009 5306 1416 5377 intelligentiam
1456 5305 1802 5362 conﬁrmabi-

228 5414 363 5462 mus,
389 5414 510 5469 qua:
528 5407 654 5454 sunt
673 5396 1092 5468 iustiﬁcationes
1118 5412 1225 5452 non
1269 5399 1446 5463 boum,
1495 5403 1551 5452 et
1594 5411 1799 5467 prtece-

224 5499 315 5565 pta
342 5507 449 5546 non
485 5493 655 5559 bona;
691 5493 910 5548 robusta
936 5491 1133 5562 quippe
1162 5501 1218 5547 et
1247 5490 1397 5546 dives
1423 5498 1508 5546 est
1544 5490 1676 5562 legis
1718 5489 1799 5546 in-

230 5581 521 5654 telligentia
578 5582 860 5654 spiritalis,
907 5582 984 5637 ita
1012 5589 1074 5636 ut
1095 5589 1186 5636 aut
1213 5581 1428 5651 penitus
1470 5580 1795 5635 elementum

228 5685 328 5726 non
357 5671 519 5728 debet
538 5672 826 5743 appellari;
850 5680 942 5728 aut
964 5672 1292 5727 elementum
1313 5670 1527 5741 quidem
1555 5672 1626 5726 sit
1646 5686 1784 5726 eom-

229 5765 502 5834 parulioue
523 5764 690 5821 futuri
715 5764 975 5823 sasculiel
1001 5764 1123 5820 vita)
1163 5762 1216 5820 in
1240 5763 1459 5821 Christo
1498 5762 1648 5830 Jesu,
1692 5780 1797 5836 qua

1835 3149 1882 3215 C

1931 1096 2173 1150 omnium
2206 1094 2407 1165 aliquid
2436 1095 2668 1166 ignoret,
2709 1095 2801 1152 sed
2827 1099 2971 1167 quod
2997 1113 3091 1153 eos
3138 1104 3344 1153 tantum
3376 1098 3518 1154 scire

1932 1183 2164 1250 dicatur,
2204 1186 2295 1255 qui
2318 1199 2561 1240 errorem
2587 1186 2788 1255 pietate
2820 1189 3156 1243 mutaverint
3191 1207 3204 1242 :
3237 1185 3516 1260 Cognoscit

1929 1275 2067 1330 enim
2091 1274 2348 1331 Dominus
2369 1277 2460 1347 qui
2480 1287 2601 1331 sunt
2617 1276 2732 1347 ejus
2748 1276 2835 1349 (ΙΙ
2852 1276 2986 1334 Tim.
3006 1278 3089 1352 ιι).
3106 1278 3436 1335 EtSalvator
3458 1279 3515 1334 in

1930 1364 2221 1437 Evangelio
2254 1384 2267 1420 :
2293 1365 2407 1438 Ego
2430 1383 2571 1432 sum,
2603 1366 2699 1433 ait,
2738 1365 2934 1423 Pastor
2959 1369 3144 1437 bonus,
3180 1379 3230 1426 et
3258 1387 3514 1443 cegnosco

1926 1458 2070 1513 meas
2098 1468 2147 1513 et
2175 1468 2493 1530 cognoscunt
2518 1476 2600 1515 me
2627 1475 2756 1515 metr
2778 1458 2962 1531 (Joan.
2993 1460 3080 1531 x);
3114 1469 3300 1517 contra
3325 1462 3391 1517 ad
3412 1461 3515 1516 im-

1925 1550 2044 1622 pios
2075 1570 2089 1606 :
2116 1551 2310 1606 Nescio
2333 1568 2446 1618 vos,
2477 1552 2700 1607 recedite
2731 1569 2763 1607 a
2796 1562 2907 1619 me;
2945 1553 3173 1623 operarii
3218 1552 3512 1623 iniquitatis

1927 1640 2080 1714 (Luc.
2131 1643 2288 1715 xm);
2338 1652 2396 1701 et
2440 1644 2510 1701 ad
2562 1644 2758 1701 stultas
2808 1644 3086 1717 virgines:
3144 1642 3336 1700 Nescio
3396 1661 3507 1713 vos,

1924 1746 2046 1802 qua:
2068 1732 2190 1787 sitis
2216 1731 2431 1801 (Matth.
2461 1733 2612 1806 xxv).

2001 1820 2128 1877 Dies
2174 1822 2456 1878 observatis
2508 1833 2556 1877 et
2611 1840 2813 1879 menses
2862 1834 2911 1880 et
2946 1833 3181 1896 tempore
3224 1833 3275 1880 et
3319 1842 3507 1881 annos.

1923 1910 2157 1986 (Ambr.)
2209 1913 2340 1982 Quae
2397 1913 2663 1972 elementa
2712 1918 2911 1973 dixerit
2970 1932 3116 1975 nunc
3171 1916 3504 1987 declaravit;

1921 2004 2065 2061 diem
2096 2003 2177 2060 sol
2213 2004 2366 2072 facit,
2400 2020 2614 2062 menses
2661 2022 2854 2064 cursus
2891 2007 3071 2076 lunte;
3103 2017 3347 2080 tempora
3373 2024 3505 2067 vero

1921 2104 2050 2152 sunt
2093 2112 2224 2164 ver,
2279 2105 2475 2163 a'stas,
2517 2107 2830 2165 autumnus,
2858 2098 3066 2166 hiems,
3105 2107 3342 2170 quatuor
3368 2102 3505 2168 haec,

1919 2188 2192 2259 completo
2229 2204 2458 2245 numero
2480 2189 2702 2261 proprio
2733 2189 2944 2247 faciunt
2976 2207 3200 2248 annum.
3227 2192 3357 2248 Dies
3376 2208 3507 2264 ergo

1919 2279 2214 2336 observant
2241 2281 2334 2350 qui
2360 2281 2571 2349 dicunt,
2593 2290 2656 2337 ut
2674 2291 2802 2353 puta
2831 2301 2843 2337 :
2877 2282 3131 2339 Crastino
3149 2283 3505 2353 proficiscen-

1917 2371 2047 2427 dum
2070 2386 2177 2427 non
2201 2380 2305 2437 est,
2333 2379 2458 2442 post
2483 2372 2781 2428 crastinum
2804 2372 2954 2429 enim
2980 2389 3089 2429 non
3119 2374 3280 2430 debet
3301 2373 3505 2445 aliquid

1916 2460 2185 2530 inchoari,
2212 2469 2270 2519 et
2307 2463 2388 2520 sic
2429 2462 2607 2519 solent
2652 2463 2827 2535 magis
2852 2464 3071 2537 decipi.)
3099 2463 3167 2520 Hi
3192 2473 3372 2522 autem
3406 2481 3502 2523 co-

1914 2550 2035 2609 lunt
2052 2567 2286 2620 menses,
2319 2554 2410 2625 qui
2459 2569 2653 2610 cursus
2680 2554 2823 2611 lunae
2854 2563 3269 2627 perscrutantur
3318 2557 3504 2615 dicen-

1917 2652 2021 2712 tes,
2053 2652 2116 2700 ut
2144 2653 2297 2717 puta,
2330 2645 2570 2717 Septima
2612 2646 2743 2701 luna
2768 2646 3127 2704 instrumenta
3169 2646 3363 2706 confici
3391 2666 3499 2705 non

1915 2736 2134 2795 debent.
2162 2737 2312 2794 Nona
2348 2738 2545 2796 iterum
2571 2738 2698 2794 luna
2728 2747 2786 2794 ut
2824 2749 2976 2810 puta,
3012 2750 3254 2810 emptum
3280 2756 3500 2799 servum

1914 2829 2136 2885 domum
2162 2829 2285 2885 duci
2313 2845 2420 2886 non
2443 2839 2678 2900 oportet.
2709 2830 2777 2886 Et
2800 2846 2898 2901 per
2924 2832 3040 2888 hzec
3067 2831 3282 2891 facilius
3324 2824 3500 2890 solent

1914 2922 2146 2978 adversa
2196 2922 2505 2992 provenire.
2572 2921 2841 2991 Tempora
2893 2936 3025 2979 vero
3069 2922 3149 2978 sic
3206 2924 3499 2980 observant

1914 3027 2038 3069 cum
2064 3012 2252 3068 dicunt
2286 3029 2301 3067 :
2339 3010 2514 3067 Hodie
2545 3011 2693 3067 veris
2712 3012 2928 3068 initium
2948 3022 3053 3080 est,
3084 3011 3352 3085 festivitas
3388 3022 3496 3079 est,

1914 3110 2040 3173 post
2059 3117 2181 3159 cras
2196 3099 2512 3157 Vulcanalia
2539 3110 2698 3167 sunt;
2724 3109 2779 3158 et
2802 3101 2927 3157 talia
2957 3103 3154 3158 iterum
3173 3102 3354 3158 aiunt:
3385 3103 3497 3160 Po-

1912 3204 2116 3250 sterum
2141 3201 2248 3259 est,
2283 3194 2501 3249 domum
2533 3194 2715 3265 egredi
2763 3210 2870 3250 non
2900 3194 3045 3251 licet.
3075 3193 3260 3252 Annos
3295 3195 3376 3252 sic
3400 3210 3499 3253 eo-

1908 3284 2028 3341 luut
2072 3300 2195 3341 cum
2226 3283 2414 3340 dicunt
2445 3299 2462 3340 :
2492 3284 2746 3341 Kalendis
2784 3283 3057 3342 Ianuariis
3084 3302 3256 3344 novus
3283 3295 3368 3343 est
3390 3302 3493 3343 an-

1909 3391 2059 3432 nus:
2096 3375 2251 3446 quasi
2283 3391 2391 3432 non
2437 3376 2679 3447 quotidie
2723 3378 2850 3435 anni
2896 3377 3243 3448 impleantur,
3295 3380 3390 3437 sed
3433 3388 3496 3437 ut

1909 3466 2057 3523 illius
2111 3465 2431 3523 memoriam
2488 3467 2732 3523 recolant
2770 3467 2891 3524 Jani
2940 3468 3211 3534 bifrontis,
3277 3470 3380 3527 hac
3403 3487 3496 3528 su-

1908 3556 2224 3631 perstitione
2252 3567 2498 3624 utuntur,
2547 3574 2669 3629 quae
2711 3559 2868 3630 longe
2910 3560 3078 3616 debet
3101 3576 3221 3617 esse
3262 3576 3292 3616 a
3321 3562 3496 3620 servis

1908 3649 2026 3706 Dei.
2083 3648 2143 3706 Si
2179 3650 2325 3707 enim
2370 3650 2514 3706 Deus
2550 3666 2616 3706 ex
2662 3659 2775 3707 toto
2824 3652 2989 3708 corde
3033 3653 3319 3723 diligatur,
3375 3655 3493 3724 ipso

1906 3741 2142 3813 propitio
2175 3741 2322 3798 nulla
2343 3741 2502 3798 debet
2519 3758 2641 3798 esse
2666 3741 3112 3815 formido,ueque
3146 3746 3386 3816 suspicio
3405 3747 3496 3802 ha-

1906 3847 2029 3887 rum
2046 3848 2256 3889 rerum.
2285 3832 2487 3889 Aliter:
2512 3833 2780 3906 (Ηὶενοη.)
2803 3833 2903 3902 Qui
2933 3851 3041 3891 non
3067 3836 3256 3893 adorat
3277 3836 3494 3894 Patrem

1907 3925 1964 3980 in
1993 3926 2185 3996 spiritu
2213 3934 2271 3983 et
2296 3927 2545 3991 veritate,
2568 3927 2741 3983 nescit
2765 3928 3156 3984 sabbatismum
3180 3932 3384 3987 sanctis
3411 3947 3494 3989 re-

1904 4020 2165 4090 positum,
2195 4020 2260 4076 de
2287 4035 2397 4089 quo
2423 4019 2663 4090 loquitur
2705 4021 2848 4076 Deus
2889 4038 2903 4074 :
2939 4019 3001 4077 Si
3024 4022 3290 4077 introierit
3329 4025 3496 4080 inre-

1906 4115 2078 4184 quiem
2104 4130 2277 4168 meam
2303 4111 2478 4186 (Psal.
2502 4111 2681 4184 xcrv);
2719 4122 2777 4169 et
2798 4128 2908 4168 nou
2933 4113 3003 4170 de
3026 4113 3136 4170 illis
3158 4115 3494 4185 temporibus

1906 4205 2225 4261 recordatur
2254 4205 2321 4260 de
2348 4204 2547 4276 quibus
2562 4204 2823 4274 scriptum
2850 4211 2966 4261 est:
2990 4202 3359 4260 Recordarnini
3385 4206 3494 4261 die-

1875 4288 2027 4352 'rum
2077 4294 2258 4351 urenti
2282 4293 2422 4370 (Isa.
2463 4294 2644 4367 xuvr);
2699 4304 2755 4352 et
2781 4294 2908 4351 alibi
2942 4313 2957 4350 :
3000 4294 3326 4352 Memoratus
3373 4313 3490 4353 sunt

1907 4388 2019 4444 dies
2048 4390 2312 4461 antiquos,
2338 4398 2386 4444 et
2417 4405 2587 4444 annos
2615 4399 2837 4445 retentos
2864 4390 2919 4444 in
2941 4399 3111 4445 mente
3129 4389 3291 4446 habui
3311 4388 3485 4462 (Psal.

1908 4480 2113 4554 uxw).
2157 4480 2283 4537 Dies
2325 4479 2581 4537 Judaicos
2619 4481 2896 4549 observat,
2923 4491 2979 4537 et
3008 4495 3244 4548 menses,
3272 4490 3328 4537 et
3354 4489 3487 4538 tem-

1906 4591 2062 4648 pora,
2089 4582 2144 4631 et
2163 4589 2373 4630 annos:
2403 4575 2540 4640 dies,
2570 4582 2630 4629 ut
2644 4574 2876 4640 sabbati,
2906 4573 3225 4636 neomenite,
3257 4581 3313 4629 et
3335 4589 3366 4629 a
3395 4574 3490 4631 de-

1907 4668 2046 4724 cima
2070 4667 2272 4723 mensis
2297 4666 2459 4738 primi
2486 4680 2659 4735 usque
2686 4666 2755 4721 ad
2783 4672 3034 4735 quartam
3064 4663 3353 4730 decimam,
3381 4679 3490 4736 que

1907 4772 2397 4832 agnuscorporeus
2439 4757 2675 4813 victimas
2715 4764 3028 4811 reservatur
3069 4762 3172 4810 :et
3216 4769 3248 4809 a
3292 4764 3488 4825 quarta

1906 4853 2116 4908 decima
2153 4866 2323 4922 usque
2354 4851 2421 4905 ad
2448 4850 2764 4905 vicesimam
2790 4849 3022 4920 primam
3063 4845 3304 4917 ejusdem
3333 4862 3488 4905 men-

1904 4947 1999 5011 sis,
2040 4945 2257 5016 quando
2295 4958 2485 5015 azyma
2526 4941 2904 5007 comeduntur,
2934 4956 3043 4996 non
3070 4940 3401 4996 sinceritatis
3430 4949 3487 4996 et

1902 5037 2151 5092 veritatis
2177 5035 2230 5108 (Ι
2266 5034 2390 5090 Cor.
2432 5032 2507 5104 v),
2549 5034 2643 5087 sed
2675 5033 2730 5088 in
2764 5031 3032 5089 fermento
3068 5032 3239 5087 veteri
3267 5032 3490 5088 malitia:

1903 5135 1959 5182 et
1982 5120 2238 5197 nequitiae
2265 5124 2684 5180 Pharisaeorum.
2722 5122 2941 5192 Septem
2977 5137 3194 5194 quoque
3231 5123 3487 5194 septima-

1903 5235 2023 5285 nas,
2040 5219 2131 5289 qui
2152 5218 2260 5273 ritu
2279 5215 2502 5272 Judaico
2520 5227 2645 5286 post
2663 5231 2855 5287 azyma
2877 5216 3303 5289 eomputat,dies
3317 5217 3487 5273 Istae-

1903 5308 2065 5365 litieae
2083 5308 2430 5363 Pentecostes
2455 5306 2605 5362 colit.
2627 5304 2738 5363 Nec
2758 5322 2864 5364 non
2892 5306 3199 5378 clangorem
3229 5307 3484 5363 tubarum

1905 5411 2091 5452 mense
2120 5396 2371 5466 septimo,
2396 5396 2572 5466 prima
2596 5397 2822 5453 mensis.
2848 5397 3067 5453 Decima
3101 5411 3316 5468 quoque
3339 5396 3486 5466 ejus-

1904 5490 2027 5557 dem
2048 5487 2250 5544 mensis
2273 5487 2636 5557 expiationem
2663 5496 2719 5543 et
2738 5486 3025 5557 jejunium,
3047 5496 3105 5542 et
3131 5487 3484 5557 seenopegias

1905 5597 1970 5636 ex
1996 5595 2150 5636 more
2187 5580 2433 5652 ﬁgentes,
2480 5579 2735 5637 Judaicos
2761 5582 3057 5637 observant
3089 5581 3224 5637 dies.
3270 5579 3483 5634 Menses

1907 5685 2086 5731 autem
2135 5675 2463 5742 custodiunt,
2509 5676 2600 5745 qui
2638 5676 2872 5746 primum
2910 5685 2967 5731 et
3004 5676 3289 5746 septimum
3329 5688 3483 5728 meu-

1907 5781 2041 5833 sem,
2091 5781 2196 5822 non
2232 5766 2597 5839 iutelligentes
2630 5767 2951 5838 mysterium
2986 5765 3254 5830 veritatis,
3293 5765 3483 5822 obser-
