4022 6338
500 392 607 450 ’519

1145 399 1203 454 Β.
1246 399 1496 454 ΒΛΒΑΝΙ
1537 399 1752 454 ιιλυιιι
1789 395 2102 451 ARClllEP.
2147 389 2453 450 MOGUNT.
2492 387 2772 446 OPERUM
2813 385 2990 444 PARS
3027 387 3114 444 lll.

3651 387 3754 440 520

485 526 661 599 'vant.
700 515 1210 586 'l‘empora‘qquue
1260 515 1464 578 colunt,
1505 516 1596 585 qui
1625 522 1707 568 ter
1753 529 1850 584 per
1904 525 2076 565 annos
2107 510 2153 569 A
2183 507 2235 561 in
2271 508 2441 578 legem
2470 504 2626 560 facile
2667 505 3003 559 declinarunt
3028 503 3094 557 ad
3115 501 3515 556 observantiam
3546 509 3755 556 dierum

514 607 753 676 singulos
783 605 1203 675 Hierosolymam
1244 606 1542 669 venientes,
1571 613 1760 674 putant
1784 617 1842 657 se
1869 603 2082 658 Domini

515 697 739 766 implere
769 703 1090 766 prmeeptum
1109 693 1378 749 dicentis:
1411 693 1594 746 Tribus
1615 693 1930 747 temporibus
1960 693 2087 745 anni

517 791 656 842 diem
697 787 882 856 festum
936 787 1098 856 agetis
1146 785 1294 849 mihi,
1336 784 1715 838 solemnitatem
1758 796 2083 854 azymorum,

514 890 567 934 et
613 878 986 933 solemnitatem
1025 877 1202 930 messis
1247 877 1642 947 primitivorum,
1698 883 1746 928 et
1790 874 2090 928 solemnita-

519 978 619 1022 tem
649 967 1106 1022 consummationis
1140 967 1194 1020 in
1228 967 1367 1020 exitu
1415 966 1538 1018 anni
1585 965 1780 1036 (Exod.
1814 966 1990 1035 xxiii).
2023 966 2089 1018 Et

521 1059 648 1115 alibi
691 1059 919 1114 :Tribus
954 1057 1268 1128 temporibus
1317 1057 1443 1110 anni
1491 1057 1754 1127 apparebit
1785 1073 1934 1110 omne
1978 1073 2092 1109 ma-

517 1149 778 1205 sculinum
814 1160 959 1202 tuum
993 1151 1046 1203 in
1075 1157 1348 1216 conspectu
1392 1146 1599 1200 Domini
1643 1147 1738 1199 Dei
1780 1147 1856 1199 tui
1893 1144 2088 1216 (Exod.

523 1240 731 1309 xxxrv).
764 1237 914 1304 Quod
945 1247 1121 1292 autem
1152 1238 1248 1301 ait,
1287 1247 1332 1290 et
1374 1253 1561 1301 annos,
1603 1243 1731 1305 puto
1759 1235 1824 1290 de
1861 1236 2091 1304 septimo

523 1335 857 1388 remissionis
895 1348 1036 1388 anno
1063 1333 1190 1397 dici,
1221 1342 1275 1386 et
1302 1333 1377 1387 'de
1417 1332 1885 1402 quinquagesimo,
1928 1347 2089 1402 quem

523 1423 886 1494 illijubilreum
902 1432 1118 1479 vocant.
1147 1424 1303 1480 Dicat
1331 1424 1554 1494 aliquis:
1581 1423 1637 1478 Si
1667 1425 1780 1479 dies
1803 1425 2094 1480 observare

523 1530 630 1568 non
659 1514 804 1578 licet,
831 1523 886 1570 et
915 1530 1146 1578 menses,
1179 1523 1234 1569 et
1261 1523 1522 1584 tempora,
1539 1524 1596 1570 et
1623 1532 1815 1581 annos,
1841 1531 1938 1572 nos
1963 1531 2098 1586 quo-

523 1620 628 1673 que
658 1605 830 1660 simile
861 1606 1064 1661 crimen
1085 1606 1430 1668 incurrimus,
1462 1615 1710 1674 quartam
1747 1605 1968 1661 Sabbati
1996 1608 2096 1662 ob-

523 1703 816 1760 servantes,
851 1705 905 1751 et
934 1711 1282 1766 parasceven,
1312 1704 1367 1751 et
1391 1695 1534 1750 diem
1555 1696 1907 1764 Dominicam,
1930 1705 1986 1752 et
2016 1696 2099 1768 je-

514 1781 728 1850 junium
775 1785 1218 1856 quadragesimae,
1273 1793 1329 1839 et
1373 1783 1594 1839 Pascha:
1629 1783 1994 1853 festivitatem,
2043 1794 2098 1841 et

2188 607 2242 652 et
2268 596 2554 661 mensium,
2583 595 2792 650 sabbati
2832 594 2976 648 enim
3003 592 3348 648 observantia
3368 601 3424 646 et
3448 593 3760 647 neomenia-

2189 702 2307 742 rum
2329 695 2663 742 attraxerunt
2677 686 2795 740 illos
2809 685 2874 739 ad
2891 686 3003 739 haec
3022 701 3034 736 :
3055 685 3334 753 ideoque,¢
3360 685 3540 747 timeo,
3561 686 3757 752 inquit.

2187 795 2285 833 vos
2303 794 2368 832 ne
2388 779 2502 833 sine
2524 793 2686 833 causa
2705 777 3060 831 laboraverim
3078 778 3129 831 in
3146 779 3328 842 vobis;
3364 797 3383 829 ι
3412 779 3492 832 sic
3513 779 3662 832 enim
3685 778 3762 844 via

2188 869 2350 923 debat
2373 883 2466 922 eos
2489 869 2541 922 in
2566 866 2718 937 pejus
2736 867 3018 937 prolicere,
3047 875 3106 921 ut
3130 877 3350 938 possent
3367 869 3531 922 etiam
3555 884 3584 921 a
3608 868 3767 922 Chri-

2190 966 2276 1012 sto
2308 958 2520 1026 penitus
2549 957 2823 1012 recedere.
2859 956 3060 1028 (llier.)
3092 956 3240 1011 Satis
3275 973 3406 1010 vero
3435 966 3595 1011 caute
3624 957 3767 1012 inter

2191 1050 2563 1104 auctoritatem
2607 1049 2847 1117 Apostoli
2890 1057 2945 1103 et
2990 1051 3162 1103 sancti
3199 1049 3434 1103 hominis
3460 1049 3764 1114 lenitatem,

2191 1142 2354 1194 verba
2402 1141 2709 1196 moderatus
2753 1151 2856 1206 est,
2884 1142 3118 1196 inferens
3143 1156 3157 1194 :
3188 1140 3365 1196 Timeo
3396 1158 3508 1205 vos,
3533 1160 3598 1195 ne
3633 1143 3770 1212 forte

2191 1237 2303 1289 sine
2345 1251 2504 1288 causa
2533 1233 2875 1288 laboraverim
2928 1236 2982 1288 in
3027 1233 3204 1298 vobis;
3249 1234 3291 1288 si
3348 1235 3490 1287 enim
3541 1234 3772 1304 abrupte

2194 1325 2552 1380 condemnare
2594 1323 2868 1388 voluisset,
2907 1325 3132 1379 dixisset
3176 1325 3360 1392 utique
3393 1341 3406 1377 :
3442 1323 3621 1378 Timeo
3659 1342 3771 1390 vos,

2193 1417 2304 1469 sine
2333 1431 2493 1469 causa
2534 1414 2668 1468 enim
2722 1411 2954 1468 laboravi
2993 1415 3047 1467 in
3086 1414 3248 1467 vobis.
3281 1413 3430 1469 Nunc
3480 1423 3662 1468 autem
3693 1415 3772 1470 vi—

2195 1505 2328 1559 dens
2348 1519 2441 1558 eos
2471 1503 2643 1558 zelum
2672 1503 2766 1557 Dei
2788 1503 3006 1567 habere,
3030 1504 3123 1558 sed
3149 1519 3256 1557 non
3279 1502 3577 1558 secundum
3602 1505 3774 1558 scien-

2198 1596 2324 1649 tiam
2340 1593 2510 1663 (Rom.
2528 1592 2606 1664 ι),
2625 1606 2724 1647 nec
2738 1592 2950 1662 penitus
2969 1607 3154 1646 eorum
3183 1593 3488 1662 desperavit
3514 1593 3747 1647 salutem
3760 1633 3774 1648 .

2195 1685 2285 1757 qui
2333 1685 2422 1754 pio
2464 1683 2674 1738 fuerant
2721 1697 2904 1738 errore
2953 1683 3206 1750 decepti:
3242 1698 3340 1736 nec
3388 1698 3606 1737 rursum
3634 1683 3770 1737 irre-

2197 1776 2493 1846 prehensos
2543 1774 2791 1842 reliquit,
2841 1788 2908 1827 ne
2937 1781 2992 1826 et
3017 1771 3147 1842 ipsis
3175 1772 3554 1840 perseverandi
3595 1770 3650 1824 in
3685 1785 3772 1825 er-

485 1905 490 1912 η
523 1873 868 1930 Pentecostes
893 1874 1165 1940 laetitiam,
1187 1883 1244 1929 et
1266 1889 1365 1944 pro
1387 1875 1650 1930 varietate
1679 1876 1981 1946 regionum,
2012 1877 2094 1931 di-
2121 1876 2169 1936 Β
2198 1881 2341 1933 rore,
2377 1873 2433 1922 et
2471 1865 2682 1920 ueteris
2709 1863 3050 1920 occasionem
3089 1861 3338 1916 similiter
3366 1862 3632 1916 tribueret
3683 1876 3771 1916 er-

521 1983 677 2023 versa
741 1968 797 2022 in
858 1969 1064 2023 honore
1116 1976 1414 2038 martyrum
1470 1975 1710 2036 tempora
1771 1968 2088 2022 constituta.

521 2059 605 2115 Ad
632 2062 775 2131 quod
804 2060 896 2130 qui
917 2059 1234 2129 simpliciter
1263 2059 1625 2128 respondebit,
1649 2057 1810 2124 dicet,
1845 2075 1951 2114 non
1973 2075 2094 2115 eos-

519 2149 644 2205 dem
675 2148 909 2204 Judaicae
937 2148 1330 2204 observationis
1359 2149 1475 2202 dies
1511 2163 1651 2213 esse,
1681 2163 1817 2218 quos
1858 2158 2089 2204 nostros.

522 2237 632 2294 Nos
673 2239 815 2293 enim
859 2254 965 2292 non
1011 2253 1324 2308 azymorum
1370 2238 1567 2308 pascha
1604 2237 1958 2303 celebramus,
1998 2239 2093 2293 sed

523 2329 936 2386 resurrectionis
981 2339 1037 2384 et
1073 2331 1270 2384 crucis.
1321 2329 1430 2383 Nec
1465 2337 1666 2398 septem
1697 2329 1851 2399 juxta
1887 2345 2093 2385 morem

523 2417 689 2475 Israel
718 2435 1062 2474 numeramus
1091 2421 1454 2475 hebdomadas
1500 2420 1552 2474 in
1604 2419 1944 2486 Pentecoste,
1997 2421 2094 2475 sed

527 2509 761 2579 Spiritus
791 2510 963 2564 sancti
1009 2524 1328 2565 veneramur
1359 2510 1662 2564 adventum.
1698 2510 1762 2564 Et
1794 2525 1861 2563 ne
1892 2509 2094 2565 inordi-

523 2607 651 2653 nata
681 2599 1024 2669 congregatio
1050 2599 1253 2670 populi,
1286 2597 1442 2655 lidem
1473 2600 1738 2655 minueret
1773 2599 1827 2654 in
1853 2599 2091 2668 Christo,

521 2698 806 2760 propterea
831 2691 946 2746 dies
967 2690 1131 2761 aliqui
1159 2692 1434 2746 constituti
1454 2699 1598 2756 sunt,
1627 2705 1685 2745 ut
1709 2693 1761 2745 in
1789 2707 1954 2746 unum
1979 2709 2098 2747 om-

522 2791 622 2834 nes
644 2779 850 2850 pariter
884 2780 1221 2847 veniremus;
1254 2795 1358 2834 non
1409 2781 1549 2848 quod
1593 2780 1855 2836 celebrior
1882 2782 1952 2836 sit
1979 2783 2095 2838 dies

522 2867 614 2922 illa
643 2885 747 2939 qua
771 2870 1150 2935 convenimus;
1188 2871 1281 2926 sed
1311 2872 1452 2940 quod
1487 2887 1807 2943 quacunque
1846 2875 1932 2930 die
1962 2891 2097 2930 con-

520 2958 842 3014 veniendum
871 2960 959 3025 sit,
991 2968 1047 3015 et
1074 2968 1293 3029 aspectu
1319 2969 1508 3015 mutuo
1536 2961 1720 3016 laetitia
1753 2962 1925 3032 major
1951 2965 2098 3019 oria-

521 3058 630 3104 tur.
681 3048 780 3116 Qui
813 3065 940 3104 vero
978 3051 1236 3120 opposita:
1265 3051 1548 3119 quaestioni
1614 3054 1824 3108 acutius
1870 3069 2098 3125 respon-

525 3140 654 3194 dere
705 3149 950 3206 conatur,
983 3141 1113 3195 illud
1162 3140 1432 3197 allirmat:
1474 3141 1672 3198 Omnes
1719 3146 1834 3200 dies
1861 3148 2098 3217 aequales

2197 1956 2372 2011 randi.
2417 1955 2592 2008 Timeo
2622 1963 2800 2008 autem
2831 1970 2943 2016 vos,
2971 1952 3148 2021 posuit
3171 1966 3272 2021 pro
3291 1966 3357 2006 eo
3380 1951 3522 2021 quod
3550 1960 3658 2016 est,
3705 1953 3770 2006 ti-

2195 2064 2316 2104 meo
2357 2047 2425 2103 de
2479 2047 2646 2100 vobis.
2695 2045 2824 2100 Sine
2861 2059 3023 2099 causa
3079 2043 3286 2098 laborat
3331 2043 3611 2112 magister,
3643 2058 3768 2097 cum

2194 2140 2308 2209 ipse
2334 2146 2589 2210 provocat
2613 2144 2680 2192 ad
2709 2136 2910 2205 majora
2932 2133 3243 2204 discipulos,
3273 2142 3326 2188 et
3345 2133 3419 2188 illi
3461 2133 3768 2202 retrolapsi,

2195 2232 2262 2286 ad
2299 2231 2507 2284 minora
2555 2240 2610 2284 et
2669 2227 2891 2283 humilia
2944 2226 3309 2280 revolvuntur.
3349 2224 3548 2295 (Aug.)
3603 2224 3770 2278 Plena

2194 2331 2321 2378 sunt
2349 2319 2718 2376 conventicula
2739 2326 2922 2373 nostra
2947 2317 3270 2380 hominibus,
3294 2317 3386 2385 qui
3412 2324 3654 2384 tempora
3687 2331 3772 2371 re

2195 2415 2663 2486 rum'agendarum
2690 2430 2722 2468 a
2752 2411 3151 2468 mathematicis
3172 2411 3460 2480 accipiunt.
3483 2409 3605 2464 Jam
3639 2423 3773 2463 vero

2195 2521 2263 2561 ne
2284 2505 2484 2575 aliquid
2511 2505 2815 2568 inchoetur,
2843 2511 2937 2557 aut
2961 2501 3308 2557 aediﬁciorum
3335 2509 3428 2555 aut
3457 2502 3770 2571 hujusmodi

2195 2597 2556 2668 quorumlibet
2592 2611 2837 2667 operum,
2879 2593 3087 2658 diebus,
3115 2609 3250 2663 quos
3281 2592 3633 2664 Egyptiaeos
3673 2609 3773 2647 vo—

2195 2701 2343 2756 cant,
2367 2705 2508 2760 saepe
2537 2690 2700 2746 etiam
2729 2703 2827 2743 nos
2849 2701 3067 2741 monere
3089 2701 3193 2740 non
3219 2686 3484 2750 dubitant,
3525 2689 3775 2740 nescien-

2195 2793 2298 2849 tes,
2322 2792 2379 2838 ut
2408 2783 2622 2847 dicitur,
2639 2781 2728 2836 ubi
2752 2778 3046 2834 ambulant.
3065 2777 3216 2844 Quod
3238 2778 3283 2832 si
3307 2777 3569 2832 locusiste
3592 2778 3657 2832 de
3677 2777 3798 2832 ειη-⁸

2197 2877 2438 2931 datorum
2464 2872 2837 2944 superstitiosa
2867 2870 3243 2926 observatione
3268 2869 3645 2940 intelligendus
3661 2878 3770 2934 est,

2197 2982 2356 3036 quam
2387 2981 2535 3035 spem
2567 2965 2765 3018 habent
2789 2963 3259 3018 cumeristianos
3288 2976 3346 3017 se
3365 2961 3471 3016 dici
3493 2961 3680 3026 velint,
3699 2976 3768 3016 ex

2197 3056 2554 3128 ephemeridis
2577 3056 2744 3108 vitam
2780 3052 3091 3123 naufragam
3139 3055 3522 3123 gubernantes,
3552 3051 3772 3120 quando

2196 3148 2264 3203 de
2293 3147 2490 3202 divinis
2536 3147 2714 3201 Libris
2741 3161 2878 3216 quos
2925 3146 3064 3200 Deus
3103 3145 3278 3199 adhuc
3333 3143 3536 3198 carnali
3571 3142 3774 3213 pupqu

523 3244 660 3293 esse,
701 3245 800 3284 nec
845 3245 943 3299 per
985 3247 1311 3300 parasceven
1359 3242 1563 3288 tantum
1603 3234 1872 3290 Christum
1919 3239 2097 3292 cruci-
2121 3221 2166 3283 (εἶ
2197 3238 2362 3302 dedit,
2399 3238 2446 3291 si
2491 3252 2643 3292 more
2679 3235 2985 3290 Judaeorum
3013 3246 3252 3305 tempora
3280 3234 3653 3295 observarent,
3686 3234 3774 3287 di-

524 3320 638 3388 ligi,
671 3327 725 3374 et
750 3321 834 3375 die
875 3320 1152 3375 Dominica
1197 3338 1493 3392 resurgere,
1527 3325 1620 3378 sed
1642 3340 1856 3396 semper
1897 3339 2097 3384 sancta:

528 3411 942 3467 resurrectionis
964 3426 1083 3467 esse
1113 3413 1274 3478 diem,
1305 3422 1359 3469 et
1382 3431 1594 3485 semper
1615 3433 1737 3472 eum
1763 3435 1926 3474 carne
1951 3422 2095 3476 vesci

528 3501 808 3556 Dominica
828 3499 1060 3573 :jejunia
1082 3512 1260 3558 autem
1276 3513 1330 3558 et
1349 3509 1788 3578 congregationes
1805 3512 1944 3565 inter
1959 3513 2093 3576 dies,

527 3603 746 3662 propter
779 3609 890 3658 eos,
922 3610 953 3648 a
982 3595 1113 3649 viris
1158 3597 1500 3652 credentibus
1525 3601 1833 3665 constituta,
1864 3603 1956 3672 qui
1984 3619 2097 3658 ma-

526 3684 610 3754 gis
635 3685 830 3740 sarculo
863 3693 1073 3750 vacant,
1103 3701 1264 3756 quam
1287 3689 1418 3754 Deo,
1456 3706 1555 3746 nec
1577 3701 1820 3760 possunt,
1855 3694 1962 3748 imo
1994 3711 2096 3750 no-

525 3775 644 3829 lunt
670 3784 780 3831 toto
803 3777 856 3831 in
885 3778 1181 3834 Ecclesium
1205 3781 1330 3834 vita:
1351 3797 1460 3836 suae
1488 3792 1725 3852 tempore
1738 3788 2051 3858 congregari
2077 3805 2091 3842 :

525 3875 584 3922 et
619 3876 743 3923 ante
793 3869 1055 3925 humanos
1101 3880 1254 3926 actus
1283 3871 1393 3928 Deo
1434 3875 1735 3930 orationum
1762 3893 1982 3932 suarum
2010 3879 2094 3935 of-

523 3959 669 4018 ferre
693 3963 1034 4018 sacrificium.
1065 3965 1272 4032 Quotus
1298 3967 1439 4020 enim
1470 3969 1695 4038 quisque
1728 3979 1829 4034 est,
1861 3972 1951 4041 qui
1981 3973 2094 4028 sal-

523 4062 633 4108 tem
660 4052 774 4110 hzec
793 4070 985 4124 pauca,
1009 4071 1126 4125 qua:
1148 4064 1348 4111 statuta
1367 4066 1508 4122 sunt,
1533 4059 1618 4113 vel
1642 4061 1828 4116 orandi
1853 4070 2092 4132 tempora

521 4145 607 4199 vel
632 4145 905 4215 jejunandi
934 4163 1147 4218 semper
1168 4151 1455 4204 exerceat?
1481 4151 1664 4220 Itaque
1690 4153 1828 4207 sicut
1851 4155 2007 4208 nobis
2038 4153 2096 4208 li-

523 4245 611 4291 cet
640 4237 722 4290 vel
749 4237 993 4306 jejunare
1017 4255 1231 4310 semper
1255 4241 1338 4295 vel
1376 4257 1589 4316 semper
1630 4258 1806 4307 orare,
1853 4252 1908 4297 et
1950 4244 2091 4298 diem

522 4326 857 4381 Dominicam
881 4338 1100 4397 accepto
1127 4330 1337 4384 Domini
1367 4347 1593 4400 corpore
1620 4332 1989 4388 indesinenter
2003 4348 2093 4388 ce-

523 4416 738 4471 lebrare
763 4419 1148 4486 gaudentibus;
1190 4437 1296 4474 non
1321 4421 1395 4474 ita
1424 4430 1478 4475 et
1501 4419 1697 4476 Judaais
1725 4421 1807 4476 fas
1832 4432 1917 4478 est
1943 4425 2090 4479 omni

525 4519 766 4577 tempore
786 4510 1062 4566 immolare
1082 4527 1296 4582 agnum,
1321 4511 1690 4567 Pentecostem
1707 4529 1888 4584 agere,
1913 4517 2089 4571 taber-

524 4575 715 4656 nacula
766 4602 954 4672 ﬁgere,
995 4575 1241 4672 jejunare
1281 4603 1537 4673 quotidie.
1570 4575 1919 4674 (Aug.)vSunt
1947 4622 2092 4675 quaa-
2122 4575 2170 4634 Β

526 4691 648 4746 dam
692 4709 810 4761 qua:
845 4693 1111 4748 levissima
1141 4702 1495 4763 putarentur,
1551 4693 1652 4747 nisi
1691 4695 1742 4747 in
1790 4693 2092 4764 Scripturis

525 4781 1024 4836 demonstrarentur
1051 4783 1300 4852 opinione
1320 4784 1586 4853 graviora.
1626 4782 1758 4849 Quis
1784 4785 1925 4838 enim
1949 4785 2093 4840 testi-

527 4878 783 4934 maretur,
811 4887 970 4940 quam
991 4888 1240 4942 magnum
1265 4881 1545 4942 peccatum
1570 4873 1640 4927 sit
1659 4874 1775 4928 dies
1802 4874 2092 4931 observare

527 4966 584 5010 et
613 4973 822 5012 menses
847 4967 902 5012 et
924 4973 1094 5014 annos
1121 4969 1176 5015 et
1203 4970 1466 5030 tempora,
1499 4962 1636 5015 sicut
1663 4963 1972 5028 observant,
1998 4965 2092 5034 qui

528 5048 692 5102 certis
733 5047 936 5112 diebus,
971 5049 1082 5104 sive
1109 5051 1398 5114 mensibus,
1433 5051 1548 5106 sive
1589 5052 1766 5117 annis,
1793 5053 1980 5108 volunt
2011 5053 2098 5108 vel

531 5135 720 5190 nolunt
760 5137 958 5206 aliquid
1005 5139 1276 5204 inchoare,
1324 5155 1390 5195 eo
1417 5141 1557 5210 quod
1590 5140 1883 5195 secundum
1929 5157 2098 5198 vanas

529 5228 803 5283 doctrinas
848 5230 1124 5285 hominum
1178 5230 1354 5286 fausta
1399 5233 1481 5285 vel
1514 5232 1744 5288 infausta
1785 5235 2099 5290 existiment

529 5321 806 5390 tempora?
829 5321 930 5377 nisi
981 5321 1138 5390 hujus
1173 5323 1296 5377 mali
1348 5325 1768 5395 magnitudinem
1798 5341 1864 5380 ex
1900 5326 2095 5382 timore

527 5408 769 5480 Apostoli
791 5427 1158 5482 pensaremus,
1182 5414 1273 5482 qui
1301 5413 1496 5468 talibus
1525 5415 1632 5472 ait:

603 5502 777 5558 Timeo
807 5522 917 5569 vos,
944 5521 1006 5559 ne
1026 5505 1158 5574 forte
1176 5507 1288 5559 sine
1317 5522 1477 5560 causa
1496 5504 1838 5561 laboraverim
1857 5507 1911 5559 in
1931 5505 2089 5559 vobis.

527 5593 763 5664 (Anubin)
809 5595 1013 5665 Duplici
1041 5609 1234 5665 genere
1262 5594 1503 5651 subversi
1541 5595 1756 5650 fuerant
1780 5595 2003 5658 Galatze,
2037 5603 2096 5648 ut

528 5694 654 5759 post
680 5687 771 5740 Dei
803 5687 1052 5756 gratiam,
1085 5703 1188 5742 non
1228 5687 1398 5742 solum
1421 5687 1486 5742 ad
1515 5687 1684 5756 legem
1713 5695 2096 5741 converteren-

531 5790 636 5848 tur,
654 5779 749 5838 sed
781 5779 843 5834 ad
865 5794 1074 5836 errores
1098 5780 1370 5849 pristinos.
1397 5779 1599 5834 Inducti
1625 5779 1766 5835 enim
1791 5780 1869 5835 vel
1900 5780 2093 5844 eversi,

2199 3337 2349 3383 ceret
2395 3328 2474 3381 eis
2496 3327 2783 3395 Apostolus
2817 3346 2830 3380 :
2874 3326 3050 3380 Timeo
3076 3343 3180 3391 vos,
3219 3343 3282 3378 ne
3302 3325 3436 3395 forte
3465 3326 3576 3378 sine
3607 3341 3774 3378 causa

2197 3417 2539 3470 laboraverim
2568 3417 2624 3468 in
2671 3411 2848 3478 vobis;
2898 3425 2954 3468 et
3006 3424 3185 3468 tamen
3241 3415 3286 3468 si
3337 3414 3780 3483 deprehendatur

2197 3507 2480 3576 quisquam
2502 3506 2583 3561 vel
2609 3506 3028 3560 catechumenos
3071 3505 3295 3560 Judaico
3326 3505 3431 3560 ritu
3471 3505 3778 3560 Sabbatum

2196 3598 2913 3662 observans,'tumultuatur
2944 3599 3204 3653 Ecclesia.
3263 3599 3417 3653 Nunc
3463 3607 3646 3652 autem
3689 3599 3782 3652 in-

2195 3687 2558 3742 numerabiles
2598 3688 2664 3742 de
2702 3704 2928 3744 numero
2954 3689 3189 3743 ﬁdelium
3221 3705 3342 3744 cum
3385 3705 3574 3760 magna
3599 3689 3780 3744 conti-

2196 3777 2374 3832 dentia
2407 3777 2460 3834 in
2491 3777 2686 3833 faciem
2733 3779 2888 3834 nobis
2930 3780 3118 3834 dicunt
3147 3798 3160 3833 :
3190 3780 3287 3836 Die
3339 3791 3462 3849 post
3501 3780 3781 3834 Kalendas

2195 3884 2301 3923 non
2329 3869 2681 3937 proﬁciscor;
2729 3879 2785 3925 et
2809 3871 2898 3923 vix
2939 3871 3080 3926 lente
3111 3872 3211 3926 ista
3237 3873 3606 3941 prohibemus,
3635 3874 3782 3927 arri-

2194 3962 2404 4026 dentes,
2431 3978 2498 4017 ne
2519 3963 2840 4027 irascantur,
2886 3972 2941 4018 et
2983 3965 3231 4019 timentes
3273 3980 3340 4019 ne
3381 3966 3532 4033 quasi
3573 3981 3781 4019 novum

2195 4052 2393 4121 aliquid
2435 4053 2718 4107 mirentur.
2750 4054 2841 4109 Vae
2876 4055 3114 4124 peccatis
3169 4056 3444 4110 hominum
3495 4073 3613 4126 qua:
3658 4059 3780 4111 sola

2195 4147 2449 4201 inusitata
2498 4149 2961 4204 exhorrescimur
3018 4150 3214 4203 usitata
3262 4165 3389 4205 vero
3435 4167 3533 4220 pro
3577 4151 3782 4220 quibus

2195 4238 2472 4294 abluendis
2510 4239 2630 4293 Filii
2652 4239 2746 4294 Dei
2769 4254 2983 4309 sanguis
3005 4239 3206 4297 effusus
3227 4249 3327 4305 est,
3343 4241 3637 4310 quamlibet
3659 4257 3782 4295 ma-

2195 4344 2294 4396 gna
2336 4330 2466 4394 sint,
2517 4338 2573 4384 et
2617 4331 2838 4384 omnino
2887 4330 3060 4384 claudi
3087 4338 3278 4384 contra
3325 4345 3384 4385 se
3435 4329 3633 4384 faciant
3683 4346 3777 4384 re-

2194 4437 2355 4492 gnum
2391 4421 2502 4484 Dei,
2553 4437 2694 4492 smpe
2723 4422 2953 4476 videndo
2997 4423 3174 4476 omnia
3210 4421 3465 4482 tolerare,
3505 4420 3647 4492 saepe
3687 4433 3776 4477 tn-

2197 4512 2438 4576 lerando,
2471 4512 2727 4566 nonnulla
2763 4513 2927 4567 etiam
2955 4511 3134 4566 facere
3161 4513 3437 4582 cogimur;
3470 4522 3631 4581 atque
3663 4515 3777 4567 uti-

2199 4620 2343 4666 nam,
2383 4619 2416 4657 o
2462 4604 2707 4668 Domine,
2748 4619 2853 4656 non
2900 4603 3078 4656 omnia
3108 4604 3249 4672 quod
3283 4618 3388 4656 non
3437 4605 3780 4673 potuerimus

2197 4693 2506 4764 prohibere,
2553 4691 2846 4748 faciamus!
2893 4691 2998 4746 Sed
3039 4691 3151 4760 jam
3199 4693 3473 4747 videamus
3521 4709 3642 4763 qua:
3689 4711 3779 4750 st.L

2199 4791 2476 4854 quuntur,
2535 4799 2668 4838 sane
2716 4784 3145 4853 prmterieramus
3203 4783 3344 4854 quod
3396 4785 3597 4838 dictum
3649 4795 3775 4840 est:

2201 4875 2357 4928 Nunc
2405 4885 2578 4928 autem
2607 4884 2966 4944 cognoscentes
2995 4873 3184 4938 Deum,
3218 4874 3321 4926 imo
3359 4876 3552 4943 cogniti
3577 4893 3610 4928 a
3643 4877 3776 4931 Deo.

2200 4968 2421 5021 Videtur
2449 4966 2590 5021 enim
2631 4973 2780 5020 certe
2819 4965 2922 5019 hoc
2955 4963 3072 5018 loco
3097 4964 3260 5018 etiam
3294 4965 3600 5034 Apostolica
3627 4966 3780 5021 locu-

2201 5057 2276 5111 tio
2302 5069 2596 5126 congruere
2627 5055 2763 5110 velle
2793 5054 3090 5109 infirmitati
3124 5055 3428 5118 hominum;
3461 5071 3637 5125 neque
3659 5065 3792 5110 tan-

2201 5147 2476 5200 tummodo
2498 5145 2550 5199 in
2568 5144 2778 5199 Veteris
2807 5143 3134 5198 Testamenti
3162 5143 3330 5207 libris,
3363 5159 3530 5212 usque
3559 5145 3626 5197 ad
3661 5153 3778 5198 ter-

2201 5250 2361 5289 renas
2405 5235 2682 5288 hominum
2733 5233 3104 5304 cogitationes,
3137 5234 3327 5287 modus
3363 5233 3526 5287 divini
3573 5233 3778 5302 eloquii

2201 5324 2540 5381 descendisse
2577 5324 2836 5378 videatur.
2888 5321 3019 5376 Nam
3067 5323 3318 5391 quoniam
3361 5323 3597 5378 correxit
3631 5323 3778 5392 quod

2199 5415 2427 5477 dixerat,
2455 5412 2827 5483 Cognoscentes
2852 5413 3034 5476 Deum,
3057 5413 3189 5466 nihil
3211 5429 3309 5468 nos
3334 5429 3548 5469 movere
3574 5415 3731 5468 debet
3757 5432 3772 5467 :

2200 5502 2543 5560 manifestum
2580 5510 2663 5556 est
2705 5503 2848 5556 enim
2892 5502 3126 5570 quandiu
3176 5517 3273 5571 per
3323 5502 3481 5556 ﬁdem
3531 5504 3778 5556 ambula-

2201 5611 2341 5660 mus,
2391 5611 2496 5650 non
2541 5608 2634 5665 per
2687 5593 2953 5663 speciem,
3011 5592 3244 5646 nondum
3310 5609 3408 5649 nos
3455 5593 3776 5663 cognovisse

2201 5687 2390 5751 Deum,
2427 5687 2521 5739 sed
2548 5699 2612 5739 ea
2657 5683 2760 5739 fide
2806 5680 3044 5753 purgari,
3070 5691 3130 5736 ut
3179 5695 3479 5754 opportuno
3533 5693 3776 5752 tempore

2203 5794 2525 5848 cognoscere
2573 5777 2861 5832 valeamus.
2894 5775 3000 5830 Sed
3030 5775 3168 5844 quod
3199 5774 3250 5829 in
3282 5775 3394 5845 ipsa
3433 5777 3769 5831 correctione
