4022 6338
257 350 358 404 Sil

737 341 1278 399 ΕΝΛΠΒΑἹῚΟΝΕΜ
1319 343 1383 397 ΙΝ
1425 343 1572 398 ΕΡΡ.
1611 343 1815 400 PAULI

1923 343 1976 396 Β.
2019 343 2132 398 XV.
2175 376 2239 386 ——-
2279 345 2343 400 IN
2381 345 2595 401 EPIST.
2636 347 2726 400 AD
2765 345 3009 400 GALAT.

3377 343 3484 420 δη

257 470 362 530 ait;
391 465 497 518 imo
526 458 715 530 cogniti
739 477 770 512 a
794 460 920 522 Deo,
944 459 987 512 si
1010 458 1224 530 proprie
1245 458 1530 528 accipitur,
1547 458 1820 527 putabitur
1848 461 1896 518 Α
1921 456 2118 512 Iesum.
2138 458 2193 513 ln
2215 459 2524 514 memoriam
2546 467 2764 514 revocat
2784 457 2890 512 illis
2905 468 3114 528 tempus
3137 459 3351 527 quando
3375 462 3485 527 pri-

255 557 401 610 Deus
448 551 601 622 quasi
652 565 718 604 ex
762 557 1000 616 tempore
1050 547 1252 615 aliquid
1293 561 1636 616 cognoscere,
1681 544 1824 615 quod

252 655 381 702 ante
418 659 525 699 non
552 648 789 696 noverat.
814 639 1094 694 Translate
1116 654 1243 708 ergo
1265 639 1464 694 dictum
1483 646 1584 701 est,
1612 646 1673 692 ut
1691 653 1825 692 ocu-

255 736 337 790 los
382 732 477 787 Dei
517 730 843 799 accipiamus
874 729 1041 784 iusam
1090 727 1430 782 dilectionem
1479 727 1616 795 ejus,
1663 742 1824 796 quam

253 822 655 880 commendavit
681 819 940 872 mittendo
973 833 1070 887 pro
1109 819 1284 887 impiis
1324 817 1670 872 occidendum
1707 819 1826 873 uni-

254 933 379 972 cum
425 914 638 968 Filium.
679 911 770 966 Sic
808 910 952 963 enim
981 909 1046 963 de
1089 910 1172 963 his
1197 910 1285 978 qui
1319 909 1611 979 diliguntur
1645 910 1826 964 dicere

254 1008 511 1067 solemus,
539 1003 682 1072 quod
714 1009 839 1055 ante
863 999 1046 1055 oculos
1077 999 1393 1052 habeantur.
1439 998 1550 1054 Hoc
1579 1007 1662 1053 est
1698 1013 1826 1067 ergo

253 1104 618 1166 cognoscentes
671 1092 836 1144 Deum
862 1130 877 1154 ,
931 1089 1034 1142 imo
1088 1089 1276 1156 cogniti
1313 1106 1346 1141 a
1383 1087 1493 1141 Deo
1522 1129 1537 1152 ,
1578 1091 1719 1158 quod
1771 1098 1825 1144 et

251 1185 493 1240 Joannes
520 1183 656 1238 dixit
679 1199 692 1233 :
729 1178 850 1232 Non
879 1177 1015 1248 quod
1041 1193 1134 1230 nos
1163 1176 1496 1230 dilexerimus
1523 1177 1711 1243 Deum,
1734 1178 1825 1231 sed

251 1276 380 1347 quia
407 1277 513 1341 ipse
533 1272 712 1324 dilexit
741 1286 830 1324 nos
859 1267 909 1338 (Ι
936 1266 1096 1320 Joan.
1129 1265 1225 1336 1v).

329 1363 510 1415 Estote
535 1361 667 1414 sicut
689 1368 734 1410 et
765 1373 878 1426 ego,
921 1355 1044 1424 quia
1089 1363 1136 1408 et
1165 1370 1254 1424 ego
1290 1355 1421 1407 sicut
1455 1370 1561 1408 ros.
1591 1351 1822 1424 (Ambr.)

255 1452 374 1507 Hoc
399 1451 531 1505 dicit
557 1458 616 1502 ut
639 1448 766 1502 dent
791 1461 1007 1516 operam
1035 1444 1334 1514 corrigendi
1357 1459 1444 1508 ea,
1465 1445 1591 1512 quia
1615 1459 1719 1498 non
1746 1451 1828 1498 est

258 1540 598 1610 impossibile
627 1550 684 1592 ut
708 1539 816 1592 sint
842 1538 981 1590 sicut
1007 1537 1140 1604 ipse,
1165 1535 1288 1602 quia
1315 1543 1368 1588 et
1400 1535 1512 1603 ipse
1559 1542 1673 1588 erat
1702 1535 1822 1598 hoc,

257 1636 312 1688 id
343 1641 449 1695 est,
477 1631 657 1690 homo,
690 1627 831 1696 quod
855 1636 910 1680 et
941 1625 1048 1688 illi;
1087 1634 1143 1679 et
1177 1640 1296 1678 cum
1326 1622 1515 1677 fuisset
1558 1623 1610 1676 in
1644 1637 1826 1677 errore

253 1736 591 1795 persequens
615 1718 908 1773 Ecclesiam
922 1757 936 1781 ,
951 1724 1230 1783 correptus
1242 1715 1505 1768 convertit
1529 1728 1608 1766 se.
1624 1711 1822 1783 (Hiera)

1925 564 2072 602 mum
2114 551 2422 619 przedicavit
2457 549 2562 604 illis
2615 548 2958 618 Evangeliqu
3002 548 3117 601 Dei.
3168 548 3288 617 lpso
3340 549 3484 603 enim

1927 649 2164 710 tempore
2193 642 2405 711 injuriis
2433 641 2690 712 agebatur
2723 640 3004 710 Apostolus
3044 648 3100 694 et
3126 641 3362 696 caedibus
3402 641 3484 695 in-

1924 731 2241 786 ﬁrmabatur
2265 751 2276 784 :
2307 733 2550 786 inﬁrmus
2572 733 2714 788 enim
2739 731 2970 796 videtur,
2997 732 3121 799 quia
3150 731 3480 796 humiliatur,

1923 833 1978 880 et
2004 840 2109 878 non
2161 825 2364 880 resistit
2397 833 2616 894 propter
2639 824 2984 890 Evangelium
3021 824 3136 878 Dei.
3183 824 3247 878 Et
3292 825 3346 878 in
3379 825 3482 880 hoc

1904 915 2105 969 -laudat
2123 916 2478 970 constantiam
2501 930 2704 978 eorum,
2741 914 2864 982 quia
2888 929 2994 968 non
3024 922 3148 968 sunt
3169 910 3428 970 abstracti
3453 929 3484 969 a

1925 1003 2028 1058 ﬁde
2051 1021 2064 1070 ;
2106 1004 2312 1073 injuria:
2332 1005 2472 1058 enim
2500 1003 2742 1072 Apostoli
2764 1005 2988 1057 tentatio
3006 1015 3121 1058 erat
3149 1003 3484 1070 Galatarum,

1925 1095 1978 1148 in
2013 1111 2116 1166 qua
2148 1095 2288 1149 ﬁrmi
2317 1095 2515 1148 inventi
2542 1101 2665 1148 sunt
2702 1109 2805 1147 non
2840 1093 3146 1148 dubitantes
3193 1094 3319 1148 ﬁde.
3355 1094 3487 1150 Pos-

1905 1193 2044 1239 .sent
2069 1186 2209 1239 enim
2241 1185 2547 1238 scandalum
2571 1182 2737 1252 passi,
2785 1182 2965 1236 dicere
2991 1200 3004 1234 :
3035 1182 3164 1248 Quae
3204 1192 3288 1236 est
3315 1182 3486 1237 virtus

1926 1283 2018 1328 aut
2044 1288 2165 1342 spes
2189 1274 2241 1327 in
2267 1275 2369 1328 hac
2389 1274 2508 1338 ﬁde,
2535 1273 2750 1342 quando
2782 1272 3030 1326 minister
3057 1273 3172 1342 ejus
3201 1273 3280 1326 sic
3311 1273 3485 1326 humi-

1925 1364 2118 1418 liatur?
2140 1362 2244 1418 Sed
2272 1363 2394 1431 quia
2415 1363 2526 1432 jam
2566 1362 2803 1416 animum
2850 1360 3041 1415 futuris
3070 1362 3264 1430 spebus
3289 1360 3487 1416 infece-

1926 1462 2049 1508 rant
2075 1473 2087 1507 :
2119 1463 2409 1523 praesentes
2436 1454 2611 1507 exitus
2650 1467 2747 1521 pro
2772 1450 2968 1506 Christi
2997 1453 3208 1506 nomine
3234 1467 3338 1506 non
3368 1467 3488 1522 per-

1925 1543 2295 1606 timescebant,
2331 1543 2465 1596 certi
2494 1541 2652 1595 ﬁdem
2681 1547 2920 1594 nostram
2946 1555 3051 1593 non
3099 1541 3152 1594 in
3185 1541 3360 1605 terris,
3391 1540 3485 1594 sed

1929 1632 1984 1686 in
2011 1632 2163 1686 caelis
2200 1632 2398 1686 habere
2422 1630 2756 1700 dignitatem,
2785 1638 2839 1683 et
2868 1644 2964 1698 pro
3006 1629 3090 1683 his
3131 1629 3487 1684 tribulationi-

1926 1722 2026 1777 bus
2045 1711 2242 1791 magna
2269 1721 2487 1790 rependi
2514 1719 2751 1790 praemia.
2786 1717 2959 1788 (Hier.
2986 1717 3003 1788 )
3035 1717 3158 1772 ﬂare
3185 1720 3398 1787 quidem
3431 1727 3488 1773 et

255 1813 415 1882 Ωιιοά
441 1812 569 1867 die“
595 1808 700 1863 mle
722 1817 838 1862 es“
868 1805 1133 1874 (1‘10InOdO
1154 1819 1255 1874 θεέ)
1281 1804 1430 1858 “bis
1459 1803 1686 1856 inﬁrmis
1705 1819 1823 1856 sum
1861 1803 1900 1860 Β
1928 1827 2024 1867 nos
2053 1812 2120 1866 ad
2157 1811 2507 1865 humilitatem
2545 1817 2857 1879 provocant,
2886 1817 2940 1861 et
2962 1808 3302 1877 supercilium
3325 1809 3486 1862 decu-

257 1905 436 1959 factus
467 1899 731 1962 inﬁrmus,
763 1904 818 1950 et
863 1910 966 1950 non
1008 1894 1154 1963 potui
1187 1893 1328 1962 loqui
1371 1901 1432 1946 ut
1473 1893 1822 1962 spiritalibus,

257 1993 358 2048 sed
388 1990 539 2062 quasi
567 1987 870 2042 carnalibus
920 1993 976 2040 et
1013 1983 1247 2053 parvulis
1273 1983 1326 2036 in
1357 1982 1592 2047 Christo,
1623 1993 1677 2037 et
1699 1984 1825 2052 quia

258 2084 491 2138 necdum
523 2079 778 2150 poteratis
801 2076 972 2130 solido
1011 2073 1130 2128 cibo
1157 2074 1321 2137 vesci,
1350 2072 1668 2143 Evangelico
1707 2083 1828 2128 tan-

259 2185 376 2228 tum
407 2173 542 2225 lacte
570 2169 766 2238 potavi,
800 2166 984 2220 nolens
1026 2165 1079 2217 in
1107 2171 1261 2217 aetate
1291 2178 1384 2218 vos
1417 2178 1626 2234 semper
1652 2164 1828 2218 infan-

259 2265 351 2317 tiae
385 2273 721 2330 permanere,
753 2257 846 2311 sed
880 2255 1135 2324 paulatim
1183 2255 1249 2308 ad
1295 2253 1732 2319 adolescentiam,
1772 2266 1828 2309 et

254 2355 592 2423 juventutem
625 2364 792 2416 usque
819 2346 1135 2416 perducere,
1167 2356 1225 2398 ut
1248 2345 1473 2399 solidum
1497 2345 1672 2399 cibum
1705 2360 1827 2414 pos-

259 2443 396 2497 setis
424 2441 695 2509 accipere:
728 2438 801 2490 ita
832 2444 887 2491 et
908 2451 1002 2491 vos
1021 2435 1226 2490 debetis
1245 2449 1363 2488 esse
1385 2435 1524 2489 sicut
1550 2451 1648 2506 ego
1671 2450 1822 2490 sum:

258 2533 585 2606 perfectiora
630 2532 877 2585 videlicet
915 2545 1138 2599 sapere,
1181 2528 1401 2582 dimisso
1435 2528 1594 2592 lacte,
1625 2529 1688 2583 ad
1717 2529 1826 2584 for-

262 2630 431 2683 tiores
453 2626 601 2680 cibos
621 2632 676 2678 et
695 2623 762 2678 ad
783 2621 974 2692 pabula
1001 2622 1231 2676 transire
1256 2619 1477 2688 majora.
1509 2620 1620 2675 lloc
1647 2629 1825 2676 autem

260 2721 504 2792 loquitur
529 2719 681 2790 quasi
713 2717 1005 2772 Salvatoris
1043 2716 1299 2778 imitator,
1326 2715 1417 2784 qui
1451 2731 1554 2768 non
1591 2715 1825 2783 rapinam

217 2807 228 2816 ’
261 2811 552 2864 arbitratus
578 2818 651 2862 est
682 2823 789 2861 esse
807 2823 861 2860 se
883 2804 1131 2875 aqualem
1167 2803 1298 2868 Deo,
1349 2804 1437 2856 sed
1466 2804 1687 2872 seipsum
1734 2819 1828 2856 ea:-

260 2899 485 2954 inanivit
518 2898 736 2967 formam
765 2896 898 2949 servi
928 2894 1204 2962 accipiens,
1230 2902 1278 2946 et
1306 2893 1484 2945 habitu
1511 2894 1742 2945 inventus
1771 2901 1826 2944 ut

260 2992 418 3044 homo
447 2987 614 3058 (Phil.
637 2985 696 3056 ιι)
719 3027 734 3049 ,
757 2994 816 3039 ιιι
838 3002 937 3039 nos
964 2984 1038 3038 dii
1065 2984 1312 3038 ﬁeremus
1333 2998 1401 3037 ex
1428 2983 1750 3047 hominibus,
1773 2991 1826 3037 et

261 3095 370 3134 non
402 3077 541 3131 ultra
581 3090 944 3138 moreremur;
977 3074 1070 3126 sed
1103 3081 1546 3143 couresnrgentes
1590 3072 1825 3137 Christo,

1926 1904 2064 1957 tiunt
2091 1903 2481 1973 episcoporum,
2517 1901 2770 1972 quivelut
2798 1902 2850 1954 in
2887 1900 3062 1970 aliqua
3109 1900 3320 1954 sublimi
3367 1914 3488 1968 spe-

1912 1995 2044 2064 .cula
2069 1995 2365 2060 constituti,
2393 1996 2480 2048 vix
2512 1995 2796 2064 dignantur
2821 1993 3001 2046 videre
3027 1991 3297 2056 mortales,
3325 1999 3378 2044 et
3405 1991 3484 2044 al-

1925 2071 2068 2156 loqui
2104 2099 2389 2139 conservos
2419 2099 2563 2138 suos.
2591 2084 2810 2138 Discant
2837 2083 2904 2136 ab
2940 2081 3193 2151 Apostolo
3238 2089 3483 2135 errantes

1925 2184 1980 2230 et
2011 2175 2321 2244 insipientes
2349 2174 2585 2237 Galatas,
2617 2172 2813 2226 fratres
2845 2170 3024 2224 vocari
3051 2187 3066 2234 ;
3110 2170 3318 2224 discant
3362 2177 3485 2238 post

1913 2265 2345 2334 ,increpationem
2382 2263 2575 2316 blanda
2601 2262 2763 2316 verba
2821 2260 3067 2324 dicentis,
3107 2260 3332 2312 Obsecro
3375 2275 3484 2314 vos.

1925 2355 2076 2422 Quod
2102 2362 2278 2408 autem
2307 2352 2554 2407 obsecrat
2599 2351 2724 2405 illud
2772 2359 2873 2415 est,
2929 2358 2989 2404 ut
3035 2349 3331 2404 imitatores
3369 2349 3487 2420 ejus

1927 2444 2035 2498 sint
2059 2444 2200 2498 sicut
2227 2443 2339 2511 ipse
2359 2440 2577 2496 Christi.
2614 2440 3138 2508 lmoutpraasentem
3184 2432 3360 2492 locum
3395 2453 3482 2493 se-

1927 2551 2082 2605 quar,
2111 2535 2242 2589 nihil
2267 2543 2348 2589 est
2373 2533 2574 2605 grande
2623 2532 2764 2602 quod
2813 2530 3070 2601 postulat,
3119 2537 3176 2583 ut
3215 2532 3484 2599 quomodo

1933 2630 2045 2698 ipse
2071 2635 2290 2696 propter
2315 2625 2436 2680 illos
2468 2625 2534 2679 de
2559 2623 2748 2693 majori
2775 2622 2947 2678 factus
2965 2630 3049 2676 est
3077 2621 3278 2675 minor:
3310 2621 3389 2675 sic
3413 2621 3486 2675 illi

1928 2734 1957 2771 a
1992 2705 2286 2772 minoribus
2300 2715 2362 2768 ad
2385 2715 2586 2783 majora
2603 2713 2982 2767 conscendant.
3009 2710 3158 2764 Nihil
3177 2727 3274 2772 me,
3294 2712 3486 2781 inquit,

1930 2807 2155 2862 lwsistis.
2185 2804 2356 2860 Lazdit
2377 2803 2668 2872 discipulus
2695 2803 3031 2872 magistrum,
3049 2801 3092 2855 si
3119 2815 3214 2869 per
3226 2800 3492 2870 negligen-

1930 2898 2058 2952 tiam
2073 2911 2224 2950 suam
2246 2901 2509 2964 prmcepta
2538 2891 2652 2960 ejus
2678 2891 3019 2959 laboremque
3042 2890 3334 2960 disperdat.
3369 2889 3489 2944 Non

1930 2981 2744 3052 lzeserantCalaueApostolum,
2761 2993 2929 3048 usque
2951 2980 3002 3032 in
3023 2992 3256 3048 presens
3282 2988 3490 3048 tempus

1930 3076 2280 3146 Evangelium
2296 3073 2410 3142 ejus
2431 3089 2494 3126 ac
2507 3072 2753 3126 mandata
2774 3079 3068 3125 servantes.
3091 3069 3352 3124 Autcerte
3377 3071 3485 3125 ita:

233 3169 420 3223 amici
441 3167 557 3236 ejus
583 3166 904 3229 diceremur,
941 3171 996 3218 et
1021 3161 1234 3226 fratres,
1266 3171 1325 3216 ut
1351 3171 1493 3217 esset
1531 3162 1822 3232 discipulus
1850 3158 1894 3220 C
1925 3166 2138 3237 quando
2158 3163 2310 3219 vobis
2334 3163 2560 3233 primum
2575 3161 2917 3232 Evangelium
2934 3159 3264 3220 annuntiavi,
3291 3169 3480 3229 etpro-

257 3259 402 3313 sicut
436 3255 710 3326 magister,
741 3262 796 3308 et
833 3267 1021 3307 servus
1046 3252 1185 3306 sicut
1209 3251 1476 3306 dominus.
1509 3250 1693 3305 Potest
1730 3267 1822 3305 au-

259 3357 370 3401 tem
420 3354 475 3400 et
499 3346 573 3399 ita
601 3343 822 3412 intelligi
849 3361 860 3396 :
891 3342 1114 3396 obsecro
1138 3356 1255 3405 vos,
1285 3342 1480 3410 inquit,
1521 3340 1738 3406 fratres,
1765 3349 1824 3394 ut

256 3435 480 3490 Iudaica
505 3433 877 3488 observatione
911 3438 1238 3499 contempta,
1266 3429 1496 3494 dierum,
1538 3430 1820 3495 mensium,

255 3536 562 3592 temporum
585 3531 745 3590 atque
779 3534 1062 3584 annorum,
1102 3535 1221 3588 quae
1249 3528 1374 3574 sunt
1396 3519 1596 3573 umbra:
1617 3519 1822 3574 futuro-

257 3632 400 3676 rum,
435 3629 520 3668 me
549 3612 850 3676 imitemini,
882 3611 971 3680 qui
999 3611 1115 3665 sine
1163 3611 1381 3680 querela
1424 3612 1476 3664 in
1505 3611 1620 3681 lege
1641 3627 1822 3666 versa-

255 3715 365 3769 tus,
389 3708 568 3758 omnia
617 3703 910 3756 arbitratus
935 3717 1052 3756 sum
1085 3702 1236 3770 quasi
1269 3712 1622 3772 purgamenta
1659 3712 1819 3772 atque

255 3793 595 3863 quisquilias,
624 3799 684 3846 ut
705 3791 977 3846 Christum
1027 3791 1394 3846 lucrifacerem
1445 3790 1662 3863 (Philip.
1716 3793 1816 3864 ιιι).

255 3884 356 3938 Fui
383 3884 582 3952 quippe
608 3890 663 3936 et
692 3896 790 3951 ego
814 3882 953 3935 sicut
977 3895 1072 3936 vos
1111 3897 1253 3935 nunc
1279 3883 1430 3946 estis,
1463 3897 1585 3936 cum
1619 3883 1819 3938 eisdem

253 3972 722 4028 observationibus
746 3971 962 4025 strictus
988 3971 1227 4037 tenebar,
1267 3980 1322 4026 et
1347 3971 1639 4026 Ecclesiam
1668 3970 1822 4027 Chri-

253 4065 348 4127 sti,
372 4063 500 4132 quia
525 4063 625 4116 ista
650 4077 754 4115 non
777 4061 995 4135 faceret,
1017 4075 1363 4130 persequens,
1387 4062 1748 4116 devastabam.

327 4151 582 4217 Fratres,
633 4151 840 4205 obsecro
895 4167 1014 4214 vos,
1065 4150 1194 4203 nihil
1229 4167 1311 4204 me
1351 4150 1577 4204 la’sistis.
1639 4150 1820 4221 (Aug.)

255 4244 540 4313 Tanquam
563 4242 607 4297 si
635 4243 836 4296 diceret
862 4259 874 4295 :
901 4241 976 4296 Ne
1001 4257 1128 4312 ergo
1146 4243 1343 4312 putetis
1357 4243 1495 4312 quod
1514 4257 1612 4312 ego
1632 4243 1823 4297 laedere

256 4352 354 4392 vos
399 4335 634 4404 cupiam.
675 4335 740 4403 (A
778 4333 905 4404 br.)
937 4332 1089 4388 Nune
1145 4333 1327 4388 mitius
1378 4333 1488 4404 agit
1537 4349 1658 4388 cum
1700 4333 1818 4400 eis,

251 4439 312 4482 et
340 4429 484 4482 bona
518 4439 705 4479 eorum
748 4425 934 4492 incipit
975 4439 1292 4486 memorare,
1339 4433 1397 4478 ut
1433 4433 1554 4494 post
1601 4439 1820 4494 magnas

1924 3255 2420 3329 pterinﬁrmitatem
2435 3254 2616 3308 carnis
2635 3251 2981 3321 vestrm,quia
3006 3266 3108 3305 non
3131 3251 3389 3320 poteratis
3408 3265 3492 3305 sa-

1925 3355 2196 3404 cramenta
2213 3345 2484 3415 suscipere
2497 3343 2700 3412 majora
2710 3384 2724 3404 .
2737 3341 3018 3413 praedicari
3032 3341 3182 3396 vobis
3194 3343 3346 3411 quasi
3362 3357 3486 3410 par-

1923 3439 2083 3502 vulis,
2099 3447 2155 3492 et
2167 3452 2252 3490 me
2267 3437 2438 3506 ipsum
2460 3435 2727 3490 inﬁrmum
2741 3448 2857 3488 esse
2878 3432 3144 3498 simulavi,
3159 3441 3217 3486 ut
3232 3447 3328 3488 vos
3339 3433 3489 3487 inﬁr-

1922 3543 2040 3584 mos
2052 3527 2623 3589 lucrifacerem,nonne
2636 3523 2786 3594 quasi
2799 3523 3042 3594 angelum
3059 3523 3370 3593 suscepistis
3381 3537 3490 3589 me,

1922 3618 2074 3690 quasi
2090 3617 2363 3672 Christum
2377 3615 2555 3671 Jesum
2568 3615 2590 3668 ?
2604 3613 2736 3670 Cum
2754 3616 2914 3686 igitur
2927 3615 2979 3669 in
2995 3613 3138 3668 nullo
3153 3629 3237 3668 me
3251 3623 3490 3684 tempore

1922 3711 2187 3775 laeseritis,
2206 3717 2259 3764 et
2279 3724 2363 3762 me
2379 3708 2542 3762 vestri
2567 3722 2728 3762 causa
2752 3707 3006 3761 humilem
3037 3715 3197 3775 atque
3223 3705 3488 3774 dejectum

1921 3799 2148 3854 similem
2173 3797 2262 3850 Dei
2289 3796 2426 3851 Filio
2447 3795 2782 3865 putaveritis,
2797 3793 3063 3864 quomodo
3081 3795 3148 3848 ad
3171 3793 3371 3862 majora
3393 3808 3492 3849 vos

1920 3903 2216 3960 provocans
2237 3887 2401 3940 laedor
2420 3901 2451 3940 a
2472 3886 2642 3948 vobis,
2657 3887 2926 3954 perdendo
2955 3884 3192 3940 laborem
3219 3899 3418 3944 meum.
3435 3892 3493 3938 et

1922 3977 2370 4048 dispensationem
2401 3975 2544 4029 illam
2569 3990 2674 4045 qua
2700 3989 2785 4029 me
2810 3975 3086 4044 parvulum
3120 3988 3238 4029 esse
3268 3973 3487 4028 simula-

1920 4085 2105 4123 veram
2151 4068 2305 4122 irrito
2336 4081 2497 4136 opere
2538 4081 2678 4120 nunc
2708 4065 2932 4135 lugetis?
2977 4065 3080 4120 Per
3122 4065 3488 4120 inﬁrmitatem

1923 4169 2100 4214 autem
2128 4158 2306 4214 carnis
2333 4173 2437 4211 non
2466 4172 2598 4220 suae,
2617 4155 2708 4211 sed
2737 4156 3087 4219 audientium,
3119 4155 3320 4211 Calatis
3342 4155 3488 4209 Pau-

1923 4251 2007 4306 lus
2049 4250 2350 4314 annuntiat,
2399 4248 2490 4318 qui
2535 4264 2640 4303 non
2682 4257 2931 4317 poterant
2967 4263 3186 4303 carnem
3221 4246 3489 4317 subjicere

1921 4341 2085 4406 verbo
2119 4339 2209 4394 Dei
2235 4355 2250 4394 :
2279 4338 2372 4394 sed
2402 4337 2554 4407 quasi
2581 4337 2763 4392 carnei
2791 4351 3127 4407 nequaquam
3155 4338 3487 4407 recipiebant

1923 4430 2324 4501 intelligentiam
2369 4427 2684 4500 spiritalem.
2731 4426 2881 4493 Quod
2931 4435 2990 4480 ut
3035 4427 3331 4481 evidentius
3371 4427 3489 4493 ﬁat,

255 4515 648 4584 correptiones,
680 4513 818 4567 bona
861 4527 1024 4582 opera
1052 4527 1148 4567 sua
1177 4513 1471 4576 audientes,
1503 4530 1817 4568 recrearen-
1847 4521 1899 4581 D
1921 4523 2134 4592 aliquod
2175 4535 2435 4589 ponamus
2469 4517 2770 4587 exemplum
2798 4535 2810 4570 :
2839 4532 2935 4586 per
2970 4515 3332 4570 inﬁrmitatem
3372 4532 3492 4571 car-

255 4615 367 4668 tur,
396 4613 451 4658 et
473 4607 596 4657 data
640 4617 802 4671 opera
841 4602 1198 4657 reformarent
1223 4617 1302 4667 se,
1334 4617 1401 4657 ne
1423 4603 1816 4674 objurgationi-

253 4696 358 4750 bus
374 4694 578 4748 diutius
594 4692 765 4761 pressi
782 4692 1144 4760 asperioribus
1170 4693 1359 4747 ﬁerent
1380 4694 1704 4748 exacerbati.
1724 4693 1818 4748 Ni-

255 4786 332 4840 hil
370 4793 546 4837 tamen
575 4782 676 4837 sibi
699 4783 946 4836 nocuisse
969 4781 1088 4836 illos
1112 4782 1259 4847 dicit,
1289 4783 1420 4852 ipsis
1458 4785 1601 4838 enim
1634 4786 1821 4841 oberat

253 4874 512 4929 delictum
563 4871 773 4926 illorum
807 4889 820 4923 :
848 4871 1134 4941 Apostolus
1164 4872 1308 4926 enim
1339 4872 1654 4940 impleverat
1702 4873 1818 4929 olli-

253 4965 402 5019 cium
430 4962 844 5032 dispensationis
867 4962 970 5016 sibi
997 4962 1236 5025 creditas,
1261 4970 1319 5015 ut
1349 4961 1495 5015 omni
1534 4977 1655 5016 cum
1694 4963 1820 5017 dili-

253 5054 439 5124 gentia
468 5052 787 5122 prmdicaret
811 5051 913 5118 eis,
945 5052 1102 5107 'sicut
1145 5053 1274 5108 dicit
1317 5052 1574 5108 Dominus
1602 5054 1668 5108 ad
1696 5069 1822 5124 pro-

253 5143 478 5213 pbetam
509 5141 793 5197 Ezechiel:
827 5140 926 5206 Tu,
957 5141 1152 5210 inquit,
1179 5141 1428 5211 pm'dica,
1477 5144 1523 5196 si
1553 5152 1603 5196 te
1638 5143 1824 5197 audie-

253 5236 384 5298 rint,
434 5233 719 5288 lucrareris
746 5249 876 5288 eos:
907 5234 952 5288 si
973 5249 1074 5303 quo
1104 5234 1298 5298 minus,
1341 5243 1396 5286 tu
1445 5232 1668 5288 salvabis
1708 5235 1825 5289 ani-

252 5337 399 5376 mum
425 5331 570 5375 tuam
602 5321 816 5388 (Ezech.
851 5319 957 5392 III).

326 5415 488 5469 Scitis
512 5423 686 5468 autem
709 5414 833 5482 quia
863 5430 953 5483 per
976 5412 1329 5481 inﬁmitatem
1365 5415 1540 5467 carnis
1563 5415 1824 5485 evangeli-

257 5507 373 5560 κανὶ
401 5506 541 5560 vobis
563 5505 903 5574 jampridem,
959 5514 1008 5558 et
1055 5505 1388 5557 tentationern
1440 5515 1662 5560 vestram
1707 5523 1824 5577 quia

255 5608 369 5652 erat
399 5599 452 5650 in
482 5613 641 5650 carne
661 5613 776 5650 mea
795 5612 897 5650 non
922 5595 1203 5665 sprevistis,
1233 5611 1392 5664 neque
1422 5597 1704 5664 respuistis,
1735 5599 1826 5651 sed

255 5696 392 5748 sicut
446 5692 688 5755 anqelum
743 5690 840 5744 Dei
887 5691 1155 5760 excepistis
1209 5705 1321 5752 me,
1378 5690 1511 5742 sicut
1565 5690 1823 5746 Christum

1925 4612 2009 4664 nis
2053 4610 2208 4664 docet
2250 4608 2340 4677 qui
2384 4606 2514 4661 dicit
2551 4621 2566 4659 :
2608 4605 2670 4660 Si
2711 4622 2766 4658 se
2803 4622 2906 4658 non
2951 4606 3241 4668 continent,
3294 4605 3489 4659 nubant

1925 4701 1976 4773 (I
2008 4700 2129 4756 Cor.
2157 4705 2285 4763 vn);
2316 4708 2371 4752 et
2396 4716 2408 4752 :
2436 4696 2647 4760 Mulier,
2677 4696 2722 4750 si
2749 4704 2982 4748 mortuus
3027 4694 3182 4763 fuerit
3228 4694 3307 4748 vir
3349 4695 3488 4764 ejus,

1922 4793 2084 4847 libera
2111 4798 2218 4855 est;
2248 4789 2331 4842 cui
2359 4786 2462 4842 uult
2491 4787 2678 4851 nubat,
2712 4794 2913 4838 tantum
2943 4785 2996 4837 in
3020 4783 3243 4837 Domino
3269 4779 3490 4856 (lbid.);

1924 4893 2260 4950 nequaquam
2285 4893 2415 4932 vero
2441 4890 2537 4946 per
2565 4875 2932 4930 inﬁrmitatem
2965 4874 3144 4930 carnis
3172 4875 3358 4942 docet,
3385 4877 3490 4932 ista

1924 4984 2385 5028 commemorans:
2420 4966 2635 5022 Solutus
2679 4983 2733 5020 es
2776 4965 2840 5019 ab
2884 4982 3080 5033 uxore,
3119 4967 3225 5020 noli
3259 4984 3490 5038 quiet-ere

1921 5076 2170 5124 uxorem;
2195 5067 2250 5113 et
2277 5074 2290 5110 ε
2326 5055 2542 5125 Tempus
2579 5065 2653 5108 est
2678 5064 2733 5108 ut
2767 5064 2814 5108 et
2841 5056 2928 5125 qui
2955 5055 3141 5110 habent
3170 5073 3385 5125 uxores,
3416 5058 3494 5112 sic

1923 5154 2025 5206 sint
2053 5150 2205 5220 quasi
2233 5165 2335 5202 non
2358 5146 2619 5200 habentes.
2645 5145 2762 5199 Alia
2787 5146 2983 5215 quippe
3005 5154 3270 5217 prmcepta
3297 5147 3366 5202 ad
3388 5148 3494 5217 spi-

1925 5239 2132 5302 ritales,
2165 5236 2267 5291 alia
2299 5236 2494 5290 dantur
2529 5234 2596 5287 ad
2641 5235 2902 5289 carnales.
2934 5235 3001 5288 Et
3036 5235 3178 5290 aliud
3224 5244 3307 5292 est
3348 5237 3490 5307 quod

1920 5329 2072 5398 juxta
2103 5327 2403 5396 imperium,
2436 5324 2576 5379 aliud
2601 5325 2739 5393 quod
2759 5323 2912 5393 juxta
2950 5325 3329 5395 indulgentiam
3359 5345 3494 5399 pra:-

1929 5423 2141 5492 cipitur.
2177 5422 2242 5474 Et
2269 5421 2622 5483 tentationem,
2650 5420 2840 5488 inquit,
2872 5429 3091 5474 vestram
3117 5421 3170 5472 in
3196 5409 3351 5472 σαν-,ἦε
3380 5436 3494 5472 mea

1931 5531 2034 5568 non
2058 5512 2334 5583 sprevistis.
2366 5509 2640 5566 Obscurus
2663 5509 2812 5564 locus
2853 5519 2966 5573 est,
3010 5510 3188 5563 acrius
3217 5508 3492 5562 attenden-

1931 5604 2030 5657 dus
2054 5621 2066 5654 :
2109 5616 2206 5671 ego
2235 5601 2470 5669 quidem,
2501 5600 2596 5664 ait,
2623 5600 2772 5669 quasi
2800 5599 3033 5668 parvulis
3062 5599 3210 5653 vobis
3232 5606 3391 5666 atque
3412 5597 3493 5657 la-

1931 5693 2196 5747 ctentibus
2225 5707 2320 5760 per
2342 5689 2706 5744 inﬁrmitatem
2734 5690 2913 5744 carnis
2945 5699 3132 5743 vestrae
3150 5687 3258 5756 jam
3290 5687 3496 5755 pridem
