4022 6338
466 277 575 335 533

1108 278 1174 333 Β.
1216 274 1473 332 RABANI
1508 274 1727 333 MAURI
1766 272 2085 332 ARClllEP.
2125 274 2435 334 MOGUNT.
2476 274 2762 334 OPERUM
2796 274 2976 332 PARS
3012 273 3099 331 ιιι.

3638 271 3743 330 ω

467 389 855 462 evangelizavi,
878 404 909 445 a
930 389 1232 447 minoribus
1257 391 1540 463 incipiens,
1567 400 1641 456 et,
1672 398 1734 446 ut
1761 390 1836 445 ita
1855 388 2052 453 dicam,
2084 392 2132 452 Α
2159 391 2396 447 ostendit
2419 390 2587 446 fuisse
2604 432 2618 455 ,
2654 398 2716 445 ut
2753 405 2860 445 non
2894 389 3067 446 solum
3097 388 3237 444 bene
3264 385 3333 442 ab
3358 386 3441 443 eis
3460 395 3747 458 susceptus

468 484 611 554 apud
636 497 735 538 vos
756 496 897 554 pene
918 482 1263 548 balbutiens;
1290 497 1410 553 quae
1437 480 1771 552 dispensatio
1788 489 1844 535 et
1870 479 2059 550 prtedi-

469 575 703 632 cationis
745 573 974 629 inﬁrmae
1002 573 1305 638 simulatio,
1340 587 1460 628 mea
1487 573 1703 644 quidem
1741 570 2060 643 gubernatio

470 674 621 731 erat,
676 666 771 722 sed
815 675 994 721 vestra
1036 665 1291 731 tentatio,
1346 680 1416 720 an
1473 665 1626 719 vobis
1664 664 1968 734 placerent,
2004 670 2060 718 et

470 770 665 827 magna
688 754 1003 810 viderentur
1026 768 1090 810 ea
1118 770 1240 825 qua:
1272 769 1370 823 pro
1409 752 1719 809 conditione
1744 751 1824 806 sui
1850 744 2061 807 minora

469 858 646 910 erant,
673 853 731 900 et
757 859 789 899 a
810 858 898 900 me
916 843 1071 914 quasi
1094 844 1319 899 humilia
1341 844 1733 914 promebantur
1755 858 1770 897 :
1795 858 1916 912 quae
1941 842 2061 912 qui-

470 935 595 990 dem
625 949 723 989 vos
762 947 873 989 non
901 942 963 988 ut
1000 948 1167 1005 parva
1213 934 1306 989 sed
1336 943 1399 989 ut
1431 949 1626 1004 magna
1665 934 1971 1003 capientes,
2006 933 2060 1009 in

470 1032 681 1079 tantum
724 1023 975 1079 admirati
1005 1024 1169 1089 estis;
1200 1033 1261 1080 ut
1286 1038 1374 1080 me
1401 1024 1493 1094 qui
1521 1040 1583 1079 ea
1616 1024 1875 1094 loquebar
1903 1024 2059 1095 quasi

471 1115 829 1184 angelum,et,
848 1122 906 1168 ut
932 1113 1052 1185 plus
1078 1115 1273 1179 dicam,
1298 1116 1452 1185 quasi
1485 1115 1579 1170 Dei
1607 1115 1801 1169 Filium
1827 1115 2063 1184 suscipe-

471 1205 621 1261 r.-tis.
654 1205 779 1261 Haec
816 1221 949 1277 ergo
986 1214 1167 1261 vestra
1206 1208 1433 1262 tentatio
1458 1222 1563 1277 qua
1598 1222 1698 1278 ego
1735 1221 1831 1261 vos
1858 1206 1913 1260 in
1943 1220 2064 1260 car-

430 1318 437 1325 ·
471 1302 581 1358 nali
617 1302 722 1358 mei
747 1302 1014 1357 sermonis
1042 1303 1455 1358 aununtiatione
1485 1302 1792 1367 tentabam,
1822 1318 1930 1357 non
1961 1299 2063 1356 fuit

471 1401 778 1463 contempta
806 1409 907 1449 nec
929 1393 1075 1458 vilis,
1103 1394 1197 1449 sed
1221 1394 1341 1464 plus
1370 1410 1532 1465 quam
1558 1394 1894 1450 mstimabam
1911 1434 1926 1459 ,
1958 1393 2061 1448 ha-

471 1483 590 1540 buit
607 1485 905 1556 dignitatis.
923 1485 1109 1541 Potest
1128 1486 1280 1542 locus
1300 1486 1401 1541 istc
1421 1494 1476 1542 et
1497 1487 1571 1541 ita
1593 1485 1816 1543 disseri:
1838 1483 2063 1553 Quando

472 1577 595 1632 veni
638 1578 705 1633 ad
740 1593 871 1643 vos,
914 1593 1020 1633 non
1062 1579 1187 1633 veni
1232 1579 1286 1633 in
1334 1593 1585 1635 sermone
1617 1578 1924 1649 sapientiae,
1969 1576 2064 1633 sed

472 1668 638 1724 homo
672 1668 891 1724 humilis
921 1677 1085 1739 atque
1112 1676 1473 1739 contemptus,
1520 1668 1657 1723 nihil
1685 1682 1939 1739 maguum
1971 1667 2064 1722 de-

2156 482 2246 546 sit,
2285 481 2378 536 sed
2409 491 2465 537 et
2491 482 2657 536 fortes
2683 484 2735 535 in
2765 480 2869 535 ﬁde
2890 480 3093 535 inventi
3120 486 3267 543 sunt,
3293 490 3349 533 et
3372 478 3518 548 quod
3543 479 3613 534 ad
3633 479 3749 536 lau-

2158 572 2279 628 dem
2318 588 2491 644 magis
2534 571 2776 643 proﬁcit,
2808 573 2989 627 omnia
3033 568 3169 642 pene
3212 586 3311 627 sua
3350 570 3426 626 illi
3453 571 3753 629 obtulerint

2157 663 2507 735 proﬂiganda.
2558 662 2694 719 Hinc
2738 663 2860 733 plus
2908 663 3086 728 dolet,
3136 662 3265 719 auia
3316 671 3465 719 tanta
3507 662 3753 719 Charitas

2159 741 2421 810 subversa
2452 754 2627 809 fuerat
2652 769 2819 825 prava
2844 753 3112 813 doctrina.

2230 844 2371 914 Ergo
2399 844 2645 898 inimicus
2672 843 3013 913 vobis‘factus
3041 859 3157 898 sum
3179 859 3356 898 verum
3376 853 3555 899 arcens
3582 843 3754 898 nobis?

2163 935 2273 991 Hoc
2302 935 2454 999 dicit,
2490 935 2617 1006 quia
2648 950 2753 990 non
2789 943 2969 1006 potest
2990 934 3136 1000 fieri,
3165 942 3227 989 ut
3252 934 3525 999 inimicus,
3552 934 3751 1004 inquit,

2160 1027 2313 1081 vobis
2352 1027 2453 1082 sim
2474 1066 2488 1092 ,
2520 1041 2751 1096 quorum
2783 1034 2934 1080 tanta
2977 1025 3120 1081 sensi
3164 1025 3445 1096 obsequia.
3479 1023 3589 1080 Sed
3627 1025 3755 1095 quia

2160 1132 2320 1172 nemo
2347 1131 2404 1173 se
2432 1117 2585 1185 argui
2613 1116 2728 1171 vult
2761 1125 3059 1181 errantem,
3087 1116 3291 1172 idcirco
3321 1116 3475 1171 vobis
3496 1115 3757 1171 inimicus

2160 1203 2348 1258 videor
2378 1203 2526 1272 juste
2566 1217 2663 1257 vos
2686 1203 3110 1272 reprehendens.
3144 1199 3413 1275 (Hieron.)
3444 1202 3648 1258 Beatus
3674 1212 3761 1259 est

2161 1294 2254 1365 qui
2277 1293 2518 1349 ambulat
2548 1293 2604 1348 in
2634 1292 2896 1348 virtutum
2919 1293 3027 1358 via,
3052 1292 3146 1348 sed
3172 1293 3216 1347 si
3237 1294 3305 1348 ad
3325 1292 3558 1348 virtutes
3584 1308 3761 1363 usque

2160 1386 2488 1456 pervenerit,
2510 1402 2611 1442 nec
2627 1386 2850 1457 prodest
2867 1402 2897 1442 a
2918 1386 3068 1442 vitiis
3086 1387 3401 1452 recessisse,
3424 1386 3532 1442 nisi
3550 1387 3761 1456 optima

2163 1477 2622 1547 comprehendas;
2644 1478 2770 1547 quia
2794 1493 2902 1533 nou
2927 1485 3038 1532 tam
3063 1477 3219 1533 initia
3240 1486 3364 1533 sunt
3392 1477 3447 1531 in
3466 1477 3629 1533 bonis
3648 1485 3765 1533 stn-

2164 1566 2268 1621 diis
2294 1567 2585 1633 laudanda,
2614 1581 2780 1636 quam
2810 1567 2953 1625 ﬁnis.
2986 1566 3140 1624 Sicut
3161 1568 3308 1623 enim
3333 1568 3386 1623 in
3413 1568 3573 1624 vinea
3599 1568 3762 1624 multi

2163 1672 2337 1728 usque
2366 1657 2436 1712 ad
2467 1656 2678 1728 prelum
2708 1674 2827 1714 uvae
2865 1658 3066 1729 gradus
3109 1668 3265 1725 sunt,
3298 1671 3355 1715 et
3379 1662 3621 1730 primum
3658 1678 3761 1719 ne-

471 1756 675 1826 ferens,
710 1758 1054 1814 cruciﬁxum.
1079 1759 1213 1815 Cum
1245 1760 1409 1831 igitur
1446 1775 1537 1815 me
1559 1759 1806 1815 videritis
1844 1759 1896 1813 in
1935 1772 2061 1813 cor-
2089 1742 2136 1802 B
2164 1756 2412 1804 cesseest
2437 1748 2647 1804 Invitis
2669 1750 2937 1821 germinet
2962 1750 3014 1805 in
3037 1751 3328 1822 pampinis,
3357 1768 3508 1824 spem
3532 1756 3767 1825 promit-

469 1867 603 1924 pore
631 1851 1039 1908 inﬁrmitatibus
1064 1853 1302 1909 obnoxio
1334 1853 1687 1908 constitutum
1706 1893 1721 1918 ,
1749 1865 1916 1921 regna
1953 1864 2067 1906 cte-

471 1942 630 1999 lestia
683 1943 1062 2013 pollicentem,
1117 1958 1223 1997 non
1274 1943 1560 2008 irrisistis,
1610 1956 1713 1997 nec
1757 1938 2066 1996 aestimastis

473 2034 693 2104 dignum
722 2048 842 2090 esse
870 2041 1179 2103 contemptu
1211 2052 1225 2088 :
1259 2032 1639 2105 intelligebatis
1665 2031 1862 2103 quippe
1889 2030 2068 2087 humi-

472 2125 683 2182 litatem
711 2125 892 2181 carnis
921 2140 1073 2191 meae,
1117 2132 1174 2180 et
1218 2124 1389 2195 ipsius
1432 2124 1651 2180 habitus
1693 2123 1953 2179 vilitatem
1999 2123 2069 2178 ad

471 2229 711 2277 vestram
738 2220 1091 2275 tentationem
1124 2218 1276 2285 ﬁeri;
1317 2234 1385 2273 an
1412 2217 1665 2273 videlicet
1697 2226 2070 2272 contemnere-

472 2308 546 2364 tis
567 2324 691 2364 eum
727 2308 819 2379 qui
845 2308 912 2363 ab
940 2307 1232 2363 incredulis
1259 2306 1585 2363 miserabilis
1610 2306 1939 2376 putabatur;
1970 2303 2069 2359 sed

473 2404 696 2453 econtra
733 2396 883 2452 illum
935 2394 1192 2452 humilem
1214 2436 1230 2461 ,
1278 2395 1439 2451 vilem
1458 2401 1634 2464 'atque
1668 2400 2064 2463 contemptum,

475 2490 548 2544 ita
577 2499 637 2544 ut
659 2488 908 2560 angelum
933 2498 987 2544 et
1007 2488 1293 2559 plusquam
1323 2486 1575 2558 angelum
1599 2484 1934 2555 suscepistis.
1962 2481 2072 2557 Aut

474 2589 625 2636 certe
644 2580 907 2651 suspicari
928 2594 1215 2650 possumus
1238 2576 1575 2649 Apostolum,
1600 2592 1666 2632 eo
1693 2584 1937 2646 tempore
1959 2590 2067 2644 quo

473 2672 711 2743 primum
734 2672 883 2726 venit
910 2672 978 2727 ad
1005 2670 1244 2735 Galatas,
1287 2678 1615 2742 :egrotasse,
1658 2676 1715 2724 et
1748 2667 1926 2738 aliqua
1953 2682 2070 2724 cor-

473 2763 683 2834 pusculi
724 2763 1038 2818 inﬁrmitate
1067 2763 1374 2827 detentum;
1423 2776 1531 2817 non
1575 2775 1821 2816 cessasse
1861 2767 2065 2826 tamen,

472 2869 576 2910 nec
611 2869 795 2909 vocem
837 2853 1052 2908 silentio
1090 2852 1436 2923 repressisse,
1475 2866 1583 2921 quo
1609 2851 1790 2906 minus
1828 2858 2065 2919 coeptum

473 2943 825 3017 Evangelium
860 2943 1201 3014 prtedicaret.
1243 2941 1378 2996 Nam
1412 2941 1629 2996 tradunt
1657 2956 1781 2996 eum
1808 2940 2067 3012 gravissi-

476 3049 624 3089 mum
653 3033 847 3103 capitis
870 3030 1113 3087 dolorem
1141 3045 1282 3100 saepe
1310 3044 1655 3101 perpessum;
1684 3038 1740 3085 et
1774 3031 1918 3085 hunc
1945 3044 2066 3084 esse

2168 1846 2245 1894 tat
2271 1842 2326 1894 in
2355 1838 2608 1906 ﬂoribus;
2639 1841 2836 1896 dehinc
2872 1849 2933 1895 ut
2960 1840 3095 1896 ﬂore
3135 1843 3364 1899 decusso
3406 1842 3575 1900 futuri
3615 1846 3767 1902 botri

2166 1931 2375 2001 species
2399 1928 2750 1996 deformetur,
2781 1931 3149 2002 paulatimque
3170 1941 3485 2005 turgescens
3506 1953 3611 1991 uva
3637 1952 3768 2008 par-

2168 2021 2355 2087 turiat,
2388 2027 2449 2074 ut
2475 2036 2659 2091 pressa
2692 2020 3055 2078 torcularibus
3078 2020 3254 2077 dulcia
3284 2032 3463 2081 musta
3490 2026 3722 2083 desudet
3741 2046 3761 2082 :

2167 2112 2242 2166 ita
2284 2120 2339 2166 et
2382 2112 2437 2167 in
2479 2112 2728 2168 doctrina
2767 2111 2962 2181 singuli
2990 2112 3389 2168 beatitudinum
3419 2124 3549 2170 sunt
3581 2116 3767 2187 profe-

2166 2212 2303 2267 ctus,
2333 2211 2393 2257 ut
2420 2202 2604 2258 audiat
2631 2202 2755 2272 quis
2784 2202 3008 2258 verbum
3034 2200 3165 2269 Dei,
3209 2211 3269 2258 ut
3292 2205 3586 2275 concipiat,
3617 2219 3681 2262 ut
3707 2208 3765 2264 in

2165 2301 2322 2349 utero
2351 2293 2546 2349 animze
2568 2292 2683 2364 ejus
2709 2293 3003 2360 adolescat,
3025 2302 3082 2350 et
3105 2294 3173 2349 ad
3197 2302 3411 2364 partum
3436 2312 3612 2368 usque
3641 2313 3768 2368 per-

2165 2383 2380 2457 veniat;
2405 2392 2600 2440 etcum
2622 2383 2913 2455 pepererit,
2944 2382 3129 2450 lactet,
3156 2386 3424 2452 enutriat,
3459 2394 3514 2442 et
3545 2403 3645 2458 per
3682 2390 3772 2445 ina

2167 2471 2411 2539 fantiam,
2435 2474 2759 2544 pueritiam,
2788 2473 3241 2541 adolescentiam,
3279 2473 3623 2544 iuventutem
3643 2519 3660 2542 ,
3692 2479 3769 2535 ad

2166 2566 2463 2638 perfectum
2491 2568 2668 2623 virum
2696 2582 2867 2639 usque
2888 2568 3166 2639 perducat.
3199 2567 3334 2625 Cum
3372 2584 3502 2641 ergo
3534 2571 3763 2643 singuli,

2166 2666 2227 2713 ut
2242 2659 2497 2723 diximus,
2518 2658 2720 2731 gradus
2740 2659 2894 2730 juxta
2921 2659 3197 2730 profectus
3218 2675 3348 2716 suos
3370 2660 3606 2717 habeant
3630 2663 3765 2718 bea-

2170 2753 2478 2820 titudinem,
2510 2753 2554 2807 si
2584 2751 2727 2818 ﬁnis,
2751 2760 2830 2818 et,
2863 2762 2924 2807 ut
2956 2752 3028 2807 ita
3055 2752 3268 2822 loquar,
3296 2760 3535 2808 extrema
3565 2770 3764 2811 manus

2166 2846 2317 2916 Operi
2342 2844 2593 2912 defuerit,
2622 2854 2767 2901 totus
2790 2845 2944 2901 labor
2969 2846 3156 2902 irritus
3184 2845 3297 2912 ﬁet,
3322 2854 3378 2903 et
3400 2847 3633 2914 dicetur,
3660 2844 3764 2902 Ubi

2165 2951 2239 2995 est
2284 2957 2406 3011 ergo
2454 2939 2721 2994 beatitudo
2748 2938 2954 2995 vestra?
2990 2937 3271 3007 Quamvis,
3307 2939 3502 3011 inquit,
3550 2955 3651 2996 vos
3696 2954 3765 2996 eo

2167 3040 2412 3101 tempore
2453 3046 2561 3101 quo
2607 3022 2959 3102 Evarigelium
2987 3030 3145 3102 juxta
3184 3046 3404 3088 carnem
3440 3047 3764 3103 suscepera-

473 3126 726 3195 angelum
757 3124 993 3189 Satanae,
1037 3123 1130 3194 qui
1157 3123 1435 3193 appositus
1461 3123 1510 3177 ei
1537 3122 1636 3187 sit,
1671 3130 1730 3176 ut
1772 3136 1894 3177 eum
1922 3122 2066 3177 cola-
2093 3107 2138 3170 C
2173 3126 2262 3190 Iis,
2281 3125 2466 3181 beatos
2491 3124 2757 3189 dicerem,
2786 3125 2929 3196 quod
2952 3125 3004 3179 in
3028 3124 3197 3180 initiis
3222 3123 3546 3182 fervebatis:
3574 3133 3766 3184 tantas

474 3217 721 3288 pbizaret
750 3215 805 3269 in
839 3228 1003 3269 carne
1031 3228 1100 3268 ne
1128 3212 1477 3268 extolleretur
1510 3211 1594 3283 (II
1624 3208 1748 3267 Cor.
1779 3212 1899 3281 xu).
1938 3211 2066 3269 Huic

476 3307 781 3367 inﬁrmitas,
810 3316 867 3362 et
892 3307 1119 3377 languor
1146 3308 1234 3363 hic
1262 3306 1537 3377 corporis,
1567 3307 1709 3378 apud
1744 3310 1838 3362 eos
1868 3307 2065 3377 quibus

477 3398 901 3453 annuntiabatur
925 3398 1274 3467 Evangelium
1305 3398 1533 3453 tentatio
1564 3394 1688 3462 fuit,
1724 3412 1791 3451 an
1823 3405 2065 3452 contem-

477 3497 671 3547 nerent
699 3505 820 3544 eum
851 3489 1100 3545 sublimia
1129 3490 1568 3559 promittentem,
1604 3502 1763 3559 quem
1794 3486 2067 3559 languori-

477 3582 580 3637 bus
607 3580 850 3651 corporis
885 3580 1187 3651 subjectum
1222 3580 1518 3635 videbant:
1554 3592 1654 3634 nec
1693 3594 1800 3633 non
1840 3591 1895 3634 et
1936 3579 2065 3635 illud

477 3669 584 3726 dici
608 3676 808 3740 potest,
841 3670 984 3740 quod
1017 3670 1070 3724 in
1100 3669 1366 3740 principio
1401 3670 1664 3725 adventus
1693 3669 1775 3724 sui
1805 3668 1873 3724 ad
1901 3667 2063 3723 Gala-

480 3769 581 3825 tas,
618 3761 977 3817 contumelias
1007 3768 1062 3815 et
1086 3760 1492 3830 persecutiones
1516 3769 1571 3815 et
1597 3760 1784 3831 plagas
1820 3760 2066 3830 corporis

478 3853 548 3907 ab
574 3853 657 3908 his
677 3852 768 3922 qui
791 3853 1135 3908 contraibant
1156 3852 1449 3925 Evangelio
1474 3852 1814 3910 sustinuerit.
1840 3852 1905 3908 Et
1926 3854 2067 3910 hanc

477 3942 645 3999 fuisse
672 3943 1025 3999 tentationem
1060 3943 1145 3999 vel
1174 3944 1462 3998 maximam
1485 3942 1724 4007 Galatis,
1751 3942 2067 4012 Apostolum

475 4034 675 4091 Christi
699 4035 1046 4089 cernentibus
1069 4034 1368 4089 verberari.
1394 4032 1546 4101 Quod
1570 4043 1752 4088 autem
1783 4033 1859 4087 ait
1883 4050 1894 4086 :
1921 4029 2067 4087 Sicut

475 4124 718 4195 angelum
736 4166 750 4189 ,
784 4124 918 4179 sicut
941 4122 1209 4178 Christum
1233 4123 1269 4177 Ι
1273 4141 1418 4178 esum
1441 4125 1738 4195 suscepistis
1765 4140 1869 4190 me,
1894 4132 1950 4179 et
1973 4138 2069 4178 an-

476 4218 600 4287 gelo
629 4217 905 4272 Christum
935 4216 1173 4271 ostendit
1217 4230 1339 4271 esse
1367 4202 1661 4284 majorem,
1689 4231 1851 4286 quem
1878 4230 2067 4271 secun-

477 4311 604 4364 dum
663 4308 1121 4378 dispensationem
1169 4308 1417 4379 corporis
1468 4308 1734 4363 minorem
1780 4307 2069 4364 Psalmista

478 4407 795 4456 cantaverat
814 4398 1034 4454 dicens:
1062 4397 1342 4452 Minorasti
1364 4415 1481 4452 eum
1507 4396 1668 4475 paulo
1692 4399 1866 4453 minus
1886 4399 1952 4453 ab
1975 4416 2070 4453 an-

476 4488 605 4562 gelis
634 4486 807 4561 (Psal.
841 4489 982 4553 vui).
1018 4486 1084 4542 Et
1113 4496 1323 4543 tantum
1365 4503 1462 4543 sua
1495 4464 1663 4545 verba
1702 4488 1757 4544 in
1801 4489 2070 4560 principio
2099 4464 2150 4525 θ

477 4579 710 4636 valuisse
739 4581 1098 4644 demonstrat,
1120 4586 1181 4634 ut
1210 4579 1386 4651 angeli
1413 4587 1737 4650 putarentur
1759 4590 1816 4636 et
1842 4579 2065 4650 Christi.

479 4671 582 4726 Ubi
624 4681 700 4726 est
740 4688 864 4742 ergo
905 4671 1171 4726 beatitudo
1222 4673 1437 4727 vestra?
1466 4672 1698 4747 (Aulim)
1739 4674 1932 4730 Beatos
1972 4675 2071 4731 hos

480 4764 645 4819 fuisse
684 4762 841 4828 dicit,
892 4765 1034 4834 apud
1082 4772 1309 4820 caeteras
1347 4764 1617 4822 Ecclesias
1661 4782 1759 4838 per
1795 4767 1881 4833 id,
1926 4767 2071 4839 quod

478 4852 721 4923 Apostoli
745 4851 957 4921 injuriis
979 4867 1085 4909 non
1116 4853 1524 4926 frangebantur,
1552 4855 1646 4910 sed
1674 4857 1991 4912 crescebant
2014 4856 2069 4912 in

480 4946 602 5002 ﬁde.
641 4944 1014 4999 Testimonium
1042 4946 1179 5000 enim
1217 4946 1459 5016 per/tibeo
1488 4947 1628 5002 nobis
1657 4961 1675 5000 :
1706 4949 1853 5019 quia,
1880 4950 1925 5003 si
1951 4949 2070 5019 ﬁeri

478 5047 670 5102 posset,
702 5037 878 5092 oculos
926 5047 1121 5092 vestros
1172 5039 1440 5094 eruissetis
1490 5049 1539 5095 et
1591 5041 1866 5097 dedissetis
1918 5044 2068 5100 mihi.

482 5125 665 5200 (.Ang.)
692 5126 801 5183 Cur
828 5128 971 5183 enim
1002 5128 1105 5183 hoc
1136 5126 1251 5183 ﬁeri
1278 5145 1383 5183 non
1406 5139 1620 5200 posset,
1650 5132 1752 5187 nisi
1777 5133 1902 5202 quia
1924 5133 2073 5204 juste

483 5219 600 5275 ﬁeri
628 5218 937 5274 uullomodo
971 5221 1199 5290 posset?
1230 5220 1322 5276 Sic
1349 5231 1406 5276 et
1432 5220 1533 5278 Job
1560 5224 1637 5277 ait
1661 5241 1674 5277 :
1704 5224 1920 5281 Utinam
1946 5242 2073 5297 pos.

482 5312 585 5367 sim
612 5314 1003 5369 me.occitlere!
1035 5311 1176 5385 (Job.
1217 5312 1274 5386 ι)
1303 5315 1383 5370 sic
1411 5323 1468 5370 et
1493 5315 1755 5372 Dominus
1789 5317 1858 5373 ad
1891 5317 2068 5374 Loth:

485 5402 611 5459 Non
628 5414 829 5471 potero,
863 5405 1060 5474 inquit,
1087 5406 1260 5476 facere
1289 5423 1398 5461 rem
1427 5404 1592 5461 donec
1616 5415 1672 5460 tu
1693 5406 1821 5463 illuc
1844 5408 2072 5463 introeas

484 5492 636 5566 (Gen.
670 5496 848 5569 xviu).
887 5496 1003 5552 Non
1051 5513 1212 5567 posse
1256 5498 1396 5553 dixit
1429 5513 1520 5563 se,
1569 5499 1714 5567 quod
1759 5500 1876 5555 sine
1909 5499 2073 5555 dubio

482 5600 696 5662 poterat
719 5606 816 5662 per
840 5592 1154 5661 potentiam,
1181 5591 1277 5646 sed
1299 5606 1405 5645 non
1430 5598 1645 5660 poterat
1665 5606 1762 5662 per
1779 5592 2070 5662 justitiam.

481 5680 714 5755 (Διηὺν.)
753 5680 945 5740 Votum
980 5699 1171 5741 eorum
1197 5685 1342 5740 circa
1370 5681 1685 5755 religionem
1715 5691 1827 5739 tam
1854 5684 2073 5755 plenum

2167 3232 2329 3283 Illlltc,
2354 3217 2481 3288 quia
2510 3232 2617 3272 non
2654 3217 2813 3272 video
2841 3216 3072 3273 aedilicio
3106 3216 3324 3273 culmen
3348 3217 3685 3289 impositum,
3706 3226 3767 3274 et

2166 3321 2303 3375 pene
2324 3307 2686 3377 nequidquam
2702 3304 2855 3375 jacta
2883 3306 3215 3372 fundamina,
3239 3323 3404 3380 cogor
3428 3309 3631 3372 dicere,
3655 3307 3769 3364 Ubi

2166 3407 2241 3451 est
2271 3414 2392 3469 ergo
2423 3396 2688 3453 beatitudo
2734 3406 2937 3464 vestra,
2969 3413 3075 3468 qua
3120 3413 3217 3455 vos
3256 3399 3446 3456 beatos
3488 3399 3771 3457 arbitrans

2168 3498 2295 3543 ante
2329 3487 2649 3543 laudabam?
2691 3486 2831 3545 Vere
2859 3490 3005 3545 enim
3042 3497 3099 3545 et
3123 3489 3239 3559 ipse
3267 3489 3469 3555 fateor,
3513 3491 3641 3560 quia
3683 3491 3772 3548 sic

2168 3595 2254 3633 me
2284 3578 2436 3636 vobis
2474 3579 2700 3635 humilia
2726 3580 3109 3650 praedicantem
3128 3621 3145 3644 ,
3175 3579 3261 3637 vel
3294 3581 3773 3651 persecutionibus

2167 3671 2555 3738 conﬂictatum,
2592 3672 2646 3726 in
2674 3671 2939 3742 principio
2985 3671 3286 3737 dilexistis,
3324 3682 3384 3728 ut
3412 3673 3459 3728 si
3486 3672 3605 3728 ﬁeri
3636 3688 3775 3744 pos-

2169 3772 2249 3818 set
2267 3763 2635 3834 (hyperbolice
2653 3770 2837 3817 autem
2856 3771 2983 3818 sunt
2999 3763 3312 3834 accipienda
3334 3779 3455 3835 quae
3473 3762 3770 3834 loquitur).

2169 3855 2452 3910 eruissetis
2477 3855 2631 3910 vobis
2659 3854 2875 3924 oculos,
2914 3864 2972 3911 et
3012 3856 3145 3911 mihi
3172 3866 3234 3911 ut
3256 3857 3499 3912 omnium
3518 3866 3771 3913 vestrum

2168 3945 2462 4001 lt'A'tllllthS
2480 3943 2601 4016 plus
2619 3960 2920 4012 cernerem,
2935 3946 3238 4003 dedissetis.
3260 3947 3547 4018 Optabatis
3564 3949 3773 4020 quippe

2171 4054 2266 4093 vos
2295 4054 2467 4094 caecos
2494 4054 2617 4095 esse
2642 4055 2739 4110 per
2766 4040 3095 4098 ineﬁ'abilem
3125 4044 3181 4098 in
3205 4058 3295 4099 me
3320 4044 3666 4111 eharitatem,
3702 4055 3774 4101 ut

2171 4128 2290 4200 plus
2317 4129 2370 4183 in
2397 4144 2521 4185 meo
2541 4131 2704 4186 corde
2729 4131 3009 4205 Evangelii
3048 4133 3229 4189 lumen
3253 4135 3510 4190 oriretur.
3544 4136 3769 4194 Emolu-

2173 4226 2414 4274 mentum
2440 4235 2623 4276 meum
2654 4222 2852 4278 vestris
2883 4223 3099 4279 damnis
3121 4239 3371 4280 crescere
3395 4225 3678 4291 volebatis,
3708 4235 3773 4283 et

2174 4312 2277 4367 hoc
2304 4312 2394 4368 illo
2424 4322 2685 4384 tempore,
2710 4330 2819 4387 quo
2850 4317 3003 4373 vobis
3030 4317 3185 4387 quasi
3214 4318 3455 4387 parvulis
3489 4331 3655 4389 atque
3679 4319 3771 4375 la-

2174 4406 2477 4470 ctentibus,
2522 4409 2637 4462 sive
2676 4416 2898 4478 propter
2926 4409 3297 4465 inﬁrmitatem
3328 4410 3512 4465 carnis
3544 4420 3768 4477 vestras,

2176 4515 2342 4573 parva
2360 4505 2416 4554 et
2433 4499 2657 4555 humilia
2683 4501 3094 4568 annuntiabam,
3120 4503 3233 4559 sive
3252 4511 3476 4572 propter
3496 4518 3631 4560 mete
3649 4519 3772 4560 ear-

2177 4593 2263 4648 nis
2295 4589 2520 4660 injurias
2548 4607 2653 4648 non
2680 4593 2876 4663 dignus
2898 4593 3121 4649 videbar
3144 4594 3249 4651 ﬁde
3274 4613 3287 4648 :
3319 4611 3465 4651 nunc
3486 4609 3618 4651 vero
3634 4596 3771 4666 quia

2178 4688 2244 4741 ab
2272 4686 2556 4742 elementis
2580 4694 2635 4740 et
2657 4674 2878 4757 syllabis
2905 4696 2960 4742 et
2980 4686 3215 4744 lectione
3237 4688 3464 4758 puerili,
3492 4691 3633 4761 coepi
3668 4705 3772 4747 vos

2177 4779 2245 4833 ad
2276 4778 2481 4849 majora
2506 4778 2683 4834 studia
2713 4794 3029 4849 provocare,
3054 4788 3116 4834 ut
3133 4780 3301 4835 libros
3323 4781 3556 4838 teneatis
3576 4782 3633 4839 in
3656 4797 3772 4838 ma-

2176 4873 2368 4938 nibus,
2398 4881 2460 4926 ut
2484 4870 2641 4941 plena
2674 4871 2996 4929 eruditionis
3024 4881 3080 4928 et
3106 4889 3358 4930 sensuum
3384 4876 3549 4931 verba
3589 4875 3769 4933 disca-

2172 4964 2260 5023 tis,
2287 4961 2665 5027 recalcitratis,
2688 4961 3008 5030 irascimini,
3033 4965 3215 5035 gravis
3234 4965 3389 5022 vobis
3410 4966 3626 5022 videtur
3643 4982 3770 5024 esse

2172 5052 2434 5124 perfectio
2461 5052 2861 5119 doctrinarum,
2890 5061 2945 5108 et
2972 5054 3028 5108 in
3070 5062 3283 5110 tantum
3316 5056 3507 5112 mutati
3543 5059 3679 5114 estis
3708 5059 3771 5114 in

2173 5142 2308 5198 alios
2330 5140 2587 5205 allectus,
2614 5150 2683 5208 ιιι,
2704 5156 2792 5197 me
2816 5181 2833 5208 ,
2871 5158 3034 5212 quem
3060 5145 3215 5213 quasi
3244 5145 3493 5216 angelum
3522 5155 3583 5202 et
3614 5146 3773 5205 Chri-

2174 5242 2318 5290 stum
2348 5233 2741 5302 susceperatis,
2787 5234 2875 5289 cui
2906 5234 3169 5291 volebatis
3194 5236 3382 5293 oculos
3405 5244 3621 5294 vestros
3658 5246 3774 5295 trs-

2172 5322 2303 5378 dere
2318 5363 2334 5389 ,
2359 5339 2506 5379 nunc
2525 5323 2772 5379 habeatis
2794 5324 3091 5391 inimicum,
3110 5327 3235 5396 quia
3256 5327 3409 5383 vobis
3427 5326 3645 5397 plenam
3670 5343 3772 5384 an-

2174 5415 2366 5471 nuntio
2387 5416 2693 5471 veritatem.
2725 5416 3015 5488 Eleganter
3040 5418 3187 5473 cnim
3223 5419 3548 5473 sententiam
3580 5421 3773 5474 termi-

2174 5505 2345 5571 navit,
2377 5505 2564 5561 dicens
2593 5522 2607 5559 :
2640 5504 2784 5577 Ergo
2805 5506 3052 5561 inimicus
3081 5507 3227 5562 vobis
3249 5507 3421 5577 factus
3444 5524 3564 5562 sum
3588 5548 3604 5574 ,
3639 5509 3771 5562 veri-

2173 5605 2332 5651 tatem
2359 5596 2536 5652 dicens
2555 5597 2698 5653 vobis
2716 5598 2742 5652 .9
2776 5604 2835 5651 ut
2850 5598 3163 5654 ostenderet
3182 5598 3343 5653 initia
3356 5599 3763 5669 prtedicationis

2176 5700 2283 5741 non
2321 5698 2432 5741 tam
2458 5686 2759 5744 ’veritatem
2790 5688 2992 5755 fuisse,
3034 5702 3195 5759 quam
3240 5689 3465 5746 umbras
3494 5699 3550 5746 et
3581 5688 3773 5761 imagi-
