4022 6338
286 326 396 387 525

783 325 1330 388 εΝΑκιιΑτιοΝυΜ
1365 331 1435 388 IN
1470 332 1620 389 EPP.
1660 332 1857 392 PAULI

1955 335 2030 391 ιθ.
2072 334 2188 393 XV.
2230 369 2300 382 -
2337 337 2403 393 ΙΝ
2444 339 2660 396 EPIST.
2698 340 2791 399 AD
2826 341 3079 401 GALAT.

3450 346 3557 403 3‘26

285 458 415 498 nem
445 443 712 500 veritatis.
737 445 940 500 Similis
965 455 1050 502 est
1073 446 1234 515 huic,
1261 446 1351 503 illa
1377 449 1644 504 sententia
1673 448 1873 506 nobilis
1899 457 1947 514 Α
1977 457 2067 521 pta
2102 450 2456 522 suscipiat,ut
2481 452 2537 508 in
2562 452 2854 509 manifesto
2878 452 2973 508 ilat
2993 452 3355 520 Judieusmon
3384 456 3438 513 in
3462 474 3556 514 oe-

284 531 432 603 apud
461 531 736 590 Romanos
760 543 955 605 poetae,

409 641 715 706 Obsequium
733 645 930 705 amicos,
958 646 1141 696 veritas
1160 647 1326 697 odium
1350 648 1495 711 parit.

280 733 393 790 Sed
430 735 554 789 vide
583 743 788 805 quanto
833 735 922 791 hic
963 736 1159 792 melius
1203 752 1367 808 quam
1413 737 1544 793 ille:
1582 738 1870 809 Apostolus

280 823 430 878 enim
472 823 559 878 his
603 837 738 892 quos
781 822 977 878 stultos
1020 823 1262 891 dixerat,
1308 840 1444 895 quos
1486 827 1739 897 parvulos
1777 843 1872 898 ap-

277 915 548 986 pellarat,
594 915 739 971 hanc
783 916 1109 972 sententiam
1158 918 1517 988 temperavit,
1566 928 1622 973 et
1667 919 1871 989 specia-

278 1007 388 1063 lem
442 1006 606 1073 fecit,
650 1007 779 1062 dum
830 1008 1050 1079 proprie
1092 1007 1161 1065 ad
1195 1022 1486 1077 personas,
1540 1007 1911 1080 Galatasque.

278 1098 481 1153 direxit
505 1114 520 1151 :
550 1096 639 1150 illc
664 1112 792 1153 vero
811 1107 869 1153 et
889 1098 1219 1171 generalem,
1250 1108 1303 1154 et
1334 1099 1407 1154 ita
1433 1113 1493 1156 se
1520 1102 1659 1170 apud
1680 1115 1869 1156 omnes

276 1187 485 1243 habere
509 1189 884 1259 pronuntians,
913 1189 1262 1245 vehementer
1280 1192 1505 1246 erravit.
1536 1190 1867 1261 Obsequium

275 1280 426 1336 enim
455 1294 564 1350 quo
598 1280 804 1350 putavit
829 1280 1035 1335 amicos
1064 1280 1201 1347 ﬁeri,
1232 1282 1464 1337 veritate
1485 1282 1723 1353 dempta,
1758 1297 1867 1339 non

272 1380 391 1427 tam
435 1373 756 1443 obsequium
801 1382 921 1439 est,
962 1389 1124 1444 quam
1169 1373 1407 1429 adulatio
1436 1382 1491 1429 et
1534 1374 1863 1440 assentatio,

273 1477 415 1532 quas
439 1462 803 1518 clandestiuas
836 1464 1008 1534 magis
1049 1463 1381 1530 inimicitias,
1411 1479 1574 1536 quam
1600 1452 1868 1522 amicitias

273 1551 383 1606 dici
429 1552 627 1607 debere
676 1552 1018 1623 perspicuum
1049 1562 1151 1607 est.
1192 1551 1364 1607 Simul
1407 1563 1588 1608 autem
1635 1565 1690 1610 et
1738 1554 1866 1611 illud

269 1643 762 1709 considerandum,
811 1645 953 1714 quod
1018 1644 1286 1715 hodieque
1326 1644 1565 1715 quandiu
1624 1646 1866 1717 parvulis

271 1745 439 1806 atque
466 1734 815 1802 lactentibus,
858 1745 916 1791 et
962 1736 1048 1791 his
1093 1736 1148 1791 in
1190 1750 1421 1806 quorum
1447 1738 1699 1794 cordibus
1726 1754 1864 1794 nun-

268 1842 439 1900 quam
463 1827 714 1883 Christus
734 1827 987 1895 adolevit,
1012 1843 1113 1883 nec
1136 1828 1354 1898 prolicit
1378 1838 1560 1895 aetate,
1581 1839 1638 1884 et
1657 1831 1864 1900 sapien-

270 1920 367 1984 tia,
391 1926 448 1975 et
476 1920 649 1990 gratia
675 1921 817 1991 apud
841 1919 1009 1974 Deum
1036 1929 1093 1975 et
1117 1920 1363 1974 homines
1385 1960 1400 1985 ,
1436 1919 1591 1989 juxta
1626 1912 1863 1977 litteram

269 2011 583 2082 Scripturas
601 2010 974 2082 explanamus,
1000 2011 1304 2075 laudamur,
1322 2011 1667 2082 suspicimur,
1695 2012 1865 2067 admi-

268 2102 467 2157 rationi
499 2102 784 2157 habemur.
823 2100 959 2157 Cum
999 2109 1181 2155 autem
1221 2099 1495 2171 paululum
1536 2101 1864 2172 coeperimus

266 2212 366 2253 eos
399 2209 699 2267 provocare
724 2204 784 2250 ut
817 2204 1097 2252 transeant
1124 2196 1191 2251 ad
1219 2196 1440 2253 meliora
1464 2236 1479 2258 .
1509 2197 1576 2253 de
1601 2198 1864 2269 praeconi-

262 2290 373 2345 bus
399 2289 602 2345 nostris
636 2288 841 2344 inimici
870 2289 1001 2345 liant
1022 2298 1077 2346 et
1111 2289 1352 2361 maligni.
1383 2290 1734 2346 £mulanlur
1772 2310 1860 2350 vos

264 2397 373 2435 non
414 2380 573 2446 bene,
602 2380 693 2435 sed
729 2381 1007 2436 excludere
1034 2398 1124 2437 vos
1164 2382 1341 2437 volunt
1387 2393 1442 2437 ut
1482 2383 1602 2439 illos
1647 2385 1862 2442 annale-

263 2473 420 2527 mini.
454 2471 639 2545 (Aug)
662 2472 721 2528 Id
746 2482 853 2535 est,
882 2474 1125 2529 invident
1152 2475 1334 2542 vobis,
1361 2476 1452 2546 qui
1482 2492 1580 2532 vos
1613 2479 1861 2535 carnales

260 2564 335 2618 de
360 2563 695 2634 spiritalibus
720 2565 908 2619 volunt
937 2563 1136 2631 facere,
1161 2566 1264 2621 hoc
1284 2574 1387 2631 est,
1413 2565 1732 2623 aemulantur
1753 2585 1859 2625 non

260 2654 418 2720 bene,
447 2656 540 2710 sed
568 2655 864 2721 excludere,
894 2656 1091 2727 inquit,
1119 2672 1209 2712 vos
1237 2656 1436 2724 volunt,
1468 2667 1524 2712 ut
1550 2657 1668 2714 illos
1694 2676 1858 2715 wmu-

257 2746 447 2801 lentini
463 2787 480 2813 ,
522 2748 623 2803 hoc
646 2756 731 2802 est
756 2748 1071 2814 imitemini;
1101 2757 1155 2804 et
1190 2749 1496 2821 quomodo?
1520 2751 1627 2805 nisr
1656 2759 1714 2805 ut
1743 2767 1858 2808 ser-

252 2840 454 2894 vitutis
472 2839 604 2912 jugo
626 2841 974 2896 atteneamini
1000 2841 1143 2897 sicut
1173 2841 1275 2912 ipsi
1301 2849 1632 2897 attenentur.
1650 2842 1855 2897 Bonum

252 2941 440 2986 autem
459 2930 783 2987 wmulamini
808 2932 862 2986 in
885 2931 1018 2986 bona
1044 2948 1244 3004 semper
1265 2946 1284 2985 :
1305 2941 1354 2986 et
1380 2949 1484 2988 non
1509 2942 1713 2987 tantum
1735 2950 1855 2987 cum

250 3039 493 3093 praesim:
526 3039 645 3076 sum
688 3022 830 3093 apud
869 3039 977 3077 vos.
1022 3020 1258 3095 (Ambr.)
1303 3022 1506 3078 Invidia
1543 3021 1853 3079 Judzeorum

253 3115 557 3170 subversas
587 3130 680 3169 eos
709 3113 977 3185 signiﬁcat
1002 3134 1015 3170 :
1040 3106 1298 3171 Videutes
1316 3117 1460 3172 enim
1485 3115 1565 3172 sic
1593 3116 1712 3171 illos
1732 3130 1854 3188 pro-

1973 542 2140 607 culto,
2165 543 2451 599 aemulatur
2468 560 2591 600 eum
2614 560 2719 600 non
2746 547 2907 610 bene,
2932 546 3026 601 sed
3055 548 3270 604 concito
3298 565 3461 605 cursu
3484 551 3554 607 ad

1971 628 2177 698 majora
2220 632 2558 701 gradientem
2589 634 2871 689 retrahere
2899 633 3153 701 mstinat,
3200 645 3259 691 ut
3285 651 3346 693 se
3374 640 3557 708 potius

1970 723 2272 790 aemuletur,
2299 726 2391 795 qui
2416 735 2713 782 retrorsum
2737 727 2915 793 vadit,
2946 737 3039 783 aut
3066 737 3216 786 certe
3241 739 3299 787 ut
3326 734 3555 789 multum

1971 809 2111 866 ultra
2138 827 2244 868 non
2272 822 2573 883 promovet.
2600 815 2865 886 Loquitur
2892 817 3077 888 itaque
3097 817 3305 876 Calatis
3324 860 3340 886 ,
3366 823 3459 891 qui
3486 823 3556 878 ab

1969 903 2335 959 assertoribus
2353 903 2488 975 legis
2510 905 2712 961 inducti
2732 904 2946 962 luerant
2972 916 3033 963 ut
3058 922 3153 963 eos
3179 909 3549 978 imitarentur,

1969 1010 2093 1051 cum
2118 995 2192 1050 illi
2219 997 2400 1068 potius
2423 995 2645 1054 Galatas
2673 999 2960 1055 debuerint
2980 1000 3181 1056 imitari
3207 1021 3220 1055 :
3251 1003 3378 1073 quia
3402 1012 3554 1059 natu-

1963 1074 2085 1143 rale
2112 1097 2199 1145 est
2232 1090 2495 1161 majorem
2536 1092 2604 1146 de
2631 1092 2860 1157 minori,
2891 1107 2998 1148 non
3028 1094 3294 1150 minorem
3330 1094 3449 1151 ﬁeri
3485 1097 3557 1151 de

1969 1179 2192 1250 majore.
2222 1181 2290 1236 Et
2315 1183 2485 1237 dicit:
2518 1181 2729 1237 Bonum
2755 1183 3078 1238 wmulamini
3107 1184 3161 1238 in
3190 1185 3344 1250 bono,
3371 1185 3425 1241 id
3444 1194 3546 1251 est,

1969 1273 2135 1330 nolite
2165 1284 2466 1331 assertores
2495 1273 2732 1332 Iudaica:
2765 1276 3158 1332 observationis
3201 1277 3426 1343 imitari,
3457 1278 3554 1334 sed

1966 1380 2030 1420 ea
2059 1380 2179 1435 qua:
2207 1366 2347 1422 bona
2382 1374 2513 1421 sunt
2540 1366 2847 1435 imitamini.
2879 1365 3160 1433 Quomodo
3179 1367 3325 1422 enim
3351 1366 3445 1439 qui
3469 1367 3555 1423 di-

1965 1455 2149 1523 vitias,
2172 1457 2494 1527 potentiam,
2522 1457 2837 1529 dignitatem
2866 1455 3092 1527 alicujus
3126 1457 3371 1513 imitatur
3390 1498 3406 1523 ,
3443 1472 3552 1513 non

1968 1553 2076 1602 tam
2117 1548 2257 1602 bona
2288 1563 2450 1618 quam
2477 1563 2541 1603 ea
2593 1563 2713 1618 qua:
2758 1546 3004 1618 fugienda
3058 1557 3184 1602 sunt
3228 1547 3549 1604 amulatur:

1966 1639 2043 1695 ita
2079 1648 2135 1695 et
2167 1655 2287 1706 vos,
2319 1639 2660 1706 ccontrario,
2696 1638 2894 1694 bonum
2924 1638 3250 1694 mmulamini
3282 1641 3338 1694 in
3371 1640 3550 1706 bono,

1964 1732 2138 1803 magis
2166 1740 2345 1786 autem
2372 1741 2680 1802 quaerentes
2707 1731 2969 1803 spiritalia
2998 1745 3160 1801 quam
3195 1732 3466 1799 carnalia,
3492 1740 3554 1790 ut

1894 1814 1941 1874 Β
1966 1835 2073 1876 non
2118 1819 2193 1875 illi
2236 1836 2333 1877 vos
2362 1820 2601 1890 Iudaeos,
2636 1822 2732 1877 sed
2761 1836 2857 1877 vos
2890 1821 3010 1878 illos
3043 1820 3383 1880 Christianos
3428 1838 3552 1880 esse

1965 1913 2206 1970 doceatis
2232 1931 2245 1968 :
2275 1915 2380 1970 hoc
2403 1926 2585 1970 autem
2614 1914 2777 1970 facite
2809 1930 3054 1986 semper,
3086 1924 3148 1970 ut
3181 1919 3549 1987 perseveranti

1962 2007 2131 2075 gradu
2160 2007 2227 2063 ad
2258 2006 2419 2063 linem
2441 2006 2569 2063 boni
2589 2007 2771 2078 operis
2792 2009 3079 2078 pervenire
3099 2009 3338 2081 possitis.
3365 2010 3553 2067 Emu-

1963 2097 2219 2154 labamini
2248 2099 2516 2170 siquidem
2546 2100 2748 2156 bonum
2794 2101 2849 2155 in
2890 2102 3032 2158 bono
3072 2103 3222 2173 prius
3259 2119 3381 2158 cum
3408 2107 3549 2175 apud

1961 2204 2060 2246 vos
2090 2205 2287 2256 essem,
2312 2191 2403 2261 qui
2430 2198 2712 2262 postquam
2736 2206 2769 2246 a
2792 2191 2946 2247 vobis
2969 2193 3194 2259 recessi,
3220 2195 3401 2250 omnia
3424 2211 3551 2266 quae

1963 2281 2294 2337 tradideram
2310 2280 2637 2352 perdidistis,
2654 2283 2722 2337 de
2742 2283 2975 2338 statione
2995 2291 3142 2339 certa
3163 2292 3218 2338 et
3240 2283 3344 2341 lido
3365 2295 3549 2357 portu,

1962 2389 2177 2430 rursum
2203 2375 2256 2429 in
2278 2374 2447 2429 altum
2466 2375 2609 2430 unda
2633 2375 2893 2431 relabenti
2914 2377 3197 2433 subtracti.
3220 2377 3331 2434 Nec
3349 2380 3549 2435 mirum

1961 2468 2007 2524 si
2037 2468 2325 2524 recedente
2345 2468 2603 2540 Apostolo
2630 2483 2757 2523 vase
2784 2468 3087 2535 electionis,
3112 2477 3168 2523 et
3194 2470 3246 2524 in
3272 2485 3379 2539 quo
3397 2470 3550 2527 Chri-

1960 2573 2078 2621 stus
2100 2565 2359 2621 Dominus
2388 2552 2742 2635 loquebatur,
2775 2562 2979 2619 Galata:
3006 2571 3133 2618 sunt
3169 2565 3391 2630 mutati,
3423 2581 3549 2622 cum

1960 2655 2125 2711 etiam
2154 2669 2300 2709 nunc
2326 2668 2616 2710 cernamus
2644 2654 2697 2708 in
2732 2652 2988 2708 Eeelesiis
3014 2654 3246 2724 idipsum
3290 2654 3407 2711 ﬁeri
3435 2674 3448 2711 :
3499 2656 3550 2712 si

1960 2745 2176 2815 quando
2200 2745 2345 2800 enim
2374 2745 2565 2800 doctor
2587 2745 2710 2814 quis
2733 2745 2788 2800 in
2815 2743 3056 2800 Ecclesia
3084 2746 3402 2818 contigerit,
3425 2761 3547 2802 ser-

1961 2852 2121 2893 mone
2147 2844 2372 2892 oruatus
2404 2844 2460 2892 et
2495 2837 2636 2901 vita,
2676 2836 2767 2907 qui
2797 2837 3079 2892 audientes
3118 2838 3272 2907 quasi
3311 2837 3546 2895 stimulis

1957 2927 2283 2999 quihusdam
2329 2928 2568 2985 concitet
2617 2929 2684 2984 ad
2734 2928 2996 2993 virtutes,
3047 2928 3294 2985 videmus
3326 2944 3545 2986 omnem

1957 3022 2167 3093 plebem
2198 3022 2345 3078 circa
2373 3021 2766 3093 elecmosynas,
2792 3020 3016 3091 jejunia,
3049 3020 3381 3088 castitatem,
3425 3037 3547 3077 sus-

1956 3112 2259 3184 ceptionem
2290 3127 2623 3184 pauperum,
2669 3111 2976 3183 sepulturas
3014 3119 3071 3167 et
3108 3121 3307 3167 caetera
3346 3111 3545 3168 similia

254 3208 428 3263 licere
453 3208 508 3261 in
534 3206 859 3277 Evangelio,
885 3216 941 3263 et
977 3216 1180 3262 tantam
1212 3208 1411 3262 habere
1443 3208 1765 3264 charitatem
1796 3208 1851 3263 in
1878 3178 1922 3241 C
1954 3204 2235 3270 festinare,
2261 3203 2494 3270 fervere,
2517 3204 2856 3271 discurrere;
2892 3219 3014 3259 cum
3046 3212 3225 3260 autem
3251 3203 3340 3259 ille
3367 3220 3547 3261 reces-

249 3291 541 3364 Apostolo,
576 3292 628 3347 id
656 3300 885 3363 egerunt
910 3302 1178 3363 quatenus
1205 3308 1300 3349 eos
1321 3294 1661 3366 deciperent;
1696 3305 1851 3352 erant
1951 3296 2115 3363 serit,
2158 3295 2418 3368 paulatim
2452 3306 2860 3361 emarcescere,
2893 3305 2948 3349 et.
2981 3296 3260 3352 subtracto
3299 3295 3422 3351 cibo
3465 3307 3546 3352 te-

248 3385 408 3441 enim
432 3383 569 3456 legis
592 3398 754 3439 causa
774 3383 1017 3455 Apostoli
1043 3384 1341 3451 inimici,ut
1361 3396 1611 3442 manente
1634 3388 1851 3443 nomine
1951 3388 2140 3454 uuari,
2174 3387 2398 3458 pallere,
2423 3387 2804 3461 languescere,
2838 3395 2892 3444 et
2928 3387 3207 3443 interitum
3241 3389 3393 3458 sequi
3421 3402 3542 3443 om-

251 3473 581 3542 Salvatoris,
611 3473 854 3532 lacerent
889 3490 984 3531 eos
1012 3475 1260 3541 Iudaeos,
1290 3478 1588 3550 gaudentes
1613 3480 1666 3534 in
1701 3495 1851 3535 ever-
1949 3478 2098 3532 nir‘im
2127 3494 2246 3547 quze
2270 3478 2422 3549 prius
2449 3477 2724 3550 vigebant.

246 3569 414 3625 sione
437 3568 675 3624 illorum.
706 3566 824 3624 Non
856 3569 998 3624 enim
1026 3568 1368 3639 patiebantur
1391 3578 1450 3625 ut
1475 3572 1707 3641 gratiam
1745 3572 1846 3628 sibi

2021 3588 2204 3643 Filioh'
2234 3589 2362 3655 mei,
2402 3606 2532 3659 quos
2561 3590 2748 3643 iterum
2777 3590 3016 3659 periurio
3035 3630 3049 3655 ,
3080 3589 3245 3643 donec
3282 3589 3540 3658 formetur

243 3658 588 3751 promissam
628 3659 881 3715 amntem
920 3660 1315 3751 ίηςίταιηιυίδίε
1348 3662 1601 3733 Βθηιίιιυε
1641 3663 1845 3729 damma
1948 3677 2187 3734 Christus
2209 3680 2263 3734 in
2288 3658 2449 3735 vobis.
2479 3678 2716 3751 (Ambr.)
2743 3679 2984 3735 Primum
3006 3694 3104 3748 per
3126 3679 3283 3735 fidem
3306 3678 3425 3734 illos
3450 3693 3541 3750 ge-

243 3750 379 3806 ideo
409 3749 713 3843 imitatores
750 3766 878 3807 suos
916 3750 1201 3843 voluerunt
1236 3752 1359 3807 illos
1396 3751 1548 3819 ﬁeri,
1599 3763 1659 3807 ut
1698 3769 1848 3810 more
1947 3778 2167 3837 ηηθιοηι,
2206 3771 2259 3827 in
2304 3749 2575 3843 baptismo
2601 3812 2617 3837 ν
2662 3749 2914 3840 εωήυίε
2964 3770 3110 3825 velut
3150 3785 3249 3843 per
3287 3749 3535 3826 abortum

242 3857 444 3899 eorum
475 3842 1015 3911 circumciderentur.
1040 3841 1395 3899 Ai'mulamini
1426 3854 1598 3900 autem
1627 3844 1844 3900 meliora

1955 3862 2093 3925 nati,
2126 3862 2411 3918 deformati
2451 3872 2505 3918 et
2549 3862 2750 3918 inllrmi
2788 3863 2989 3918 inventi
3024 3874 3168 3929 sunt,
3225 3879 3367 3920 nunc
3409 3878 3535 3919 cum

240 3940 397 3992 dona
416 3952 435 3990 :
485 3936 675 3991 bonum
707 3935 1031 3992 wmulnmim’
1058 3952 1290 4008 semper,
1317 3946 1364 3991 et
1388 3953 1492 3991 non
1529 3936 1699 3992 solum
1726 3954 1845 3991 cum

1955 3954 2132 4010 dolore
2166 3953 2380 4011 consilii
2407 3954 2666 4010 reformat
2687 3968 2784 4009 eos
2810 3953 2863 4008 in
2893 3952 3191 4010 Christum.
3218 3953 3539 4025 Concipien-

240 4048 489 4103 presens
512 4031 655 4102 apud
682 4048 769 4088 vos
796 4048 934 4088 sum.
973 4030 1194 4087 Meliora
1223 4032 1365 4086 dona
1402 4031 1664 4101 spiritalia
1699 4040 1841 4096 sunt,

239 4141 373 4195 qua:
396 4124 596 4180 imitati
620 4123 899 4180 habebunt
924 4122 1177 4179 allectum
1205 4122 1345 4195 apud
1370 4125 1561 4179 Deum.
1590 4122 1717 4178 Haec
1741 4123 1846 4193 spi-

241 4214 432 4272 ritalia
459 4226 517 4271 et
544 4217 685 4272 bona
732 4224 879 4282 sunt,
908 4230 1028 4286 quae
1057 4214 1169 4271 vult
1202 4223 1264 4270 ut
1292 4229 1508 4285 semper
1540 4215 1841 4281 imitentur,

1949 4054 2029 4101 tes
2054 4045 2199 4100 enim
2230 4044 2387 4099 ﬁdem
2423 4052 2478 4099 et
2503 4059 2721 4100 sensum
2746 4043 2867 4099 lidei
2902 4043 3126 4099 minime
3167 4042 3534 4108 advertentes,

1945 4135 2240 4192 formatum
2265 4135 2541 4191 Christum
2571 4135 2623 4189 in
2652 4134 2849 4190 animis
2875 4134 2989 4190 suis
3018 4142 3284 4205 negantur
3306 4132 3532 4190 habere.

1946 4226 2004 4283 Si
2035 4227 2179 4283 enim
2222 4224 2620 4282 intellexissent
2648 4224 2879 4294 gratiam
2922 4224 3014 4280 Dei
3052 4224 3103 4279 in
3134 4223 3381 4289 Christo,
3412 4230 3537 4293 post

242 4326 357 4366 non
392 4308 462 4365 ad
498 4318 731 4380 tempus,
760 4309 902 4365 sicut
928 4308 1136 4380 pridem
1169 4316 1304 4363 :aut
1343 4322 1401 4362 se
1422 4316 1690 4378 prmsente
1724 4315 1843 4362 tan-

1955 4318 2104 4377 fidem
2143 4319 2197 4375 in
2235 4316 2573 4373 Judaismum
2618 4317 2915 4373 transducti
2963 4331 3070 4372 non
3108 4324 3308 4373 essent.
3348 4316 3533 4388 (Aug.)

239 4410 390 4466 tum.
427 4409 551 4472 ροθι
581 4410 762 4457 autem
791 4400 862 4455 ad
886 4399 1033 4457 aliud
1058 4407 1485 4455 convertantur:
1514 4399 1609 4456 Sed
1632 4399 1749 4454 νυῖι
1780 4398 1843 4453 il-
1942 4407 2113 4481 Magis
2135 4409 2239 4465 hoc
2267 4423 2334 4464 ex
2362 4422 2594 4479 persona
2638 4407 2830 4462 matris
2866 4406 3123 4463 Ecclesia:
3163 4406 3379 4462 locutus
3416 4414 3530 4468 est;

238 4493 325 4550 '05
358 4493 427 4549 de
451 4501 649 4548 σπιθιό
677 4506 1026 4564 Perseverate
1054 4492 1109 4547 in
1134 4492 1296 4549 bono-
1321 4489 1522 4595 ςηξεν
1551 4489 1839 4594 {Emulan‘
1868 4534 1917 4595 Β
1943 4518 2068 4558 nam
2095 4509 2151 4558 et
2178 4499 2307 4555 alibi
2339 4499 2471 4555 dicit
2501 4497 2549 4572 (I
2581 4496 2735 4553 Thes.
2765 4495 2826 4570 tt)
2862 4515 2876 4552 :
2914 4495 3113 4551 Factus
3140 4494 3533 4595 sumnparvulus

241 4594 337 4640 ιυτ
368 4590 554 4639 autem
593 4599 703 4639 non
744 4585 881 4640 bene
907 4583 1001 4655 qui
1031 4598 1139 4640 ηοη
1167 4591 1278 4639 tam
1321 4581 1420 4654 il)Si
1461 4582 1685 4653 (ml)ium
1718 4595 1839 4638 €353
1869 4581 1911 4595 ”
1942 4594 1998 4649 in
2026 4592 2196 4648 medio
2217 4599 2464 4657 vestrum,
2488 4599 2737 4661 tanquam
2758 4589 2802 4644 si
2824 4587 3004 4643 nutrix
3025 4586 3193 4657 foveat
3218 4584 3360 4655 ﬁlios
3383 4601 3528 4640 suos.

238 4675 525 4741 meliores,
549 4683 611 4729 ut
627 4673 909 4729 imitentur
930 4688 1026 4729 eos
1048 4672 1140 4744 qui
1162 4670 1501 4729 aemulatione
1521 4670 1664 4742 digni
1690 4678 1836 4735 sunt,

1955 4684 2231 4739 Formatur
2260 4690 2441 4737 autem
2469 4678 2718 4736 Christus
2763 4679 2819 4733 in
2850 4677 3107 4733 credente
3138 4690 3235 4747 per
3267 4673 3428 4731 ﬁdem
3473 4676 3530 4730 in

237 4782 413 4837 quam
444 4765 563 4821 illos
597 4766 744 4837 ipsos
777 4764 964 4821 volunt
991 4764 1173 4822 facere
1202 4764 1416 4836 pejores
1453 4771 1509 4820 et
1536 4773 1836 4819 retrorsum

1961 4776 2198 4831 nteriore
2223 4773 2443 4829 homine
2473 4783 2667 4828 vocato
2690 4772 2743 4826 in
2770 4770 3074 4825 libertatem
3103 4769 3309 4840 gratiae,
3330 4769 3445 4824 miti
3475 4776 3531 4824 et

238 4856 853 4915 traherwemulalione
888 4871 1144 4927 perversa
1175 4870 1190 4909 ε
1216 4855 1365 4939 verbi
1404 4854 1600 4926 gratia.
1630 4853 1834 4909 dicwm
1940 4866 2128 4922 humili
2158 4865 2355 4930 corde,
2386 4879 2492 4919 non
2516 4877 2573 4919 se
2597 4861 2841 4932 iactante
2877 4862 2944 4915 de
2973 4860 3228 4932 operibus
3253 4868 3310 4915 et
3357 4860 3527 4915 meri-

237 4951 345 5015 sit,
376 4949 723 5007 Christianus
746 4960 830 5006 esr
856 4949 1156 5020 quispiam,
1188 4947 1320 5019 legit
1346 4946 1597 5019 Moysen,
1626 4954 1680 5001 et
1704 4945 1839 5002 Pro-

1955 4959 2032 5023 Lis,
2063 4973 2183 5027 quae
2222 4956 2357 5012 nihil
2385 4964 2443 5012 et
2469 4954 2613 5010 nulla
2658 4961 2815 5019 sunt,
2841 4953 2936 5008 sed
2973 4952 3041 5008 ab
3072 4953 3184 5022 ipsa
3217 4951 3389 5025 gratia
3429 4951 3529 5007 ali-

237 5044 475 5111 phetas:
503 5042 608 5097 scit
635 5041 817 5097 omnia
858 5042 913 5097 in
951 5042 1142 5099 umbra
1175 5051 1232 5096 et
1258 5041 1313 5096 in
1346 5040 1580 5112 imagine
1624 5039 1699 5095 illi
1733 5055 1834 5112 po-

1955 5051 2084 5120 luod
2106 5048 2358 5105 meritum
2381 5048 2686 5103 inchoante.
2708 5045 3132 5102 Potestmovere
3154 5044 3296 5114 quod
3320 5043 3526 5099 dictum

236 5132 373 5204 pulo
404 5131 771 5203 praecessisse,
812 5131 1018 5202 scripta
1052 5140 1232 5187 autem
1256 5146 1377 5187 esse
1400 5138 1622 5202 propter
1648 5146 1747 5186 nos
1780 5131 1835 5186 in

237 5239 381 5297 quos
413 5223 549 5281 lines
583 5225 904 5281 mulorum
931 5226 1334 5290 decurrerunt,
1364 5224 1868 5297 circumcisionem.

238 5331 352 5373 non
393 5324 499 5372 tam
532 5316 805 5387 praeputii,
833 5331 997 5386 quam
1022 5316 1234 5371 aurium
1262 5324 1318 5371 et
1338 5316 1521 5372 cordis
1543 5315 1791 5388 intelligit
1815 5331 1831 5371 :

170 5476 177 5483 ,
239 5407 543 5464 resurrexit
569 5423 693 5463 cum
716 5408 955 5474 Christo,
979 5422 1045 5463 ea
1066 5407 1263 5477 quaerit
1284 5421 1406 5476 quae
1433 5422 1647 5462 sursum
1671 5415 1829 5475 sunt;

239 5497 505 5558 liberatus
529 5510 613 5557 est
643 5503 713 5558 ab
740 5516 907 5558 onere
929 5510 985 5557 et
1012 5500 1273 5556 servitute
1302 5501 1490 5573 legali,
1521 5517 1592 5558 ne
1620 5512 1828 5573 tangas,

241 5603 315 5643 ne
341 5601 555 5662 gustes,
597 5608 666 5649 ne
709 5592 1036 5658 attamines,
1084 5593 1408 5664 imperante.
1449 5591 1587 5648 Huic
1622 5593 1669 5647 si
1708 5592 1832 5664 quis

244 5677 649 5751 Scripturarum
677 5684 857 5740 verbis
878 5682 1112 5739 voluerit
1137 5682 1489 5753 persuadere,
1510 5690 1571 5737 ut
1600 5697 1706 5737 non
1738 5696 1834 5753 per

242 5775 601 5848 tmpologiam
627 5778 723 5836 sed
767 5778 1105 5836 occidentem
1134 5777 1372 5833 litteram
1401 5790 1522 5847 qua:
1550 5784 1676 5832 sunt
1697 5775 1834 5832 scri-

1938 5148 2024 5196 est
2053 5156 2066 5194 :
2100 5138 2245 5205 Quos
2280 5139 2469 5192 iterum
2495 5137 2765 5208 parturio,
2798 5135 2962 5190 donec
3001 5132 3238 5190 (Ehrislus
3273 5134 3529 5205 formetur

1938 5234 1993 5287 in
2017 5232 2177 5297 vobis,
2202 5230 2305 5286 nisi
2332 5229 2745 5302 parturitiouem
2771 5229 2915 5283 hanc
2942 5242 3039 5298 pro
3069 5243 3323 5283 curarum
3356 5239 3524 5298 ango-

1940 5323 2091 5378 ribus
2122 5321 2350 5391 positam
2379 5318 2759 5391 intelligamus,
2785 5318 2984 5388 quibus
3012 5332 3106 5372 eos
3138 5315 3429 5388 parturivit
3465 5324 3526 5371 ut

1937 5422 2291 5471 nascerentur
2315 5413 2369 5467 in
2399 5410 2616 5467 Christo
2643 5427 2656 5463 :
2689 5418 2745 5464 et
2782 5410 2972 5465 iterum
3006 5408 3273 5479 parturit,
3305 5415 3527 5478 propter

1935 5505 2177 5576 pericula
2215 5503 2578 5569 seductionis,
2626 5503 2823 5573 quibus
2862 5517 2957 5558 eos
2996 5499 3311 5556 conturbari
3356 5497 3520 5553 videt.

1937 5595 2255 5653 Sollicitudo
2299 5602 2480 5649 autem
2533 5592 2720 5649 talium
2762 5592 2830 5649 de
2863 5591 2968 5648 illis
3014 5606 3265 5646 curarum
3296 5604 3416 5659 quae
3463 5603 3523 5642 sc

1934 5688 2331 5759 quodammodo
2350 5686 2624 5758 parturire
2650 5687 2800 5751 dicit,
2826 5685 3011 5741 tandiu
3039 5698 3161 5740 esse
3194 5680 3393 5754 poterit
3427 5681 3524 5733 do-

1936 5792 2035 5832 nec
2081 5776 2400 5847 perveniant
2452 5775 2508 5832 in
2562 5790 2875 5832 mensuram
2934 5773 3111 5829 aetatis
3171 5768 3523 5843 plenitudinis

3987 4470 3989 4613 ι
