4022 6338
535 320 638 377 ὃέἳ

1160 327 1219 382 Β.
1263 330 1517 385 RABANI
1554 330 1773 388 MAURI
1807 330 2123 388 ARCHIEP.
2166 331 2471 390 MOGUNT.
2513 334 2797 393 OPERUM
2832 337 3012 394 PARS
3050 338 3136 394 lli.

3667 341 3772 397 528

532 434 753 501 Christi,
783 445 843 491 ut
864 434 977 505 jam
1000 452 1103 492 non
1130 448 1444 494 moveantur
1462 440 1610 495 omni
1632 448 1792 497 vento
1819 440 2095 496 doctrinae.
2128 448 2174 504 Α
2202 443 2367 497 oobts.
2393 443 2500 499 Sed
2523 461 2622 518 ego
2646 447 2875 503 blandus
2899 459 2954 505 et
2983 449 3120 506 leuis
3142 451 3230 521 qui
3268 453 3335 506 ad
3367 468 3463 509 vos
3488 458 3641 524 quasi
3670 458 3773 527 pii-

532 526 649 584 Non
698 542 829 598 ergo
876 537 1097 598 propter
1146 529 1358 584 initium
1401 532 1558 595 lidei,
1606 547 1714 600 quo
1747 532 1860 586 nati
1908 540 2098 599 erant,

530 618 627 673 sed
651 627 873 689 propter
896 619 1063 675 robur
1085 626 1142 673 et
1172 620 1559 689 perfectionem
1582 621 1785 676 dictum
1821 631 1934 686 est,
1970 636 2100 691 quos

528 708 719 761 iterum
759 708 1030 778 parturio,
1077 707 1241 762 donec
1289 708 1525 764 Christus
1561 710 1818 779 formetur
1850 713 1906 765 in
1937 713 2094 767 vobis.

529 798 685 855 Hanc
703 801 1113 870 parturitionem
1140 801 1259 855 aliis
1281 802 1462 857 verbis
1488 803 1649 857 etiam
1671 802 1797 860 alibi
1824 792 2100 859 commen-

528 890 622 945 dat
645 888 737 945 ubi
763 890 893 945 dicit
920 890 1001 962 (ΙΙ
1038 888 1160 945 Cor.
1196 891 1273 963 ιι)
1307 908 1319 945 :
1352 889 1605 946 Incursus
1637 894 1693 946 in
1718 910 1799 947 me
1830 895 2098 964 quotidia-

528 1000 647 1050 nus,
682 982 978 1038 sollicitudo
1012 984 1241 1038 omnium
1273 982 1650 1039 Ecclesiarum.
1682 984 1877 1057 (Hier.)
1918 985 2098 1052 Quan-

526 1074 599 1129 tis
625 1072 1021 1129 diﬁicultatibus
1044 1083 1100 1129 et
1120 1073 1307 1131 dolore
1329 1074 1469 1131 fetus
1494 1086 1810 1144 promantur
1826 1094 1893 1133 ex
1915 1086 2093 1145 utero,

523 1161 832 1217 maledictio
852 1163 1022 1232 prima
1050 1163 1293 1219 declarat
1319 1165 1504 1221 dicens
1536 1185 1551 1220 :
1587 1164 1655 1219 In
1681 1168 1900 1223 tristitia
1924 1171 2096 1239 paries

527 1251 665 1321 ﬁlios
696 1249 848 1323 (Gen.
876 1254 989 1326 ut);
1028 1255 1215 1310 volens
1248 1258 1411 1328 igitur
1438 1258 1637 1315 Paulus
1660 1262 1947 1317 ostendere
1980 1276 2096 1318 ma-

522 1342 812 1412 gistrorum
839 1358 937 1413 pro
961 1344 1236 1413 discipulis
1259 1345 1701 1418 sollicitudinem,
1726 1354 1860 1417 quos
1887 1351 2094 1419 patian-

526 1440 612 1486 tur
634 1432 858 1487 alfectus
886 1448 956 1488 ne
982 1442 1280 1489 sectatores
1309 1435 1392 1490 sui
1424 1437 1676 1493 excidant
1699 1453 1732 1492 a
1760 1439 1964 1506 salute,
1994 1441 2088 1508 ait,

520 1521 704 1577 Filioli
718 1525 974 1594 mei,quos
996 1524 1182 1579 iterum
1203 1527 1460 1595 parturio.
1480 1527 1581 1595 Qui
1603 1530 1746 1584 enim
1769 1531 1823 1584 iu
1846 1531 1952 1586 alio
1974 1532 2094 1588 loco

520 1616 674 1684 quasi
706 1615 868 1671 Pater
893 1616 1104 1672 dixerat
1130 1616 1178 1688 (I
1213 1616 1336 1673 Cor.
1360 1618 1435 1690 tv)
1466 1637 1479 1673 :
1512 1620 1575 1676 Si
1597 1621 1773 1677 decem
1797 1623 1967 1678 millia
1986 1640 2094 1695 pa:-

518 1705 839 1774 dagogorum
863 1705 1097 1759 habeatis
1125 1708 1180 1761 in
1220 1704 1427 1762 Christo
1450 1749 1467 1772 ,
1508 1710 1599 1764 sed
1630 1727 1732 1765 non
1764 1712 1953 1766 multos
1990 1730 2088 1783 pa-

2206 544 2289 589 ter
2302 535 2512 593 locutus
2532 554 2650 593 sum
2679 554 2778 609 pro
2802 554 2865 595 ea
2888 542 3157 598 cbaritate
3184 559 3288 613 qua
3320 544 3458 601 filios
3485 562 3635 603 meos
3652 564 3777 620 per-

2201 624 2292 679 ire-
2324 641 2431 681 non
2464 628 2685 697 patior,
2731 622 2788 684 et
2832 643 3024 686 errare
3067 642 3346 702 perpetuo,
3389 635 3585 691 vellem
3627 654 3773 697 nunc

2197 730 2436 784 praesens
2461 732 2600 781 esse,
2631 718 2677 773 si
2705 718 3060 777 confessionis
3084 738 3171 777 me
3198 724 3411 779 vincula
3449 741 3558 781 non
3589 739 3771 787 arcta-

2198 813 2351 871 reut,
2396 813 2451 861 et
2486 807 2737 863 blandam
2765 825 2956 865 vocem
2993 813 3047 866 in
3077 812 3414 885 objurgantis
3450 818 3617 874 verba
3657 836 3776 877 mu-

2198 904 2332 951 tare.
2358 896 2464 951 Nec
2485 898 2718 954 levitatis
2736 910 2819 956 est
2843 902 2890 956 si
2915 918 3059 958 nunc
3077 903 3342 971 blandiar,
3360 923 3503 962 nunc
3524 910 3731 965 irascar
3744 894 3768 966 ’τ

2196 985 2419 1057 impellit
2449 1004 2536 1044 me
2565 991 2824 1057 charitas,
2854 993 3078 1063 impellit
3100 1010 3184 1051 me
3204 996 3359 1052 dolor
3387 999 3618 1056 diversis
3639 1001 3773 1057 alle-

2194 1078 2370 1133 ctibus
2396 1077 2572 1149 loqui:
2606 1081 2790 1136 nescio
2811 1084 2953 1137 enim
2970 1083 3024 1138 in
3044 1100 3165 1155 quae
3186 1087 3418 1156 primum
3443 1090 3611 1144 verba
3639 1106 3772 1160 pro-

2196 1183 2438 1239 rumpam
2461 1208 2478 1235 ,
2528 1180 2584 1225 et
2622 1186 2729 1241 quo
2765 1187 2861 1229 vos
2889 1174 3113 1230 debeam
3149 1191 3343 1234 sanare
3375 1180 3769 1248 medicamine,

2191 1257 2319 1327 quia
2345 1258 2644 1316 confundor
2678 1262 2730 1316 in
2757 1264 2929 1319 vobis.

2182 1410 2187 1417 ι
2266 1347 2430 1403 Dicite
2456 1350 2604 1416 mihi,
2630 1352 2717 1421 qui
2744 1354 2837 1407 sub
2863 1353 2973 1425 lege
2999 1354 3151 1409 vultis
3175 1373 3303 1421 esse,
3330 1356 3494 1428 legem
3528 1376 3635 1414 non
3668 1379 3772 1416 au-

2191 1435 2340 1491 distis
2355 1437 2382 1489 2’
2409 1436 2606 1509 (Hier.)
2643 1438 2945 1498 Notandum
2969 1443 3141 1515 legem
3169 1446 3258 1501 hic
3279 1447 3481 1503 dictam
3504 1463 3629 1505 esse
3651 1450 3769 1506 Ge-

2191 1547 2384 1588 neseos
2423 1533 2731 1599 historiam,
2781 1551 2889 1591 non
2935 1544 2993 1591 ut
3022 1537 3178 1609 vulgo
3216 1540 3489 1595 aestimant
3519 1556 3643 1611 quae
3688 1543 3769 1599 fa-

2191 1621 2382 1676 cienda
2426 1622 2556 1688 sint,
2602 1638 2788 1693 quaeve
2839 1626 3079 1691 vitanda,
3133 1627 3226 1683 sed
3278 1637 3448 1684 totum
3497 1632 3643 1700 quod
3698 1634 3771 1691 de

2189 1714 2462 1769 Abraham
2492 1724 2547 1770 et
2575 1716 2691 1787 ejus
2728 1718 3008 1783 uxoribus,
3036 1718 3328 1790 liberisque
3352 1723 3662 1779 contexitur
3689 1724 3769 1781 le-

519 1804 656 1858 tres;
678 1795 808 1865 jam,
838 1812 943 1850 non
966 1797 1121 1865 quasi
1152 1807 1324 1867 pater,
1355 1801 1450 1854 sed
1475 1808 1534 1853 ut
1555 1810 1747 1863 mater,
1778 1782 2013 1872 loquitur
2034 1804 2085 1859 in
2119 1782 2165 1841 Β
2190 1820 2311 1876 gem
2335 1782 2677 1876 appellatam.
2714 1806 2968 1877 Legimus
2994 1782 3132 1864 etin
3161 1782 3267 1864 alio
3304 1810 3441 1875 loco,
3471 1814 3772 1883 prophetas

517 1881 768 1947 Christo,
796 1892 855 1938 ut
880 1886 1159 1955 utriusque
1197 1888 1521 1944 anxietatem
1565 1899 1622 1944 et
1660 1892 1914 1961 pietatem
1946 1893 1998 1947 in
2031 1909 2089 1949 se

514 1978 754 2043 parentis
782 1986 1095 2049 agnoscant.
1115 1977 1242 2033 Tale
1266 1981 1393 2049 quid
1409 1990 1464 2035 et
1479 1981 1686 2054 Moyses
1705 1983 1771 2037 de
1784 1973 1985 2055 populo
2012 1986 2090 2042 lo-

514 2069 781 2137 quebatur
805 2088 818 2123 :
847 2069 1101 2140 Nunquid
1130 2087 1222 2141 ego
1249 2072 1302 2127 in
1329 2081 1475 2126 utero
1499 2068 1673 2144 accepi
1699 2074 1953 2149 [concepi]
1981 2094 2090 2133 om-

515 2177 634 2216 nem
658 2163 906 2232 populum
931 2163 1086 2218 istum
1105 2165 1130 2218 Ρ
1149 2163 1336 2237 (Num.
1362 2165 1464 2236 xt.)
1480 2166 1630 2233 Quis,
1646 2176 1826 2238 putas,
1844 2178 2086 2225 nostrum

513 2250 591 2306 ita
619 2253 686 2307 de
710 2252 1090 2323 discipulorum
1119 2255 1312 2311 anxius
1334 2265 1420 2312 est
1440 2256 1633 2323 salute,
1670 2266 1730 2313 ut
1760 2273 1867 2314 non
1897 2260 2087 2329 paucis

513 2342 665 2399 boris
698 2353 792 2399 aut
829 2353 892 2399 ut
916 2345 1140 2401 multum
1165 2346 1329 2403 biduo
1360 2348 1636 2415 triduove,
1680 2351 1775 2406 sed
1815 2358 1928 2406 toto
1962 2352 2087 2408 vitae

513 2450 627 2490 sua)
652 2443 894 2505 tempore
922 2445 1234 2507 torqueatur
1268 2439 1441 2496 donec
1470 2440 1716 2498 Christus
1741 2442 2003 2499 formetur
2028 2445 2086 2501 in

512 2524 632 2579 eis?
649 2524 935 2581 Formatur
958 2541 1172 2598 quoque
1196 2526 1442 2587 Christus
1465 2530 1518 2585 in
1545 2531 1707 2586 corde
1728 2532 2082 2600 credentium,

513 2630 638 2670 cum
665 2616 845 2671 omnia
885 2616 990 2672 illis
1029 2626 1366 2674 sacramenta
1400 2621 1738 2690 panduntur,
1773 2631 1829 2677 et
1865 2638 1929 2679 ea
1966 2636 2086 2693 qua:

452 2714 457 2719 '
512 2705 743 2762 obscura
770 2707 1090 2763 videbantur
1112 2708 1392 2778 perspicua
1420 2708 1574 2764 fiunt.
1604 2708 1712 2765 Sed
1747 2718 1805 2766 et
1838 2711 1967 2766 illud
2001 2721 2086 2768 est

512 2798 863 2866 intuendum,
914 2802 1057 2872 quod
1090 2803 1182 2873 qui
1224 2817 1323 2872 per
1360 2811 1641 2875 peceatum
1687 2806 2083 2876 quodammodo

511 2890 676 2947 homo
709 2902 829 2949 eSse
851 2891 1107 2960 desierat,
1148 2908 1247 2964 per
1288 2894 1665 2964 paenitentiam
1704 2897 2009 2968 concipitur
2051 2914 2083 2953 a

511 2982 860 3054 magistro,et
882 2998 1100 3039 rursum
1128 2984 1182 3039 in
1203 2998 1269 3040 eo
1295 2984 1498 3041 Christi
1521 2984 1773 3042 formatio
1800 2988 2083 3057 repromit-

510 3072 661 3131 titur.
700 3072 815 3131 Hoc
853 3075 1137 3132 adversum
1180 3074 1506 3133 Novatianos
1537 3085 1622 3133 est
1651 3078 1745 3148 qui
1774 3078 1966 3134 nolunt
1996 3094 2080 3136 re-

510 3164 735 3222 formari
759 3182 876 3231 eos,
903 3182 1040 3238 quos
1063 3166 1230 3223 semel
1257 3174 1478 3237 peccata
1511 3169 1883 3225 contriverint.

589 3257 785 3314 Vellem
806 3267 981 3313 autem
1001 3262 1119 3312 ‘esse
1140 3258 1282 3328 apud
1308 3274 1394 3312 vos
1415 3258 1591 3323 modo,
1621 3268 1669 3313 et
1688 3267 1892 3313 mutare
1911 3274 2082 3314 vocem

510 3365 701 3417 meam,
725 3350 851 3420 quia
879 3348 1176 3420 confundor
1193 3349 1250 3402 in
1274 3348 1432 3404 vobis.
1465 3347 1662 3421 (Bion)
1688 3348 1969 3420 Scriptura
1996 3349 2083 3407 di-

509 3440 638 3495 vina
666 3440 898 3497 aedificat
923 3447 979 3495 et
1004 3438 1141 3493 lecta
1161 3478 1176 3505 ,
1205 3437 1299 3494 sed
1326 3439 1492 3495 multo
1519 3439 1638 3511 plus
1667 3439 1887 3510 prodest
1925 3442 1971 3497 si
2014 3442 2083 3497 de

511 3531 709 3587 litteris
731 3536 976 3586 vertatur
1006 3529 1062 3584 in
1087 3543 1297 3594 vocem,
1325 3538 1386 3584 ut
1412 3529 1505 3600 qui
1535 3545 1632 3601 per
1654 3530 1951 3600 Epistolam
1981 3532 2077 3587 do-

510 3627 731 3684 cuerat,
762 3632 1001 3690 praesens
1028 3617 1266 3672 instruat
1293 3618 1597 3675 audientes.
1629 3618 1872 3691 Magnam
1917 3620 2084 3690 siqui-

513 3710 634 3767 dem
660 3709 771 3765 vim
796 3708 961 3763 habet
981 3722 1083 3763 vox
1115 3707 1256 3774 viva,
1286 3722 1390 3764 vox
1418 3708 1488 3764 de
1515 3710 1751 3766 auctoris
1775 3709 1858 3766 sui
1879 3724 1974 3765 ore
1998 3726 2084 3767 re-

512 3821 741 3872 sonans,
767 3819 889 3876 qua:
912 3803 1000 3858 illa
1030 3804 1468 3875 pronuntiatione
1493 3804 1765 3875 profertur
1789 3815 1950 3876 atque
1974 3805 2083 3861 dis-

512 3895 807 3968 tinguitur,
844 3908 951 3964 qua
992 3893 1049 3948 in
1076 3892 1312 3948 hominis
1365 3892 1447 3948 sui
1488 3894 1651 3950 corde
1687 3903 1942 3966 generata
1975 3903 2079 3950 est.

514 3985 704 4044 Sciens
732 3985 912 4055 itaque
934 3982 1223 4053 Apostolus
1242 3981 1501 4054 majorem
1522 3984 1631 4038 vim
1655 3983 1859 4040 habere
1880 4000 2083 4041 sermo-

512 4092 636 4135 nem
666 4074 856 4148 quiad
887 4072 1272 4145 praasensJiat,
1307 4072 1455 4144 cupit
1480 4087 1670 4129 vocem
1692 4073 2078 4145 Apostolicam,

510 4162 701 4224 vocem
735 4164 932 4220 litteris
967 4164 1409 4234 comprehensam
1449 4164 1504 4217 in
1543 4164 1888 4234 praesentiam
1930 4180 2079 4221 com-

511 4268 723 4316 mutare
740 4297 755 4323 ,
786 4265 841 4312 et
863 4257 990 4327 quia
1016 4256 1123 4310 hoc
1146 4255 1317 4325 magis
1341 4254 1655 4325 expediebat
1687 4254 1772 4311 bis
1795 4255 1888 4325 qui
1918 4255 1972 4310 in
1997 4271 2082 4311 er-

513 4363 694 4406 rorem
728 4346 946 4403 fuerant
965 4345 1274 4415 depravati,
1302 4345 1426 4400 vivo
1456 4359 1552 4400 eos
1581 4345 1648 4401 ad
1674 4345 1963 4401 veritatem
1998 4359 2083 4401 re-

515 4441 730 4497 trahere
766 4450 1034 4503 sermone,
1067 4435 1169 4490 hoc
1191 4442 1368 4488 autem
1400 4433 1543 4500 ideo,
1569 4435 1694 4504 quia
1718 4432 2082 4490 confundatur

513 4533 568 4589 iu
592 4529 730 4596 illis;
757 4526 900 4598 quod
934 4524 1151 4596 quidem
1177 4522 1363 4579 Graece
1392 4525 1561 4595 magis
1589 4526 1806 4596 proprie
1849 4524 2076 4591 dicitur;

513 4622 808 4696 ἀποροῦμαι
829 4618 972 4671 enim
1008 4629 1115 4670 non
1150 4621 1263 4669 tam
1291 4610 1660 4669 confusionem
1685 4629 1806 4683 qua:
1834 4613 1975 4684 apud
2012 4612 2080 4668 il-

513 4713 595 4768 los
619 4712 849 4783 αἰσχύνη
867 4707 983 4763 sive
1002 4709 1270 4780 σύγχυσις
1293 4703 1590 4776 appellatur
1605 4745 1621 4771 ,
1646 4718 1808 4775 quam
1839 4705 2081 4774 indigen-

516 4804 649 4859 tiam
683 4813 741 4857 et
766 4801 998 4871 inopiam
1029 4807 1202 4856 sonat.
1236 4797 1439 4855 Sensus
1468 4798 1648 4869 itaque
1675 4797 1779 4853 iste
1814 4805 1928 4864 est,
1957 4795 2081 4851 Vel-

514 4894 623 4951 lent
650 4891 791 4962 apud
812 4905 909 4946 vos
925 4906 1069 4946 nunc
1094 4890 1302 4955 adesse,
1328 4899 1385 4945 et
1406 4890 1707 4945 litterarum
1729 4902 1916 4944 vocem
1942 4903 2081 4958 prae-

514 5000 642 5043 sens
667 4983 781 5053 ipse
798 4979 1061 5051 proferre,
1086 4981 1211 5052 quia
1233 4979 1445 5050 indigeo
1468 4979 1523 5033 in
1546 4977 1721 5032 vobis.
1744 4975 1862 5033 Non
1882 4980 2078 5048 quippe

514 5078 688 5135 habeo
710 5074 916 5130 fructus
935 5087 1068 5143 quos
1097 5073 1271 5129 solent
1294 5071 1360 5127 de
1384 5068 1663 5138 discipulis
1680 5069 1881 5125 habere
1902 5070 2081 5128 docto—

516 5186 641 5238 res,
682 5177 739 5225 et
770 5168 885 5223 sine
916 5181 1076 5222 causa
1124 5179 1306 5219 semen
1342 5162 1545 5233 iactum
1573 5168 1659 5215 est
1685 5160 2077 5229 doctrinarum,

517 5278 638 5321 cum
666 5261 879 5332 penitus
918 5260 974 5315 in
999 5257 1150 5312 vobis
1174 5256 1350 5326 patiar
1374 5262 1666 5323 egestatem
1693 5269 1707 5305 :
1728 5252 1804 5306 ita
1828 5253 1963 5307 utin
1985 5253 2077 5309 Je-

517 5355 697 5409 remia:
722 5351 919 5422 possim
948 5362 1134 5404 vocem
1163 5356 1516 5416 prorumpere
1541 5359 1555 5395 :
1592 5341 1715 5396 Non
1750 5343 1956 5413 profui,
1997 5359 2081 5398 ne-

513 5461 611 5511 que
632 5443 828 5514 profuit
854 5439 977 5495 mihi
1001 5439 1274 5507 quisquam
1303 5431 1436 5505 (Jer.
1462 5431 1580 5504 vn).
1611 5430 1794 5487 Potest
1822 5440 1999 5487 autem
2026 5441 2081 5486 et

514 5535 808 5607 simplicius
849 5528 1071 5598 intelligi
1100 5523 1353 5580 :Blandis
1393 5522 1533 5593 apud
1573 5537 1667 5579 vos
1704 5523 1863 5578 modo
1899 5522 2079 5578 verbis

514 5643 645 5684 usus
679 5641 795 5681 sum
841 5623 1027 5677 dicens
1055 5636 1068 5672 :
1102 5616 1343 5679 Fratres,
1364 5615 1571 5669 obsecro
1599 5631 1726 5680 vos;
1759 5623 1814 5670 et
1846 5632 1862 5668 :
1898 5613 2077 5667 Filioli

515 5719 613 5771 mei
635 5730 761 5771 auos
790 5714 977 5767 iterum
1000 5707 1233 5777 parturio
1251 5745 1264 5769 ,
1294 5705 1454 5759 donec
1484 5702 1718 5760 Christus
1744 5704 1999 5770 formetur
2022 5706 2074 5759 in

2188 1908 2403 1965 quoque
2437 1895 2607 1965 legem
2636 1898 2840 1951 vocari.
2883 1898 3048 1953 Audit
3085 1915 3214 1971 ergo
3248 1900 3440 1972 legem,
3486 1903 3580 1972 qui
3608 1902 3768 1972 juxta

2190 1984 2413 2051 Paulum
2441 2001 2549 2041 non
2576 1986 2914 2056 superficiem
2942 1989 3035 2043 sed
3055 1991 3341 2046 medullam
3367 1992 3484 2063 ejus
3509 1993 3770 2065 introspi-

2188 2077 2299 2132 cit:
2326 2093 2435 2133 non
2460 2078 2610 2133 audit
2630 2078 2822 2149 legem,
2857 2081 2949 2149 qui
2980 2081 3172 2137 similis
3195 2081 3403 2138 Calatis
3431 2086 3769 2142 exteriorem

2186 2175 2394 2223 tantum
2417 2168 2676 2224 corticem
2698 2171 2966 2239 sequitur.
2982 2169 3208 2245 (Ambr.)
3230 2171 3342 2228 Hoc
3361 2173 3416 2228 in
3438 2172 3635 2231 Genesi
3662 2175 3769 2231 ha-

2185 2260 2362 2326 betur,
2385 2260 2508 2331 quia
2531 2275 2655 2317 cum
2679 2260 2811 2323 Sara
2838 2276 3101 2333 generare
3124 2279 3229 2319 non
3250 2275 3431 2334 posset
3454 2265 3598 2337 (erat
3618 2267 3769 2323 enim

2185 2350 2426 2421 sterilis),
2443 2348 2587 2422 Agar
2606 2351 2858 2407 ancillam
2880 2353 3032 2408 suau‘t
3057 2354 3255 2409 obtulit
3275 2355 3393 2410 viro
3418 2371 3518 2411 suo
3529 2356 3770 2413 Abraha:

2185 2441 2241 2496 in
2280 2442 2657 2507 concubinam,
2699 2451 2759 2498 ut
2786 2447 2928 2514 quod
2956 2455 3290 2515 generasset,
3338 2447 3619 2518 adoptaret
3657 2450 3767 2507 sibi

2187 2528 2339 2601 (Cen.
2388 2531 2525 2598 xxi).
2559 2531 2650 2588 Sic
2678 2531 2883 2588 factum
2915 2542 3019 2599 est,
3069 2543 3128 2590 ut
3156 2535 3223 2591 de
3250 2535 3396 2604 Agar
3440 2547 3771 2593 nasceretur

2184 2620 2393 2676 lsmael.
2420 2622 2558 2677 Post
2583 2630 2763 2679 autem
2800 2632 2929 2679 nutu
2957 2624 3051 2680 Dei
3094 2626 3393 2696 promissus
3420 2634 3507 2681 est
3530 2626 3769 2707 Abraba

2184 2709 2326 2765 filius
2353 2711 2420 2766 de
2448 2710 2581 2766 Sara
2616 2727 2785 2767 uxore
2813 2713 2929 2783 ejus
2963 2728 3084 2783 quae
3109 2722 3228 2769 erat
3267 2715 3488 2783 sterilis,
3513 2716 3633 2772 haec
3666 2732 3770 2787 pe-

2182 2802 2324 2873 perit
2345 2787 2576 2857 Abraha:
2602 2801 2771 2866 Isaac,
2804 2810 2932 2858 tunc
2970 2804 3136 2873 coepit
3179 2804 3316 2860 duos
3347 2805 3620 2860 Abraham
3660 2806 3770 2860 ha-

2182 2890 2311 2947 bere
2361 2889 2518 2954 filios,
2563 2906 2729 2946 unum
2778 2891 2846 2947 de
2884 2891 3075 2948 ancilla
3116 2901 3172 2948 et
3210 2908 3375 2948 unum
3425 2893 3492 2949 de
3541 2890 3766 2960 libera;

2183 2980 2289 3039 Sed
2330 2980 2576 3051 quidem,
2615 2982 2704 3051 qui
2750 2980 2814 3035 de
2858 2979 3052 3035 ancilla
3096 2981 3379 3037 secundum
3419 2997 3631 3036 carnem
3664 2999 3769 3036 na-

2176 3082 2266 3143 tus
2304 3082 2412 3139 est,
2452 3072 2543 3144 qui
2581 3083 2861 3127 autem-ea:
2907 3072 3070 3128 libera
3123 3090 3215 3143 per
3265 3073 3719 3143 repromissione.»
3745 3088 3769 3126 :

2180 3181 2298 3236 quae
2335 3172 2455 3219 sunt
2491 3179 2585 3233 per
2617 3161 2922 3234 allegoriam
2947 3163 3108 3219 dicta.
3134 3163 3323 3220 lsmael
3351 3163 3442 3233 qui
3469 3178 3537 3219 ex
3559 3162 3769 3219 ancilla

2180 3255 2327 3328 Agar
2353 3263 2509 3310 natus
2532 3262 2636 3320 est,
2685 3253 2977 3310 secundum
3006 3269 3224 3310 carnem
3256 3261 3415 3309 natus
3444 3261 3557 3319 est;
3602 3251 3769 3311 Isaac

2182 3363 2310 3403 vero
2356 3362 2465 3402 non
2511 3344 2805 3401 secundum
2843 3345 3305 3411 consuetudinem,
3335 3344 3428 3401 sed
3460 3344 3768 3401 secundum

2178 3438 2590 3511 providentiam,
2615 3435 2708 3490 Dei
2724 3434 2925 3491 virtute
2953 3445 3111 3491 natus
3127 3444 3227 3502 est,
3248 3435 3445 3508 quippe
3467 3450 3592 3491 eum
3616 3434 3767 3493 Sara

2180 3538 2237 3584 et
2262 3543 2396 3583 anus
2437 3536 2582 3583 esset
2606 3534 2663 3582 et
2685 3525 2905 3581 sterilis.
2950 3525 3007 3580 ln
3036 3533 3221 3597 typum
3246 3526 3389 3580 enim
3419 3522 3620 3582 Christi
3653 3541 3767 3582 na-

2183 3620 2269 3677 tus
2305 3628 2389 3676 est
2415 3618 2587 3683 Isaac,
2615 3616 2735 3672 ideo
2760 3617 2875 3672 hzec
2901 3632 2999 3695 per
3027 3616 3339 3688 allegoriam
3366 3617 3561 3673 asserit
3585 3616 3763 3685 dicta,

2180 3719 2243 3766 ut
2269 3709 2413 3766 aliud
2435 3724 2500 3765 ex
2529 3707 2636 3763 alio
2659 3706 2963 3778 significent
2985 3721 3229 3777 personat
3256 3705 3453 3762 lsmael
3478 3715 3536 3763 et
3553 3706 3709 3763 Isaac
3742 3726 3762 3763 :

2180 3801 2370 3859 lsmael
2415 3801 2557 3856 enim
2595 3796 2900 3854 Judaeorum
2948 3797 3214 3869 signiﬁcat
3257 3797 3613 3865 nativitatem,
3666 3800 3766 3856 vel

2179 3909 2367 3952 eorum
2391 3894 2485 3965 qui
2518 3892 2662 3951 servi
2700 3892 2909 3962 peccati
2936 3898 3064 3947 sunt
3104 3908 3118 3946 :
3152 3891 3300 3947 Isaac
3336 3906 3467 3947 vero
3486 3890 3765 3948 Christia-

2180 4001 2405 4052 norum,
2451 3984 2576 4055 quia
2624 3984 2679 4039 in
2726 3982 2977 4039 libertate
3026 3990 3341 4038 nascuntur.
3392 3981 3556 4038 Liber
3603 3983 3763 4040 enim

2181 4073 2263 4140 fit,
2289 4074 2382 4146 qui
2422 4072 2620 4144 accipit
2663 4071 3035 4127 remissionem
3076 4080 3445 4142 peccatorum.
3489 4069 3764 4142 Scriptum

2179 4175 2253 4220 est
2274 4165 2432 4228 enim,
2476 4163 2605 4234 quia
2627 4162 2892 4217 Abraham
2919 4161 3051 4216 duos
3082 4161 3221 4231 ﬁlios
3267 4161 3467 4226 habuit,
3498 4177 3661 4215 unum
3687 4162 3764 4217 de

2180 4252 2374 4313 ancilla
2402 4266 2449 4311 et
2478 4271 2639 4310 unum
2664 4254 2729 4309 de
2766 4253 2950 4309 libera.
2982 4251 3085 4309 Sed
3108 4253 3198 4326 qui
3234 4253 3298 4307 de
3325 4252 3539 4319 ancilla,
3567 4268 3762 4307 secun-

2179 4351 2305 4405 dum
2332 4363 2541 4403 carnem
2583 4355 2736 4401 natus
2764 4355 2871 4412 est;
2898 4346 2987 4418 qui
3026 4355 3199 4401 autem
3226 4345 3292 4399 de
3332 4343 3515 4409 libera,
3541 4359 3634 4414 per
3670 4358 3761 4397 re-

2180 4439 2591 4512 promissionem.
2640 4434 2769 4492 Haec
2795 4436 2934 4491 enim
2975 4444 3095 4491 sunt
3128 4436 3233 4490 duo
3262 4442 3590 4499 testamenta,
3634 4449 3759 4504 qua

2182 4537 2303 4585 sunt
2335 4544 2427 4598 per
2452 4526 2754 4597 allegoriam
2785 4525 2959 4592 dicta.
2988 4524 3198 4605 Mpyses
3226 4523 3495 4594 accipiens
3530 4525 3756 4594 sangui-

2187 4636 2308 4676 nem
2353 4619 2504 4675 vituli
2556 4619 2611 4673 in
2659 4625 2891 4683 cratera,
2938 4617 3170 4688 aspersit
3218 4615 3481 4687 populum”
3520 4615 3751 4671 dicens:

2188 4710 2290 4768 Hic
2317 4721 2390 4767 est
2412 4710 2623 4782 sanguis
2650 4711 2941 4764 testamenti
2976 4708 3113 4781 quod
3135 4708 3387 4780 disposuit
3411 4706 3553 4762 Deus
3572 4706 3643 4761 ad
3663 4724 3756 4762 nos

2186 4803 2381 4877 (Exod.
2414 4804 2586 4875 xxiv).
2610 4800 2723 4856 Hoc
2751 4810 2837 4856 est
2866 4800 3008 4872 quod
3051 4800 3187 4856 dixit
3213 4817 3226 4855 :
3266 4797 3440 4853 Unum
3480 4799 3689 4870 quidem
3715 4816 3755 4852 α

2184 4903 2356 4949 monte
2398 4892 2531 4949 Sina
2577 4892 2633 4947 in
2664 4891 2961 4946 servitutem
3006 4906 3257 4961 generum
3308 4905 3425 4960 qua!
3463 4897 3539 4943 est
3584 4890 3750 4961 Agar.

2148 5026 2155 5034 .
2180 4985 2290 5040 Lex
2315 4984 2456 5041 enim
2481 4984 2536 5039 in
2560 4990 2743 5038 monte
2768 4981 2898 5036 Sina
2925 4983 3047 5036 data
3076 4990 3180 5046 est,
3220 4994 3381 5049 quam
3411 4978 3621 5050 Moyses
3657 4993 3749 5033 re-

2179 5076 2353 5130 citans
2376 5074 2572 5145 populo
2595 5064 2792 5127 librum
2818 5071 2963 5126 hunc
2990 5070 3316 5127 Testameuti
3357 5068 3663 5140 appellavit.
3693 5080 3752 5125 et

2181 5174 2311 5221 tunc
2334 5163 2561 5233 aspersit
2585 5161 2839 5231 populum
2865 5161 3148 5232 sanguine,
3170 5160 3313 5216 sicut
3344 5160 3474 5216 dixi.
3514 5158 3642 5215 Haec
3661 5159 3750 5215 lex

2178 5273 2301 5313 reos
2322 5255 2493 5311 tenuit
2510 5262 2839 5324 peccatores,
2860 5261 2915 5308 et
2937 5260 3216 5324 coeperunt
3242 5251 3517 5307 essevservi
3539 5251 3749 5322 peccati

2183 5348 2308 5402 facti
2333 5346 2424 5400 filii
2456 5345 2617 5417 Agar,
2635 5345 2786 5413 quasi
2812 5343 3036 5399 ancillis.
3067 5340 3195 5397 Sina
3217 5351 3391 5396 autem
3412 5358 3559 5394 mons
3596 5350 3672 5395 est
3692 5342 3746 5395 in

2182 5436 2377 5491 Arabia
2406 5451 2523 5502 qua:
2544 5434 2879 5504 conjungitur
2906 5434 3028 5487 huic
3056 5449 3173 5501 qua:
3201 5448 3339 5486 nunc
3371 5440 3445 5487 est
3491 5430 3747 5487 Hierusa‘

2179 5523 2302 5589 lem,
2332 5524 2559 5578 sentiens
2587 5539 2703 5577 cum
2724 5522 2848 5592 [iliis
2873 5524 3002 5577 suis.
3030 5521 3263 5577 Causam
3280 5520 3425 5591 Agar
3441 5520 3747 5592 signihcare

2178 5615 2310 5671 dicit
2338 5614 2668 5670 Hierusalem
2710 5622 3004 5678 terrenam,
3034 5613 3086 5666 id
3125 5620 3227 5677 est,
3260 5626 3583 5683 synagogam
3627 5626 3745 5682 qua:

2180 5708 2231 5761 in
2266 5707 2579 5761 servitutem
2605 5712 2845 5775 generat,
2878 5718 3012 5773 quos
3054 5702 3196 5756 enim
3225 5709 3447 5773 generat
3476 5701 3578 5757 sub
3617 5716 3742 5772 pec-
