4022 6338
243 313 352 380 599

723 317 1269 378 ENARRATIONUM
1303 316 1372 372 IN
1408 318 1558 373 EPP.
1598 317 1804 375 PAULI
1840 316 1970 371 LIB.
2011 315 2127 370 XV.
2163 345 2234 357 —
2268 315 2335 371 1N
2374 315 2587 372 EPIST.
2629 314 2722 372 AD
2758 317 3006 373 GALAT.

3389 317 3496 375 530

242 443 369 489 cato
393 439 539 487 sunt.
569 429 674 483 Illa
701 436 873 481 autem
901 443 1018 497 quin
1045 442 1256 480 sursum
1298 435 1372 480 est
1401 424 1732 481 Hierusalem
1753 425 1817 478 li-
1841 440 1893 498 Α
1918 423 1986 476 ad
2029 421 2184 476 Isaac
2229 439 2379 491 quem
2407 423 2666 492 generabit
2705 423 2798 476 tibi
2843 422 2981 478 Sara
3025 427 3079 477 in
3123 435 3348 496 tempore
3393 429 3494 482 isto

241 519 369 574 beru
406 527 503 583 est,
548 532 666 588 qua:
693 525 767 570 est
810 525 976 568 mater
1003 523 1202 567 nostra.
1238 513 1363 568 Haec
1401 527 1562 580 quam
1591 521 1819 567 matrem

239 619 490 666 nostram
511 607 660 673 dicit,
689 606 867 676 regula
889 615 972 660 est
993 605 1256 661 Dominici
1278 604 1516 674 mysterii
1541 617 1639 672 per
1657 617 1819 671 quam

239 701 580 756 renascimur
606 698 660 752 in
687 697 1010 760 libertatem,
1039 697 1179 750 sicut
1215 702 1270 750 et
1291 695 1406 763 ipsa
1435 693 1602 748 libera
1628 701 1731 756 est,
1763 699 1820 746 et

238 796 364 850 ideo
389 790 626 847 scelestis
654 789 872 852 dicitur,
905 786 1032 856 quia
1058 787 1254 842 cmlum
1299 783 1455 840 sedes
1483 782 1596 851 ejus
1632 790 1734 844 est,
1764 791 1819 837 et

237 897 377 951 quos
400 887 647 952 generat,
670 878 742 932 ibi
766 884 924 931 erunt
944 891 1066 932 cum
1092 891 1176 941 ea,
1203 877 1341 930 sicut
1366 875 1496 930 dicit
1523 875 1814 930 Dominus:

238 972 426 1034 Pater,
452 985 582 1039 quos
609 968 797 1022 dedisti
825 968 956 1044 mihi
983 966 1096 1021 volo
1122 975 1181 1018 ut
1223 965 1311 1019 ubi
1337 981 1430 1035 ego
1459 965 1607 1034 fuero
1631 963 1814 1037 [sum].

237 1073 285 1114 et
299 1064 356 1113 In
379 1060 484 1114 sint
498 1075 698 1112 mecum
720 1056 901 1127 (Joan.
934 1057 1086 1128 xvn).
1103 1056 1230 1112 Hrec
1254 1065 1401 1112 estet
1425 1057 1552 1119 vita,
1570 1057 1694 1124 quia
1721 1056 1820 1109 im-

235 1150 574 1226 mortalitate
599 1148 886 1212 donantur,
913 1147 1003 1216 qui
1029 1147 1311 1202 credentes
1333 1153 1686 1199 renascuntur
1718 1159 1818 1214 per

237 1257 362 1296 eam
387 1259 413 1294 -:
441 1241 524 1295 sic
550 1241 694 1294 enim
727 1237 794 1294 de
824 1238 1050 1293 Domino
1093 1237 1306 1292 dictum.
1322 1245 1405 1292 est
1431 1235 1612 1308 (Joan.
1645 1232 1766 1306 i,'v)
1794 1251 1810 1289 :

238 1333 382 1398 Quia
401 1332 538 1403 quod
565 1331 762 1400 factum
789 1319 863 1384 est
891 1331 945 1382 in
978 1329 1088 1393 illo,
1113 1329 1216 1382 vita
1233 1336 1308 1381 est
1333 1344 1347 1380 :
1375 1327 1512 1381 sicut
1539 1326 1676 1379 enim
1705 1323 1815 1379 Pa-

235 1435 316 1478 ter
341 1424 499 1477 habet
526 1423 706 1486 vitam,
734 1421 808 1474 ita
833 1421 972 1474 dedit
995 1431 1042 1474 et
1069 1419 1207 1473 Filio
1235 1419 1414 1472 vitam.
1445 1416 1514 1470 Et
1557 1417 1662 1470 vita
1699 1424 1814 1468 erat

235 1516 330 1569 tux
359 1515 652 1568 hominum.
700 1511 826 1566 Haec
855 1512 962 1566 vita
991 1519 1047 1565 et
1087 1510 1200 1576 lux,
1233 1517 1410 1563 mater
1439 1515 1523 1563 est
1551 1505 1808 1560 ﬁdelium.

225 1607 388 1662 'Sicut
422 1608 674 1675 scriptum
715 1614 808 1658 est.
838 1603 896 1658 In
923 1603 1059 1658 lsaia
1087 1603 1233 1657 enim
1263 1601 1364 1657 hoc
1402 1600 1628 1654 habetur
1667 1596 1812 1667 quod

233 1695 544 1764 subjectum
565 1702 674 1750 est:
703 1694 924 1758 Ltetare,
946 1692 1137 1746 sterilis
1158 1706 1276 1760 quae
1295 1706 1396 1745 non
1416 1689 1581 1758 paris,
1601 1702 1810 1756 erumpe

1919 525 2058 562 anno
2089 518 2320 564 venturo.
2366 511 2446 564 Ex
2471 511 2667 579 quibus
2695 511 2916 566 evidens
2940 522 3042 578 est,
3083 515 3250 582 ipsius
3279 531 3495 586 quoque

1920 600 2259 655 sermonibus
2303 600 2418 665 Dei,
2455 601 2647 656 lsmael
2695 602 2990 657 secundum
3019 607 3492 674 repromissionem

1919 704 2040 746 esse
2065 703 2400 761 generatum.
2449 691 2556 748 Sed
2579 701 2634 748 et
2677 694 2780 748 hoc
2813 695 2888 748 ita
2917 695 3158 759 solvitur,
3198 700 3493 767 repromis-

1919 779 2126 834 sionem
2171 781 2386 850 proprie
2431 781 2486 834 in
2531 781 2838 836 testamenti
2869 783 3084 839 datione
3127 786 3406 854 compleri,
3437 796 3494 842 et

1920 867 2068 924 aliud
2099 883 2220 924 esse
2266 871 2614 936 benedicere,
2661 885 2877 941 augere,
2923 872 3284 942 multiplicare
3323 875 3490 931 vehe-

1917 968 2148 1026 menter,
2177 962 2320 1030 quod
2361 961 2416 1016 in
2443 962 2634 1016 lsmael
2662 963 2920 1032 scriptum
2948 973 3033 1019 est
3083 984 3096 1018 :
3145 966 3287 1021 aliud
3321 968 3494 1024 hzere-

1916 1050 2039 1105 dem
2064 1047 2242 1104 facere
2271 1065 2367 1118 per
2395 1058 2797 1117 testamentum,
2829 1053 2972 1121 quod
2991 1053 3058 1108 de
3083 1054 3232 1111 Isaac
3257 1057 3486 1112 dicitur:

1917 1138 2162 1196 Statuam
2187 1150 2551 1196 testamentum
2578 1159 2748 1196 meum
2794 1143 2863 1196 ad
2893 1160 3010 1198 eum
3045 1147 3102 1199 in
3129 1154 3490 1201 testamentum

1915 1238 2186 1296 wternum,
2231 1239 2280 1285 et
2307 1233 2492 1286 semini
2540 1233 2653 1301 ejus
2681 1243 2794 1302 post
2822 1249 2974 1299 eum;
3026 1243 3082 1290 et
3126 1237 3180 1290 in
3212 1240 3489 1307 sequenti-

1913 1318 2052 1374 bus:
2089 1319 2469 1375 Testamentum
2522 1333 2696 1376 autem
2732 1339 2901 1377 meum
2953 1317 3178 1378 statuam
3205 1327 3274 1380 ad
3306 1327 3487 1394 Isaac,

1913 1425 2064 1480 quem
2093 1411 2258 1480 pariet
2303 1410 2397 1464 tibi
2425 1409 2584 1465 Sara.
2613 1412 2679 1465 Et
2710 1413 2977 1482 quomodo
3002 1414 3145 1470 aliud
3172 1426 3298 1471 sunt
3325 1419 3486 1485 dona,

1913 1499 2060 1554 aliud
2103 1500 2420 1564 substantia,
2469 1501 2610 1556 aliud
2653 1501 2848 1572 legata,
2887 1503 3031 1557 aliud
3059 1505 3344 1562 hzereditas
3370 1521 3387 1579 ί
3413 1509 3491 1564 le-

1912 1588 2090 1659 gimus
2113 1589 2254 1644 enim
2284 1586 2436 1662 (Gen.
2471 1590 2600 1662 xxv)
2631 1591 2758 1646 ﬁliis
2799 1594 3222 1649 concubinarum
3258 1596 3490 1653 Abrana:

1912 1679 2052 1733 dona
2079 1680 2300 1746 tradita,
2327 1681 2437 1735 ﬁlio
2473 1689 2652 1737 autem
2685 1682 2836 1738 Saraa
2863 1685 3027 1740 totius
3049 1686 3364 1742 substantiae
3387 1689 3490 1741 Ιιωο

232 1797 281 1840 et
296 1785 560 1847 exclama,
585 1799 701 1854 qua:
722 1799 825 1837 non
845 1783 1076 1851 parturis
1103 1794 1120 1831 :
1149 1782 1272 1850 quia
1295 1779 1448 1833 multi
1469 1778 1567 1847 lilii
1593 1779 1812 1832 deserta:
1838 1787 1885 1846 Β
1912 1771 2198 1826 reditatem
2226 1772 2491 1844 relictam)
2521 1789 2536 1828 :
2567 1775 2642 1828 ita
2671 1775 2816 1830 aliud
2845 1791 2987 1842 esse,
3018 1785 3078 1830 ut
3106 1777 3364 1844 diximus,
3395 1779 3492 1833 be-

233 1873 406 1942 magis
436 1888 595 1942 quam
621 1871 732 1940 ejus
758 1885 872 1938 qua:
921 1870 1073 1922 habet
1115 1869 1282 1922 virum
1323 1867 1457 1937 (lsa.
1486 1867 1616 1938 LIV).
1662 1866 1812 1921 Hanc

235 1973 514 2016 terrenam
543 1960 874 2016 Hierusalem
914 1959 1091 2013 virum
1135 1960 1336 2014 habere
1374 1957 1525 2024 dicit,
1561 1959 1686 2027 quia
1729 1972 1811 2013 se-

233 2051 476 2105 cundum
519 2064 738 2104 carnem
789 2055 1057 2119 generat:
1105 2047 1256 2102 illam
1303 2054 1484 2102 autem
1537 2046 1810 2102 caelestem

236 2141 581 2198 Hierusalem
626 2157 788 2211 quam
837 2140 969 2195 dicit
1000 2147 1230 2194 matrem
1279 2146 1539 2204 nostram,
1573 2138 1812 2194 sterilem

232 2233 473 2302 appellat
501 2249 514 2284 :
542 2231 668 2300 quia
695 2245 801 2284 non
822 2230 962 2299 parit
991 2228 1284 2283 secundum
1309 2242 1552 2293 carnem,
1576 2241 1675 2282 nec
1711 2226 1810 2280 do-

233 2325 387 2380 lores
417 2324 640 2395 patitur,
689 2324 792 2377 hoc
820 2332 904 2377 est
948 2337 1053 2377 non
1081 2320 1334 2390 parturit,
1379 2331 1598 2390 generat
1631 2325 1811 2374 autem

235 2415 359 2470 sine
407 2415 680 2484 passione,
729 2413 1062 2482 spiritaliter,
1108 2411 1418 2466 exclamans
1463 2410 1518 2464 in
1548 2409 1806 2472 laetitiam,

236 2507 372 2576 quia
399 2507 612 2560 deserta
643 2504 928 2575 aliquando
953 2504 972 2574 (
993 2520 1023 2558 a
1057 2519 1184 2572 quo,
1215 2504 1318 2559 nisi
1347 2505 1414 2558 ab
1458 2497 1660 2557 Adam?
1685 2503 1811 2572 quia

235 2599 457 2653 deserta
472 2597 601 2662 vita,
631 2605 845 2651 secutus
877 2603 962 2650 est
986 2593 1257 2665 mortem),
1288 2607 1432 2648 nunc
1458 2593 1639 2662 plures
1674 2592 1812 2646 ﬁlios

235 2689 409 2744 habet
435 2703 596 2758 quam
627 2689 741 2743 haec
766 2703 884 2756 qua:
907 2686 1068 2742 habet
1096 2688 1291 2752 virum,
1322 2687 1374 2742 id
1403 2696 1504 2751 est,
1547 2702 1666 2756 quae
1699 2702 1814 2741 car-

233 2780 442 2834 naliter
467 2786 726 2848 generat:
758 2778 922 2833 multo
948 2779 1091 2833 enim
1132 2779 1311 2847 plures
1357 2786 1482 2833 sunt
1520 2777 1813 2833 Christiani

233 2868 466 2934 Judaeis,
495 2868 635 2923 sicut
659 2869 788 2923 dicit
812 2869 865 2922 in
892 2868 1212 2939 Apocalypsi
1242 2869 1425 2937 (Apoc.
1453 2867 1549 2939 vti)
1581 2885 1593 2921 :
1621 2868 1689 2922 Et
1711 2869 1814 2922 vidi

234 2961 454 3017 turbam
510 2975 749 3032 magnam
801 2975 958 3026 quam
1007 2974 1280 3012 numerare
1319 2975 1468 3012 nemo
1505 2953 1706 3027 po‘t'erat
1751 2974 1814 3012 ea:

236 3053 388 3106 omni
421 3051 558 3104 tribu
585 3061 632 3104 et
657 3061 803 3120 gente
835 3047 1028 3122 (Πίετ.)
1053 3047 1242 3104 Nimiae
1267 3049 1590 3105 diﬁicultatis
1615 3056 1695 3106 est
1717 3048 1814 3104 de-

1912 1862 2271 1918 nedictionem
2295 1872 2458 1934 atque
2477 1864 2672 1936 legata,
2703 1865 2848 1922 aliud
2873 1875 3276 1923 testamentum.
3305 1867 3408 1923 Sed
3433 1878 3490 1924 et

1911 1952 2016 2007 hoc
2039 1953 2145 2008 dici
2171 1963 2347 2024 potest
2372 1955 2440 2010 de
2467 1955 2710 2024 lsmaele,
2751 1966 2874 2028 post
2921 1967 3236 2028 conceptum
3267 1959 3380 2028 ejus
3404 1959 3490 2014 vel

1911 2045 2179 2114 angelum,
2210 2047 2294 2100 vel
2317 2046 2482 2102 Deum
2504 2048 2761 2115 locutum,
2791 2049 2856 2104 de
2876 2049 3025 2105 Isaac
3051 2065 3179 2106 vero
3199 2060 3487 2122 antequam

1911 2137 1964 2192 in
1996 2139 2146 2195 Sarae
2172 2147 2328 2196 utero
2353 2142 2727 2212 conciperetur
2771 2144 2940 2198 Deum
2969 2143 3136 2200 fuisse
3167 2145 3484 2215 pollicitum.

1910 2231 2064 2287 Nunc
2086 2232 2320 2289 breviter
2344 2234 2412 2289 ad
2445 2234 2633 2290 altiora
2668 2236 2989 2292 tendendum
3027 2246 3130 2304 est,
3153 2248 3210 2292 ut
3249 2239 3489 2294 dicamus

1909 2337 2345 2392 unumquemque
2388 2331 2632 2379 nostrum
2677 2325 2912 2394 primum
2965 2343 3071 2381 non
3095 2327 3250 2395 juxta
3305 2343 3490 2399 repro-

1911 2411 2222 2467 missionem
2251 2413 2422 2478 nasci,
2452 2414 2691 2483 quandiu
2721 2413 3124 2485 Scripturarum
3150 2415 3330 2471 verbis
3355 2418 3487 2472 sim-

1909 2501 2136 2569 plicibus
2165 2503 2464 2568 instruitur,
2499 2512 2555 2558 et
2577 2505 2806 2576 judaicis
2853 2507 3029 2561 adhuc
3065 2508 3490 2578 expositionibus

1910 2593 2208 2650 delectatur
2253 2612 2266 2649 :
2310 2597 2524 2666 quando
2563 2613 2694 2654 vero
2733 2599 2802 2653 ad
2849 2599 3162 2654 sublimiora
3207 2608 3488 2656 transcen-

1912 2686 2052 2741 derit
2078 2694 2133 2741 et
2174 2686 2346 2753 legem
2398 2687 2725 2743 intellexerit
2754 2689 3075 2759 spiritalem,
3104 2697 3234 2744 tunc
3258 2705 3380 2745 eum
3422 2691 3491 2745 de

1911 2776 2324 2844 repromissione
2345 2778 2588 2846 generari
2613 2794 2627 2830 :
2655 2787 2708 2832 et
2733 2787 2785 2832 ut
2816 2781 3053 2848 apertius
3074 2779 3284 2849 loquar,
3315 2781 3490 2849 quoti‘

1912 2868 1998 2923 die
2033 2882 2128 2923 eos
2151 2868 2242 2936 qui
2271 2867 2472 2922 faciunt
2505 2883 2665 2937 opera
2693 2870 2939 2935 Abrahae,
2972 2871 3038 2926 de
3078 2871 3352 2925 Abraham
3392 2887 3488 2925 na-

1913 2959 1989 3015 sci
2021 2977 2034 3012 :
2067 2975 2254 3014 verum
2285 2959 2402 3015 illos
2431 2961 2521 3028 qui
2553 2961 2750 3016 habent
2799 2962 3058 3032 Spiritum
3087 2963 3363 3017 servitutis
3389 2963 3490 3018 ite—

1917 3064 2035 3105 rum
2068 3048 2121 3104 in
2151 3053 2362 3116 timore,
2390 3065 2458 3106 ex
2483 3050 2674 3105 ancilla
2703 3052 2949 3122 generari
2979 3051 3252 3124 IEgyptia,
3284 3067 3377 3108 eos
3397 3068 3492 3107 au-

233 3150 572 3208 monstrare,
594 3141 741 3196 Isaac
767 3150 971 3196 tantum
991 3141 1081 3210 qui
1102 3141 1167 3196 de
1193 3140 1327 3195 Sara
1342 3149 1500 3194 natus
1522 3149 1626 3206 est,
1649 3140 1812 3194 fuisse
1839 3127 1884 3189 C
1920 3150 2026 3193 tem
2051 3140 2142 3208 qui
2171 3139 2431 3210 Spiritum
2459 3142 2754 3218 adoptionis
2780 3143 3106 3212 acceperint,
3149 3157 3214 3196 ex
3253 3141 3386 3196 Sara
3430 3142 3493 3196 li-

234 3236 316 3291 de
341 3235 758 3306 repromissione
800 3243 1145 3304 generatum,
1173 3241 1228 3288 et
1262 3248 1367 3287 non
1402 3233 1565 3288 etiam
1603 3231 1812 3294 lsmael,

189 3319 196 3324 ’
235 3325 340 3396 qui
354 3325 422 3378 de
435 3325 578 3396 Agar
593 3323 780 3378 ancilla
793 3332 876 3378 est
887 3322 1320 3394 ortusIEgyptia.
1336 3323 1610 3393 Scriptura
1621 3323 1818 3392 quippe

236 3415 422 3471 refert
448 3415 592 3484 quod
615 3430 734 3470 cum
765 3423 1120 3484 persequente
1152 3412 1309 3478 Sara,
1331 3413 1480 3483 Agar
1515 3413 1622 3468 feta
1653 3412 1818 3483 fugis-

240 3519 360 3574 set,
417 3516 473 3563 et
493 3509 727 3563 venisset
753 3507 823 3561 ad
858 3521 978 3561 eam
1007 3505 1229 3574 angelus
1265 3506 1320 3560 in
1345 3507 1588 3568 deserto,
1635 3518 1819 3558 mone-

238 3609 447 3668 retque
499 3607 559 3653 ut
623 3595 982 3666 subjiceretur
1043 3597 1274 3651 domina:
1318 3596 1614 3666 potestati,
1677 3594 1819 3650 idem

240 3689 374 3757 ipse
417 3686 637 3758 angelus
677 3685 842 3742 etiam
891 3685 1007 3740 hac
1039 3684 1250 3740 locutus
1290 3685 1362 3740 sit
1402 3701 1417 3738 :
1461 3683 1819 3754 Multiplicans

237 3779 612 3849 multiplicabo
656 3794 830 3832 semen
877 3785 1046 3842 tuum,
1079 3785 1129 3830 et
1169 3792 1272 3832 non
1318 3775 1674 3831 numerabitur
1710 3791 1820 3845 pra:

237 3869 592 3924 multitudine
638 3867 790 3939 (Cen.
837 3867 978 3939 xvi);
1011 3875 1066 3922 et
1107 3874 1290 3937 postea
1329 3867 1396 3922 de
1447 3865 1653 3931 lsmael,
1701 3879 1821 3936 quae

239 3960 444 4030 utique
484 3958 916 4028 repromissionis
942 3959 1108 4013 verba
1152 3972 1310 4012 nemo
1353 3957 1611 4013 dubitarit
1646 3972 1661 4010 :
1712 3955 1823 4011 Iste

237 4053 351 4107 erit
373 4052 673 4104 rusticanus
693 4048 880 4121 [ferus]
906 4051 1079 4116 homo,
1107 4065 1295 4103 manus
1317 4049 1430 4119 ejus
1451 4064 1602 4119 super
1625 4064 1820 4114 omnes,

241 4153 298 4198 et
322 4156 519 4195 manus
548 4140 777 4194 omnium
817 4155 974 4210 super
999 4155 1134 4202 eum,
1181 4147 1230 4192 et
1256 4147 1438 4193 contra
1483 4137 1668 4208 faciem
1706 4153 1820 4192 om-

244 4237 404 4288 nium
431 4233 656 4301 fratrum
695 4248 908 4286 suorum
937 4231 1208 4286 habitabit.
1257 4229 1364 4286 Sed
1390 4230 1697 4300 responderi
1729 4243 1825 4300 po-
1875 4236 1892 4250 '

249 4333 360 4382 test
394 4323 619 4377 minoris
667 4323 1004 4378 auctoritatis
1055 4337 1177 4378 esse
1214 4323 1688 4393 repromissionem
1733 4336 1826 4375 an-

245 4417 384 4488 geli,
415 4430 577 4483 quam
605 4415 771 4484 ipsius
817 4413 912 4468 Dei
941 4432 954 4467 :
996 4413 1134 4469 sicut
1171 4413 1312 4467 enim
1360 4412 1534 4477 stella,
1563 4420 1682 4468 orto
1713 4410 1826 4468 sole

242 4525 362 4565 non
389 4507 591 4572 rutilat,
616 4506 688 4560 ita
709 4514 764 4561 et
789 4505 960 4576 angeli
987 4505 1152 4559 verba
1175 4504 1242 4558 ad
1265 4503 1717 4572 comparationem
1741 4517 1824 4557 re-

246 4597 634 4670 promissionis
659 4597 751 4650 Dei
787 4595 1067 4650 obscurari
1092 4601 1149 4648 et
1175 4607 1496 4648 evanescere
1525 4601 1581 4648 et
1606 4606 1704 4662 pro
1743 4591 1826 4644 ni-

246 4692 368 4747 hilo
399 4686 716 4756 computari.
749 4685 971 4740 Videtur
993 4685 1205 4754 quidem
1248 4684 1363 4737 hazc
1407 4682 1684 4751 responsio
1729 4680 1824 4733 ali-

245 4781 390 4853 quid
436 4779 637 4834 babere
690 4775 965 4839 momenti,
1014 4774 1108 4829 sed
1136 4773 1317 4828 statim
1363 4771 1637 4840 sequentis
1680 4769 1824 4824 Scri-

245 4878 434 4940 ptum
484 4865 802 4920 auctoritate
850 4863 1166 4918 conteritur.
1231 4859 1502 4930 Scriptum
1551 4867 1634 4914 est
1681 4860 1823 4913 enim

248 4957 417 5030 (Gen.
449 4954 584 5025 xvn)
608 4973 621 5008 :
645 4954 907 5036 Abrultam
937 4962 1110 5006 autem
1137 4950 1267 5005 dixit
1291 4950 1359 5004 ad
1387 4949 1553 5003 Deum
1581 4966 1599 5002 :
1629 4947 1826 5002 Ismael

247 5051 465 5102 utinam
493 5049 624 5101 vivat
652 5047 708 5100 in
737 5053 1007 5114 conspectu
1037 5052 1161 5106 tuo;
1191 5051 1239 5096 et
1274 5040 1415 5096 Deus
1457 5041 1718 5110 respondit
1757 5040 1825 5094 ad

249 5156 380 5195 eum
404 5154 421 5194 :
453 5137 590 5192 Ecce
619 5136 758 5193 Sara
788 5152 924 5192 umor
948 5145 1038 5190 tua
1065 5135 1232 5204 pariet
1261 5133 1352 5187 tibi
1383 5132 1570 5202 filium,
1601 5141 1649 5186 et
1674 5148 1828 5186 voca-

251 5231 337 5284 bis
370 5243 557 5283 nomen
584 5228 698 5297 ejus
724 5227 880 5282 Isoac
901 5240 920 5279 :
945 5235 993 5280 et
1014 5233 1243 5279 statuam
1270 5231 1631 5278 testamentum
1656 5239 1826 5277 meum

251 5322 331 5374 ad
361 5335 480 5374 eum
508 5320 563 5372 in
593 5325 952 5372 testamentum
977 5326 1246 5379 internum,
1275 5323 1324 5370 et
1347 5314 1530 5368 semini
1565 5315 1678 5385 ejus
1711 5323 1825 5383 post

251 5427 402 5465 eum.
418 5409 496 5464 De
515 5408 710 5464 Ismael
727 5417 933 5462 autem:
964 5407 1096 5461 Ecce
1114 5405 1354 5460 exaudiui
1381 5414 1447 5470 te,
1477 5414 1524 5460 et
1540 5422 1654 5460 ecce
1675 5405 1826 5461 bene-

253 5501 378 5553 diu:
405 5516 544 5565 eum,
583 5508 632 5552 et
655 5499 850 5568 augebo
871 5513 1006 5560 eum,
1036 5507 1084 5551 et
1111 5493 1467 5565 multiplicabo
1506 5496 1654 5551 illum
1683 5499 1828 5552 velte-

254 5600 463 5644 menter
485 5607 505 5644 :
549 5589 818 5643 duodecim
859 5597 1030 5657 gentes
1075 5585 1356 5657 generabit,
1383 5595 1431 5639 et
1457 5586 1590 5640 dabo
1616 5605 1731 5642 eum
1771 5591 1826 5644 in

254 5691 463 5750 gentem
489 5697 751 5751 magnam.
779 5678 1160 5734 Testamentum
1185 5683 1356 5733 autem
1405 5697 1573 5738 meum
1599 5692 1827 5738 statuam

582 5777 852 5837 ΡΑτιιοι.
899 5773 1094 5839 CXII.

1847 4469 1901 4528 D

1915 3232 2065 3298 hera,
2097 3247 2203 3302 qua
2253 3232 2499 3287 libertate
2547 3248 2577 3286 a
2617 3231 2831 3288 Christo
2879 3233 3061 3288 donati
3115 3249 3318 3288 sumus.
3359 3233 3491 3300 Qua:

1915 3327 2152 3396 quidem,
2185 3327 2381 3396 inquit,
2413 3335 2534 3380 sunt
2573 3343 2665 3398 per
2689 3325 2995 3396 allegoriam
3025 3327 3186 3381 dicta.
3219 3327 3491 3398 Allegoria
3545 3403 3548 3406 .

1915 3415 2128 3484 proprie
2158 3414 2224 3468 de
2271 3423 2388 3468 arte
2437 3415 2785 3486 grammatica
2835 3423 2937 3479 est,
2983 3424 3038 3469 et
3075 3416 3219 3484 quod
3261 3431 3292 3469 a
3325 3427 3493 3471 meta-
3545 3447 3572 3490 ε,

1915 3507 2106 3579 phora,
2142 3506 2228 3560 vel
2263 3507 2475 3561 caeteris
2507 3507 2672 3576 tropis
2697 3505 2928 3571 differat,
2959 3507 3012 3560 in
3049 3507 3250 3561 scholis
3280 3507 3494 3576 parvuli
3547 3505 3578 3576 ἦ,

1918 3599 2194 3653 discimus.
2209 3597 2368 3652 Aliud
2388 3598 2668 3667 praetendit
2682 3599 2735 3653 in
2754 3599 2954 3664 verbis,
2974 3598 3117 3653 aliud
3149 3599 3414 3668 signiﬁcat
3435 3600 3492 3654 in
3552 3593 3560 3604 ’

1918 3703 2100 3744 sensu.
2133 3689 2283 3743 Pleni
2328 3697 2454 3743 sunt
2485 3698 2756 3744 oratorum
2813 3689 3082 3760 allegoriis
3119 3697 3176 3743 et
3210 3701 3490 3760 poetarum

1918 3780 2060 3834 libri.
2086 3778 2366 3850 Scriptura
2379 3795 2591 3850 quoque
2611 3781 2787 3835 divina
2813 3794 2910 3852 per
2922 3781 3060 3835 hanc
3077 3796 3181 3835 non
3203 3780 3408 3836 modica
3425 3797 3492 3836 ex

1916 3882 2072 3942 parte
2088 3884 2338 3930 contexta
2353 3884 2451 3930 est.
2470 3875 2621 3942 Quod
2650 3875 2952 3944 intelligens
2978 3875 3172 3930 Paulus
3198 3875 3493 3945 apostolus,

1919 3965 2116 4035 quippe
2147 3967 2241 4036 qui
2269 3974 2323 4020 et
2351 3965 2637 4020 saeculares
2662 3965 2869 4020 litteras
2894 3964 3070 4034 aliqua
3099 3980 3162 4018 ex
3191 3973 3342 4034 parte
3366 3979 3496 4020 con-

1919 4056 2131 4126 tigerat,
2163 4057 2278 4126 ipso
2307 4056 2471 4110 verbo
2486 4056 2669 4124 ﬁgurae
2681 4070 2810 4109 usus
2834 4061 2941 4120 est,
2968 4063 3028 4108 ut
3059 4053 3365 4120 allegoriam
3389 4053 3496 4108 sic-

1919 4155 1981 4225 ut
2022 4148 2162 4225 apud
2210 4162 2335 4202 suos
2375 4147 2574 4202 dicitur
2624 4147 2932 4217 appellaret,
2967 4161 3074 4216 quo
3100 4147 3304 4202 scilicet
3333 4161 3492 4203 sensu

1919 4221 2214 4311 magisvloci
2246 4239 2402 4310 hujus
2420 4238 2592 4295 (ἕτεεεί
2607 4239 2872 4294 sermonis
2887 4239 3201 4294 abusionem
3221 4247 3493 4294 monstra-

1921 4341 2024 4386 ret.
2057 4332 2234 4387 Scisse
2261 4340 2443 4387 autem
2487 4332 2728 4394 Paulum,
2762 4333 2888 4387 licet
2917 4348 3022 4388 non
3064 4331 3130 4386 ad
3172 4331 3491 4404 perfectum,

1924 4422 2134 4476 litteras
2185 4423 2489 4487 smculares,
2543 4422 2712 4492 ipsius
2757 4423 2920 4477 verba
2969 4430 3232 4476 testantur
3279 4440 3293 4476 :
3345 4421 3496 4476 Dixit

1925 4515 2138 4586 quidam
2181 4530 2244 4568 ea:
2273 4515 2344 4568 eis
2373 4513 2612 4584 proprius
2645 4527 2823 4568 eorum
2868 4516 3117 4586 propheta
3160 4526 3178 4565 :
3229 4511 3496 4568 Cretenses

1904 4587 2124 4676 'semper
2148 4605 2438 4669 mendaces,
2467 4605 2619 4658 mala:
2648 4605 2840 4669 bestirr,
2872 4614 3068 4658 ventres
3094 4605 3228 4674 pigri
3267 4603 3398 4674 (Tit.
3430 4604 3492 4676 l).

1925 4694 2026 4750 Hic
2055 4709 2245 4750 versus
2272 4695 2519 4750 heroicus
2547 4695 2878 4764 Epimenidis
2904 4705 3077 4765 poeta:
3107 4703 3217 4759 est,
3264 4693 3416 4764 cujus
3439 4706 3496 4751 et

1926 4785 2096 4851 Plato,
2125 4795 2181 4840 et
2197 4787 2376 4840 caueri
2408 4786 2698 4854 scriptores
2717 4794 2927 4840 veteres
2949 4785 3316 4840 recordentur.
3339 4786 3492 4855 Apud

1925 4875 2281 4930 Athenienses
2329 4891 2538 4945 quoque
2584 4891 2704 4930 cum
2754 4875 3033 4947 Areopago
3059 4875 3220 4931 verba
3269 4875 3492 4943 faceret,

1925 4967 2042 5021 hmo
2065 4967 2298 5021 addidit:
2321 4965 2466 5020 Sicut
2487 4976 2535 5020 et
2553 4967 2766 5035 quidam
2789 4967 2853 5020 de
2877 4967 3014 5021 vobis
3037 4979 3200 5038 poeta:
3217 4968 3494 5024 dixerunt:

1928 5057 2105 5127 Ipsius
2133 5059 2268 5112 enim
2293 5067 2340 5112 et
2367 5075 2526 5128 genus
2555 5070 2734 5112 sumus
2758 5059 2895 5129 (Act.
2927 5059 3082 5130 xv").
3115 5058 3229 5115 Hoc
3255 5061 3497 5116 hemisti-

1928 5149 2109 5205 chium
2153 5149 2322 5204 fertur
2347 5149 2400 5202 in
2431 5148 2618 5213 Arato,
2664 5152 2752 5218 qui
2793 5150 2858 5206 de
2887 5151 3024 5206 cmlo
3053 5151 3327 5222 stellisque
3369 5168 3499 5208 con-

1928 5237 2162 5306 scripsit.
2195 5237 2305 5290 Nec
2330 5252 2434 5291 non
2463 5248 2518 5292 et
2545 5237 2672 5293 illud
2701 5257 2713 5292 :
2747 5237 3100 5310 Corrumpunt
3124 5256 3293 5295 mores
3337 5243 3497 5298 bonos

1933 5327 2377 5397 confabulationes
2403 5330 2638 5398 pessimis
2685 5329 2736 5400 (Ι
2775 5327 2896 5383 Cor.
2937 5330 3050 5401 xv).
3093 5328 3496 5386 Trimeteriam-

1931 5417 2086 5473 bicus
2112 5419 2180 5473 de
2207 5418 2466 5472 comoedia
2497 5428 2740 5489 sumptus
2764 5429 2852 5483 est
2877 5418 3173 5476 Menandri.
3202 5421 3278 5476 Ex
3305 5423 3499 5491 quibus
3591 5475 3593 5477 ,

1932 5521 1987 5567 ει
2012 5511 2130 5566 aliis
2156 5511 2375 5566 evidens
2422 5517 2508 5566 est
2545 5513 2768 5567 Paulum
2814 5528 2920 5568 non
2966 5515 3245 5585 ignorasse
3290 5515 3497 5570 litteras

1933 5600 2236 5663 saeculares,
2267 5610 2320 5653 et
2363 5617 2523 5670 quam
2552 5602 2640 5656 hic
2669 5602 2976 5674 allegoriam
3023 5604 3185 5668 dixit,
3228 5603 3353 5656 alibi
3399 5620 3495 5656 vo-

1933 5705 2085 5746 casse
2135 5689 2538 5760 intelligentiam
2590 5693 2901 5762 spiritalem.
2951 5693 3147 5764 (Cass.)
3209 5691 3496 5748 Sciendum

2945 5784 3016 5845 11
