4022 6338
518 331 617 386 551

1155 327 1214 381 Β.
1255 323 1510 382 RABANI
1545 319 1766 379 MAUPJ
1800 315 2117 374 ARCHIEP.
2159 313 2464 371 MOGUNT.
2503 313 2784 370 OPERUM
2821 313 3002 370 PARS
3040 313 3126 370 Ill.
3231 329 3254 360 ι

3659 312 3768 372 332

517 459 645 498 vero
671 448 756 498 est
782 439 922 510 quod
952 439 1190 509 practica
1214 451 1341 508 erga
1384 434 1581 492 multas
1621 432 1983 506 professiones
2025 444 2088 485 ac
2117 439 2165 498 Α
2192 425 2390 481 creatis
2433 424 2682 480 inimicus
2746 425 2854 490 sit,
2909 434 2968 480 et
3029 425 3250 479 adversa
3302 423 3478 479 fronte
3528 425 3766 479 resistat.

518 533 694 590 studia
722 533 1016 593 derivatur,
1060 528 1357 584 theoretica
1401 527 1456 581 in
1502 527 1636 582 duas
1663 524 1924 580 dividitur
1965 537 2088 594 par-

518 631 620 688 tes,
652 622 707 676 id
729 629 834 686 est,
865 621 919 674 in
962 620 1272 674 historicam
1301 615 1798 687 interpretationem
1843 620 1898 668 et
1927 613 2089 667 intel-

515 711 794 782 ligentiam
822 709 1136 779 spiritalem.
1171 707 1322 762 Unde
1349 707 1514 761 etiam
1554 705 1809 760 Salomon
1847 719 1969 760 cum
1994 704 2092 759 Ec-

513 801 696 856 clesiae
724 798 1107 854 multiformem
1147 797 1372 867 gratiam
1403 803 1793 861 enumerasset,
1839 793 2032 863 adjecit
2072 812 2086 848 :

511 889 716 944 Omnes
740 890 900 953 enim,
925 888 1014 957 qui
1042 887 1181 956 apud
1207 902 1322 941 eam
1350 896 1490 950 sunt,
1521 885 1688 940 vestiti
1711 893 1832 938 sunt
1869 883 2092 954 duplici-

513 993 599 1036 ter
625 981 806 1052 (Prov.
853 978 1024 1048 xxxi).
1053 976 1321 1048 Spiritalis
1354 984 1534 1031 autem
1573 974 1812 1030 scientiae
1855 987 2050 1044 genera
2072 1011 2088 1038 ,

522 1078 648 1125 sunt
675 1069 799 1133 tria,
833 1067 1150 1138 tropologia,
1190 1065 1464 1134 allegoria,
1501 1078 1758 1136 anagoge.
1793 1063 1870 1118 De
1898 1063 2094 1132 quibus

519 1160 572 1214 in
608 1157 916 1213 Proverbiis
939 1156 1013 1210 ita
1039 1155 1236 1210 dicitur
1265 1171 1279 1207 :
1320 1153 1398 1207 Tu
1437 1163 1611 1208 autem
1638 1152 1870 1206 describe
1897 1168 1958 1205 ea
1997 1150 2092 1205 tibi

519 1248 814 1318 tripliciter,
845 1262 1000 1318 super
1024 1244 1353 1298 latitudinem
1379 1242 1549 1298 cordis
1584 1243 1663 1296 tui
1709 1240 1887 1312 (Prov.
1918 1255 2001 1305 ιιι,
2044 1249 2094 1294 et

517 1335 677 1406 χιιι).
715 1336 900 1406 Itaque
966 1334 1190 1389 historia
1243 1333 1637 1403 praeteritarum
1691 1345 1757 1385 ac
1803 1330 2093 1385 visibilium

517 1427 844 1498 agnitionem
877 1423 1251 1493 complectitur
1276 1437 1480 1486 rerum,
1507 1436 1626 1490 quae
1646 1421 1722 1474 ita
1747 1421 1814 1474 ab
1839 1419 2095 1490 Apostolo

518 1516 858 1587 replicatur:
900 1513 1164 1584 Scriptum
1190 1521 1266 1566 est
1291 1513 1450 1577 enim,
1494 1511 1619 1581 quia
1654 1510 1920 1564 Abraham
1961 1510 2094 1564 duos

518 1605 659 1674 ﬁlios
685 1604 886 1668 habuit,
917 1619 1077 1657 unum
1103 1602 1168 1656 de
1192 1600 1473 1667 ancilla,et
1499 1598 1661 1653 alium
1689 1598 1753 1653 de
1775 1597 1957 1652 libera.
1987 1597 2094 1653 Sed

514 1712 604 1765 qut
631 1695 694 1750 de
721 1693 934 1759 ancilla,
962 1693 1248 1748 secundum
1268 1707 1479 1745 carnem
1501 1699 1654 1744 natus
1675 1699 1787 1754 est;
1811 1689 1900 1759 qui
1921 1698 2094 1742 autem

2193 515 2302 570 Nec
2321 516 2517 569 mirum
2532 514 2702 570 Vetus
2719 515 3122 570 Testamentum
3146 515 3289 584 quod
3316 517 3366 569 in
3389 523 3574 570 monte
3596 515 3766 581 Sinni,

2193 605 2284 673 qui
2313 613 2397 660 est
2442 605 2497 658 in
2537 605 2739 660 Arabia
2777 614 2834 660 et
2868 606 3095 660 conﬁnis
3121 613 3206 660 est
3252 605 3304 658 ei
3341 621 3461 674 qua:
3501 621 3647 660 nunc
3683 617 3770 662 est

2191 694 2512 758 Jerusalem,
2542 696 2898 750 constitutum
2937 703 3022 750 est
3041 703 3204 764 atque
3233 696 3619 766 conscriptum,
3657 713 3768 752 non

2191 799 2313 840 esse
2339 793 2678 854 perpetuum,
2719 800 2840 839 cum
2887 794 2941 839 et
2969 785 3236 840 incolatus
3279 801 3310 839 a
3339 795 3602 856 perpetua
3639 802 3767 856 pos—

2192 875 2434 930 sessione
2477 873 2722 928 diversus
2750 875 2841 938 sit,
2867 881 2924 929 et
2949 874 3100 928 Sinai
3129 874 3328 929 montis
3365 889 3565 930 nomen
3595 884 3773 931 tenta-

2193 963 2394 1019 tionem
2449 973 2624 1028 sonet,
2654 969 2711 1016 et
2752 963 2952 1017 Arabia
2995 963 3261 1033 signiﬁcet
3307 978 3580 1020 occasum.
3626 965 3693 1020 Et
3737 980 3773 1020 e

2193 1053 2491 1119 contrario,
2535 1067 2655 1122 quae
2687 1067 2901 1107 sursum
2926 1059 3011 1107 est
3058 1053 3388 1108 Hierusalem
3425 1070 3544 1124 quae
3576 1065 3662 1110 est
3701 1056 3772 1110 li-

2193 1143 2346 1208 bera,
2373 1150 2655 1213 materque
2683 1151 2991 1197 sanctorum
3010 1182 3026 1208 ,
3056 1143 3390 1198 demonstret
3417 1146 3560 1200 hanc
3580 1145 3779 1202 Hieru-

2194 1232 2365 1287 salem
2403 1247 2522 1300 quac
2552 1231 2606 1284 in
2634 1233 3046 1302 praesentiarum
3085 1239 3170 1286 est
3197 1233 3443 1288 deorsum
3463 1249 3606 1300 esse,
3638 1245 3692 1290 et
3717 1237 3778 1291 in

2193 1321 2384 1376 humili
2421 1321 2714 1390 inﬁmoque
2761 1321 3083 1377 demersam.
3127 1321 3266 1377 Sunt
3304 1323 3397 1392 qui
3443 1323 3550 1378 duo
3602 1333 3778 1380 testa-

2193 1418 2373 1464 menta
2401 1417 2456 1464 et
2501 1409 2662 1464 aliter
2701 1410 3022 1480 intelligant,
3059 1421 3120 1466 ut
3171 1410 3502 1482 Scripturam
3531 1414 3778 1470 divinam

2194 1509 2302 1554 tam
2332 1509 2568 1556 veterem
2599 1516 2761 1570 quam
2805 1516 2999 1557 novam
3030 1503 3187 1574 juxta
3228 1504 3603 1561 diversitatem
3649 1521 3781 1562 sen—

2193 1609 2286 1651 sus
2314 1610 2610 1666 eorumque
2655 1595 2981 1650 sententiam
3021 1595 3113 1664 qui
3139 1595 3342 1666 legunt,
3382 1605 3476 1650 aut
3515 1597 3781 1652 ancillam

2195 1685 2636 1756 interpretentur,
2667 1694 2759 1739 aut
2782 1685 3029 1750 liberam,
3072 1694 3128 1741 et
3154 1700 3248 1740 eos
3276 1687 3368 1755 qui
3399 1687 3580 1742 adhuc
3623 1687 3778 1742 litte-

513 1787 789 1851 delibera,
818 1801 907 1856 per
937 1783 1406 1855 repromissionem.
1437 1781 1520 1835 Ad
1567 1780 1874 1851 allegoriam
1909 1788 2088 1834 autem
2117 1787 2164 1846 Β
2191 1793 2265 1832 ra:
2288 1779 2528 1834 serviant
2556 1786 2610 1832 et
2638 1778 2884 1847 spiritum
2927 1777 3134 1832 timoris
3172 1777 3408 1833 habeant
3435 1777 3490 1833 in
3533 1779 3780 1833 servitu-

516 1878 788 1948 pertinent
815 1891 935 1946 qua:
987 1882 1312 1943 sequuntur,
1363 1871 1488 1941 quia
1517 1885 1582 1926 ea
1623 1885 1743 1940 qua:
1773 1870 1826 1923 in
1861 1869 2092 1922 veritate

514 1976 666 2038 gesta
694 1975 840 2031 sunt,
868 1965 1087 2020 alterius
1113 1963 1440 2018 sacramenti
1470 1961 1699 2016 formam
1719 1960 2094 2032 praaﬁgurasse

521 2062 798 2123 dicuntur,
830 2059 940 2112 lucc
991 2057 1158 2120 enim,
1191 2056 1383 2126 inquit,
1412 2062 1532 2110 sunt
1572 2053 1676 2108 duo
1716 2053 2042 2108 Testamenta
2073 2065 2092 2103 :

518 2167 681 2206 unum
710 2151 918 2222 quidem
951 2166 983 2202 a
1010 2157 1183 2202 monte
1213 2146 1345 2202 Sina
1393 2146 1446 2200 in
1484 2147 1780 2200 servitutem
1819 2159 2090 2214 generant,

520 2240 658 2312 quod
684 2251 758 2294 est
789 2239 930 2308 Agar
953 2254 971 2291 :
1010 2236 1138 2291 Sina
1165 2235 1302 2290 enim
1351 2251 1498 2288 mons
1527 2243 1601 2288 est
1643 2233 1700 2286 in
1743 2233 1961 2297 Arabia,
2004 2232 2094 2302 qui

516 2338 849 2400 comparatur
875 2327 995 2380 huic
1023 2342 1139 2396 qua:
1171 2341 1306 2379 nunc
1347 2335 1421 2378 est
1466 2322 1827 2385 Hierusalem,
1858 2332 1906 2376 et
1939 2323 2094 2376 servit

517 2435 634 2472 cum
662 2417 787 2486 ﬁliis
816 2418 944 2470 suis.
977 2417 1230 2486 Anagoge
1257 2429 1388 2468 vero
1417 2415 1484 2468 de
1521 2411 1854 2482 spiritalibus
1889 2419 2092 2481 myste-

517 2508 616 2562 riis
660 2507 727 2560 ad
773 2505 1088 2560 sublimiora
1127 2503 1372 2574 quaedam
1402 2510 1457 2556 et
1487 2502 1786 2556 sacratiora
1831 2501 2094 2555 caelorum

517 2603 726 2651 secreta
752 2593 1121 2649 conscendens
1146 2593 1214 2647 ab
1236 2590 1490 2662 Apostolo
1513 2591 1587 2644 ita
1616 2588 1932 2658 subjicitur:
1963 2586 2094 2652 Qua:

517 2690 657 2743 enim
689 2704 896 2742 sursum
921 2696 996 2740 est
1021 2683 1354 2739 Hierusalem
1379 2682 1540 2738 libera
1563 2692 1660 2746 est,
1683 2697 1800 2752 qua:
1828 2689 1902 2735 est
1927 2689 2096 2734 mater

517 2777 746 2831 omnium
777 2787 1092 2830 nostrorum.
1127 2773 1388 2844 Scriptum
1415 2781 1488 2827 est
1513 2773 1650 2826 enim
1675 2788 1693 2826 :
1717 2771 1922 2825 Latiare
1941 2771 2096 2824 steri-

515 2869 580 2922 lis
608 2884 725 2939 qua:
753 2884 855 2922 non
880 2867 1110 2936 parturis
1155 2879 1174 2917 :
1205 2867 1329 2937 quia
1357 2864 1508 2918 multi
1531 2864 1630 2932 ﬁlii
1671 2864 1885 2917 deserta:
1927 2863 2093 2932 magis

517 2975 674 3026 quam
706 2959 820 3027 ejus
843 2975 959 3029 qua:
987 2959 1139 3013 habet
1178 2961 1366 3014 virum.
1405 2958 1726 3029 Tropologia
1753 2965 1836 3012 est
1872 2957 2094 3010 moralis

513 3047 818 3117 explanatio
845 3047 912 3102 ad
962 3048 1393 3103 emendationem
1429 3047 1554 3102 vitae
1593 3055 1650 3102 et
1702 3046 2092 3101 institutionem

2195 1879 2325 1935 tem,
2357 1869 2424 1924 de
2448 1869 2595 1940 Agar
2623 1867 2878 1939 Egyptia
2914 1867 3084 1921 velint
3123 1881 3242 1923 esse
3283 1875 3576 1940 generatos
3617 1887 3632 1922 :
3681 1883 3782 1925 eos

2192 1971 2373 2016 autem
2409 1963 2501 2032 qui
2547 1962 2615 2015 ad
2663 1960 2937 2030 superiora
2973 1960 3358 2026 conscendant,
3394 1968 3451 2016 et
3485 1961 3784 2033 allegorice

2192 2053 2360 2108 velint
2413 2052 2614 2107 sentire
2666 2065 2786 2121 qua:
2823 2050 3022 2120 scripta
3066 2057 3212 2116 sunt,
3244 2049 3382 2106 ﬁlios
3432 2065 3554 2106 esse
3601 2051 3780 2116 Sane,

2193 2159 2313 2215 quae
2337 2143 2392 2198 in
2424 2143 2606 2214 lingua
2634 2151 2820 2196 nostra
2869 2141 3135 2219 ἄρχουσα,
3168 2143 3224 2199 id
3265 2151 3350 2200 est
3385 2143 3664 2215 princeps,
3697 2146 3785 2199 in-

2195 2243 2540 2306 terpretatur,
2574 2249 2769 2305 genere
2796 2232 3074 2291 feminino.
3093 2235 3291 2301 Ethoc
3316 2237 3386 2292 ob
3411 2235 3558 2291 illam
3587 2251 3786 2292 neces-

2196 2325 2414 2380 sitatem
2445 2339 2504 2380 se
2536 2333 2784 2379 asserunt
2811 2340 3094 2396 usurpare,
3121 2326 3246 2396 quia
3275 2326 3517 2396 iniquum
3537 2327 3612 2382 sit
3629 2327 3785 2398 Moy-

2193 2433 2287 2474 sen
2335 2426 2390 2472 et
2415 2424 2640 2472 cunctos
2668 2417 2959 2487 prophetas
2988 2418 3054 2473 de
3098 2417 3313 2484 ancilla,
3345 2417 3615 2488 quoslibet
3641 2433 3785 2474 vero

2193 2509 2482 2565 Gentilium
2533 2509 2600 2564 de
2645 2509 2835 2577 libera,
2876 2509 3180 2581 intelligere
3229 2518 3561 2580 procreatos.
3619 2509 3785 2566 Unde

2193 2603 2388 2658 melius
2417 2616 2560 2666 esse,
2588 2608 2649 2655 ut
2689 2615 2797 2656 non
2839 2599 3012 2655 solum
3055 2601 3122 2656 de
3166 2600 3250 2655 his
3295 2600 3388 2671 qui
3428 2601 3484 2655 in
3529 2599 3782 2655 Ecclesia

2193 2700 2340 2756 sunt,
2364 2705 2465 2761 pro
2480 2689 2813 2755 diversitate,
2835 2697 2894 2743 ut
2914 2701 3075 2760 supra
3096 2690 3352 2754 diximus,
3373 2689 3781 2754 intellectuum,

2192 2782 2331 2836 alios
2359 2795 2565 2844 servos,
2605 2779 2739 2834 alios
2763 2778 2963 2834 liberos
2991 2779 3348 2842 arbitremur;
3381 2779 3472 2832 sed
3511 2779 3678 2833 etiam
3710 2779 3785 2834 de
3843 2797 3858 2806 ·

2193 2886 2302 2924 ιιιιο
2329 2870 2629 2938 eodemque
2668 2867 2889 2923 homine
2927 2867 3162 2938 quandiu
3192 2868 3434 2937 sequitur
3458 2868 3781 2936 historiam,

2195 2960 2402 3014 ancillae
2431 2975 2553 3015 eum
2580 2973 2700 3013 esse
2731 2957 2898 3012 ﬁlium
2925 2975 2940 3011 :
2975 2971 3099 3012 cum
3129 2965 3310 3012 autem
3341 2958 3622 3028 aperiente
3640 2956 3780 3014 Jesu

2193 3049 2522 3120 Scripturas,
2554 3049 2837 3102 incensum
2862 3045 3025 3101 fuerit
3051 3061 3145 3101 cor
3173 3045 3309 3114 ejus,
3335 3056 3392 3101 et
3421 3047 3476 3102 in
3501 3045 3783 3103 fractione

517 3137 792 3206 pertinens
839 3137 1125 3202 actualem,
1154 3137 1300 3192 velut
1329 3137 1376 3192 si
1416 3137 1532 3192 haec
1556 3136 1742 3191 eadem
1779 3135 1885 3190 duo
1925 3143 2092 3190 testa-
2119 3148 2164 3210 ρ
2197 3138 2351 3207 panis
2383 3137 2677 3206 inspexerit
2701 3149 2823 3190 eum
2849 3148 3010 3206 quem
3041 3141 3200 3190 antea
3227 3151 3334 3190 non
3363 3135 3602 3202 videbat,
3639 3145 3781 3193 tunc

519 3243 700 3283 menta
755 3229 1112 3300 intelligamus
1166 3229 1402 3298 practice
1461 3236 1516 3284 et
1572 3227 1921 3282 theoreticam
1975 3227 2086 3282 dis-

521 3317 771 3387 ciplinam
819 3318 1049 3371 hominis
1097 3317 1326 3372 velimus
1377 3317 1620 3386 accipere
1663 3333 1676 3370 :
1736 3316 1820 3368 vel
1871 3324 2014 3370 certe
2043 3315 2089 3370 si

513 3405 848 3464 Hierusalem
875 3415 967 3464 aut
1009 3407 1138 3466 Sion
1182 3408 1417 3466 animam
1463 3407 1693 3462 hominis
1739 3405 1964 3460 velimus
2001 3422 2091 3461 ac-

517 3503 698 3572 cipere
726 3521 739 3555 :
777 3503 1069 3558 secundum
1099 3503 1226 3557 illud
1251 3520 1265 3557 :
1295 3495 1501 3569 Lauda,
1532 3496 1883 3568 Hierusalem,
1907 3496 2088 3557 Donata

517 3613 641 3650 num
681 3609 699 3647 :
728 3595 889 3650 lauda
919 3596 1084 3649 Deum
1110 3604 1279 3660 tuum,
1310 3594 1442 3652 Sion
1465 3595 1638 3667 (Psal.
1665 3596 1888 3666 cxxvu).
1925 3596 2089 3666 Igitur

522 3689 790 3758 praedicta:
833 3698 1066 3758 quatuor
1115 3688 1297 3761 ﬁgura:
1340 3690 1396 3744 in
1425 3704 1591 3743 unum
1637 3689 1710 3743 ita
1753 3689 1798 3743 si
1842 3689 2089 3744 volumus

519 3778 814 3843 conﬂuunt,
843 3787 904 3834 ut
947 3795 1052 3833 una
1101 3780 1396 3850 eademque
1441 3778 1778 3834 Hierusalem
1818 3778 2092 3848 quadrifa-

519 3869 656 3922 riam
683 3869 854 3938 possit
877 3869 1120 3940 intelligi,
1149 3871 1442 3924 secundum
1473 3870 1753 3924 historiam
1778 3871 1968 3926 civitas
1994 3871 2089 3926 Ju-

515 3959 752 4012 dazorum
777 3972 794 4012 :
822 3959 1112 4013 secundum
1137 3959 1445 4030 allegoriam
1473 3959 1710 4015 Ecclesia
1732 3959 1931 4014 Christi
1967 3979 1979 4014 :
2006 3975 2091 4015 se-

513 4050 746 4106 cundum
779 4065 1054 4122 anagogen
1080 4051 1272 4106 civitas
1295 4051 1408 4118 Dei,
1447 4051 1537 4106 illa
1566 4052 1825 4113 cmlestis.
1865 4067 1983 4121 quae
2007 4060 2092 4107 est

2191 3238 2248 3284 et
2274 3229 2449 3299 ipsum
2478 3227 2626 3282 Sara:
2649 3226 2818 3281 ﬁlium
2844 3227 3133 3282 nominari.
3164 3226 3392 3292 Laztare,
3431 3227 3629 3297 inquit,
3669 3238 3784 3283 ste-

2189 3320 2304 3374 rilis
2330 3335 2448 3390 qua:
2472 3335 2575 3373 non
2599 3318 2766 3388 paris,
2794 3333 3004 3388 erumpe
3033 3325 3080 3371 et
3107 3316 3299 3381 clama,
3327 3333 3443 3388 quw
3465 3334 3565 3371 non
3586 3328 3783 3387 partu-

2189 3411 2263 3464 ris
2303 3423 2322 3461 :
2348 3410 2472 3480 quia
2509 3408 2663 3462 multi
2697 3407 2796 3477 ﬁlii
2824 3407 3041 3462 deserta:
3082 3407 3247 3477 magis
3303 3424 3461 3478 quam
3477 3403 3601 3478 'ejus
3648 3425 3780 3478 qua

2189 3501 2340 3562 liabet
2364 3501 2552 3561 virum.
2583 3499 2769 3557 Virum
2793 3499 2984 3556 habuit
3003 3497 3286 3576 Synagoga
3317 3499 3508 3576 legem,
3537 3508 3591 3562 et
3611 3499 3776 3575 juxta

2187 3598 2357 3653 Annae
2381 3612 2593 3668 quoque
2637 3596 2972 3667 prophetiam
3022 3596 3075 3668 (ι
3105 3596 3233 3667 Reg.
3264 3597 3347 3667 ιι),
3385 3597 3554 3652 fetosa
3593 3613 3781 3666 quon-
3843 3621 3855 3629 -

2189 3689 2313 3744 dam
2343 3687 2395 3742 in
2440 3686 2626 3741 liberis
2654 3685 2773 3750 fuit,
2809 3685 3010 3741 sterilis
3035 3701 3164 3741 vero
3209 3685 3449 3740 Ecclesia
3488 3687 3606 3742 sine
3649 3687 3780 3743 viro

2189 3778 2447 3844 Christo,
2504 3777 2622 3832 sine
2647 3776 2760 3832 ullo
2787 3776 2968 3845 sponsi
3015 3779 3281 3832 sermonis
3334 3776 3583 3846 alloquio,
3637 3777 3779 3846 quia

2188 3871 2280 3925 diu
2301 3871 2472 3940 jacuit
2497 3870 2550 3924 in
2590 3869 2808 3925 deserto
2850 3887 2864 3924 :
2895 3871 2990 3926 sed
3027 3879 3312 3940 postquam
3351 3871 3560 3940 accepit
3589 3869 3678 3924 illa
3703 3871 3779 3924 li-

2190 3960 2345 4014 brum
2397 3957 2603 4026 repudii
2637 3959 2690 4014 in
2738 3973 2929 4014 manus
2954 3974 3100 4024 suas,
3134 3968 3191 4013 et
3229 3959 3410 4014 omnia
3445 3969 3776 4014 ornamenta

2191 4049 2295 4103 viri
2325 4049 2378 4102 in
2410 4049 2534 4102 idoli
2563 4049 2728 4102 vertit
2753 4056 3022 4112 ornatum,
3052 4059 3179 4103 tunc
3211 4049 3436 4103 maritus
3462 4049 3628 4117 priori
3649 4049 3776 4104 cin-

512 4147 689 4195 mater
745 4142 987 4195 omnium
1051 4149 1327 4206 nostrum;
1385 4143 1679 4198 secundum
1740 4141 2090 4212 tropologiam
2191 4138 2314 4208 gqu
2337 4146 2676 4208 putrescente
2716 4137 2850 4208 (Jer.
2884 4138 3027 4210 xm),
3064 4139 3223 4193 alium
3268 4138 3466 4194 lumbis
3503 4141 3615 4194 suis
3654 4139 3780 4194 bal-

513 4228 692 4282 anitna
717 4227 973 4292 hominis,
1001 4243 1120 4296 qua:
1154 4227 1462 4298 frequenter
1493 4230 1596 4286 hoc
1637 4231 1856 4286 nomine
1883 4240 1977 4284 aut
2003 4231 2086 4284 in—
2157 4237 2166 4242 ‘
2193 4237 2361 4291 teum,
2401 4227 2545 4281 aliud
2576 4229 2642 4282 de
2667 4228 2915 4297 gentibus
2941 4227 3182 4284 lumbare
3205 4230 3498 4293 contexuit,
3524 4246 3643 4299 quae
3662 4239 3778 4285 sta-

513 4325 768 4386 erepatur
797 4327 889 4370 aut
917 4318 1166 4372 laudatur
1192 4333 1223 4371 a
1265 4317 1492 4374 Domino
1535 4319 1734 4390 (Hier.)
1780 4320 2086 4375 Notandum
2190 4317 2288 4371 tim
2323 4325 2383 4370 ut
2415 4324 2498 4370 est
2533 4317 2651 4371 viro
2692 4317 2903 4386 juncta,
2930 4318 3178 4388 concepit
3224 4324 3280 4372 et
3323 4319 3550 4388 peperit.
3596 4319 3664 4374 Et
3709 4321 3774 4374 in

514 4423 726 4478 quoque
755 4417 858 4474 est,
912 4409 1052 4477 quod
1089 4423 1227 4478 pene
1253 4417 1568 4464 cunctorum
1609 4425 1772 4481 super
1817 4413 1919 4466 hoc
1965 4411 2085 4467 loco
2187 4409 2335 4462 Isaac
2387 4407 2656 4462 exclamat
2709 4407 2966 4461 Dominus
3020 4422 3119 4476 per
3169 4407 3479 4477 prophetam
3528 4425 3540 4460 :
3586 4404 3644 4462 Si
3689 4419 3775 4463 est

515 4501 617 4555 ista
641 4508 724 4556 est
747 4499 1082 4568 explanatio;
1114 4506 1173 4552 ut
1209 4499 1351 4570 Agar
1379 4500 1626 4555 ancillam
1669 4501 2089 4572 interpretentur
2117 4500 2166 4558 D
2190 4517 2312 4570 gens
2344 4511 2466 4576 nata
2494 4499 2650 4554 simul
2679 4499 2813 4571 (Isa.
2845 4509 3013 4570 LXVI).
3039 4499 3265 4565 Quando
3291 4513 3396 4552 una
3427 4499 3512 4554 die
3537 4499 3589 4553 in
3611 4499 3774 4554 Acti-

513 4591 570 4645 in
603 4591 716 4662 lege
747 4599 803 4646 et
833 4591 882 4644 in
914 4590 1108 4660 populo
1131 4588 1438 4645 Judteorum
1464 4610 1478 4644 :
1517 4592 1708 4648 Saram
1754 4601 1935 4649 autem
1959 4595 2089 4650 libe-

513 4695 632 4735 ram
678 4681 732 4734 in
773 4680 1012 4735 Ecclesia
1069 4695 1191 4750 quae
1236 4680 1304 4735 de
1345 4681 1595 4751 gentibus
1633 4693 1951 4754 congregata
1981 4694 2086 4750 est,

515 4787 636 4842 qua:
685 4780 861 4826 mater
905 4781 1213 4828 sanctorum
1247 4774 1340 4840 sit,
1384 4773 1550 4831 Paulo
1593 4776 1823 4842 dicente,
1852 4794 1971 4848 qua:
2011 4787 2088 4832 est

513 4871 682 4916 mater
705 4863 934 4916 omnium
970 4871 1226 4918 nostrum.
1252 4864 1376 4920 Haec
1403 4865 1492 4920 diu
1535 4882 1639 4921 non
1668 4867 1896 4936 peperit,
1939 4877 2094 4922 ante.

515 4966 680 5021 quam
727 4951 972 5008 Christus
1007 4955 1074 5008 de
1118 4954 1326 5025 virgine
1378 4965 1715 5022 nasceretur,
1776 4965 1832 5012 et
1889 4957 2090 5020 sterilis

518 5045 645 5110 fuit,
695 5045 922 5100 necdum
990 5047 1104 5102 risu
1168 5046 1355 5102 mundi
1397 5047 1546 5105 Isaac
1588 5049 1654 5104 de
1713 5047 1888 5104 electo
1937 5057 2088 5119 patre

519 5150 641 5189 cum
665 5149 795 5189 voce
821 5135 1126 5190 sublimium
1153 5137 1463 5206 dogmatum
1488 5145 1792 5201 resonante,
1825 5136 2090 5206 siquidem

517 5225 790 5280 Abraham
830 5224 882 5280 in
929 5233 1112 5280 nostra
1137 5225 1338 5299 lingua,
1362 5236 1512 5296 pater
1536 5225 1730 5281 electus
1758 5241 1875 5278 cum
1915 5227 2092 5279 sonitu

521 5314 757 5370 refertur
779 5329 798 5367 :
824 5315 968 5387 Agar
987 5327 1166 5374 autem
1190 5333 1310 5388 qua:
1342 5318 1729 5388 interpretatur
1746 5317 1972 5387 parrecia
1991 5357 2005 5382 ,
2037 5317 2093 5372 id

520 5413 626 5469 est,
654 5405 916 5462 incolatus
945 5409 1058 5462 sive
1085 5407 1465 5479 peregrinatio,
1511 5407 1628 5464 sive
1666 5422 1840 5473 mora,
1873 5416 2096 5478 generat

519 5492 820 5558 Ismaelem,
861 5496 949 5564 qui
995 5505 1203 5551 tantum
1231 5496 1413 5550 audiat
1445 5496 1536 5552 Dei
1559 5504 1846 5566 praecepta,
1877 5512 1975 5552 nec
2015 5495 2096 5549 fa-

521 5582 630 5636 ciat
655 5585 925 5639 hominem
982 5586 1261 5652 rusticum,
1294 5585 1720 5655 sanguinarium,
1767 5587 1980 5642 deserta
2008 5600 2094 5641 εε-

524 5677 758 5727 ctantem
788 5692 800 5725 :
834 5675 926 5742 qui
955 5673 1222 5730 universis
1249 5672 1504 5728 fratribus
1535 5674 1646 5730 suis
1675 5675 1739 5728 de
1771 5675 1938 5730 libera
1963 5691 2091 5744 pro-

2193 4592 2295 4647 bus
2320 4592 2682 4662 apostolorum
2709 4594 2811 4647 tria
2841 4593 3006 4646 millia
3048 4602 3102 4648 et
3129 4593 3366 4663 quinque
3399 4592 3563 4646 millia
3592 4591 3776 4645 homi-

2193 4701 2321 4739 num
2370 4685 2715 4740 credidernnt
2741 4683 2880 4754 (Act.
2911 4700 2950 4738 ιι
2996 4693 3045 4738 et
3081 4685 3176 4749 iv).
3217 4683 3328 4738 Nec
3367 4691 3498 4752 puto
3539 4695 3774 4747 necesse

2192 4789 2332 4840 esse,
2355 4783 2416 4828 ut
2433 4773 2501 4828 de
2529 4772 2875 4829 multitudine
2900 4772 3204 4829 Christiana
3227 4779 3285 4826 et
3305 4771 3608 4826 Iudaeorum
3635 4786 3774 4841 pau—

2193 4866 2356 4920 citate
2383 4864 2664 4920 dicamus:
2709 4878 2831 4918 cum
2873 4864 2928 4917 in
2963 4871 3078 4917 toto
3117 4863 3318 4917 mundo
3346 4861 3526 4916 crucis
3569 4860 3770 4914 vexilla

2194 4954 2593 5024 resplendeant,
2621 4960 2676 5008 et
2721 4953 2811 5006 vix
2840 4967 2998 5008 rarus
3031 4961 3192 5023 atque
3233 4951 3490 5022 potabilis
3531 4951 3586 5004 in
3617 4951 3772 5005 urbi-

2189 5047 2291 5100 bus
2315 5042 2530 5098 Iudaeus
2557 5051 2832 5112 appareat.

2264 5131 2378 5187 Nos
2411 5140 2606 5196 autem,
2635 5131 2846 5200 fratres,
2893 5131 3176 5186 secundum
3211 5128 3370 5184 Isaac
3401 5127 3768 5198 promissionis

2193 5221 2292 5291 ﬁlii
2319 5237 2522 5276 sumus.
2572 5221 2798 5292 (Ambr.)
2827 5219 2938 5277 Hoc
2969 5229 3053 5274 est
3095 5235 3201 5275 non
3234 5219 3412 5274 carnis
3447 5217 3587 5272 ﬁlios
3618 5230 3766 5281 esse,

2199 5313 2294 5367 sed
2326 5313 2439 5377 Dei,
2477 5314 2602 5381 quia
2640 5313 2790 5368 Isaac
2818 5314 2871 5367 in
2893 5323 3076 5383 typum
3107 5321 3264 5366 natus
3288 5319 3372 5366 est
3398 5309 3521 5366 Filii
3543 5309 3642 5365 Dei
3667 5348 3682 5374 ,
3709 5317 3766 5362 et

2198 5403 2312 5457 vult
2338 5418 2432 5458 eos
2471 5403 2889 5473 subintelligere,
2919 5405 3042 5473 quia
3074 5402 3198 5457 facti
3239 5402 3333 5456 ﬁlii
3357 5400 3472 5464 Dei,
3516 5401 3764 5456 conversi

2198 5502 2344 5559 sunt,
2379 5504 2441 5549 ut
2464 5503 2644 5548 essent
2681 5494 2774 5547 ﬁlii
2799 5496 2977 5549 carnis
3006 5511 3020 5548 :
3047 5494 3093 5549 si
3119 5507 3250 5549 vero
3273 5493 3615 5563 resipiscant,
3640 5497 3764 5546 sunt

2200 5585 2293 5640 ﬁlii
2339 5586 2453 5640 Dei.
2493 5584 2598 5639 Sed
2633 5587 2890 5654 quomodo
2941 5595 3064 5638 tunc
3097 5586 3188 5655 qui
3226 5583 3510 5639 secundum
3553 5596 3760 5636 carnem

2199 5685 2353 5730 natus
2380 5675 2569 5744 fuerat,
2604 5674 3000 5744 persequebatur
3025 5691 3141 5728 eum
3172 5676 3262 5742 qui
3301 5673 3585 5727 secundum
3613 5671 3762 5733 spiri-
