4022 6338
235 436 346 492 353

722 423 1267 486 ENARRATIONUM
1301 422 1369 478 IN
1407 420 1556 476 EPP.
1596 416 1799 474 PAULI
1837 415 1964 471 LIB.
2005 411 2118 468 XV.
2159 442 2228 454 —
2264 411 2331 466 ΙΝ
2369 407 2582 466 EPIST.
2623 407 2714 462 AD
2752 404 2996 461 GALAT.

3376 399 3484 459 554

236 559 372 614 tum,
401 556 482 603 ita
507 561 556 600 et
585 560 738 598 nunc.
767 542 883 598 Non
926 541 1098 597 solum
1127 534 1318 593 lsmael
1360 532 1653 602 secundum
1697 545 1816 587 car-
1843 531 1894 592 Α
1917 525 2186 598 persecuti
2214 522 2791 614 sunt,etadversantur
2822 517 3080 614 voluntati
3104 517 3221 583 Dei,
3250 525 3306 574 et
3335 517 3487 614 vide—

237 653 367 694 nem
398 646 560 692 natus
586 642 692 700 est,
734 633 827 689 sed
875 641 932 688 et
953 633 1115 694 Esau,
1157 629 1280 699 quia
1317 635 1371 682 et
1411 627 1524 696 ipse
1553 624 1607 678 in
1638 622 1818 693 populi

235 727 450 783 Judaici
477 733 660 797 typum
675 732 829 778 natus
842 730 945 777 est.
969 722 1046 776 De
1067 735 1172 790 quo
1199 720 1251 773 in
1280 715 1537 772 Malachia
1559 712 1819 783 propheta

239 817 508 886 scriptum
529 823 612 869 est
638 827 653 866 :
683 812 846 867 Iacob
864 810 1048 875 dilexi,
1072 808 1218 862 Esau
1238 823 1354 862 vero
1395 803 1534 858 odivi
1559 801 1814 874 (Malach.

241 909 314 979 ι);
347 907 439 960 hic
481 903 903 974 persequebatur
929 898 1114 964 Iacob,
1144 899 1235 969 qui
1264 898 1318 952 in
1353 895 1534 966 populi
1560 893 1821 948 Christia-

240 997 298 1052 ni
329 995 499 1064 ﬁgura
552 1001 734 1056 natus,
770 998 995 1046 vocatus
1037 997 1122 1044 est
1165 987 1346 1052 lsrael,
1385 986 1490 1041 hoc
1531 994 1614 1040 est
1659 984 1820 1038 homo

130 1121 154 1144 .
239 1086 436 1141 videns
463 1084 653 1139 Deum.
686 1082 947 1136 Similiter
976 1083 1032 1134 et
1053 1078 1265 1134 Judaos
1290 1093 1386 1148 per
1417 1076 1674 1132 invidiam
1695 1087 1821 1144 per—

239 1175 399 1244 sequi
429 1171 754 1242 signiﬁcavit
786 1170 1140 1226 Christianos.
1173 1165 1328 1222 Unde
1358 1167 1482 1221 data
1521 1180 1685 1248 gpera
1716 1164 1824 1219 Ga-

241 1266 384 1321 latas
410 1271 722 1320 everterant
747 1261 949 1317 carnali
991 1259 1207 1315 astutia.
1257 1256 1359 1312 Sed
1385 1258 1510 1328 quid
1536 1258 1659 1311 dicit
1680 1254 1824 1311 Scri-

241 1355 442 1428 ptura!
474 1353 622 1423 Ejice
646 1349 893 1406 ancillam
919 1359 968 1405 et
991 1349 1161 1419 ﬁlium
1185 1347 1320 1416 eius.
1345 1345 1467 1400 Non
1493 1347 1629 1400 enim
1657 1345 1823 1398 horres

239 1447 342 1500 erit
385 1443 529 1514 ﬁlius
553 1442 759 1497 ancilla
782 1458 899 1495 cum
937 1439 1049 1508 ﬁlio
1093 1438 1286 1492 liberte.
1317 1437 1442 1492 Hac
1467 1435 1632 1490 verba
1671 1433 1823 1488 Sara

240 1543 394 1599 sunt,
425 1549 546 1604 quae
574 1540 755 1604 typum
782 1530 946 1585 habet
971 1527 1303 1584 Hierusalem
1329 1524 1586 1589 caelestis,
1621 1525 1686 1578 de
1704 1537 1824 1593 pro-

241 1623 505 1679 missione
537 1635 799 1692 generans
832 1618 1023 1674 Isaac:
1057 1626 1115 1672 ut
1149 1615 1318 1685 ejecto
1353 1615 1464 1669 ﬁlio
1504 1613 1730 1678 ancilla,
1767 1612 1823 1667 id

243 1725 330 1771 est
389 1712 576 1767 Judao
628 1711 852 1783 populo,
912 1708 1304 1764 incredulitatis
1357 1721 1520 1762 causa
1570 1703 1819 1773 abiecto,

1916 620 2093 675 bimus
2118 614 2285 670 multo
2319 611 2552 681 majores
2589 608 2989 682 persecutiones
3012 621 3147 676 quas
3183 620 3281 661 nos
3319 607 3483 662 etiam

1917 706 2156 763 historia:
2183 705 2403 768 docent,
2434 717 2466 756 a
2510 699 2709 755 Judais
2756 698 2810 753 in
2838 695 3202 762 Christianos,
3251 711 3411 766 quam
3450 713 3484 752 a

1917 797 2180 854 Gentibus
2212 793 2506 851 concitatas
2549 789 2754 862 (Aug.).
2796 787 3108 854 Quaeramus
3155 787 3283 857 quid
3323 787 3400 842 ait
3431 788 3485 842 in

1917 884 2115 943 Genesi
2148 883 2256 938 :Et
2286 882 2483 952 factum
2507 887 2580 934 cst
2606 893 2722 931 cum
2753 875 2986 930 luderent
3013 873 3208 930 lsmael
3231 884 3282 930 et
3306 874 3484 941 Isaac,

1917 977 2043 1034 uidit
2072 992 2158 1032 eos
2184 974 2436 1028 ludentes.
2464 969 2595 1038 Quis
2619 974 2934 1039 persecutus
2962 966 3080 1022 est?
3106 980 3263 1036 quem
3297 981 3485 1036 perse-

1919 1076 2076 1123 cutus
2122 1065 2246 1122 est?
2287 1062 2553 1118 Ludentes
2593 1073 2688 1115 eos
2714 1057 2848 1112 vidit
2889 1056 3046 1122 Sara,
3082 1064 3136 1112 et
3176 1057 3291 1112 ait:
3340 1055 3488 1127 Ejice

1920 1155 2167 1210 ancillam
2219 1163 2266 1207 et
2318 1151 2488 1220 [ilium
2537 1147 2673 1219 ejus.
2739 1146 2966 1216 Quare?
3015 1145 3150 1213 Quia
3205 1147 3342 1201 vidit
3394 1160 3488 1202 eos

1921 1245 2180 1300 ludentes.
2227 1240 2335 1297 Sed
2394 1239 2573 1294 lusum
2617 1237 2767 1293 illum
2815 1235 3012 1292 Paulus
3052 1237 3484 1306 persecutionem

1921 1346 2110 1403 vocat;
2135 1335 2258 1405 quia
2280 1332 2416 1388 lusio
2441 1331 2551 1396 illa,
2573 1330 2746 1385 illusio
2771 1336 2924 1384 erat:
2953 1329 2998 1384 si
3021 1327 3221 1394 illusio,
3247 1329 3491 1384 seductio

1920 1435 1978 1484 et
2003 1425 2244 1495 deceptio
2277 1431 2360 1479 est
2383 1437 2398 1477 :
2419 1421 2596 1478 Omnis
2619 1420 2766 1476 lusus
2793 1434 3100 1490 puerorum,
3143 1418 3491 1476 simulacrum

1922 1525 2008 1573 est
2056 1514 2258 1586 negotii
2305 1511 2556 1582 majoris;
2609 1519 2664 1566 et
2709 1509 2922 1581 quando
2971 1509 3145 1581 major
3181 1508 3316 1564 ludit
3366 1524 3490 1566 cum

1921 1606 2150 1670 minore,
2174 1602 2327 1674 quasi
2351 1610 2411 1657 ut
2434 1601 2736 1666 seducatur,
2767 1599 2942 1655 sciens
2973 1613 3033 1654 se
3051 1599 3251 1654 habere
3278 1598 3494 1671 negotia

1923 1695 2026 1750 alia
2055 1709 2172 1764 qua
2199 1692 2444 1757 intendit,
2471 1699 2527 1747 et
2565 1689 3066 1759 simulat,'quadam
3092 1703 3281 1760 puero,
3319 1689 3374 1744 id
3410 1695 3496 1745 est

239 1806 412 1876 (servi
441 1806 587 1860 enim
624 1778 832 1874 peccati
855 1810 1002 1869 sunt,
1033 1802 1226 1872 quibus
1263 1801 1388 1856 data
1424 1799 1671 1856 remissio
1712 1813 1821 1854 non
1848 1863 1892 1876 _
1925 1786 2140 1842 inﬁrmo
2158 1826 2174 1852 ο
2203 1784 2392 1876 “dell?
2411 1799 2534 1839 cum
2559 1782 2680 1876 illo:
2701 1778 2868 1876 M_8l'0l'
2893 1788 3012 1837 erat
3037 1780 3225 1836 lsmael
3245 1780 3492 1876 (δι-ποδο-

239 1863 375 1967 est),
405 1896 580 1950 hmres
609 1863 681 1949 ε’ῖι
709 1893 847 1949 ﬁlius
881 1863 1064 1948 liberae
1091 1892 1230 1947 illius
1254 1890 1587 1946 Hierusalem
1629 1903 1817 1960 super—
1848 1863 1895 1922 Β
1922 1887 2072 1934 ratus
2119 1877 2177 1967 in
2227 1874 2470 1967 malitia;
2522 1872 2616 1928 sed
2667 1871 2880 1967 ludens
2913 1885 3034 1967 cur}!
3089 1884 3258 1967 puero
3283 1868 3492 1967 __Isaac.

240 2006 349 2054 na,
382 1989 477 2059 qui
525 1995 609 2043 est
647 1986 872 2058 populus
921 1999 1092 2040 novus
1130 1985 1282 2056 regni
1306 1984 1586 2040 calorum.
1614 1981 1821 2054 Itaque,

240 2079 469 2148 fratres,
501 2093 603 2130 non
638 2092 816 2130 sumus
837 2075 1042 2129 ancillae
1069 2073 1192 2143 ﬁlii,
1216 2073 1305 2127 sed
1332 2071 1527 2137 liberaz,
1554 2088 1657 2141 qua
1678 2071 1825 2124 liber-

239 2176 352 2220 tate
405 2163 644 2220 Christus
694 2181 783 2218 nos
834 2163 1089 2218 liberavit.
1143 2161 1364 2216 Fuimus
1411 2162 1571 2232 igitur
1618 2161 1825 2216 ancilla

245 2256 343 2311 ﬁlii
365 2256 492 2310 dum
508 2255 743 2324 peccatis
769 2267 984 2307 eramus
1001 2251 1216 2306 obnoxii
1235 2269 1247 2304 :
1264 2251 1358 2305 sed
1387 2258 1604 2320 accepta
1631 2248 1824 2304 remis-

245 2346 412 2399 sione
437 2352 784 2412 peccatorum
814 2359 845 2396 a
880 2340 1117 2406 Christo,
1146 2340 1358 2396 liberati
1389 2355 1591 2395 sumus.
1624 2337 1823 2410 (Hien)

243 2433 366 2488 Non
397 2442 526 2503 puto
555 2422 796 2487 invenire
833 2446 930 2486 nos
969 2444 1129 2500 posse
1163 2429 1253 2484 ubi
1283 2429 1472 2484 lsmael
1512 2437 1826 2499 persecutus

243 2521 416 2576 fuerit
439 2520 590 2575 Isaac
616 2537 630 2574 :
655 2521 750 2575 sed
776 2527 982 2574 tantum
1012 2519 1158 2584 illud,
1181 2519 1324 2588 quod
1351 2533 1471 2573 cum
1495 2518 1635 2573 ﬁlius
1658 2517 1825 2590 [Egy-

249 2612 388 2683 ptia
411 2611 503 2680 qui
543 2609 716 2679 major
756 2617 882 2664 natu
913 2617 1031 2664 erat
1071 2609 1279 2664 luderet
1306 2625 1429 2665 cum
1470 2610 1640 2675 Isaac,
1688 2610 1825 2666 indi-

245 2709 417 2772 gnata
447 2699 518 2755 sit
545 2697 701 2764 Sara,
733 2707 790 2754 et
828 2699 1026 2755 dixerit
1069 2698 1137 2752 ad
1175 2699 1446 2753 Abraham
1479 2716 1493 2754 :
1544 2699 1694 2769 Ejice
1735 2717 1828 2755 an-

245 2791 432 2845 cillam
459 2799 506 2844 et
529 2790 697 2860 ﬁlium
717 2791 835 2856 eius
857 2807 875 2844 :
905 2807 1007 2846 non
1042 2790 1177 2845 enim
1215 2791 1536 2845 hareditabit
1559 2790 1704 2860 [ilius
1731 2809 1827 2846 an-

231 2871 392 2937 ‘cilla:
416 2899 533 2936 cum
561 2881 672 2950 ﬁlio
709 2898 818 2935 meo
845 2879 1000 2936 Isaac
1025 2878 1179 2952 (Gen.
1210 2879 1346 2952 xxn).
1387 2881 1454 2936 Et
1481 2880 1668 2951 utique
1697 2881 1824 2934 sim-

244 2975 374 3047 plex
403 2973 552 3030 lusus
587 2974 729 3028 inter
768 2972 1018 3038 infantes,
1048 2971 1357 3042 expulsione
1403 2983 1458 3029 et
1489 2973 1825 3029 abdicatione

247 3067 504 3137 indignus
547 3074 651 3122 est.
700 3063 900 3120 Verum
949 3064 1235 3134 Apostolus
1271 3064 1422 3134 quasi
1459 3064 1714 3120 llebraus
1755 3079 1824 3120 ex

245 3156 519 3222 Hebraeis,
547 3164 605 3211 ct
631 3156 698 3210 ad
736 3155 899 3225 pedes
939 3153 1182 3225 magistri
1221 3153 1530 3210 Gamalielis
1576 3155 1820 3221 edoctus,

1919 1966 2209 2025 seducebat
2247 1964 2397 2020 Isaae
2419 2002 2434 2030 ,
2473 1970 2530 2018 et
2565 1961 2822 2032 quasdam
2855 1957 3068 2015 fraudes
3106 1957 3322 2014 ludendi
3365 1972 3490 2013 cum

1922 2059 2136 2115 inﬁrmo
2155 2055 2413 2120 faciebat;
2433 2051 2806 2109 animadvertit
2825 2059 2996 2106 mater
3013 2049 3191 2105 lusum
3211 2049 3382 2115 illum,
3406 2049 3490 2104 in-

1922 2147 2113 2217 telligit
2125 2145 2362 2202 Ecclesia
2377 2144 2551 2198 lusum
2566 2142 2734 2197 illum.
2753 2141 2888 2196 Sara
2905 2141 3040 2196 dixit
3058 2159 3071 2194 :
3090 2139 3237 2210 Ejice
3247 2139 3492 2194 ancillam

1923 2249 1972 2294 et
2000 2237 2168 2307 ﬁlium
2197 2236 2335 2306 ejus,
2362 2251 2464 2289 non
2484 2235 2620 2288 enim
2652 2233 2817 2287 haeres
2843 2232 2940 2286 erit
2971 2232 3116 2300 ﬁlius
3135 2230 3342 2287 ancilla:
3370 2245 3492 2286 cum

1920 2329 2032 2398 filio
2059 2343 2171 2381 meo
2203 2325 2377 2381 Isaac.
2413 2323 2652 2388 Ecclesia
2681 2322 2811 2378 dicit
2848 2337 2863 2376 :
2903 2321 3050 2393 Ejice
3078 2321 3312 2377 hareses
3345 2327 3401 2375 et
3432 2319 3492 2376 ﬁ-

1923 2419 2023 2474 lios
2048 2431 2232 2473 earum
2267 2433 2280 2470 :
2311 2429 2418 2470 non
2451 2413 2594 2469 enim
2620 2413 2858 2468 hareles
2884 2418 3042 2467 erunt
3070 2411 3312 2467 haretici
3360 2425 3488 2466 cum

1921 2506 2220 2565 catholicis.
2251 2503 2356 2560 Sed
2393 2518 2560 2572 quare
2584 2517 2689 2558 non
2715 2511 2872 2557 erunt
2899 2501 3182 2556 haredcs?
3207 2515 3383 2555 nonne
3423 2501 3494 2558 de

1922 2597 2127 2653 semine
2151 2595 2382 2650 Abrahae
2408 2593 2556 2647 nati?
2579 2591 2645 2646 Et
2669 2591 2934 2660 quomodo
2954 2591 3277 2660 baptismum
3309 2589 3491 2646 Eccle-

1923 2689 2017 2744 sia
2059 2684 2291 2742 habent?
2331 2684 2660 2756 Baptismum
2701 2680 2928 2746 habent,
2980 2681 3247 2742 haredem
3291 2678 3493 2734 faceret

1922 2792 2104 2834 semen
2129 2775 2382 2837 Abrahae,
2411 2771 2511 2826 nisi
2559 2772 2627 2826 ab
2651 2770 2961 2824 haereditate
3014 2769 3264 2838 superbia
3300 2769 3490 2824 exclu.

1923 2869 2094 2925 deret.
2145 2866 2344 2920 Eodem
2374 2863 2538 2918 verbo
2565 2863 2820 2922 nasceris,
2877 2860 3064 2916 eodem
3106 2867 3444 2915 sacramento
3472 2898 3488 2922 ,

1924 2959 2020 3015 sed
2044 2959 2112 3012 ad
2156 2953 2397 3010 eamdem
2438 2951 2802 3006 hareditatem
2829 2950 2953 3004 vitae
2981 2958 3196 3004 aterna
3225 2964 3329 3004 non
3369 2963 3492 3019 νει-ς

1922 3048 2103 3114 venis,
2129 3047 2233 3102 nisi
2260 3045 2328 3100 ad
2355 3043 2652 3100 Ecclesiam
2679 3040 2998 3097 catholicam
3024 3052 3274 3094 reversus
3299 3037 3490 3094 fueris.

1923 3139 2002 3194 Ex
2029 3138 2233 3194 semine
2258 3135 2488 3191 Abrahae
2515 3132 2756 3190 nasceris
2783 3145 2799 3186 :
2834 3131 2927 3187 sed
2958 3129 3096 3186 ﬁlius
3121 3127 3328 3186 ancilla
3357 3127 3489 3185 foris

249 3247 348 3318 qui
367 3205 634 3316 quondam
664 3205 904 3299 furrentes
929 3205 1186 3298 adversus
1213 3243 1494 3297 Dominum
1521 3205 1822 3300 Pharisaos
1848 3205 1893 3268 C
1923 3240 2144 3303 propter
2181 3228 2505 3300 superbiam-

248 3338 483 3396 consilio
528 3337 862 3400 refrenarat,
900 3351 964 3391 ex
1012 3336 1193 3390 verbis
1232 3335 1379 3391 Sara
1415 3337 1662 3402 dicentis,
1702 3335 1826 3391 Non

248 3430 392 3483 enim
417 3427 743 3481 hareditabit
784 3425 926 3494 filias
969 3423 1174 3478 ancilla:
1199 3440 1318 3478 cum
1344 3424 1456 3492 ﬁlio
1496 3441 1608 3480 meo
1647 3423 1821 3489 Isaac,

247 3502 519 3575 intellexit
560 3519 734 3572 lusum
775 3517 923 3572 illum
963 3516 1260 3586 simplicem
1303 3532 1410 3571 non
1456 3515 1620 3572 fuisse
1665 3534 1678 3569 :
1729 3519 1822 3571 sed

249 3612 381 3680 quia
411 3609 634 3665 forsitan
663 3607 853 3664 lsmael
877 3607 1028 3678 quasi
1052 3608 1224 3679 major
1247 3616 1374 3662 natu
1403 3615 1458 3663 et
1495 3622 1560 3663 eo
1584 3616 1824 3677 tempore

245 3699 610 3757 circumcisus
644 3714 750 3768 quo
789 3698 902 3769 jam
940 3706 1153 3769 poterat
1191 3698 1487 3769 intelligere
1525 3707 1580 3754 et
1623 3699 1824 3754 sentire

247 3789 400 3859 quod
427 3803 618 3859 passus
652 3795 755 3852 est,
786 3786 887 3842 sibi
915 3787 1269 3857 primogenita
1313 3787 1643 3853 vindicabat,
1675 3785 1822 3842 Scri-

247 3886 416 3948 ptura
455 3875 692 3947 iurgium
751 3875 1093 3946 parvulorum
1147 3875 1322 3931 lusum
1388 3878 1618 3932 vocavit.
1669 3877 1822 3933 Unde

245 3974 309 4022 et
348 3966 485 4021 Sara
519 3963 840 4020 hacsverha
877 3979 984 4020 non
1028 3964 1332 4029 sustinens,
1379 3972 1435 4020 et
1481 3966 1821 4020 consuetudi-

244 4069 378 4110 nem
440 4055 543 4110 sibi
600 4054 952 4126 primogenita
1011 4054 1331 4109 vindicantis
1381 4053 1588 4110 ancilla
1651 4055 1744 4110 ﬁlii
1787 4071 1818 4110 a

244 4159 421 4217 parva
466 4151 622 4198 atate
652 4158 758 4198 non
811 4144 1039 4213 patiens,
1086 4144 1262 4214 erupit
1305 4145 1357 4198 in
1392 4133 1591 4200 'vocem
1623 4163 1636 4198 :
1670 4144 1820 4215 Ejice

244 4229 502 4285 ancillam
534 4247 651 4284 cum
677 4231 788 4299 filio
834 4248 930 4285 suo
955 4245 974 4282 :
1006 4247 1108 4285 non
1136 4233 1271 4286 enim
1325 4232 1652 4287 haereditabit
1674 4233 1818 4302 ﬁlius

243 4317 462 4372 ancilla:
516 4333 634 4371 cum
667 4317 778 4386 ﬁlio
835 4335 946 4373 meo
1006 4317 1180 4373 Isaac.
1242 4317 1394 4385 Quod
1441 4335 1564 4374 cum
1623 4321 1816 4376 durum

241 4411 428 4466 visum
482 4408 672 4465 fuisset
717 4409 945 4466 Abraha
994 4410 1237 4482 (semper
1287 4411 1432 4466 enim
1492 4411 1816 4483 primogeni-

241 4503 319 4556 tis
373 4500 580 4572 majora
626 4501 930 4573 debentur),
982 4517 1089 4557 non
1135 4501 1308 4557 solum
1353 4501 1631 4558 lsmaelem
1671 4505 1817 4574 prio-

241 4605 365 4646 rem
397 4605 517 4645 esse
538 4590 804 4657 desinere,
835 4591 931 4646 sed
959 4606 1027 4646 ne
1052 4591 1310 4662 aqualem
1337 4592 1552 4662 quidem
1575 4608 1696 4648 cum
1715 4593 1816 4648 mi-

240 4696 385 4736 nore
430 4680 597 4736 fratre
633 4683 878 4752 accipere
923 4682 1247 4753 portionem,
1275 4683 1416 4740 Deus
1453 4684 1548 4754 qui
1592 4683 1816 4740 liberam

239 4772 396 4827 intus
419 4785 555 4837 esse,
601 4781 658 4827 et
703 4771 849 4828 foras
876 4772 1068 4843 expelli
1108 4773 1322 4830 volebat
1350 4775 1623 4842 ancillam,
1667 4775 1818 4831 Sara

238 4860 415 4914 verba
461 4859 766 4928 conﬁrmat,
809 4870 863 4918 et
908 4863 1149 4932 loquitur
1193 4863 1260 4918 ad
1303 4863 1578 4920 Abraham
1629 4883 1642 4920 :
1692 4865 1817 4922 Non

236 4951 440 5003 durum
485 4951 551 5004 sit
598 4967 774 5005 coram
829 4961 876 5007 te
925 4953 990 5008 de
1040 4942 1205 5023 puetﬁ
1261 4954 1572 5009 etancilla.
1624 4953 1818 5010 Omnia

237 5055 364 5110 qua
429 5040 620 5095 dixerit
687 5042 779 5096 tibi
855 5041 994 5097 Sara
1057 5043 1182 5097 audi
1235 5059 1407 5098 vocem
1476 5044 1592 5115 ejus
1619 5083 1635 5111 ,
1689 5045 1814 5116 quia

237 5133 299 5185 in
341 5130 502 5185 Isaac
533 5133 798 5187 vocabitur
835 5133 927 5187 tibi
975 5150 1165 5189 semen.
1205 5133 1358 5190 Sicut
1381 5151 1510 5207 ergo
1545 5144 1671 5191 tunc
1699 5150 1814 5192 ma-

233 5217 326 5287 jor
355 5218 527 5275 frater
547 5219 734 5276 lsmael
779 5221 1065 5278 lactentem
1101 5225 1276 5280 adhuc
1301 5231 1356 5280 et
1391 5226 1670 5295 parvulum
1690 5242 1814 5298 per-

242 5308 569 5380 sequebatur
601 5310 770 5377 lsaac,
793 5311 1217 5370 circumeisionis
1244 5315 1346 5371 sibi
1377 5319 1810 5388 praerogativam,

243 5399 344 5452 sibi
379 5399 734 5470 primogenita
768 5401 1048 5459 vindicans
1091 5423 1104 5456 :
1138 5404 1212 5459 ita
1247 5414 1303 5459 et
1344 5421 1486 5462 nunc
1521 5409 1814 5464 secundum

244 5508 464 5548 carnem
516 5495 678 5551 Israel
707 5536 723 5560 ,
778 5496 1061 5554 adversum
1110 5499 1373 5555 minorem
1432 5498 1655 5556 fratrem
1681 5539 1698 5566 ,
1747 5503 1814 5557 de

244 5583 508 5640 Gentibus
531 5587 782 5656 populum
823 5588 1186 5645 Christianum
1224 5590 1540 5657 sustollitur,
1575 5591 1810 5656 inﬁatur,

246 5675 492 5746 erigitur.
527 5676 938 5735 Consideremus
985 5681 1245 5736 insaniam
1292 5679 1597 5736 Iudaeorum
1640 5681 1730 5752 qui
1759 5689 1814 5736 et

249 5762 532 5822 flaminum
579 5767 982 5834 interfecerunt,
1009 5779 1063 5825 et
1106 5770 1393 5839 prophetas
1445 5778 1501 5824 et
1545 5769 1813 5839 apostolos

1922 3451 2256 3508 lnducuntur
2306 3449 2510 3520 Galatas
2569 3448 2758 3520 legalia
2811 3464 2912 3502 non
2958 3447 3225 3520 observare
3283 3455 3494 3516 propter

1989 3522 2280 3576 evasionem
2307 3519 2562 3574 malorum
2585 3559 2600 3582 ,
2621 3517 2696 3572 'et
2725 3521 3134 3572 consecutionem
3180 3517 3428 3571 bonorum
3469 3529 3488 3566 :

1989 3604 2036 3646 et
2059 3591 2453 3660 distinguuntur
2477 3604 2634 3660 opera
2667 3588 2837 3642 carnis
2863 3597 2909 3642 et
2935 3588 3168 3658 spiritus.

1996 3699 2140 3754 State
2158 3713 2300 3768 ergo,
2325 3708 2372 3752 et
2401 3697 2558 3751 nolite
2583 3697 2770 3752 iterum
2802 3697 3060 3752 servitutis
3081 3697 3212 3768 jugo
3239 3697 3486 3752 cohiberi.

1921 3789 2151 3862 (Amb.,)
2183 3788 2444 3843 Standum
2472 3795 2656 3842 monet
2704 3787 2758 3841 in
2791 3797 3007 3857 accepta
3042 3787 3252 3857 gratia,
3293 3803 3364 3844 ne
3400 3803 3489 3842 re-

1920 3883 2144 3936 deuntes
2183 3879 2250 3933 ad
2279 3885 2458 3933 vetera
2484 3917 2498 3941 ,
2541 3878 2791 3931 amittant
2827 3878 3023 3932 donum
3056 3877 3320 3934 libertatis
3342 3877 3487 3949 quod

1921 3971 2133 4026 fuerant
2157 3969 2450 4025 consecuti.
2482 3967 2680 4040 (Ηίεν.)
2713 3967 2864 4035 Quod
2886 3977 3066 4024 autem
3093 3970 3186 4036 ait,
3220 3980 3374 4035 state,
3399 3971 3488 4025 ﬁr-

1918 4076 2064 4118 mam
2085 4069 2140 4116 et
2164 4060 2408 4115 stabilem
2432 4059 2485 4114 in
2508 4059 2722 4114 Chrism
2744 4061 2990 4114 hortatur
3013 4060 3192 4126 ﬁdem,
3217 4069 3278 4115 ut
3301 4061 3490 4117 Eccle-

1920 4155 2014 4209 sia
2045 4150 2267 4208 Galatia
2313 4151 2419 4205 ﬁxo
2445 4151 2497 4205 in
2528 4149 2808 4206 Salvatore
2845 4158 3195 4220 permaneant
3225 4151 3377 4222 pede.
3411 4151 3488 4207 De

1923 4259 2030 4312 quo
2058 4249 2112 4298 et
2138 4241 2193 4296 in
2227 4239 2332 4295 alio
2361 4240 2478 4294 loco
2495 4240 2672 4310 justus
2702 4238 2939 4309 loquitur
2963 4253 2977 4294 :
3007 4237 3200 4296 Statuit
3227 4257 3382 4312 super
3401 4257 3492 4313 pe-

1920 4340 2055 4386 tram
2075 4330 2230 4402 pedes
2257 4347 2396 4386 meos
2419 4327 2592 4401 (Psal.
2621 4331 2839 4403 una);
2865 4346 2963 4401 pro
2982 4345 3047 4386 eo
3066 4332 3205 4402 quod
3231 4341 3314 4388 est
3333 4349 3491 4405 super

1921 4417 2185 4477 Christum
2215 4458 2230 4487 ,
2280 4435 2348 4475 ne
2394 4421 2601 4476 scilicet
2643 4420 3094 4476 circumferuntur
3137 4423 3282 4478 omni
3327 4431 3490 4479 vento

1922 4513 2220 4578 doctrina,
2270 4519 2326 4566 et
2369 4513 2424 4567 in
2474 4513 2681 4567 diversa
2732 4511 3024 4581 rapiantur.
3068 4511 3260 4584 iugum
3307 4522 3488 4570 autem

1921 4602 2220 4668 servitutis,
2259 4601 2430 4674 legem
2471 4611 2627 4658 vocat
2665 4603 2884 4666 duram,
2913 4601 3214 4670 difﬁcilem,
3250 4603 3487 4661 laborio-

1921 4705 2056 4759 sam,
2088 4707 2209 4763 qua
2256 4693 2342 4748 die
2385 4707 2448 4748 ac
2491 4700 2648 4748 nocte
2680 4693 2917 4749 cultores
2959 4708 3086 4750 suos
3125 4695 3274 4765 gravi
3326 4709 3490 4765 opere

1922 4785 2225 4850 consumit;
2270 4784 2409 4839 sicut
2436 4793 2490 4838 et
2517 4783 2705 4838 Petrus
2732 4784 2786 4838 in
2822 4783 3044 4840 Actibus
3075 4787 3435 4856 apostolorum
3469 4804 3486 4842 :

1923 4872 2066 4940 Quid
2091 4874 2321 4939 tentatis,
2365 4873 2570 4943 inquit,
2620 4874 2880 4944 imponere
2914 4873 3100 4944 iugum
3145 4892 3298 4946 graue
3332 4893 3488 4946 super

1923 4961 2113 5018 collum
2138 4963 2385 5032 fratrum,
2415 4963 2554 5031 quod
2580 4979 2742 5035 neque
2767 4980 2860 5018 nos
2884 5004 2899 5030 ,
2928 4981 3090 5036 neque
3124 4975 3296 5037 patres
3321 4967 3487 5023 nostri

1915 5062 2122 5123 portare
2148 5053 2462 5122 potuerunt?
2490 5053 2627 5124 (Act.
2657 5053 2770 5125 xv.)
2801 5053 2953 5121 Quod
2993 5065 3170 5113 autem
3201 5057 3483 5129 apposuit,

1914 5140 2072 5196 nolite
2097 5142 2282 5198 iterum
2298 5183 2314 5208 ,
2342 5157 2448 5198 non
2473 5158 2580 5214 quo
2601 5143 2749 5213 prius
2770 5143 2946 5216 legem
2971 5145 3177 5203 Galata
3210 5149 3484 5204 custodie-

1915 5231 2058 5295 rint,
2102 5233 2195 5287 sed
2240 5248 2346 5302 quo
2378 5242 2434 5288 et
2475 5233 2788 5290 idololatria
2816 5233 3002 5308 jugum
3034 5253 3196 5308 grave
3244 5239 3345 5305 sit,
3376 5254 3484 5310 quo

1915 5318 2290 5390 Egyptiorum
2313 5323 2540 5392 populus
2563 5338 2869 5394 oppressus,
2897 5327 2965 5382 ad
2999 5327 3169 5383 instar
3193 5327 3394 5398 plumbi
3427 5329 3479 5382 in

1915 5407 2160 5464 Rubrum
2201 5426 2352 5467 mare
2379 5429 2587 5470 mersus
2625 5424 2708 5473 est
2748 5415 2945 5485 :juxta
2991 5433 3148 5490 quem
3179 5435 3394 5477 sensqu
3427 5428 3484 5476 et

1913 5514 2078 5570 supra
2126 5501 2335 5557 dixerat
2387 5520 2400 5557 :
2451 5503 2719 5570 Quomodo
2771 5509 3124 5563 convertimini
3170 5509 3356 5564 iterum
3409 5508 3479 5562 ad

1913 5589 2123 5658 inﬁrma
2164 5598 2214 5644 et
2251 5608 2409 5662 egena
2454 5593 2702 5650 elementa
2723 5636 2738 5660 ,
2791 5597 2976 5668 quibus
3033 5614 3240 5652 rursum
3290 5597 3480 5652 servire

1913 5679 2100 5745 vultis,
2131 5682 2238 5738 dies
2283 5684 2636 5754 observantes,
2677 5696 2726 5742 et
2771 5704 2990 5755 menses,
3033 5697 3084 5744 et
3127 5697 3379 5757 tempora.
3429 5691 3478 5738 ⁸⁸
3573 5710 3582 5716 ·

1914 5787 2078 5828 annos
2103 5773 2128 5826 2
