4022 6338
526 352 631 410 535

1160 352 1222 408 Β.
1261 351 1515 408 RABANI
1551 351 1771 409 MAURI
1809 350 2128 413 ARCIIIEP.
2170 353 2475 413 MOGUNT.
2514 354 2797 411 OPERUM
2832 355 3010 412 PARS
3044 356 3130 412 ΠΙ.

3668 362 3781 419 336

596 466 732 523 Ecce
755 483 848 538 ego
871 465 1075 522 Paulus
1098 466 1216 521 dico
1234 466 1403 532 vobis,
1424 466 1548 537 quia
1563 466 1609 521 si
1628 465 2100 531 circumcidamiui,
2130 471 2181 529 Α
2206 468 2500 524 mstimaret
2520 483 2677 538 posse
2698 484 2759 525 se
2783 473 3059 541 consequi,
3086 485 3246 541 quam
3276 481 3337 527 ut
3359 482 3583 531 crateras
3611 475 3781 537 lucti-

527 558 763 616 Christus
801 559 946 613 vobis
995 556 1129 612 nihil
1163 557 1416 628 proderit.
1467 556 1676 627 (Amb.)
1720 554 1873 611 Nunc
1906 564 2105 627 aperta:

524 650 771 706 veritatis
795 656 852 705 et
903 646 1243 703 auctoritatis
1291 660 1402 701 suae
1452 646 1565 701 vim
1624 661 1732 701 non
1788 653 1967 713 tacet,
2018 646 2103 702 di-

528 755 658 796 cens
694 757 719 795 ':
772 737 908 793 Ecce
947 753 1039 809 ego
1084 734 1290 791 Paulus
1327 735 1445 790 dico
1485 735 1629 790 vobis
1669 750 1688 787 :
1736 735 1791 790 id
1841 743 1924 791 est
1946 776 1962 802 ,
2003 749 2104 807 ego

528 825 1076 903 magister'Gentium,
1099 824 1254 895 cujus
1275 839 1413 896 opus
1430 824 1563 880 estis
1588 824 1641 878 in
1662 823 1901 889 Christo,
1922 824 2105 893 palam

527 915 681 973 vobis
726 915 894 971 dico:
918 916 1053 987 quia
1100 915 1232 970 nihil
1272 915 1413 970 vobis
1463 912 1696 985 proderit
1747 908 2013 978 Christus,
2054 914 2103 968 si

528 1004 1022 1070 circumcidamini,
1056 1005 1170 1074 ipse
1218 1002 1364 1063 enim
1416 1003 1681 1059 Dominus
1719 1002 1798 1057 ait
1842 1019 1856 1055 :
1898 1000 2009 1056 Lex
2053 1010 2105 1057 et

525 1095 789 1165 propheta:
810 1104 817 1109 '
839 1109 1001 1165 usque
1033 1094 1102 1147 ad
1151 1092 1433 1160 Joannem,
1463 1110 1529 1148 ex
1559 1108 1664 1165 quo
1701 1106 1915 1161 regnum
1952 1088 2105 1143 calo—

518 1190 645 1235 ‘rum
688 1182 1015 1252 “prtedicatur
1070 1180 1219 1253 (Luc.
1278 1181 1410 1248 xu).
1441 1182 1747 1251 Antequam
1798 1192 1929 1250 ergo
1963 1192 2101 1234 nova

526 1270 789 1341 inciperet
814 1270 1146 1340 praedicatio,
1166 1270 1410 1340 "oportuit
1447 1269 1760 1324 circumcidi
1795 1287 1808 1323 :
1836 1281 1980 1322 nunc
2002 1282 2103 1321 au-

528 1366 637 1414 tem
668 1359 787 1430 lege
830 1359 952 1414 ﬁdei
1003 1359 1347 1423 succedente,
1374 1373 1438 1413 ea
1484 1359 1755 1429 sequenda
1817 1363 1942 1412 sunt
1982 1346 2105 1427 qum

528 1449 678 1504 rudis
703 1450 903 1504 veritas
939 1447 1091 1517 jubet
1120 1466 1133 1501 :
1163 1448 1285 1517 quia
1316 1452 1473 1504 vetu‘s
1506 1456 1561 1504 et
1590 1463 1786 1503 novum
1816 1446 2104 1503 admisceri

524 1553 635 1592 non
652 1538 867 1604 debent,
882 1538 1203 1592 auctoritate
1222 1535 1433 1591 Domini
1448 1535 1815 1607 praedicantis,
1832 1536 1906 1590 ait
1920 1536 2064 1591 enim
2083 1553 2098 1590 :

533 1628 702 1683 Nemo
744 1628 1154 1681 additamentum
1192 1628 1352 1697 panni
1397 1626 1548 1681 rudis
1589 1627 1756 1681 assuit
1803 1626 2100 1681 vestimento

529 1719 720 1784 reteri;
750 1717 880 1772 tollit
904 1718 1041 1771 enim
1083 1716 1441 1786 fortitudinem
1478 1715 1594 1786 ejus
1619 1733 1651 1769 a
1676 1716 1971 1771 vestimento
1996 1756 2011 1782 ,
2051 1726 2102 1771 et

2202 558 2437 624 faceret,
2484 559 2661 616 laetus
2688 561 2885 641 Iudaeis
2908 561 3145 629 Judzrus,
3179 573 3237 619 ut
3273 563 3488 624 Judaeos
3510 570 3582 625 ad
3615 568 3778 629 ﬁdem

2204 647 2404 704 Christi
2432 665 2530 704 sua
2556 651 2963 708 circumcisione
2998 654 3386 711 transduccret.
3425 655 3580 715 Tunc
3608 661 3783 732 siqui—

2205 736 2327 792 dem
2363 753 2468 793 non
2496 740 2715 809 prodest
2744 741 3087 798 circumcisio
3109 784 3127 809 ,
3169 759 3293 799 cum
3328 745 3531 816 aliquid
3570 766 3670 820 per
3691 768 3783 809 se-

2202 827 2484 898 metipsam
2514 837 2732 899 putatur
2754 831 3001 887 utilitatis
3038 833 3251 889 atl'erre.
3279 833 3465 909 (Aug)
3491 835 3623 894 Dico
3647 854 3785 913 ergo

2204 917 2666 976 circumcisionem
2684 922 2954 993 praeputii,
2978 930 3033 980 et
3056 932 3251 980 caetera
3275 925 3584 994 huiusmodi
3607 930 3780 1001 priori

2202 1007 2398 1078 pupula
2424 1023 2522 1078 per
2543 1017 2921 1066 testamentum
2948 1013 3089 1082 quod
3117 1022 3272 1069 vetus
3295 1014 3497 1070 dicitur
3519 1018 3788 1077 divinitus

2205 1097 2328 1152 data
2347 1098 2416 1153 ad
2439 1099 2884 1171 signiﬁcationem
2914 1100 3216 1157 futurorum
3238 1119 3360 1173 quae
3380 1120 3481 1175 per
3502 1105 3785 1163 Christum
3851 1086 3875 1107 ’

2203 1188 2520 1257 oportebant
2540 1187 2747 1258 impleri
2773 1207 2786 1243 :
2811 1189 3005 1260 quibus
3026 1192 3430 1249 advenientibus
3450 1196 3790 1252 remansisse

2205 1274 2293 1331 illa
2322 1274 2641 1331 Christianis
2662 1276 2883 1348 legenda
2905 1287 3114 1335 tantum
3140 1280 3633 1354 adintelligentiam
3658 1300 3789 1355 pro-

2204 1366 2387 1422 missae
2411 1366 2732 1437 prophetiae,
2782 1382 2887 1422 non
2933 1377 3112 1426 autem
3141 1373 3447 1428 necessario
3485 1373 3742 1430 facienda
3763 1415 3787 1439 ,

2204 1455 2360 1525 quasi
2378 1457 2556 1512 adhuc
2575 1458 2996 1527 exspectandum
3014 1467 3160 1515 esset
3176 1470 3237 1516 ut
3250 1462 3458 1517 veniret
3473 1462 3599 1519 ﬁdei
3621 1478 3785 1520 reve-

2203 1544 2359 1610 latio,
2381 1560 2500 1615 quae
2517 1546 2604 1601 hic
2619 1548 3022 1617 signiﬁcabatur
3036 1565 3160 1606 esse
3172 1560 3401 1607 ventura
3418 1569 3435 1618 ;
3462 1553 3562 1608 sed
3586 1568 3785 1624 quam-

2202 1638 2289 1694 vis
2314 1636 2578 1693 Gentibus
2615 1638 2930 1708 imponenda
2957 1649 3307 1709 noneessent,
3352 1657 3460 1698 non
3492 1652 3675 1699 tamen
3701 1644 3788 1700 sic

2203 1728 2453 1785 debuisse
2497 1727 2696 1782 auferri
2718 1742 2749 1782 a
2769 1730 3154 1786 consuetudine
3174 1730 3479 1787 Iudaeorum
3502 1741 3787 1804 tamquam

532 1806 708 1877 major
727 1806 1034 1875 ﬁt'scissura
1059 1804 1271 1875 (Matth.
1313 1804 1412 1876 ιχ).
1440 1804 1520 1860 Ac
1544 1820 1641 1875 per
1661 1805 1762 1860 hoc
1786 1820 1891 1860 non
1925 1805 2096 1861 solum
2124 1806 2174 1866 B
2202 1819 2498 1885 detestata,
2551 1825 2714 1887 atque
2759 1817 3007 1873 damnata
3032 1860 3049 1887 ,
3103 1820 3303 1876 sensim
3342 1822 3570 1893 proinde
3620 1832 3791 1893 atque

520 1898 664 1965 nihil
688 1897 928 1968 proderit
947 1895 1088 1950 lideli
1110 1895 1288 1951 addita
1310 1895 1671 1961 circumcisio,
1700 1897 1792 1951 sed
1813 1904 1869 1951 et
1887 1897 2096 1952 oberit:

527 1989 702 2059 majus
731 1988 873 2042 enim
897 1985 1097 2042 malum
1118 1995 1288 2042 estex
1318 1985 1489 2042 libero
1517 1998 1732 2041 servum
1758 1986 1910 2052 ﬁeri,
1939 2001 2099 2056 quam

528 2079 699 2135 nasci.
729 2078 925 2151 (Hier.)
954 2078 1088 2132 Nam
1128 2093 1250 2133 cum
1284 2085 1339 2133 et
1383 2077 1436 2131 in
1461 2077 1636 2148 prima
1690 2078 1755 2132 ad
1794 2075 2102 2134 Corinthios

518 2170 875 2241 prtemisisset
905 2187 919 2223 :
954 2168 1052 2223 His
1080 2177 1253 2223 autem
1279 2168 1368 2239 qui
1390 2169 1536 2239 nupti
1554 2177 1675 2224 sunt
1706 2168 1975 2232 denuntio,
2001 2182 2105 2222 non

524 2276 640 2331 ego,
656 2258 747 2314 sed
768 2259 1020 2313 Dominus
1040 2257 1090 2330 (l
1107 2255 1228 2312 Cor.
1246 2258 1364 2328 vn),
1389 2266 1443 2313 et
1461 2259 1641 2313 statim
1664 2257 1966 2313 intulisset:
1991 2255 2105 2310 Cte-

530 2352 655 2407 teris
678 2360 850 2405 autem
873 2366 965 2421 ego
986 2349 1253 2420 pra’cipio,
1281 2362 1351 2403 ne
1370 2348 1491 2404 vilis
1511 2364 1605 2404 sua
1626 2356 1907 2418 putaretur
1927 2354 2106 2402 aucto-

532 2443 669 2496 ritas
695 2458 709 2492 :
736 2437 898 2502 Puto,
928 2439 1124 2509 inquit,
1150 2439 1289 2509 quod
1314 2448 1361 2493 et
1387 2455 1480 2511 ego
1510 2438 1764 2508 Spiritum
1793 2437 1893 2491 Dei
1913 2437 2105 2502 habeo;

532 2537 594 2584 ut
615 2528 816 2600 Spiritu
845 2537 900 2585 et
928 2527 1142 2583 Christo
1172 2528 1227 2582 in
1262 2543 1323 2584 se
1346 2527 1613 2598 loquente,
1647 2542 1754 2583 non
1777 2524 2106 2595 contemptui

534 2619 843 2684 duceretur,
871 2618 963 2688 qui
990 2619 1282 2689 prophetas
1307 2618 1525 2673 imitans
1551 2618 1756 2673 diceret
1781 2635 1793 2671 :
1825 2615 1955 2671 Hrec
1981 2615 2106 2671 dicit

533 2711 789 2767 Dominus
811 2712 1150 2783 omnipotens.
1192 2709 1362 2779 Maius
1391 2718 1572 2765 autem
1596 2709 1690 2765 lict
1734 2708 1788 2764 id
1818 2706 1961 2779 quod
1991 2707 2106 2762 dic-

518 2808 648 2859 -l.um
668 2812 782 2858 est:
806 2802 941 2858 Ecce
963 2819 1053 2874 ego
1075 2801 1278 2858 Paulus
1304 2802 1420 2857 dico
1439 2802 1604 2868 vobis,
1624 2801 1746 2874 quia
1770 2801 1815 2855 si
1838 2797 2109 2854 circumci-

533 2894 753 2961 damini,
777 2891 1016 2948 Christus
1042 2892 1182 2948 vobis
1209 2893 1338 2948 nihil
1359 2892 1588 2964 prodest,
1615 2892 1661 2948 si
1686 2905 1809 2947 cum
1845 2888 2109 2961 principio

515 2984 831 3057 fcopuletur,
846 2985 901 3040 in
922 2999 1028 3055 quo
1050 2984 1157 3040 ait:
1174 2983 1375 3038 Paulus
1392 2983 1656 3055 apostolus
1677 2998 1782 3037 non
1801 2979 1865 3034 ab
1886 2978 2110 3033 homini-

532 3080 629 3135 bus
658 3096 819 3151 neque
842 3096 935 3151 per
954 3078 1235 3142 hominem,
1278 3077 1367 3130 sed
1393 3090 1484 3146 per
1510 3075 1690 3130 Jesum
1718 3072 2013 3137 Christum,
2053 3075 2110 3123 et

2200 1911 2457 1983 paulatim
2503 1908 2745 1965 fervente
2763 1925 2894 1965 sane
2927 1910 3308 1981 praedicatione
3342 1913 3528 1984 gratia:
3549 1906 3789 1979 Christi,

2202 2018 2307 2072 qua
2351 2002 2463 2057 sola
2498 2008 2716 2056 nossent
2755 2001 3035 2056 credentes
3070 2017 3130 2057 se
3166 2001 3451 2073 iustiﬁcari
3491 2001 3793 2073 salvosque

2203 2091 2343 2159 ﬁeri,
2368 2098 2473 2147 utin
2504 2091 2608 2149 illis
2633 2090 2841 2147 umbris
2862 2105 3044 2147 rerum
3078 2100 3237 2147 antea
3269 2081 3608 2159 futurarum,
3653 2101 3793 2148 tunc

2122 2189 2145 2201 ‘
2198 2181 2311 2252 jam
2353 2182 2680 2239 venientium
2728 2190 2890 2251 atque
2929 2182 3398 2251 praesentium,ut
3436 2181 3492 2235 in
3547 2180 3641 2235 illa
3688 2179 3796 2235 Ju-

2204 2278 2442 2333 dasurum
2486 2275 2767 2331 vocatione
2802 2289 2937 2345 quos
2971 2274 3256 2343 praesentia
3298 2272 3531 2329 carnalis
3564 2272 3794 2328 Domini

2204 2374 2259 2421 et
2283 2364 2574 2437 apostolica
2591 2372 2832 2435 tempora
2853 2363 2933 2418 sic
2957 2362 3298 2427 invenerant,
3323 2361 3503 2416 omnis
3522 2360 3615 2415 illa
3634 2360 3797 2415 actio

2205 2464 2613 2513 consumeretur
2639 2456 2954 2510 umbrarum
2987 2472 3000 2508 :
3027 2454 3131 2509 hoc
3156 2453 3205 2510 ei
3231 2448 3507 2509 suffecisse
3536 2451 3607 2506 ad
3633 2467 3797 2507 corn-

2204 2546 2602 2602 mendationem
2629 2553 2692 2600 ut
2728 2530 2837 2599 non
2865 2551 3122 2614 tanquam
3159 2540 3474 2598 detestanda
3505 2547 3563 2595 et
3585 2539 3796 2596 similis

2207 2634 2520 2691 idololatriae
2563 2633 2827 2690 vitaretur
2865 2647 2882 2688 :
2911 2633 3052 2688 ultra
3075 2646 3206 2688 vero
3232 2647 3340 2689 non
3380 2630 3608 2687 haberet
3650 2645 3793 2701 pro-

2205 2731 2468 2794 gressum,
2499 2738 2567 2779 ne
2586 2730 2867 2794 putaretur
2901 2721 3201 2778 necessaria
3221 2762 3237 2789 ,
3281 2729 3553 2791 tamquam
3584 2719 3672 2776 vel
3716 2716 3797 2775 ab

2206 2812 2297 2868 illa
2341 2811 2487 2867 salus
2521 2819 2688 2877 esset,
2720 2810 2807 2865 vel
2839 2810 2956 2865 sine
2986 2809 3076 2865 illa
3110 2824 3229 2865 esse
3256 2823 3365 2864 non
3392 2815 3608 2878 posset:
3635 2807 3794 2877 quod

2206 2909 2531 2973 putaverunt
2572 2900 2835 2968 haeretici,
2875 2900 2965 2971 qui
2994 2900 3120 2955 dum
3147 2899 3332 2954 volunt
3359 2913 3479 2954 esse
3526 2893 3699 2953 Judaei
3735 2904 3799 2954 et

2207 2990 2520 3057 Christiani,
2547 3004 2649 3047 nec
2674 2988 2868 3055 Judazi,
2891 3005 2991 3046 nec
3011 2989 3302 3047 Christiani
3320 3004 3443 3044 esse
3465 2994 3797 3060 potuerunt.

2208 3080 2482 3138 Christum
2533 3089 2712 3137 autem
2758 3081 2892 3139 nihil
2924 3082 3004 3136 eis
3033 3081 3370 3152 profuturum
3408 3095 3530 3137 esse
3571 3080 3710 3137 dicit
3744 3081 3799 3139 si

535 3171 762 3242 reliqua,
792 3176 849 3224 ut
878 3169 1180 3233 audientes,
1202 3174 1441 3222 nontam
1458 3164 1629 3230 missi,
1652 3177 1815 3234 quam
1841 3159 2104 3217 mittentis
2132 3159 2177 3222 C
2209 3173 2683 3240 circumcidanmr,
2714 3172 2811 3228 sed
2835 3171 2926 3227 ῖιιο
2954 3173 3111 3229 modo
3143 3186 3249 3243 quo
3275 3186 3370 3229 eos
3398 3172 3489 3227 ίειί
3532 3171 3801 3227 volebam

536 3259 856 3315 auctoritate
901 3264 1237 3312 moveantur.
1284 3254 1468 3310 Potest
1499 3253 1692 3323 aliquis
1718 3250 1928 3306 dicere:
1962 3247 2104 3305 Con-

536 3351 761 3407 trarium
785 3358 870 3405 est
889 3349 1014 3428 huic
1045 3348 1161 3404 loco
1192 3347 1319 3402 illud
1344 3345 1487 3417 quod
1514 3346 1582 3400 ad
1616 3345 1891 3400 Romanos
1915 3341 2111 3399 scribi-

536 3450 627 3497 tur
652 3440 943 3512 (Rom-tu)
969 3459 982 3495 :
1010 3438 1351 3494 Circumcisio
1375 3437 1583 3510 quidem
1605 3435 1842 3508 prodest,
1877 3435 1923 3490 si
1947 3434 2107 3505 legem

2209 3262 2522 3320 circumcidi
2551 3281 2563 3316 :
2594 3263 2646 3317 id
2674 3266 2778 3328 est,
2803 3268 2864 3317 ut
2896 3262 2949 3316 in
2976 3260 3157 3318 carnis
3176 3260 3587 3318 circumcisione
3618 3275 3799 3331 pone-

2208 3364 2327 3413 rent
2355 3370 2504 3426 spem
2534 3352 2744 3411 salutis.
2794 3352 2910 3409 Non
2938 3354 3081 3410 enim
3128 3352 3412 3409 Timotheo
3451 3369 3559 3409 non
3580 3351 3799 3424 profuit

2207 3448 2485 3514 Christus,
2516 3447 2640 3518 quia
2694 3445 2894 3503 Paulus
2936 3446 3050 3517 ipse
3083 3439 3230 3502 illum
3253 3445 3368 3517 jam
3417 3442 3796 3501 Christianum

536 3532 839 3599 custodias;
876 3541 933 3588 et
967 3529 1107 3585 infra
1141 3547 1155 3584 :
1199 3528 1341 3596 Quid
1378 3543 1498 3599 ergo
1529 3525 1752 3598 amplius
1794 3532 1869 3580 est
1892 3523 2108 3591 Iudico,

2212 3541 2453 3613 iuvenem
2482 3538 2819 3595 circumcidit
2842 3555 2856 3592 :
2878 3535 3006 3593 fecit
3029 3544 3208 3591 autem
3234 3543 3456 3608 propter
3472 3530 3795 3592 scandalum

539 3632 630 3677 aut
658 3639 774 3693 qua:
795 3620 997 3676 u:ilitas
1022 3617 1474 3674 circumcisionis?
1517 3614 1744 3671 Multum
1779 3631 1870 3686 per
1906 3630 2108 3669 omnem

539 3714 751 3769 modum
772 3726 789 3765 .'
812 3713 1037 3785 primum
1058 3709 1267 3783 quidem
1285 3709 1406 3779 quia
1419 3707 1618 3762 credita
1636 3715 1758 3761 sunt
1780 3704 1886 3759 illis
1905 3702 2111 3775 eloquia

540 3807 658 3861 Dei.
690 3803 749 3859 Si
771 3804 915 3860 enim
938 3802 1137 3872 bis-qui
1159 3799 1465 3857 circumcisi
1482 3796 1694 3853 iuerint
1713 3794 1959 3851 Christus
1977 3791 2111 3848 nihil

540 3898 779 3971 prodest,
810 3895 1078 3967 quomodo
1104 3894 1277 3963 legem
1305 3888 1727 3948 custodientibus
1754 3886 1974 3958 prodest
1997 3884 2108 3940 cir-

541 3987 840 4044 cumcisio?
880 3986 1033 4054 Quod
1071 3983 1292 4055 quidem
1328 3983 1431 4036 hac
1470 3977 1820 4050 responsione
1844 3974 2109 4038 solvetur,

540 4088 600 4135 ut
622 4079 868 4135 dicamus
890 4074 1205 4146 Epistolam,
1234 4087 1355 4143 quae
1377 4071 1446 4126 ad
1473 4070 1746 4125 Romanos
1775 4065 1973 4134 scripta
1995 4069 2107 4126 est,

542 4174 611 4228 ad
652 4187 745 4229 eos
772 4184 893 4226 esse
930 4169 1218 4231 dictatam,
1248 4164 1341 4235 qui
1383 4177 1450 4218 ex
1485 4159 1683 4216 Judaeis
1723 4156 2113 4230 gemitibusque

543 4263 912 4324 crediderant;
937 4268 993 4313 et
1013 4259 1116 4312 hoc
1141 4254 1314 4326 egisse
1324 4252 1570 4319 Paulum,
1592 4259 1654 4306 ut
1674 4257 1865 4305 neuter
1886 4245 2112 4317 populus

500 4400 509 4407 .
544 4352 935 4415 oﬂ'euderetur,
959 4360 1066 4417 quo
1095 4345 1302 4400 scilicet
1326 4357 1482 4397 suum
1516 4349 1744 4410 utraque
1767 4337 1918 4409 plebs
1944 4335 2112 4406 privi-

546 4444 743 4517 legium
768 4439 1087 4512 possideret,
1112 4443 1173 4490 ut
1196 4448 1296 4489 nec
1317 4431 1557 4489 Gentiles
1577 4427 2111 4491 circumciderentur,

2209 3644 2451 3696 suorum,
2476 3628 2612 3684 nihil
2634 3627 2892 3683 simulans
2907 3626 3146 3692 omnino,
3163 3625 3258 3681 sed
3275 3639 3343 3682 ex
3368 3624 3460 3679 illa
3477 3621 3796 3680 indiﬂ’eren-

2209 3719 2282 3773 tia
2312 3733 2416 3788 qua
2447 3717 2596 3782 dicit,
2625 3715 2963 3772 Circumcisio
3001 3713 3134 3771 nihil
3171 3723 3266 3780 est,
3300 3714 3611 3786 prwputium
3652 3712 3799 3767 nihil

2210 3817 2284 3862 est
2311 3823 2330 3862 :
2355 3805 2486 3862 nihil
2511 3807 2656 3862 enim
2674 3807 2829 3861 obest
2844 3806 2944 3862 ista
2974 3802 3314 3861 circumcisio
3340 3802 3412 3869 ei,
3435 3801 3526 3873 qui
3554 3800 3795 3858 salutem

2210 3894 2265 3950 in
2292 3896 2380 3951 illa
2406 3911 2528 3952 esse
2561 3910 2668 3951 non
2693 3894 2886 3950 credit.
3120 3955 3125 3959 1

2284 3983 2556 4053 Testiﬁcor
2574 3993 2749 4038 autem
2776 3984 2917 4037 omni
2939 3982 3137 4037 homini
3159 3963 3547 4037 circumsident:
3561 3997 3638 4046 se,
3657 3982 3795 4052 quia

2212 4075 2412 4130 debitor
2435 4083 2509 4130 est
2537 4076 2788 4139 universa:
2832 4072 2960 4145 legis
2990 4074 3267 4144 facienda.
3310 4072 3512 4146 (Δηὼ.)
3554 4072 3796 4128 Possunt

2214 4164 2375 4235 aliqui
2404 4165 2573 4235 legem
2601 4164 2938 4234 aliquatenus
2960 4178 3198 4229 servare,
3228 4171 3412 4220 etnon
3434 4162 3791 4219 circumcidi:

2212 4270 2342 4309 nam
2388 4254 2541 4309 multi
2568 4254 2935 4309 Romanorum
2975 4255 3031 4308 in
3072 4251 3255 4308 Iudaea
3289 4253 3577 4309 servabant
3610 4251 3793 4322 legem

2214 4343 2597 4398 incircumcisi.
2635 4343 2787 4399 Unde
2815 4344 2947 4398 dicit
2972 4342 3168 4399 Paulus
3194 4342 3469 4412 apostolus
3492 4340 3563 4395 ad
3586 4339 3793 4410 Agrip-

2213 4446 2340 4502 pam
2368 4447 2549 4504 regem
2580 4431 2778 4488 Iudaea:
2815 4449 2829 4485 :
2855 4430 3057 4497 Credis,
3090 4447 3182 4485 rex
3207 4431 3454 4500 Agrippa,
3480 4426 3747 4499 prophetis
3766 4427 3796 4483 2

546 4504 650 4592 nec
681 4504 985 4590 circumcisi
1032 4527 1359 4583 adducerent
1397 4523 1737 4595 prazputium.
1775 4518 1858 4573 Ad
1896 4517 2114 4574 Galatas
2137 4504 2191 4569 Ῐ)
2216 4520 2341 4577 Scio
2368 4524 2490 4595 quia
2512 4523 2678 4578 credis
2707 4523 2843 4595 (Act.
2872 4521 3042 4595 xxv1).
3071 4521 3140 4577 Et
3159 4520 3402 4577 centurio
3426 4518 3578 4587 cuius
3598 4533 3794 4575 servus

550 4633 729 4683 autem
758 4623 1022 4687 scribens,
1046 4619 1154 4675 alio
1179 4633 1308 4674 usus
1341 4616 1413 4672 sit
1438 4621 1756 4686 argumento
1784 4628 1797 4664 :
1826 4623 1933 4664 non
1973 4607 2116 4663 enim

550 4723 715 4773 erant
733 4729 802 4770 ex
837 4711 1243 4770 circumcisione
1261 4750 1277 4777 ,
1318 4708 1410 4765 sed
1436 4722 1503 4764 ex
1529 4702 1792 4762 Gentibus
1818 4700 1911 4771 qui
1937 4698 2116 4755 credi-

551 4809 766 4873 derant,
796 4819 897 4860 nec
926 4800 1260 4875 poterat-eis
1300 4797 1563 4869 prodesse
1599 4789 1975 4854 circumcisio,
2023 4788 2118 4859 qui

549 4894 957 4970 postEvangelii
969 4893 1197 4965 gratiam
1213 4890 1407 4946 iterum
1418 4886 1488 4942 ad
1510 4882 1699 4970 legalis
1719 4886 2120 4936 reverterentur

552 4964 1124 5047 elementa.'Subtilius
1148 4978 1488 5052 intelligenda
1504 4964 1799 5039 sententia,
1822 4970 1881 5028 Si
1900 4971 2121 5026 cireum-

553 5077 820 5140 eidamini,
837 5074 1072 5130 Christus
1092 5072 1235 5128 vobis
1256 5066 1387 5123 nihil
1403 5064 1609 5137 prodest
1626 5076 1645 5115 :
1665 5064 1808 5133 quod
1830 5076 1935 5116 non
1949 5059 2121 5117 solum

556 5170 611 5228 in
634 5185 702 5227 eo
728 5170 774 5228 si
802 5166 1260 5225 circumcidantur
1286 5175 1393 5216 non
1423 5159 1502 5215 eis
1529 5156 1702 5228 prosit
1742 5155 1857 5225 ipsa
1887 5154 2121 5209 circum-

553 5264 719 5333 cisio;
742 5263 846 5320 sed
878 5259 1091 5318 etiamsi
1119 5264 1345 5313 caeteras
1384 5252 1666 5307 videantur
1688 5255 1843 5304 extra
1885 5246 2120 5302 circum-

555 5355 812 5412 cisionem
852 5354 906 5408 in
935 5349 1152 5406 Christo
1192 5345 1393 5401 habere
1423 5342 1677 5405 virtutes,
1714 5338 1977 5393 universzc
1997 5350 2124 5407 per-

555 5452 704 5513 eant,
720 5459 840 5501 cum
857 5450 976 5512 post
990 5438 1159 5494 ﬁdem
1170 5433 1375 5491 Christi
1416 5432 1613 5488 iuerint
1641 5428 1964 5487 circumcisi.
1988 5426 2128 5494 Quid

560 5536 754 5609 igitur?
782 5534 915 5590 nihil
949 5530 1150 5601 proluit
1183 5527 1464 5583 Timotheo
1493 5520 1869 5580 circumcisio?
1902 5518 2127 5573 Multum

556 5608 651 5697 per
671 5640 875 5681 omnem
905 5621 1133 5677 modum.
1166 5617 1282 5674 Non
1317 5616 1460 5672 enim
1494 5624 1601 5669 tam
1635 5614 1752 5668 ideo
1776 5608 2129 5667 circumcisus

558 5696 679 5783 est,
729 5726 787 5770 ut
820 5728 889 5767 ex
935 5713 1046 5780 ipsa
1088 5708 1496 5767 circumcisione
1541 5700 1742 5771 aliquid
1782 5696 2127 5756 emolumenti

2221 4619 2338 4669 erat
2361 4613 2685 4679 moriturus,
2736 4613 2828 4682 qui
2857 4612 3073 4668 mittens
3118 4610 3183 4667 ad
3225 4609 3409 4666 Jesum
3457 4611 3681 4681 rogabat
3727 4616 3794 4664 ut

2220 4701 2432 4757 veniret
2454 4709 2509 4757 et
2524 4710 2740 4757 sanaret
2759 4717 2973 4757 servum
2995 4701 3132 4770 ejus,
3154 4702 3242 4757 cui
3268 4699 3635 4756 testimonium
3662 4714 3794 4771 per-

2222 4791 2467 4849 bibentes
2494 4784 2675 4848 Judzei
2692 4792 2942 4847 dicebant
2965 4792 3031 4847 ad
3053 4790 3236 4847 Jesum
3261 4807 3276 4844 :
3302 4789 3593 4861 Dignusest
3616 4799 3673 4843 ut
3690 4790 3794 4845 hoc

2222 4893 2434 4954 praestes
2456 4884 2542 4937 ei:
2567 4883 2735 4954 diligit
2751 4883 2887 4957 enim
2906 4892 3107 4953 gentem
3127 4891 3378 4948 nostram,
3402 4892 3450 4935 et
3469 4896 3795 4951 synagogant

2222 4972 2331 5042 ipse
2355 4971 2630 5041 aediﬁcavit
2662 4971 2808 5025 nobis
2835 4970 2986 5041 (Luc.
3000 4971 3121 5043 vn).
3149 4968 3317 5025 Nemo
3343 4977 3523 5025 tamen
3551 4968 3792 5023 circum-

2223 5064 2371 5119 cisus
2415 5070 2519 5118 non
2562 5071 2730 5118 totam
2761 5063 2945 5138 legem
2990 5069 3208 5118 servat:
3248 5061 3457 5117 debitor
3485 5068 3571 5116 est
3609 5050 3794 5125 enim,

2226 5152 2352 5222 quia
2414 5152 2501 5207 lex
2552 5151 2886 5207 circumcisis
2935 5150 3059 5206 data
3108 5158 3212 5206 est.
3273 5148 3388 5204 Hoc
3444 5147 3568 5202 idco
3616 5146 3794 5213 dixit,

2225 5242 2351 5311 quia
2383 5248 2490 5293 tam
2536 5239 2756 5294 hebetes
2800 5252 2858 5294 se
2884 5238 3267 5303 ostendebant,
3314 5242 3376 5290 ut
3426 5234 3573 5304 digni
3607 5241 3795 5290 essent

2226 5332 2405 5387 omnia
2429 5345 2593 5387 onera
2620 5328 2752 5401 legis
2777 5338 3009 5401 portare.
3039 5326 3239 5402 (Πίον.)
3270 5326 3411 5382 Deus
3440 5325 3530 5395 qui
3562 5325 3796 5380 circnm-

2227 5424 2485 5479 cisionem
2512 5420 2688 5493 primo
2714 5421 2780 5476 ad
2813 5419 3105 5483 Abraham,
3147 5416 3339 5473 deinde
3366 5432 3464 5487 per
3490 5415 3709 5487 Moysen
3734 5414 3789 5468 in

2228 5515 2344 5585 lege
2378 5514 2662 5585 praecepit,
2704 5528 2811 5569 non
2858 5512 3029 5568 solum
3067 5509 3568 5572 circumeisionem,
3602 5508 3694 5563 sed
3736 5514 3803 5571 et,

2229 5608 2333 5663 alia
2361 5606 2525 5662 multa
2559 5605 2891 5661 observanda
2925 5602 3203 5659 constituit
3234 5621 3247 5655 :
3275 5601 3388 5656 dies
3410 5598 3579 5654 festos
3606 5597 3794 5653 Hiero-

2229 5696 2448 5769 solymis
2476 5696 2913 5766 frequentandos,
2956 5695 3251 5750 hostiarum
3295 5690 3604 5746 holocausta
3636 5698 3794 5743 mane
