4022 6338
286 388 396 444 357

777 386 1318 446 ENARRATIONUM
1351 389 1418 444 IN
1458 388 1604 444 EPP.
1645 385 1846 442 PAULI
1885 383 2011 438 LIB.
2057 381 2172 436 XV.
2207 411 2277 422 —
2311 381 2376 436 IN
2417 381 2632 438 EPIST.
2673 383 2764 438 AD
2803 383 3050 439 GALAT.

3429 374 3534 433 558

285 513 508 568 semper
527 506 582 553 et
599 511 837 569 vespere,
862 497 1280 552 immolationem
1309 499 1361 550 in
1384 512 1490 550 uno
1513 504 1717 550 tantum
1743 494 1860 548 loco
1887 499 1935 556 Α
1962 493 2111 557 lium,
2141 491 2282 561 quod
2326 497 2590 555 tenuerat,
2624 489 2842 552 amittit,
2868 489 2960 558 qui
2989 488 3041 542 in
3070 485 3246 556 aliqua
3275 485 3529 542 observa-

285 589 417 659 διειιί
436 629 453 652 ,
483 597 644 642 terra:
671 586 894 656 septima
925 593 1082 640 astate
1127 586 1308 650 ferias,
1357 585 1856 655 quinquagesimum

287 677 630 731 remissionis
647 683 870 739 annum,
893 683 943 728 et
970 685 1164 730 canera
1199 691 1316 745 qua:
1337 675 1489 730 facile
1523 683 1605 729 est
1631 676 1696 729 de
1721 674 1861 729 Scri-

290 769 468 840 pturis
491 781 780 836 excerpere
813 767 912 822 sibi
937 781 1367 835 unumquemque
1397 767 1670 820 lectorem.
1699 765 1864 821 Coar-

291 863 564 917 ctabimus
588 861 768 930 itaque
791 860 1051 913 Ebionem
1075 867 1128 912 et
1153 867 1444 913 sectatores
1463 857 1600 926 ejus,
1629 858 1718 926 qui
1745 866 1867 928 post

293 953 650 1022 Evangeliuni
689 951 970 1006 credentes
1008 949 1063 1004 in
1106 949 1321 1004 Christo
1345 989 1360 1014 ,
1403 949 1866 1004 circumcidendos

292 1053 509 1116 putant,
527 1052 619 1098 aut
639 1051 699 1096 ut
713 1041 1175 1100 circumcisionem
1203 1041 1422 1104 faciant,
1452 1049 1506 1094 et
1533 1049 1722 1095 caatera
1748 1055 1868 1109 quas

293 1134 686 1204 prmcipiuntur
723 1131 774 1184 in
803 1131 947 1201 lege;
981 1138 1073 1184 aut
1117 1131 1168 1186 si.
1197 1130 1526 1200 impossibile
1551 1138 1634 1184 est
1674 1137 1869 1184 cuncta

297 1222 440 1284 fieri,
482 1227 657 1275 cesset
695 1228 750 1274 et
788 1218 1146 1283 circumcisio,
1186 1233 1305 1288 quae
1331 1234 1454 1273 cum
1480 1218 1690 1274 caeteris
1715 1217 1868 1288 quasi

299 1313 508 1368 inutilis
532 1311 891 1381 praetermissa
920 1318 1022 1365 est.
1052 1309 1204 1377 Quod
1229 1311 1274 1365 si
1301 1311 1674 1380 responderint
1698 1310 1870 1380 possi-

299 1403 430 1456 bilia
457 1410 667 1454 tantum
695 1400 892 1456 debere
922 1413 980 1453 se
1009 1398 1187 1453 facere
1217 1399 1346 1467 (non
1387 1399 1530 1453 enim
1560 1397 1727 1454 Deum
1750 1412 1812 1452 ea
1838 1413 1871 1452 a

301 1491 460 1546 nobis
497 1490 713 1558 exigere
737 1503 856 1558 qua:
889 1504 994 1543 non
1021 1488 1319 1558 possimus,
1347 1488 1439 1544 sed
1463 1503 1580 1557 qua:
1605 1487 1872 1558 possimus

303 1580 587 1650 implere);
617 1581 854 1634 dicemus
887 1579 995 1644 eis,
1019 1594 1121 1634 non
1150 1579 1388 1650 ejusdem
1415 1594 1535 1634 esse
1564 1579 1658 1632 Dei
1689 1588 1872 1634 custo-

301 1671 423 1725 dire
451 1669 590 1724 velle
615 1669 809 1740 legem,
834 1677 890 1722 et
909 1683 1023 1733 eos,
1055 1668 1144 1738 qui
1171 1668 1338 1739 legem
1361 1668 1687 1732 custodiant,
1717 1668 1874 1722 dere-

303 1760 573 1828 linquere.
615 1758 722 1811 Ant
762 1757 1028 1827 quomodo
1056 1766 1274 1828 propter
1297 1758 1662 1812 intermissam
1703 1756 1875 1828 legem

1965 584 2106 638 tione
2129 583 2262 653 legis
2289 599 2346 637 se
2368 581 2654 651 justiﬁcari
2681 588 2864 649 putat;
2899 587 2953 633 et
2993 593 3115 633 cum
3147 576 3374 648 gratiam
3405 574 3534 629 amio

1964 675 2126 738 serit,
2183 689 2213 728 a
2262 671 2464 726 Christi
2489 671 2591 726 ﬁde
2635 669 2978 733 destituitur,
3020 675 3076 722 ct
3111 667 3163 720 in
3217 666 3333 736 ejus
3373 677 3534 734 opere

1963 762 2296 832 conquiescit
2321 779 2334 815 ε
2361 763 2698 837 κατηργήθητε
2723 759 2866 813 enim
2889 759 2992 814 διπό
3017 763 3107 815 τοῦ
3134 761 3356 832 Χριστοῦ
3380 794 3396 820 ,
3426 768 3533 808 non

1964 861 2025 906 ut
2054 851 2106 906 in
2135 851 2326 906 Latino
2353 850 2493 905 male
2522 851 2932 919 interpretatum
2961 855 3064 914 est,
3087 846 3324 901 evacuati
3349 845 3472 898 estis
3499 860 3533 897 a

1965 941 2190 1007 Christo,
2221 942 2313 997 sed
2335 943 2391 995 in
2418 939 2613 995 Christi
2639 955 2788 1010 opere
2809 940 3066 994 cessastis.
3093 937 3258 1009 Magis
3284 935 3536 1007 intelligi-

1966 1038 2075 1092 tur,
2089 1033 2156 1083 'ut
2176 1029 2227 1083 id
2239 1029 2381 1098 quod
2397 1044 2557 1098 supra
2573 1028 2884 1098 spiritaliter
2895 1029 2960 1083 de
2975 1025 3381 1083 circumcisione
3398 1041 3537 1096 prae-

1966 1127 2201 1188 ceperat,
2217 1117 2422 1184 dicens,
2439 1117 2499 1173 Si
2513 1118 2980 1182 circumcidamini,
2994 1117 3230 1172 Christus
3245 1117 3386 1172 vobis
3406 1110 3538 1171 nihil

1965 1207 2351 1280 prodest,'nunc
2380 1208 2445 1264 de
2467 1216 2577 1262 tota
2602 1203 2718 1276 lege
2745 1207 3070 1277 generaliter
3095 1205 3538 1276 comprehendat,

1968 1304 2103 1359 nihil
2121 1320 2214 1359 eos
2237 1302 2290 1358 in
2311 1302 2512 1358 Christi
2535 1317 2696 1372 opere
2717 1303 2996 1372 proﬁcere,
3025 1301 3116 1370 qui
3141 1301 3194 1354 in
3211 1313 3538 1368 quacunque

1968 1395 2342 1452 observatione
2376 1394 2510 1466 legis
2533 1409 2591 1448 se
2614 1393 2944 1449 crediderint
2975 1391 3365 1462 justiﬁcandos.

2043 1488 2156 1542 Nos
2183 1489 2316 1542 enim
2335 1488 2521 1556 spiritu
2543 1504 2607 1541 ex
2621 1486 2743 1556 ﬁde,
2760 1503 2899 1557 spem
2914 1487 3137 1555 justitite
3158 1493 3538 1555 exspectamus,

1973 1597 2097 1635 nam
2121 1580 2176 1633 in
2213 1579 2417 1633 Christo
2445 1578 2571 1632 Jesu
2599 1593 2761 1648 neque
2799 1576 3123 1631 circumcisio
3152 1574 3350 1645 aliquid
3381 1573 3538 1637 valet,

1975 1685 2136 1739 neque
2161 1667 2494 1739 prwputium,
2523 1666 2612 1720 sed
2637 1667 2766 1734 ﬁdes
2783 1705 2798 1731 ,
2825 1681 2940 1736 qua:
2969 1681 3061 1735 per
3088 1665 3393 1720 charitatem
3423 1678 3543 1731 ope-

1978 1767 2146 1811 ratur.
2198 1756 2401 1828 (Amb.)
2439 1757 2696 1826 Apertum
2728 1765 2843 1822 est,
2876 1757 3020 1827 quod
3047 1755 3208 1820 dicit;
3249 1754 3375 1823 quia
3421 1768 3544 1822 spes

287 1851 433 1905 reos
469 1863 564 1904 eos
593 1849 754 1902 faciet
773 1887 788 1911 ,
837 1847 930 1916 qui
957 1847 1172 1902 etiamsi
1207 1847 1393 1913 velint,
1443 1847 1693 1902 universa
1729 1862 1874 1902 com-
1904 1831 1951 1890 Β
1975 1846 2374 1918 justiﬁcationis
2399 1847 2452 1901 in
2478 1846 2582 1901 ﬁde
2609 1855 2694 1902 est
2715 1862 2812 1917 per
2836 1847 3116 1916 Spiritum,
3139 1861 3244 1900 nou
3261 1859 3358 1914 per
3383 1857 3546 1913 opera

303 1939 457 2011 plere
479 1954 586 1993 non
615 1936 854 2008 possint?
881 1933 988 1991 Nos
1012 1951 1140 1990 vero
1173 1935 1344 2006 legem
1371 1937 1525 2006 sequi
1554 1936 1870 2005 spiritalem,

304 2047 431 2103 qua:
472 2031 656 2096 dicat:
691 2028 813 2083 Non
837 2028 1124 2098 infrenabis
1149 2045 1204 2082 os
1233 2028 1348 2083 bori
1387 2029 1654 2082 trituranti
1692 2028 1870 2100 (Deut.

306 2122 440 2192 xxv)
461 2138 478 2187 ;
504 2130 699 2176 etcum
718 2119 970 2190 Apostolo
990 2119 1285 2188 intelligere
1311 2138 1328 2173 :
1363 2117 1613 2188 Nunquid
1639 2119 1702 2172 de
1717 2119 1876 2176 bobus

307 2227 444 2268 cura
471 2220 548 2266 est
576 2209 726 2263 Deo?
765 2208 818 2278 (I
852 2207 975 2262 Cor.
1006 2207 1110 2278 lx.)
1157 2207 1266 2263 Sed
1305 2217 1525 2277 propter
1552 2223 1650 2263 nos
1692 2209 1878 2278 utique

309 2299 480 2365 dicit,
509 2307 565 2354 et
589 2299 875 2353 observare
911 2296 1134 2351 sabbata
1163 2296 1411 2363 delicata,
1443 2312 1548 2352 non
1592 2304 1652 2352 ut
1678 2297 1776 2352 bos
1823 2305 1879 2351 et

311 2390 503 2446 asinus
520 2397 706 2444 noster
729 2396 783 2443 et
803 2387 928 2442 vilia
945 2401 1142 2458 pecora
1162 2386 1406 2444 laetentur
1431 2388 1485 2442 in
1506 2389 1754 2455 sabbato,
1783 2389 1876 2444 sed

312 2480 394 2535 illi
443 2481 691 2536 homines
738 2487 794 2534 et
833 2493 1068 2548 pecora,
1115 2479 1181 2534 de
1218 2479 1412 2550 quibus
1459 2481 1716 2550 scriptum
1746 2490 1828 2536 est
1860 2499 1874 2534 :

316 2567 571 2623 Homines
614 2578 663 2622 et
703 2567 940 2638 jumenta
985 2567 1154 2622 salvos
1191 2569 1385 2638 facies,
1435 2569 1653 2624 Domine
1702 2568 1874 2640 (Psal.

314 2658 524 2730 xxxv),
568 2659 816 2715 homines
859 2659 1208 2716 rationabiles
1241 2676 1480 2731 quosque
1514 2671 1570 2717 et
1611 2662 1880 2731 spiritales

305 2749 496 2822 .viros;
535 2748 786 2802 animalia
814 2763 943 2803 vero
968 2764 1060 2803 eos
1101 2750 1192 2817 qui
1238 2750 1708 2822 tardiorisingenii
1734 2761 1878 2818 sunt,

315 2847 378 2893 et
417 2837 745 2909 spiritalibus
783 2841 850 2894 ad
887 2841 1089 2914 agenda
1125 2841 1333 2896 Domini
1371 2841 1592 2896 sabbata
1626 2844 1882 2898 erudiun-

317 2937 430 2982 tur.
481 2927 590 2983 Nec
638 2929 966 2984 contrariqu
1011 2945 1133 2984 esse
1174 2930 1228 2983 id
1271 2930 1410 3000 quod
1459 2946 1620 3000 supra
1680 2932 1881 2987 dictum

314 3025 404 3072 est
433 3035 446 3070 :
477 3017 538 3072 Si
563 3019 1029 3083 circumcidamini,
1054 3019 1290 3074 Christus
1312 3019 1450 3074 vobis
1473 3021 1603 3073 nihil
1629 3022 1880 3092 proderit.

318 3106 390 3160 Et
412 3109 556 3177 quod
576 3109 816 3179 sequitur
841 3128 854 3160 :
881 3109 1144 3178 Testificor
1165 3127 1364 3166 omnem
1387 3112 1642 3167 hominem
1661 3115 1883 3168 circum-

1982 1937 2138 2009 legis,
2166 1938 2221 1992 in
2244 1936 2347 1992 ﬁde
2367 1937 2512 1993 enim
2538 1937 2851 2007 spiritaliter
2873 1938 2982 1992 Deo
3011 1936 3242 1992 servitur
3267 1934 3547 1990 devotione

1981 2029 2178 2085 mentis
2224 2037 2278 2083 et
2313 2028 2546 2098 puritate
2577 2028 2771 2083 cordis.
2823 2027 2975 2083 Unde
3019 2026 3146 2081 dicit
3176 2024 3432 2080 Dominus
3479 2022 3552 2078 ad

1984 2119 2379 2175 Samaritanam
2412 2137 2426 2173 :
2461 2117 2599 2172 Deus
2634 2115 2859 2189 Spiritus
2886 2127 2982 2182 est,
3011 2128 3056 2172 et
3087 2118 3364 2172 adorantes
3395 2131 3508 2170 eum
3531 2154 3548 2178 ,

1981 2211 2036 2264 in
2065 2208 2265 2280 Spiritu
2293 2218 2341 2263 st
2381 2207 2592 2263 ueritate
2636 2207 2859 2262 adorare
2887 2216 3080 2278 oportet
3120 2205 3302 2278 (Joan.
3349 2216 3444 2274 1v),
3485 2220 3549 2260 ac

1982 2315 2080 2370 per
2123 2299 2226 2356 hoc
2270 2313 2446 2369 neque
2482 2299 2800 2369 praeputium
2831 2299 2973 2353 valet
2999 2299 3289 2369 quidquam
3315 2339 3330 2364 ,
3379 2313 3551 2368 neque

1983 2389 2348 2454 circumcisio,
2391 2390 2486 2444 sed
2523 2387 2635 2443 sola
2664 2387 2768 2443 ﬁde
2797 2403 2930 2458 opus
2971 2396 3053 2442 est
3091 2388 3144 2442 in
3179 2389 3444 2442 charitate
3482 2388 3550 2442 ad

1979 2481 2437 2551 justiﬁeationem.
2467 2473 2626 2536 Fides
2651 2480 2794 2535 enim
2819 2479 3086 2534 charitate
3127 2478 3360 2532 fraterna
3397 2478 3554 2533 debet

1986 2573 2216 2637 muniri,
2273 2581 2332 2626 ut
2357 2569 2621 2642 perfectio
2661 2571 2730 2624 sit
2775 2569 3064 2624 credentis.
3097 2569 3334 2637 Denique
3381 2567 3552 2622 salva-

1985 2670 2094 2728 tor,
2145 2662 2287 2731 quod
2332 2661 2561 2730 primum
2609 2659 2919 2714 mandatum
2965 2667 3142 2722 esset,
3197 2656 3549 2726 interroganti

1986 2753 2180 2808 scribat
2231 2753 2542 2822 respondit,
2593 2751 2778 2807 dicens
2814 2751 3045 2822 :Diliges
3073 2751 3353 2805 Dominum
3384 2750 3550 2804 Deum

1986 2852 2132 2896 tuum
2157 2859 2220 2897 ea:
2239 2851 2342 2896 toto
2368 2842 2521 2895 corde
2541 2853 2652 2906 tuo,
2682 2850 2729 2894 et
2755 2857 2818 2894 ex
2846 2850 2952 2894 tota
2976 2841 3152 2894 anima
3175 2850 3288 2904 tua,
3316 2850 3362 2893 et
3378 2841 3554 2909 proxi-

1987 2947 2130 2986 mum
2157 2940 2302 2985 tuum
2335 2941 2584 3000 tanquam
2612 2930 2848 2999 teipsum.
2877 2929 2942 2982 In
2969 2930 3080 2994 his,
3106 2929 3313 2996 inquit,
3351 2929 3554 2982 duobus

1988 3021 2249 3076 mandatis
2275 3030 2382 3076 tota
2414 3019 2497 3074 lea:
2540 3019 2724 3089 pendet
2749 3028 2798 3073 et
2839 3019 3099 3088 prophetae
3145 3017 3295 3089 (Luc.
3339 3017 3414 3088 x).
3451 3017 3554 3070 lm-

1989 3111 2226 3182 perfecta
2252 3120 2378 3168 sunt
2409 3111 2588 3181 itaque
2617 3117 2812 3165 cattera
2835 3149 2849 3174 ,
2889 3109 3104 3180 quando
3144 3109 3197 3162 in
3233 3109 3318 3164 his
3347 3107 3555 3164 duobus

319 3197 574 3252 sidentem
610 3216 664 3252 se
689 3239 704 3264 ,
741 3199 984 3270 quoniam
1025 3200 1223 3254 debitor
1248 3210 1322 3255 est
1362 3202 1601 3255 mirersa:
1641 3201 1766 3272 legis
1805 3203 1886 3272 fa—
1915 3184 1960 3247 Ο
1990 3205 2259 3260 mandatis
2301 3203 2561 3274 perfectio
2599 3201 2922 3256 continetur.
2968 3199 3189 3272 (Πίον.)
3219 3199 3312 3254 llis
3358 3199 3450 3269 qui
3497 3200 3553 3253 in

318 3288 552 3354 cicadas,
584 3287 749 3353 Huic,
791 3289 933 3358 quod
975 3288 1202 3344 infertur
1237 3306 1267 3346 a
1311 3291 1484 3346 nobis.
1537 3291 1717 3363 Neque
1751 3294 1886 3348 enim

318 3378 587 3432 auditores
633 3379 758 3450 legis
795 3380 927 3448 justi
969 3390 1086 3434 sunt
1111 3382 1250 3451 apud
1295 3382 1490 3444 Deum;
1531 3385 1620 3437 sed
1666 3384 1886 3453 factores

319 3465 450 3534 legis
488 3467 919 3537 justiﬁcabuntur
960 3470 1128 3540 (Rom.
1174 3471 1257 3542 ιι),
1299 3473 1422 3542 quia
1467 3471 1638 3528 factor
1685 3475 1772 3529 ille
1817 3477 1889 3530 sit

317 3553 482 3624 legis,
516 3558 605 3624 qui
641 3566 814 3626 potest
839 3559 1018 3614 dicere
1051 3578 1062 3612 :
1100 3559 1210 3613 Nos
1248 3577 1424 3615 sumus
1451 3563 1808 3628 circumcisio;
1835 3572 1888 3618 et

319 3647 390 3701 In
418 3650 617 3704 occulto
642 3651 863 3707 Judazus
879 3670 898 3718 ;
924 3661 980 3708 et
1009 3653 1212 3709 Scimus
1253 3657 1376 3726 quia
1399 3659 1482 3710 lex
1513 3657 1764 3726 spiritalis
1791 3669 1882 3713 est.

319 3738 425 3805 Qui
457 3749 637 3794 autem
680 3743 1040 3800 concisionem
1071 3753 1125 3800 et
1168 3745 1584 3802 interfectricem
1632 3758 1888 3817 sequatur

320 3829 580 3895 litteram,
599 3846 718 3885 cum
747 3849 851 3918 [λοι]
876 3833 1008 3904 legis
1028 3850 1148 3890 esse
1175 3834 1451 3901 factorem,
1481 3836 1573 3892 scd
1596 3851 1735 3891 verae
1755 3837 1888 3908 legis

319 3920 598 3976 inimicum
628 3963 642 3987 ,
685 3925 915 3978 maxime
941 3933 1062 3994 post
1102 3925 1397 3982 Salvatoris
1430 3927 1752 3993 adventum,
1796 3927 1888 3997 qui

317 4012 392 4064 ad
438 4026 496 4065 se
538 4015 972 4072 convcrtcntibus
1006 4017 1154 4072 tollat
1193 4017 1260 4071 de
1306 4018 1468 4072 corde
1501 4018 1740 4074 velamen
1765 4059 1780 4085 ,
1827 4029 1890 4074 ut

314 4114 512 4154 omnes
537 4102 767 4156 revelata
792 4102 924 4158 facie
951 4103 1177 4173 gloriam
1219 4105 1430 4160 Domini
1465 4107 1888 4177 contemplantes

316 4189 764 4258 transﬁguremur
820 4193 886 4246 de
935 4202 1202 4249 vetustate
1243 4196 1435 4250 litterae
1485 4196 1539 4250 in
1593 4197 1886 4254 novitatem

315 4277 545 4346 spiritus
571 4278 652 4348 (II
685 4278 806 4334 Cor.
834 4281 936 4352 ιιι).
969 4283 1221 4337 Evacuati
1253 4285 1373 4340 estis
1401 4303 1431 4339 a
1460 4285 1687 4352 Christo,
1715 4289 1804 4358 qui
1833 4289 1886 4342 in

318 4366 432 4436 lege
475 4368 878 4436 justi/icamini,
961 4390 992 4426 a
1052 4375 1223 4443 gratia
1295 4377 1579 4431 excidistis.
1647 4377 1884 4448 (Amb.)

316 4458 527 4524 Quibus
555 4460 687 4514 nihil
715 4463 933 4530 prodest
961 4462 1229 4532 Christus,
1251 4468 1492 4522 evacuati
1525 4475 1649 4523 sunt
1674 4483 1705 4521 a
1730 4467 1884 4524 Chri-

1987 3293 2200 3349 Christo
2220 3293 2348 3349 Jesu
2376 3293 2562 3347 volunt
2589 3293 2786 3355 vivere,
2811 3292 3038 3345 virtutes
3075 3289 3382 3358 appetendre
3406 3297 3554 3352 sunt,

1987 3384 2115 3440 vitia
2167 3383 2446 3454 fugienda;
2480 3373 2652 3438 media
2691 3397 2852 3447 vero,
2902 3397 3021 3452 qua:
3065 3381 3205 3435 inter
3247 3381 3470 3436 virtutes
3500 3389 3555 3435 et

1988 3476 2114 3530 vitia
2135 3483 2280 3539 sunt,
2312 3489 2412 3529 nec
2443 3472 2690 3543 fugienda
2719 3481 2865 3538 sunt,
2894 3486 2994 3526 nec
3021 3470 3338 3541 appetenda,
3363 3479 3422 3525 ut
3441 3469 3550 3524 cir-

1989 3564 2244 3619 cumcisio
2282 3572 2337 3618 ct
2361 3561 2698 3632 praeputium,
2731 3569 2786 3614 et
2813 3569 3005 3615 caztera
3031 3559 3115 3613 his
3144 3557 3357 3614 similia.
3389 3557 3555 3628 igitur

1988 3657 2041 3710 in
2064 3656 2280 3712 Christo
2298 3653 2422 3709 Jesu
2445 3669 2543 3709 nec
2563 3651 2898 3709 circumcisio
2922 3651 3081 3720 valet,
3112 3666 3209 3706 nec
3233 3651 3548 3722 prteputium

1987 3745 2300 3816 corporale;
2323 3745 2450 3815 quia
2473 3744 2526 3798 in
2561 3745 2770 3810 medio,
2801 3745 2855 3798 id
2885 3752 3000 3808 est,
3042 3743 3182 3798 inter
3218 3743 3350 3797 vitia
3389 3742 3555 3796 virtu-

1987 3845 2171 3906 tesque
2207 3843 2332 3890 sunt
2373 3835 2574 3906 posita;
2627 3835 2721 3890 sed
2764 3833 2914 3900 ﬁdes,
2949 3849 3066 3903 qua:
3099 3848 3195 3902 per
3236 3833 3551 3888 charitatcm

1986 3934 2278 3997 operatur,
2338 3933 2395 3980 ut
2447 3932 2502 3979 et
2548 3925 2682 3978 ﬁdes
2727 3939 2846 3994 quae
2902 3931 3141 3992 reputata
3195 3930 3280 3977 est
3322 3921 3555 3976 Abrahae

1987 4016 2042 4071 in
2083 4014 2378 4085 justitiam,
2428 4015 2829 4084 comprobetur,
2879 4021 2934 4068 et
2977 4029 3134 4068 omne
3171 4027 3304 4080 opus
3340 4011 3465 4065 ﬁdei
3499 4012 3552 4064 in

1986 4106 2242 4163 charitate
2263 4113 2508 4175 ponatur,
2537 4110 2647 4158 tota
2676 4103 2792 4172 lege
2825 4111 2880 4158 et
2906 4101 3181 4172 prophetis
3207 4114 3271 4154 ex
3291 4099 3556 4154 charitate

1983 4199 2360 4272 pendentibus.
2409 4198 2464 4252 ln
2517 4197 2600 4252 his
2641 4195 2904 4266 siquidem
2943 4193 3150 4249 duobus
3201 4191 3485 4264 praeceptis
3537 4207 3552 4244 :

1984 4291 2180 4361 Diliges
2208 4289 2489 4343 Dominum
2516 4287 2682 4342 Deum
2711 4297 2876 4352 tuum,
2924 4295 2971 4340 et
3015 4285 3195 4356 diliges
3233 4283 3550 4354 proximum,

1986 4381 2234 4437 Salvator
2262 4380 2492 4435 asseruit
2519 4379 2687 4450 legem
2719 4380 3115 4448 prophetasque
3141 4376 3455 4432 consistere.
3485 4374 3552 4428 Et

1985 4473 2182 4528 Paulus
2232 4474 2285 4528 in
2315 4472 2420 4526 alio
2471 4472 2588 4526 loco
2628 4490 2639 4525 :
2688 4467 2896 4524 Etenim
2939 4487 3040 4524 non
3077 4467 3417 4534 adulterabis,
3451 4483 3554 4520 non

317 4556 425 4610 sto,
479 4559 634 4604 erant
686 4553 828 4605 enim
875 4554 1044 4622 gratia
1079 4554 1194 4624 ejus
1247 4555 1413 4624 pleni,
1444 4571 1549 4626 qua
1574 4558 1879 4622 recedente,
1908 4539 1960 4598 Β
1988 4563 2262 4632 furaberis,
2313 4579 2416 4617 non
2440 4562 2785 4632 concupisces,
2817 4573 2863 4615 et
2893 4562 2937 4615 si
2965 4561 3102 4630 quod
3128 4568 3202 4614 est
3229 4557 3374 4612 aliud
3402 4575 3553 4612 man-

315 4640 564 4692 evacuati
587 4649 729 4694 sunt.
759 4640 853 4696 His
877 4643 1021 4696 enim
1046 4641 1300 4712 loquitur,
1333 4647 1425 4716 qui
1455 4656 1579 4715 post
1601 4655 1882 4718 acceptum

207 4731 216 4736 '
312 4725 519 4782 denunt
566 4730 754 4800 gratia:
785 4732 877 4786 Dei
916 4735 1226 4790 circumcidi
1260 4751 1319 4791 se
1355 4737 1681 4794 maluerunt.
1723 4757 1740 4788 ί
1779 4740 1880 4806 Qui

316 4819 372 4872 in
421 4818 538 4889 lege
591 4821 927 4891 gloriamini,
969 4839 999 4878 a
1043 4827 1218 4896 gratia
1263 4828 1559 4882 excidistis.
1600 4849 1617 4880 ι
1665 4827 1879 4884 Justitia

312 4907 452 4979 legis
499 4917 619 4975 est,
679 4913 725 4966 si
778 4921 1058 4968 serventur
1085 4956 1099 4980 ,
1146 4931 1264 4984 quae
1310 4917 1433 4976 data
1497 4927 1622 4972 sunt
1669 4938 1685 4973 :
1729 4919 1880 4974 ideo-

311 5015 421 5068 que
458 5001 631 5070 quiin
660 5002 743 5057 his
761 5003 1041 5072 justiﬁcari
1083 5021 1140 5060 se
1161 5007 1272 5061 vult
1306 5016 1428 5078 post
1465 5009 1646 5076 ﬁdem,
1678 5011 1879 5067 amittit

309 5091 545 5159 gratiam
580 5109 593 5143 :
623 5093 747 5160 quia
773 5093 839 5146 ad
862 5095 964 5148 hoc
991 5097 1136 5150 venit
1165 5097 1362 5152 donum
1387 5097 1506 5164 Dei,
1531 5106 1589 5152 ut
1613 5099 1878 5154 cessanti-

310 5182 415 5236 bus
433 5183 687 5260 oneribus
709 5184 857 5254 legis,
881 5183 1199 5253 justiﬁcaret
1216 5191 1495 5246 credentes
1516 5191 1657 5261 apud
1685 5193 1876 5246 Deum.

311 5268 514 5341 (men)
545 5271 822 5338 Quomodo
857 5290 1015 5330 nemo
1051 5285 1226 5348 potest
1263 5281 1466 5335 duobus
1505 5281 1735 5336 dominis
1767 5297 1879 5337 ser-

307 5362 450 5427 vire,
484 5363 562 5416 sic
593 5362 838 5420 umbram
878 5368 1081 5438 pariter
1107 5379 1159 5424 ct
1187 5373 1469 5427 veritatem
1497 5374 1626 5444 legis
1657 5375 1878 5444 implere

306 5450 527 5508 dilﬁcile
553 5464 656 5509 est.
699 5456 897 5512 Umbra
928 5459 980 5514 in
1009 5460 1124 5529 lege
1153 5463 1317 5516 veteri
1345 5472 1446 5526 est,
1483 5465 1651 5518 donec
1681 5465 1880 5534 aspiret

302 5543 462 5608 dies,
508 5552 576 5612 et,
608 5557 956 5603 amoveantur
984 5552 1206 5605 umbrae.
1246 5554 1458 5608 Veritas
1495 5555 1544 5608 in
1592 5555 1880 5625 Evangelia

302 5632 512 5689 Christi
543 5653 556 5688 :
592 5633 776 5692 Gratia
812 5641 1022 5694 enimet
1061 5644 1246 5696 veritas
1285 5661 1375 5713 per
1407 5644 1588 5698 Jcsum
1618 5645 1880 5700 Christum

300 5727 466 5795 facta
498 5736 640 5785 sunt.
681 5729 862 5788 Perdit
905 5748 1004 5804 ego
1044 5736 1268 5805 gratiam
1306 5736 1530 5802 Christi,
1564 5747 1612 5792 ct
1646 5737 1886 5806 Evange-

1985 4656 2166 4708 datum
2203 4655 2257 4708 in
2285 4656 2380 4708 hoc
2410 4670 2644 4708 sermone
2683 4653 3057 4722 recapitulatur
3087 4665 3105 4704 .'
3141 4650 3338 4720 Diliges
3371 4651 3550 4720 proxi-

1985 4760 2126 4797 mum
2152 4755 2296 4797 tuum
2320 4745 2454 4797 sicut
2481 4753 2529 4796 te
2561 4742 2732 4814 (Rom.
2766 4744 2905 4812 xui).
2952 4741 3008 4796 Si
3045 4757 3174 4812 ergo
3197 4755 3356 4796 omne
3399 4754 3552 4793 man-

1983 4834 2163 4888 datum
2199 4832 2582 4902 recapitulatur
2625 4833 2676 4886 in
2709 4848 2774 4886 eo
2815 4831 2956 4900 quod
2989 4832 3188 4887 dictum
3212 4839 3294 4886 est
3320 4849 3332 4885 :
3358 4830 3554 4901 Diliges

1981 4923 2274 4992 proximum
2297 4933 2444 4976 tuum
2473 4934 2721 4993 tanquam
2741 4933 2808 4988 te,
2840 4922 2969 4978 ﬁdes
2993 4930 3172 4978 autem
3197 4938 3292 4992 per
3319 4922 3557 4986 charita-

1986 5023 2091 5068 tem
2135 5022 2353 5083 operata
2399 5015 2538 5069 valet
2567 5014 2894 5084 plurimum,
2945 5015 3290 5070 manifestum
3317 5025 3556 5085 estope—

1986 5105 2248 5160 rationem
2273 5105 2394 5160 ﬁdei
2424 5121 2518 5176 per
2542 5107 2880 5173 charitalem,
2911 5108 3296 5177 plenitudinem
3325 5110 3552 5164 manda-

1990 5203 2164 5249 torum
2213 5197 2450 5250 omnium
2501 5197 2796 5253 continere.
2853 5197 3129 5265 Quomodo
3174 5209 3353 5256 autem
3398 5201 3555 5270 juxta

1987 5285 2286 5354 apostolum
2312 5284 2566 5341 Jacobum
2607 5306 2618 5340 :
2665 5287 2826 5343 Fides
2869 5293 3058 5363 absque
3084 5293 3324 5362 operibus
3349 5301 3556 5346 mortua

1983 5386 2055 5429 est
2080 5375 2217 5446 (Jac.
2243 5377 2332 5448 n);
2359 5378 2436 5432 sic
2457 5379 2656 5447 absque
2678 5379 2800 5444 ﬁde',
2819 5383 3061 5450 quamvis
3081 5384 3220 5438 bona
3239 5397 3401 5453 opera
3425 5383 3552 5445 sint,

1987 5478 2194 5520 mortua
2231 5477 2623 5536 computantur.
2654 5471 2754 5538 Qui
2795 5473 2956 5542 igitur
2985 5473 3036 5528 in
3073 5473 3298 5530 Christo
3316 5489 3423 5528 non
3448 5488 3558 5526 crc-

1985 5559 2138 5624 dunt,
2173 5567 2225 5612 et
2272 5568 2394 5613 sunt
2422 5561 2604 5629 probis
2638 5563 2894 5627 moribus,
2928 5563 3070 5617 aliud
3096 5565 3222 5633 quid
3265 5564 3436 5634 magis
3461 5563 3558 5616 ha-

1987 5649 2114 5703 bent
2156 5664 2315 5718 quam
2355 5665 2517 5720 opera
2547 5651 2842 5710 virtutum?
2873 5654 3184 5723 Exemplum
3233 5653 3396 5715 ﬁdei,
3439 5667 3558 5720 quas

1987 5757 2083 5810 per
2110 5741 2423 5814 charitatcm
2451 5755 2724 5812 operatur,
2766 5745 2828 5800 dc
2858 5745 3142 5812 Evangelia
3172 5744 3258 5798 illa
3299 5743 3550 5798 meretrix
