4022 6338
527 322 634 380 359

1158 321 1221 378 Β.
1261 322 1513 378 RABANI
1551 322 1767 379 MAUBI
1802 319 2118 376 ARCHIEP.
2155 316 2464 375 MOGUNT.
2502 315 2786 376 OPERUM
2821 315 3001 374 PARS
3034 315 3123 374 Ill.

3656 311 3761 368 540

526 434 753 498 tribuat,
779 448 900 504 quae
922 449 1044 489 cum
1067 433 1120 488 in
1149 434 1306 489 domo
1330 434 1586 488 Pharisaei
1623 434 1957 488 aceumbenti
1986 433 2091 486 Do-
2122 434 2173 492 Α
2197 431 2385 485 eadem
2438 430 2630 499 plenus
2689 431 2863 501 gratia
2925 429 3247 500 loquebatur
3277 445 3292 481 :
3336 426 3423 481 Ex
3479 435 3632 498 parte
3671 442 3762 480 co-

527 523 674 580 mino
713 523 878 594 pedes
896 523 1115 579 lavisset
1140 523 1417 594 lacrymis,
1453 523 1696 578 tersisset
1721 520 1980 586 crinibus,
2018 519 2086 572 li-

527 614 702 671 nisset
725 621 1017 684 unguento,
1047 620 1102 668 et
1143 612 1414 668 Pharisaeo
1441 610 1798 666 murmuranti
1833 609 2090 664 Dominus

525 702 837 776 parabolam
862 703 1248 774 quinquaginta
1277 711 1331 758 et
1359 703 1677 771 quingentos
1722 699 1971 755 denarios
1995 698 2089 753 de-

525 793 718 850 bitoris
737 795 1102 864 proposuisset
1126 790 1277 864 (Luc.
1295 791 1392 862 vn)
1427 790 1623 860 adjecit
1649 805 1662 844 :
1695 788 1920 860 Propter
1951 789 2092 860 quod

525 885 642 940 dico
691 884 802 949 tibi,
851 884 1182 938 dimittuntur
1207 882 1255 937 ei
1283 890 1495 952 peccata
1523 879 1708 945 multa,
1759 881 1880 951 quia
1909 878 2092 932 dilexit

525 973 765 1039 multum,
792 981 846 1028 et
870 973 936 1028 ad
966 974 1136 1043 ipsam
1163 971 1437 1027 mulierem
1461 985 1753 1026 conversus
1779 970 1856 1024 ait
1881 987 1894 1023 :
1927 967 2090 1023 Fides

525 1073 618 1116 tua
645 1073 693 1117 te
725 1062 919 1117 salvam
943 1063 1085 1132 fecit,
1117 1065 1245 1118 vade
1273 1062 1326 1114 in
1354 1077 1502 1131 pace.

595 1150 894 1206 Currebatis
941 1151 1097 1213 bene,
1151 1152 1264 1222 quis
1308 1166 1396 1204 vos
1437 1148 1700 1219 impedivit
1739 1147 1944 1204 veritati
1987 1164 2089 1202 non

523 1238 772 1294 obedire?
805 1238 1008 1311 (Amb.)
1051 1240 1377 1296 Exercitium
1424 1238 1636 1294 illorum
1664 1242 1718 1293 in
1765 1252 1927 1307 opere
1967 1236 2091 1290 ﬁdei

527 1329 729 1384 bonum
759 1327 926 1383 fuisse
954 1337 1197 1395 testatur,
1223 1329 1315 1383 sed
1341 1328 1578 1398 nequitia
1619 1327 1882 1383 malorum
1913 1326 2090 1380 homio

523 1438 655 1477 num
690 1423 934 1478 detentos
956 1464 971 1487 ,
1015 1439 1082 1478 ne
1125 1438 1342 1478 cursum
1381 1437 1538 1478 suum
1573 1419 1808 1477 efficacia
1837 1433 2090 1490 perseve-

521 1519 677 1566 rante
699 1518 1153 1566 consummarent.
1184 1509 1337 1566 Unde
1363 1519 1423 1564 ut
1469 1510 1787 1579 resipiscant
1826 1509 2090 1572 hortatur,

525 1602 592 1657 de
619 1609 815 1657 czetero
861 1601 990 1657 nulli
1035 1615 1220 1656 eorum
1251 1602 1552 1666 credentes,
1575 1600 1667 1670 qui
1691 1608 1751 1653 ut
1769 1614 1931 1670 opera
1959 1598 2096 1669 legis

523 1689 787 1744 servanda
830 1690 1154 1753 suaderent,
1201 1689 1538 1760 Evangelica:
1579 1689 1793 1743 veritati
1840 1704 1944 1742 non
2000 1702 2094 1742 eos

2187 520 2516 590 gnoscimus,
2568 529 2618 575 et
2671 536 2736 574 ea:
2790 530 2938 590 parte
2975 520 3341 590 praphetamus
3392 517 3442 590 (1
3469 517 3592 572 Cor.
3621 515 3762 587 ιιιιι).

2185 613 2494 670 Praevidens
2537 613 2702 684 igitur
2747 613 2940 684 spiritu
2966 654 2980 678 ,
3029 613 3154 682 quia
3198 609 3332 666 nihil
3386 608 3531 664 aliud
3585 619 3767 664 essent

2188 703 2470 769 credituri,
2492 703 2596 758 nisi
2631 703 2775 773 quod
2819 718 2916 773 per
2948 701 3241 772 Epistolam
3266 701 3624 764 docebantur,
3647 699 3721 752 ait
3745 717 3764 753 :

2189 794 2304 866 Ego
2349 795 2554 865 conﬁdo
2598 795 2662 848 de
2703 793 2844 849 vobis
2887 794 2943 848 in
2984 793 3241 858 Domino,
3267 783 3425 863 'quad
3458 790 3590 845 nihil
3621 788 3770 844 aliud

2187 883 2422 952 sapietis.
2463 881 2601 937 Nam
2633 890 2689 936 et
2721 881 2922 937 additio
2956 880 3221 936 Dominici
3258 880 3497 936 nominis
3534 879 3768 950 idipsutn

2190 971 2498 1042 signiﬁcat:
2541 971 2589 1027 si
2631 972 2776 1026 enim
2821 986 2920 1042 per
2975 968 3343 1039 conjecturam
3385 971 3487 1026 hoc
3525 970 3768 1026 aestima-

2189 1063 2298 1128 bat,
2339 1071 2590 1132 potuerat
2628 1062 2807 1118 dicere
2845 1080 2860 1115 :
2895 1061 3007 1129 Ego
3038 1060 3243 1130 conﬁdo
3281 1060 3344 1114 de
3381 1061 3524 1115 vobis
3563 1074 3585 1113 .'
3626 1076 3772 1116 nunc

2191 1159 2371 1206 autem
2417 1165 2691 1222 apponens
2737 1152 2794 1204 in
2832 1149 3076 1214 Domino,
3100 1147 3280 1204 divino
3325 1149 3559 1218 quodam
3603 1148 3775 1205 conﬁ-

2192 1241 2324 1297 dens
2349 1243 2540 1312 spiritu
2561 1283 2578 1308 ,
2603 1241 2746 1312 quod
2773 1239 3014 1294 futurum
3040 1247 3366 1308 cognoverat
3402 1239 3771 1309 prophetarit.

2194 1331 2300 1398 Qui
2341 1342 2514 1386 autem
2561 1330 2831 1384 conturbat
2875 1346 3000 1394 vos,
3055 1329 3278 1398 portabit
3311 1329 3608 1399 judicium,
3648 1328 3772 1398 qni-

2192 1437 2394 1492 cunque
2433 1430 2509 1475 est
2557 1419 2667 1474 ille.
2735 1418 2969 1490 (Amb.)
3010 1417 3289 1484 Quomodo
3353 1417 3448 1487 qui
3492 1425 3772 1471 errantem

2193 1511 2432 1566 converti
2481 1507 2644 1575 facit,
2689 1508 3121 1566 remunerandus
3158 1514 3282 1572 est,
3324 1507 3535 1562 dicente
3570 1505 3778 1561 Iacobo

2195 1601 2438 1673 apostolo
2471 1602 2524 1656 in
2567 1599 2807 1670 Epistola
2851 1613 2946 1654 sua
2976 1617 2990 1652 :
3043 1596 3145 1663 Qui
3181 1599 3404 1652 converti
3437 1598 3622 1667 fecerit
3655 1613 3778 1665 pec-

2197 1702 2446 1757 calorem,
2490 1689 2708 1744 salvabit
2752 1689 2984 1742 animam
3023 1687 3157 1757 ejus,
3204 1695 3252 1741 et
3297 1687 3488 1756 aperiet
3532 1685 3776 1738 multitu-

520 1779 740 1834 ohedire
760 1778 1022 1834 sinebant.
1051 1779 1264 1834 Nemini
1285 1779 1670 1843 consenseritis,
1693 1779 1960 1848 persuasio
1978 1777 2088 1830 Ιιιιτ
2117 1768 2162 1826 Β
2189 1782 2364 1836 dinem
2396 1791 2725 1852 peccatorum
2749 1780 2888 1851 (Jac.
2912 1778 2998 1850 v);
3047 1779 3123 1832 ita
3147 1786 3203 1832 et
3225 1778 3320 1848 qui
3347 1787 3495 1832 recta
3518 1777 3779 1832 inceden-

521 1889 624 1927 non
653 1880 728 1926 est
763 1888 828 1926 ea:
855 1888 915 1926 eo
979 1873 1067 1942 qui
1096 1882 1244 1926 vocat
1290 1888 1400 1926 vos.
1426 1869 1624 1926 Verum
1652 1878 1765 1936 est,
1815 1869 1939 1939 quia
1991 1869 2092 1922 hu-

520 1976 682 2016 mano
708 1960 933 2016 consilio
972 1961 1074 2016 hoc
1094 1961 1322 2033 agebant
1355 1957 1522 2014 Judaei
1544 2000 1558 2024 ,
1587 1966 1645 2012 ut
1685 1959 1959 2014 mitterent
1997 1971 2091 2012 eos

520 2051 620 2105 sub
635 2051 821 2122 jugum
849 2051 1005 2122 legis,
1029 2065 1135 2106 non
1155 2050 1250 2105 Dei
1268 2050 1494 2121 judicio,
1521 2050 1612 2120 qui
1634 2047 1860 2104 vocabat
1884 2062 1976 2103 eos
1995 2061 2092 2116 per

521 2138 836 2209 Apostolum
884 2155 1037 2195 suum
1073 2140 1141 2194 ad
1185 2139 1436 2211 gratiam.
1479 2138 1748 2192 Modicum
1779 2139 2090 2208 fermentum

521 2236 682 2283 totam
709 2244 935 2283 massam
963 2229 1266 2299 corrumpit.
1295 2227 1409 2282 Hoc
1447 2227 1594 2292 dicit,
1632 2227 1758 2296 quia
1785 2225 1910 2280 licet
1938 2228 2092 2293 quip-

520 2317 666 2387 piam
691 2316 829 2388 legis
849 2318 1205 2374 admiscentes
1227 2317 1367 2380 ﬁdei,
1389 2318 1590 2372 violant
1613 2317 1794 2381 ﬁdem,
1809 2331 1878 2370 ne
1899 2315 2094 2369 habeat

523 2405 782 2472 fructum,
803 2416 896 2462 aut
908 2409 977 2462 sit
995 2409 1356 2478 acceptabilis.
1368 2407 1486 2464 Hoc
1502 2408 1622 2464 ideo
1643 2408 1855 2477 adjecit,
1873 2421 1940 2461 ne
1955 2405 2094 2460 forte

523 2496 845 2552 incolumem
864 2513 922 2553 se
935 2506 1246 2568 reputarent
1259 2501 1461 2555 habere
1470 2499 1696 2570 gratiam
1713 2497 1908 2562 ﬁdei,si
1926 2511 2094 2567 pauca

524 2589 659 2662 legis
683 2599 977 2645 servarent.
994 2589 1191 2661 (Ηὶεν.)
1204 2591 1358 2645 Aliud
1371 2590 1565 2660 quippe
1577 2590 1672 2645 Dei
1685 2604 1820 2659 opus
1833 2597 1936 2654 est,
1952 2587 2096 2642 aliud

524 2679 823 2737 hominum.
839 2679 934 2734 Dei
959 2696 1093 2751 opus
1111 2689 1428 2736 estvocare:
1448 2680 1722 2735 hominum
1747 2678 1829 2734 vel
1849 2677 2097 2742 credere,

525 2770 610 2825 vel
631 2787 738 2826 non
763 2773 999 2827 credere.
1025 2771 1181 2827 Etsic
1204 2772 1294 2826 ubi
1319 2771 1445 2826 alibi
1467 2772 1532 2826 de
1553 2769 1846 2840 Scripturis
1865 2769 2096 2824 liberum

525 2860 759 2916 hominis
788 2859 1082 2916 affirmatur
1112 2862 1414 2928 arbitrium,
1440 2869 1501 2916 ut
1530 2861 1602 2916 ibi
1641 2878 1654 2914 :
1683 2858 1740 2915 Si
1763 2859 2026 2914 volueritis
2047 2866 2094 2912 et

524 2950 798 3005 audieritis
821 2968 900 3006 me
915 2994 929 3018 ,
949 2960 1001 3006 et
1015 2953 1207 3007 iterum
1227 2969 1239 3004 :
1259 2951 1324 3004 Et
1343 2968 1500 3018 nunc,
1515 2949 1710 3016 Israel,
1729 2949 1854 3020 quid
1871 2950 1992 3019 petit
2007 2956 2097 3002 ate

523 3039 780 3097 Dominus
814 3041 954 3096 Deus
988 3043 1149 3096 tuus?
1184 3041 1372 3113 (Deut.
1399 3041 1480 3111 κ),
1525 3047 1580 3096 et
1603 3041 1689 3095 ex
1729 3039 1832 3094 hoc
1876 3039 1993 3093 loco
2013 3037 2096 3092 vel

524 3133 757 3187 maxime
772 3135 1168 3202 comprobatur.
1191 3109 1388 3190 Verum
1411 3109 1760 3202 simpliciores
1781 3130 1980 3200 quique
1994 3144 2092 3198 pu—
2118 3109 2162 3172 C

525 3230 700 3278 tantes
723 3237 784 3279 se
811 3223 1018 3280 deferre
1045 3225 1176 3290 Deo,
1201 3232 1262 3278 ut
1284 3221 1563 3293 persuasio
1589 3235 1802 3292 quoque
1824 3227 2006 3274 nostra
2036 3218 2091 3272 in

523 3315 640 3387 ejus
669 3315 737 3371 sit
751 3322 1032 3386 potestate,
1047 3315 1597 3386 abstuleruntpartem
1622 3313 1879 3370 orationis
1906 3327 2026 3375 non,
2041 3318 2094 3366 et

525 3423 745 3464 sensum
769 3407 1095 3463 contrarium
1115 3407 1371 3478 Apostolo
1415 3407 1777 3462 reddiderunt.
1819 3405 1944 3460 Sive
1965 3418 2093 3475 ergo

524 3496 580 3552 in
624 3498 842 3563 bonam,
886 3497 1000 3552 sive
1038 3497 1092 3551 in
1138 3496 1333 3552 malam
1373 3503 1601 3566 partem,
1648 3509 1748 3550 nec
1786 3494 1948 3560 Dens,
1994 3508 2094 3549 nec

524 3586 769 3642 diabolus
809 3587 864 3642 in
905 3602 1068 3642 causa
1106 3595 1228 3642 est:
1274 3585 1397 3656 quia
1438 3585 1716 3656 persuasio
1760 3593 1944 3640 nostra
1985 3597 2092 3638 non

525 3683 610 3732 est
649 3691 718 3732 ex
756 3691 822 3732 eo
864 3677 958 3748 qui
997 3661 1209 3733 vocavit
1245 3690 1366 3742 nos,
1407 3675 1502 3730 sed
1547 3690 1614 3731 ex
1654 3675 1832 3740 nobis,
1877 3674 1968 3744 qui
2007 3671 2093 3729 vel

525 3766 910 3834 consentimus,
947 3767 1031 3823 vel
1072 3781 1180 3824 non
1221 3767 1588 3822 consentimus
1623 3767 1855 3822 vocanti.
1880 3765 2091 3822 Aliter:

521 3856 809 3913 Persuasio
845 3859 960 3914 haec
1009 3873 1172 3928 quam
1209 3873 1353 3915 nunc
1391 3858 1696 3928 sequimini,
1739 3873 1846 3914 non
1885 3866 1966 3914 est
2025 3873 2092 3913 ex

523 3947 666 4014 Deo,
707 3948 798 4018 qui
841 3948 894 4003 in
936 3948 1199 4019 principio
1230 3964 1326 4004 vos
1357 3949 1603 4015 vocavit,
1644 3950 1740 4004 sed
1775 3964 1844 4004 ex
1879 3948 1964 4004 his
2001 3949 2093 4018 qui

523 4053 618 4094 vos
650 4048 834 4108 postea
870 4039 1241 4094 turbaverunt.
1291 4037 1556 4093 Modicum
1591 4037 1899 4106 fermentum
1933 4047 2094 4092 totam

521 4131 936 4200 conspersionem
961 4129 1252 4200 femaentat.
1287 4128 1499 4201 (Ilion)
1527 4128 1697 4184 Porro
1729 4145 1848 4200 quae
1879 4138 1964 4186 est
1993 4129 2095 4185 ista

522 4219 917 4274 Pharistcorum
939 4218 1041 4273 alia
1065 4219 1332 4283 doctrina,
1353 4219 1458 4273 nisi
1495 4218 1627 4291 legis
1662 4219 1953 4274 secundum
1979 4234 2095 4273 car-

522 4323 649 4363 nem
669 4307 1008 4362 observatio?
1030 4306 1234 4363 Sensus
1253 4308 1432 4377 itaque
1454 4308 1556 4364 iste
1575 4317 1686 4364 est:
1710 4307 1884 4365 Nolite
1903 4317 2095 4380 putare

520 4408 821 4464 paucorum
862 4395 1162 4462 hominum,
1201 4396 1292 4466 qui
1317 4397 1385 4451 de
1428 4394 1611 4452 Judaea
1631 4397 1904 4453 venientes
1946 4397 2091 4453 aliud

524 4462 752 4550 docent,
791 4483 1015 4540 insidias
1046 4462 1482 4542 contemnendas.
1513 4485 1757 4542 Scintilla
1798 4502 1886 4542 res
1924 4503 2091 4558 parva
2116 4462 2169 4522 D

522 4581 626 4638 est,
666 4580 722 4627 et
761 4587 900 4644 pene
940 4574 1068 4629 dum
1101 4576 1362 4642 cernitur,
1385 4590 1491 4631 non
1523 4577 1764 4644 videtur;
1798 4578 1890 4634 sed
1930 4579 1975 4633 si
2011 4578 2092 4634 fo-

521 4665 711 4720 mitem
735 4665 1232 4735 eomprehenderit;
1262 4675 1318 4721 et
1346 4666 1676 4723 nutrimenta
1715 4667 1820 4734 sui,
1847 4669 2092 4739 quamvis

522 4768 723 4823 parvus
766 4753 925 4824 ignis,
973 4754 1257 4820 invenerit,
1285 4755 1505 4823 moenia,
1544 4759 1726 4820 urbes,
1773 4755 1961 4822 saltus,
2008 4773 2094 4812 re-

523 4842 817 4914 gionesque
860 4852 1159 4900 consumet.
1206 4843 1321 4916 Ego
1361 4845 1566 4908 conﬁdo
1607 4845 1671 4899 de
1709 4846 1848 4901 vobis
1894 4848 1948 4901 in
1984 4847 2094 4902 Do-

522 4932 664 4986 mino
690 4971 706 4996 ,
765 4932 903 5002 quod
944 4933 1071 4988 nihil
1114 4934 1261 4988 aliud
1297 4935 1530 5004 sapietis.
1594 4935 1796 5006 (Amb.)
1841 4934 1954 4991 Hac
1999 4953 2092 5008 spe

523 5039 584 5079 se
643 5023 776 5079 dicit
835 5023 1002 5081 ﬁdere
1046 5025 1112 5082 de
1158 5027 1280 5093 his,
1341 5029 1466 5097 quia
1529 5043 1636 5082 non
1699 5038 1929 5098 sponte,
1999 5031 2093 5086 sed

523 5114 877 5170 circumventi
911 5117 1114 5172 erroris
1137 5118 1278 5172 viam
1312 5118 1684 5174 intraverant:
1727 5117 1851 5174 inde
1873 5131 2094 5178 ostenso

522 5217 654 5258 vero
713 5204 942 5272 itinere,
1007 5206 1163 5264 facile
1223 5224 1316 5264 eos
1375 5224 1533 5279 posse
1593 5214 1787 5267 reverti
1848 5214 2090 5272 conﬁdit.

524 5290 794 5365 (Ηὶει-οη.)
837 5294 953 5350 Νοιι
989 5311 1086 5366 per
1119 5299 1498 5367 conjecturam,
1543 5309 1604 5354 ut
1643 5302 1858 5372 qtidam
1889 5305 2094 5370 volunt,

526 5386 618 5439 sed
663 5386 976 5456 prophetico
1024 5390 1214 5458 spiritu
1266 5387 1464 5445 Paulus
1513 5395 1820 5461 pronuntiat
1875 5395 2094 5452 Galatas

527 5473 593 5527 ad
633 5476 874 5531 veritatis
917 5477 1058 5531 viam
1083 5519 1097 5544 ,
1143 5494 1304 5548 quam
1349 5481 1680 5548 amiserant,
1733 5499 2090 5555 regressuros.

526 5559 738 5618 Etenim
779 5567 870 5636 qui
913 5566 1048 5622 alios
1088 5568 1423 5638 hortabatur,
1451 5581 1510 5627 ut
1547 5573 1930 5631 aemularentur
1969 5578 2095 5632 cha-

528 5654 772 5724 rismata,
803 5660 970 5730 magis
1011 5670 1190 5716 autem
1218 5671 1276 5718 ut
1301 5665 1702 5735 prophetarent,
1744 5665 1856 5738 ipse
1883 5683 2096 5742 quoque

2191 1881 2298 1928 tem
2323 1873 2409 1927 via
2445 1873 2546 1927 iter
2577 1865 2638 1926 in
2679 1871 2889 1926 devium
2914 1868 3058 1940 cogit
3093 1867 3331 1933 ﬂectere,
3369 1867 3782 1923 damnationem

2189 1962 2554 2034 consequitur,
2582 1962 2886 2033 quicunque
2916 1959 3098 2015 fuerit.
3128 1959 3241 2015 Hoc
3263 1967 3484 2030 propter
3510 1958 3612 2014 hos
3643 1958 3778 2012 sub—

2183 2056 2327 2128 jicit,
2377 2070 2448 2112 ne
2489 2056 2579 2127 qui
2623 2055 2725 2111 sibi
2776 2054 3028 2110 meritum
3071 2051 3456 2118 defenderent,
3505 2067 3576 2108 eo
3621 2051 3772 2121 quod

2190 2132 2285 2200 ﬁlii
2339 2153 2522 2200 essent
2571 2143 2802 2200 Abrahae
2861 2142 3151 2198 secundum
3200 2157 3458 2213 carnem;
3531 2141 3782 2210 denique

2190 2235 2489 2292 exultantes
2530 2249 2588 2290 se
2627 2233 2813 2288 dicunt
2857 2231 2923 2287 ad
2969 2231 3152 2287 Jesum
3181 2273 3196 2297 ,
3250 2231 3362 2286 Nos
3403 2233 3500 2302 ﬁlii
3541 2231 3786 2285 Abrabar

2189 2339 2368 2378 sumus
2415 2322 2599 2394 (Joan.
2627 2321 2769 2394 vm).
2821 2320 3094 2393 [llierou.]
3132 2320 3357 2376 Portare
3400 2331 3580 2376 autem
3621 2319 3782 2390 judi-

2191 2414 2358 2480 cium,
2384 2413 2440 2468 id
2463 2422 2566 2480 est,
2592 2413 2734 2483 quod
2761 2411 2882 2466 aliis
2910 2411 3090 2467 verbis
3127 2411 3184 2466 in
3227 2412 3574 2482 sequentibus
3610 2411 3778 2476 dixit,

2195 2500 2558 2573 Unusquisque
2605 2503 2874 2574 proprium
2919 2519 3048 2556 onus
3097 2502 3346 2573 portabit.
3414 2501 3479 2556 Et
3534 2511 3666 2572 puto
3722 2503 3780 2554 in

2194 2591 2488 2662 Scripturis
2533 2608 2671 2648 onus
2717 2600 2773 2648 et
2809 2593 2862 2646 in
2899 2592 3099 2647 bonam
3139 2599 3194 2646 et
3232 2591 3286 2645 in
3327 2591 3521 2647 malam
3561 2602 3780 2662 partem

2193 2696 2352 2750 posse
2391 2681 2582 2752 accipi,
2628 2682 2732 2737 hoc
2771 2691 2874 2747 est,
2910 2687 2965 2736 et
3009 2681 3064 2736 in
3109 2681 3196 2738 his
3235 2681 3328 2752 qui
3363 2682 3604 2751 peccatis
3646 2697 3782 2752 gra-

2197 2776 2351 2830 vibus
2391 2775 2767 2846 opprimuntur
2793 2815 2809 2841 ,
2849 2782 2906 2828 et
2944 2773 2998 2828 in
3041 2769 3145 2828 illis
3189 2774 3280 2844 qui
3324 2774 3584 2828 virtutum
3631 2774 3782 2832 levia

2194 2882 2360 2922 onera
2405 2874 2722 2922 sustentant.
2770 2867 2845 2922 De
2882 2867 3118 2936 peccatis
3160 2867 3214 2922 in
3258 2865 3465 2936 psalmo
3501 2867 3786 2936 paenitens

2195 2956 2468 3026 loquitur:
2506 2957 2814 3026 Iniquitates
2853 2973 2980 3011 mea:
3023 2955 3233 3011 elevatae
3271 2966 3390 3011 sunt
3427 2973 3585 3027 super
3614 2968 3780 3026 caput

2195 3064 2404 3110 meum,
2471 3048 2620 3118 quasi
2663 3063 2796 3100 onus
2840 3063 2994 3116 grave
3031 3056 3260 3116 gravata:
3313 3056 3432 3102 sunt
3487 3063 3646 3117 super
3689 3063 3782 3101 me

2196 3137 2367 3208 (Psal.
2397 3137 2622 3209 xxxvii).
2685 3136 2760 3192 De
2798 3137 3086 3194 virtutibus
3122 3137 3472 3208 doctrinaque
3509 3138 3782 3193 virtutum

2191 3227 2438 3284 Salvator
2477 3229 2590 3284 ait:
2629 3229 2821 3300 Jugum
2865 3230 3000 3282 enim
3027 3245 3194 3283 meum
3236 3246 3394 3283 suave
3433 3239 3532 3295 est,
3557 3239 3606 3282 et
3634 3247 3782 3283 onus

2191 3339 2360 3376 meum
2396 3321 2500 3374 leve
2548 3320 2760 3393 (Matth.
2809 3318 2904 3392 si).
2970 3317 3122 3385 Quod
3172 3327 3350 3374 autem
3414 3329 3467 3373 et
3522 3320 3784 3374 doctrina

2188 3424 2287 3478 pro
2327 3425 2490 3464 onere
2528 3408 2844 3478 accipiatur,
2871 3408 3211 3477 perspicuum
3247 3407 3308 3461 ﬁt
3343 3409 3396 3462 in
3436 3409 3734 3480 Evangelia
3759 3428 3776 3463 ε

2190 3499 2421 3570 Alligant
2463 3499 2659 3569 quippe
2699 3498 2956 3553 Phariszni
2993 3515 3150 3552 onera
3191 3499 3370 3569 gravia
3409 3508 3458 3553 et
3496 3516 3615 3570 quae
3647 3517 3780 3569 por-

2191 3591 2294 3645 tari
2334 3607 2436 3645 non
2478 3600 2712 3662 possunt,
2755 3599 2804 3644 et
2843 3600 3193 3660 superponunt
3235 3607 3297 3644 ea
3335 3607 3490 3660 super
3524 3592 3779 3646 humeros

2189 3681 2478 3745 hominum,
2527 3680 2627 3749 ipsi
2675 3687 2848 3732 autem
2889 3694 2994 3731 uno
3039 3694 3101 3731 ea
3139 3677 3300 3748 digito
3344 3678 3522 3732 nolunt
3563 3682 3778 3734 continu

2190 3787 2308 3842 gere
2353 3769 2582 3843 (Matth.
2626 3769 2817 3838 χχιιι).
2885 3768 3056 3835 Quam
3105 3784 3268 3840 grave
3312 3771 3382 3825 sit
3425 3771 3659 3840 aliquem
3703 3773 3779 3828 de

2193 3863 2582 3932 tranquillitate
2609 3863 2828 3920 turbare
2867 3873 2923 3918 et
2947 3879 3136 3919 serena
3164 3865 3327 3919 corda
3350 3865 3628 3919 hominum
3651 3868 3775 3936 qui-

2190 3953 2418 4010 busdam
2463 3954 2617 4023 quasi
2675 3953 2924 4008 fluctibus
2979 3955 3290 4020 concitare,
3356 3953 3654 4010 Salvatoris
3699 3957 3775 4012 ad

2192 4044 2463 4116 apostolos
2502 4045 2665 4100 verba
2702 4053 2969 4100 testantur
3001 4045 3231 4100 dicentis
3260 4064 3274 4100 :
3305 4045 3386 4100 Ne
3410 4047 3773 4114 conturbetur,

2192 4153 2282 4190 cor
2320 4144 2584 4202 vestrum,
2632 4151 2794 4206 neque
2839 4136 3066 4190 timentis
3113 4135 3298 4209 (Joan.
3349 4137 3500 4208 xw);
3554 4139 3778 4208 expedit

2192 4228 2389 4299 quippe
2433 4229 2482 4283 ei
2525 4228 2618 4297 qui
2660 4229 2950 4284 conturbat
2993 4237 3048 4284 et
3091 4231 3418 4286 scandalizat
3459 4233 3774 4302 quempiam

2195 4321 2247 4376 in
2277 4320 2542 4386 Ecclesia,
2577 4330 2638 4376 ut
2671 4321 2807 4391 lapis
2842 4321 3061 4377 molaris
3097 4323 3460 4378 circumdetur
3489 4324 3627 4380 collo
3652 4325 3780 4390 ejus

2192 4418 2248 4464 et
2285 4410 2531 4471 mittatur
2566 4425 2688 4465 cum
2725 4425 2791 4464 eo
2830 4410 2882 4466 in
2925 4425 3101 4476 mare,
3141 4427 3300 4480 quam
3343 4421 3402 4466 ut
3440 4412 3777 4468 scandalizet

2197 4513 2362 4553 unum
2396 4499 2461 4555 de
2493 4498 2576 4554 his
2607 4498 2844 4554 minimis
2881 4500 2973 4568 qui
3012 4515 3040 4553 a
3083 4499 3362 4557 Salvatore
3401 4487 3778 4558 monstrantur

2199 4587 2418 4660 (Matth.
2468 4587 2654 4659 xvm).
2702 4588 2922 4644 Turbati
2961 4604 3092 4660 ergo
3133 4589 3346 4646 fuerant
3385 4591 3588 4648 Galaue
3630 4594 3778 4650 inter

2199 4678 2448 4750 spiritum
2490 4687 2546 4734 et
2587 4679 2858 4740 litteram,
2901 4679 3370 4735 circumcisionem
3411 4690 3467 4736 et
3504 4684 3778 4739 concisio-

2202 4785 2349 4834 nem,
2375 4768 2704 4825 Judaismum
2728 4770 2993 4825 occultum
3019 4780 3075 4826 et
3104 4771 3470 4839 manifestum,
3491 4775 3621 4844 quid
3647 4790 3776 4846 age-

2199 4869 2320 4916 rent
2345 4861 2679 4931 ignorantes.
2705 4861 2931 4916 Brevius
2953 4871 3131 4917 autem
3163 4872 3216 4918 et
3249 4865 3328 4918 sic
3352 4867 3520 4934 accipi
3547 4877 3724 4935 potest
3752 4885 3772 4926 :

2195 4951 2512 5022 Quicunque
2553 4960 2638 5007 est
2680 4951 2805 5016 ille,
2850 4953 2940 5022 qui
2981 4969 3077 5008 vos
3122 4954 3188 5008 ad
3234 4954 3627 5012 Pharisaeorum
3674 4959 3775 5013 do-

2195 5045 2425 5101 ctrinam
2465 5045 2714 5111 retrahit,
2756 5053 2809 5100 et
2846 5046 2899 5099 in
2939 5061 3103 5102 carne
3126 5047 3398 5104 desiderat
3433 5051 3770 5117 circumcidi,

2195 5132 2442 5204 quamvis
2487 5133 2558 5187 sit
2598 5133 2872 5207 eloquens,
2901 5143 2958 5188 et
2999 5135 3055 5188 in
3096 5135 3228 5206 legis
3270 5138 3569 5194 eruditione
3606 5155 3667 5196 se
3681 5140 3773 5209 ja-

2195 5229 2327 5287 ctet,
2370 5220 2502 5275 nihil
2542 5222 2771 5292 amplius
2807 5223 2948 5288 dico,
2993 5225 3096 5279 nisi
3141 5225 3261 5290 hoc,
3301 5228 3442 5297 quod
3482 5229 3646 5283 etiam
3673 5244 3774 5284 vos

2195 5313 2431 5365 abnuere
2470 5327 2576 5366 non
2617 5314 2865 5381 potestis,
2886 5315 3028 5383 quod
3064 5317 3300 5384 portabit
3333 5333 3430 5388 pro
3468 5319 3570 5374 hoc
3606 5334 3773 5390 opere

2191 5399 2450 5470 judicium
2491 5409 2545 5455 et
2580 5411 2940 5471 consequetur
2968 5417 3066 5474 pro
3102 5419 3200 5459 suo
3233 5404 3416 5462 labore
3441 5409 3766 5464 mercedem.

2197 5489 2382 5561 (Aug.)
2424 5489 2548 5545 Huic
2592 5499 2678 5548 est
2721 5491 2812 5546 illa
2856 5493 3198 5549 conturbatio
3235 5497 3507 5551 contraria
3551 5498 3766 5562 ordini,

2201 5591 2262 5636 ut
2299 5583 2364 5638 de
2406 5583 2734 5652 spiritalibus
2768 5584 3016 5640 carnales
3046 5585 3198 5652 ﬁant,
3232 5596 3290 5643 et
3323 5590 3578 5658 quoniam
3617 5590 3770 5646 intel-

2201 5671 2470 5744 ligendum
2512 5681 2614 5741 est,
2657 5672 2821 5731 fuisse
2858 5675 3144 5748 quosdam,
3179 5679 3270 5752 qui
3307 5695 3428 5736 cum
3455 5681 3653 5738 vellent
3692 5680 3770 5744 eis
