4022 6338
283 389 388 444 5M

770 385 1314 445 ENARBATIONUM
1354 385 1417 442 IN
1456 387 1604 442 EPP.
1644 385 1850 441 PAULI
1887 386 2012 442 LIB.
2054 387 2171 444 XV.
2208 382 2278 430 4
2311 385 2379 443 IN
2415 386 2632 444 EPIST.
2672 388 2765 444 AD
2800 387 3047 445 GALAT.

3417 384 3523 441 543

285 509 451 564 istam
486 507 802 563 servitutem
837 509 1180 578 persuadere,
1213 517 1270 564 et
1299 507 1542 562 viderent
1579 521 1671 562 eos
1709 505 1855 560 Pauli
1887 509 1932 570 B
1963 506 2175 563 Utinam
2201 508 2582 564 abscindantur
2607 506 2661 562 hi
2691 507 2782 577 qui
2807 521 2903 562 vos
2933 499 3427 561 subvertuntl'l‘ale
3441 507 3524 558 est

283 599 519 667 apostoli
554 599 874 653 auctoritate
909 598 1170 663 revocari,
1208 598 1446 652 dicereut
1482 597 1644 650 etiam
1681 596 1856 665 ipsum

285 686 516 741 Paulum
557 687 613 741 id
655 687 878 751 sentire,
926 685 1020 740 sed
1063 701 1168 740 non
1212 685 1291 739 eis
1329 684 1482 740 facile
1522 683 1729 753 aperire
1766 699 1887 762 vo—l

287 775 496 842 luisse,
539 777 860 832 sententiam
901 791 1053 830 suam
1093 775 1544 845 opportunissime
1585 772 1854 841 subjecit:

287 867 408 937 Ego
433 877 628 934 autem,
655 868 866 938 fratres,
907 868 952 922 si
985 867 1424 920 circumcisionem
1456 864 1706 934 pra’dico,
1735 862 1859 934 quid

289 956 466 1010 adhuc
509 957 911 1025 persecutionem
947 957 1162 1026 patior?
1205 954 1439 1026 (Amb.)
1481 955 1738 1025 Apertum
1776 961 1860 1008 est

288 1047 437 1115 quod
485 1047 653 1114 dicit;
705 1047 826 1102 ideo
885 1046 1028 1102 enim
1079 1047 1233 1116 quasi
1296 1045 1544 1100 inimicus
1590 1060 1620 1099 a
1663 1042 1860 1100 Judaeis

289 1136 612 1190 audiebatur
647 1143 702 1190 et
741 1151 847 1191 non
887 1135 1199 1192 desinebant
1236 1149 1266 1188 a
1300 1134 1670 1204 persecutione
1706 1131 1854 1201 ejus:

289 1227 420 1294 quia
459 1228 920 1283 circumcisionem
953 1226 1067 1297 jam
1090 1241 1304 1282 cessare
1329 1227 1572 1282 docebat.
1618 1224 1858 1294 Denique

288 1314 492 1370 Judaris
534 1316 976 1386 compellentibus
1015 1324 1072 1372 et
1130 1331 1500 1386 szepenumero
1564 1315 1729 1368 falsas
1770 1328 1859 1368 ac-

290 1407 604 1460 cusationes
643 1415 989 1461 contra-eum
1027 1405 1390 1461 deferentibus
1419 1401 1853 1474 obliquumjudi-~

290 1507 412 1548 cem
440 1493 625 1549 videns
665 1505 884 1551 coactus
922 1495 1206 1566 appellavit
1240 1494 1526 1550 Caesarem.
1571 1493 1712 1563 Ergo
1739 1509 1858 1546 eva-

288 1594 506 1637 cuatum
531 1594 604 1638 est
627 1584 932 1639 scandalum
955 1586 1140 1640 crucis.
1170 1584 1492 1640 Scandalum
1518 1592 1634 1639 erat
1660 1582 1858 1638 Judmis

285 1672 602 1740 praedicatio
623 1674 816 1738 crucis,
844 1674 968 1743 quia
990 1673 1271 1729 sabbatum
1310 1684 1364 1729 et
1391 1673 1857 1728 circumcisionem

285 1763 628 1827 evacuabat;
691 1764 736 1818 si
789 1773 965 1818 autem
1005 1764 1314 1819 admitteret
1351 1764 1853 1832 circumcisionem,

1958 599 2083 662 hoc,
2097 597 2254 666 quale
2266 604 2319 650 et
2339 595 2464 651 illud
2479 597 2545 649 ad
2557 594 2862 650 Corinthios
2873 594 2926 648 in
2941 593 3113 664 prima
3132 609 3144 645 :
3170 589 3273 656 Qui
3297 605 3417 655 non,
3441 587 3523 644 in-

1957 687 2092 755 quit,
2115 695 2256 740 amat
2277 685 2555 738 Dominum
2573 683 2775 748 Iesum,
2804 684 3078 737 anathema
3098 682 3163 735 sit
3181 679 3231 752 (1
3246 677 3367 733 Cor.
3385 677 3519 749 xw).

1958 776 2033 830 Ex
2067 775 2182 844 ipso
2211 789 2369 846 grege
2397 774 2642 829 morbido
2671 779 2795 829 sunt
2821 782 2876 829 et
2909 774 2964 828 hi
3009 786 3146 841 quos
3201 769 3371 825 sociat
3399 784 3522 824 sen-

1958 865 2138 918 tentiae
2173 879 2392 928 eorum,
2429 872 2488 918 ut
2517 863 2897 918 abscindantur
2948 877 2978 916 a
3007 859 3374 916 misericordia
3405 859 3520 925 Dei,

1957 952 2050 1021 qui
2077 951 2294 1008 Galatas
2323 953 2414 1007 Dei
2447 953 2617 1023 gratia
2649 959 2945 1016 exuerunt;
2983 959 3038 1005 et
3069 965 3176 1004 non
3208 947 3379 1004 solum
3413 945 3526 1017 spi-

1957 1041 2206 1108 ritaliter,
2237 1041 2329 1096 sed
2359 1049 2415 1096 et
2437 1030 2838 1097 carnaliterhos
2865 1031 3155 1105 maledicit,
3183 1048 3242 1093 ut
3267 1037 3390 1108 quia
3419 1038 3524 1093 cir-

1957 1131 2188 1208 cumcidi
2215 1131 2433 1186 Galatas
2471 1133 2766 1200 cogebant,
2817 1131 2916 1201 ipsi
2963 1130 3428 1195 abscinderentur,
3466 1135 3524 1183 ut

1958 1221 2405 1293 multiplicaretur
2441 1223 2526 1278 his
2565 1222 2716 1278 dolor
2753 1221 3015 1292 corporis.
3063 1218 3244 1291 (.4ug.)
3279 1216 3524 1284 Utinam,

1958 1311 2149 1381 inquit,
2175 1312 2550 1366 abscinduntur
2567 1329 2656 1382 qut
2681 1328 2766 1365 vos
2790 1309 3131 1364 conturbant!
3152 1322 3256 1362 non
3292 1315 3522 1370 tantum,

1959 1401 2152 1470 inquit,
2193 1401 2666 1464 circutncidantur,
2697 1400 2792 1454 sed
2820 1397 3236 1453 abscindantur:
3276 1395 3354 1450 sic
3380 1395 3522 1448 enim

1958 1489 2086 1545 ﬁent
2113 1491 2379 1560 spadones
2407 1498 2627 1561 propter
2658 1505 2878 1561 regnum
2909 1488 3189 1553 caelorum,
3213 1495 3265 1541 et
3290 1486 3524 1540 carnalia

1957 1581 2227 1637 seminare
2271 1582 2578 1637 cessabunt.
2631 1579 2898 1652 (Ηξενοη.)
2929 1579 3217 1646 Quaeritur,
3257 1577 3525 1646 quomodo

1957 1671 2186 1738 Paulus,
2222 1673 2514 1742 discipulus
2543 1672 2656 1742 ejus
2696 1671 2786 1740 qui
2821 1671 2934 1725 ait:
2977 1669 3270 1724 Benedicite
3308 1668 3526 1723 maledi-

1957 1762 2186 1817 centibus
2212 1762 2352 1818 vobis
2377 1761 2528 1833 (Luc.
2552 1759 2698 1830 xvr);
2728 1770 2782 1814 et
2808 1760 2918 1830 ipse
2944 1759 3166 1829 loquens
3189 1776 3201 1812 :
3234 1757 3526 1812 Benedicite

287 1865 399 1904 non
437 1861 583 1906 esset
620 1853 949 1918 scandalum,
977 1861 1032 1909 et
1053 1855 1260 1925 pacifici
1285 1854 1847 1912 nobisessentludazi.
1880 1852 1927 1914 B
1955 1862 2001 1906 et
2049 1852 2206 1906 nolite
2251 1851 2556 1906 maledicere
2593 1848 2768 1920 (Rom.
2820 1850 2950 1918 xu);
3003 1858 3058 1903 et
3105 1849 3159 1902 in
3209 1845 3314 1901 alio
3363 1845 3479 1900 loco
3508 1885 3522 1898 .

287 1938 428 1993 Nam
469 1941 718 1997 dicebant
761 1944 825 1997 de
868 1942 1184 1998 Salvatore:
1229 1942 1351 1998 Non
1392 1953 1466 1998 est
1503 1945 1586 1997 hic
1626 1944 1777 1997 homo
1820 1961 1853 1998 a

289 2028 424 2095 Deo,
446 2031 536 2099 qui
561 2032 830 2085 sabbatum
855 2048 958 2085 non
983 2032 1206 2086 custodit
1229 2031 1406 2102 (Joan.
1436 2033 1534 2105 ιχ).
1580 2032 1851 2106 [Ηὶθτοῐι.]

287 2115 544 2187 Legimus
587 2119 639 2172 in
678 2117 901 2174 Aetibus
944 2119 1302 2190 apostolorum
1327 2161 1342 2187 ,
1389 2128 1446 2176 et
1489 2121 1602 2193 ipse
1643 2137 1856 2192 quoque

288 2207 566 2276 apostolus
584 2207 780 2264 Paulus
805 2211 856 2264 in
877 2209 1128 2280 Epistolis
1153 2211 1264 2267 suis
1289 2227 1426 2283 smpe
1451 2223 1852 2282 commemorat,

287 2313 354 2353 se
397 2315 428 2353 a
466 2298 664 2356 Iudaeis
705 2301 1101 2370 persecutiones
1133 2304 1487 2359 creberrimas
1517 2305 1855 2373 sustinuisse,

286 2397 578 2460 propterea
620 2391 761 2461 quod
801 2392 1020 2448 doceret
1059 2408 1152 2448 eos
1194 2395 1285 2462 qui
1325 2409 1392 2449 ex
1432 2394 1690 2452 Gentibus
1735 2413 1854 2452 cre-

289 2479 545 2534 diderant
575 2481 628 2535 in
665 2481 896 2545 Christo,
921 2497 1026 2535 non
1060 2481 1253 2537 debere
1290 2484 1622 2540 circumcidi.
1663 2487 1727 2540 lii
1759 2487 1854 2540 ita-

289 2581 439 2637 que,
499 2568 566 2623 de
618 2570 810 2639 quibus
853 2585 1014 2640 supra
1055 2571 1166 2626 ait:
1217 2570 1320 2637 Qui
1366 2583 1538 2628 autem
1584 2574 1856 2628 conturbat

290 2674 407 2724 nos,
446 2661 673 2730 portabit
702 2661 985 2730 judicium,
1027 2664 1318 2735 quicunque
1354 2674 1429 2719 est
1467 2664 1574 2729 ille,
1621 2673 1680 2719 ut
1716 2665 1859 2720 deci-

291 2758 486 2818 perent
525 2749 744 2806 Galatas
769 2792 783 2815 ,
829 2753 992 2807 etiam
1034 2753 1136 2808 hoc
1173 2753 1440 2809 addebant
1475 2773 1487 2807 :
1524 2753 1640 2824 Non
1687 2755 1858 2809 solum

291 2839 490 2895 Petrus
529 2851 584 2895 et
617 2841 848 2897 Jacobus
891 2852 946 2898 et
982 2842 1216 2900 Joannes
1259 2853 1314 2900 et
1354 2847 1531 2901 caeteri
1579 2847 1633 2901 in
1678 2843 1860 2901 Judaea

291 2934 522 3000 apostoli
559 2936 1020 2992 circumcisionem
1057 2946 1113 2992 et
1145 2937 1249 2993 alia
1283 2946 1547 3008 praecepta
1599 2937 1734 3009 legis
1766 2936 1861 2993 ob-

292 3031 555 3088 servant,
599 3026 691 3079 sed
731 3025 845 3096 ipse
889 3041 1100 3096 quoque
1145 3026 1380 3092 Paulus,
1429 3027 1519 3097 qui
1566 3041 1662 3082 vos
1704 3025 1862 3082 aliter

293 3113 482 3167 docuit
537 3130 697 3184 quam
750 3130 807 3170 se
861 3116 936 3170 rei
999 3116 1203 3171 veritas
1255 3116 1455 3181 habet,
1520 3114 1858 3171 Timotheum

1955 1943 2138 2014 Neque
2164 1941 2406 1996 maledici
2436 1956 2645 2009 regnum
2676 1938 2772 1992 Dei
2810 1937 3142 2008 possidebunt
3175 1934 3226 2006 (Ι
3260 1933 3383 1988 Cor.
3411 1934 3522 2003 v1),

1954 2048 2098 2088 nunc
2129 2041 2185 2088 et
2210 2031 2548 2086 maledixerit
2586 2033 2666 2084 eis
2709 2029 2798 2099 qui
2839 2027 3109 2083 Ecclesias
3137 2025 3361 2082 Galatia:
3396 2038 3526 2078 con-

1955 2122 2266 2188 turbabant,
2287 2130 2342 2176 et
2369 2136 2490 2176 cum
2518 2120 2752 2190 optantis
2773 2127 2898 2174 voto
2924 2116 3282 2180 maledixerit,
3308 2113 3522 2169 Utinam

1954 2222 2004 2266 et
2033 2211 2405 2266 abscinduntur
2431 2212 2518 2280 qui
2563 2227 2651 2266 vos
2695 2208 3047 2264 conturbant!
3083 2207 3214 2261 Tam
3252 2206 3395 2260 enim
3429 2203 3524 2259 de-

1954 2303 2205 2358 testanda
2235 2299 2550 2356 abscisionis
2595 2307 2677 2354 est
2702 2298 2900 2368 passio,
2922 2305 2981 2350 ut
3001 2305 3052 2350 et
3077 2295 3167 2365 qui
3197 2293 3379 2348 invitis
3404 2307 3525 2347 eam

1957 2391 2216 2458 intulerit,
2249 2391 2456 2462 legibus
2490 2388 2718 2461 publicis
2755 2389 3030 2460 puniatur,
3073 2394 3128 2440 et
3165 2385 3254 2452 qui
3287 2384 3524 2452 seipsum

1956 2483 2306 2547 castraverit,
2337 2481 2553 2536 infamis
2583 2479 2862 2534 habeatur.
2899 2478 2970 2533 Ut
2999 2477 3140 2532 enim
3173 2474 3322 2539 illud,
3352 2472 3522 2537 aiunt,

1956 2589 2142 2630 verum
2181 2573 2282 2638 sit,
2322 2573 2441 2628 vivit
2481 2572 2536 2626 in
2577 2587 2657 2625 me
2687 2570 2923 2624 Christus
2958 2565 3099 2636 (Gal.
3128 2568 3219 2637 u);
3275 2573 3328 2619 et
3375 2564 3521 2617 hoc:

1955 2664 2039 2717 An
2085 2663 2488 2733 experimentum
2532 2659 2763 2730 quaeritis
2813 2658 2926 2728 ejus
2970 2657 3059 2726 qui
3099 2655 3154 2709 in
3191 2669 3272 2707 me
3299 2651 3527 2721 loquitur

1957 2733 2244 2808 Christus!
2273 2751 2356 2821 (Il
2386 2749 2508 2806 Cor.
2558 2751 2636 2820 χι)
2680 2757 2827 2806 certe
2866 2745 3258 2802 maledictionis
3286 2757 3387 2796 vox
3419 2755 3524 2794 non

1957 2847 2136 2912 potest
2179 2837 2294 2907 ejus
2340 2837 2600 2908 intelligi,
2649 2838 2742 2906 qui
2777 2835 2950 2890 dicit:
2991 2834 3185 2888 Discite
3222 2849 3254 2885 a
3287 2846 3368 2884 me
3401 2829 3525 2899 quia

1959 2929 2170 2983 humilis
2194 2945 2328 2993 sum,
2355 2939 2402 2982 et
2423 2928 2584 2992 mitis,
2605 2935 2653 2980 et
2677 2935 2978 2980 mansuetus
3000 2924 3152 2978 corde
3182 2921 3398 2992 (Matth.
3421 2919 3524 2989 x1).

1959 3021 2028 3076 Et
2047 3020 2215 3090 magis
2233 3026 2452 3091 putatur
2469 3016 2692 3072 .ludaico
2720 3016 2904 3072 furore
2933 3024 2988 3070 et
3009 3013 3240 3086 quadam
3268 3010 3525 3066 eilrenata

1961 3109 2171 3165 insania
2212 3124 2271 3166 se
2315 3124 2421 3164 non
2459 3109 2698 3180 potuisse
2742 3106 3029 3172 cohibere,
3078 3119 3237 3175 quam
3289 3103 3528 3158 imitatus

293 3203 659 3270 circumcidit,
703 3204 900 3260 Judzeis
941 3205 1248 3276 frequenter
1279 3201 1710 3263 Judaeus'factus
1749 3216 1854 3273 est,
1884 3206 1928 3269 C
1957 3214 2078 3256 esse
2127 3215 2252 3256 eum
2298 3201 2390 3271 qui
2431 3208 2688 3270 tanquam
2729 3213 2899 3269 agnus
2949 3212 3129 3253 coram
3171 3195 3424 3250 tondente
3471 3209 3529 3248 se

291 3295 527 3350 veritate
573 3305 812 3366 cogente.
871 3299 1042 3365 Quam
1087 3299 1392 3369 opinionem
1444 3300 1511 3356 de
1547 3299 1860 3356 Galatarum

296 3387 572 3443 mentibus
614 3389 807 3444 Paulus
861 3405 1006 3446 nunc
1063 3391 1247 3446 volens
1302 3391 1525 3456 tollere,
1579 3393 1696 3447 ait:
1748 3391 1861 3462 Ego

295 3486 495 3539 autem,
519 3477 725 3546 fratres,
751 3481 796 3532 si
815 3479 1252 3534 circumcisionem
1275 3483 1524 3551 prazdico,
1544 3481 1668 3551 quid
1691 3480 1863 3535 adhuc

296 3567 700 3637 persecutionem
737 3570 951 3640 patior?
992 3569 1180 3636 Omne,
1229 3572 1422 3640 inquit,
1468 3572 1522 3626 in
1563 3586 1648 3626 me
1681 3571 1861 3626 odium

296 3653 624 3722 Iudaeorum,
668 3667 723 3714 et
753 3675 857 3729 qua
893 3660 1152 3715 adversus
1189 3676 1273 3714 me
1298 3659 1501 3716 furiunt
1529 3662 1758 3726 insania,
1794 3660 1863 3715 ob

300 3745 435 3800 nihil
471 3747 614 3802 aliud
650 3756 754 3816 est,
781 3749 884 3804 nisi
925 3750 1066 3818 quod
1102 3749 1270 3805 doceo
1294 3749 1492 3807 Gentes
1532 3767 1637 3806 non
1669 3751 1866 3806 debere

299 3837 614 3893 circumcidi
653 3848 706 3894 et
739 3840 872 3912 legis
913 3856 1078 3896 onera
1122 3841 1386 3912 superﬂua
1429 3852 1484 3898 et
1519 3842 1631 3912 jam
1667 3842 1864 3898 abolita

303 3928 597 3983 custodire.
643 3928 776 3984 Cum
823 3940 997 3986 autem
1044 3933 1472 4002 persecutionem
1516 3934 1710 4004 patiar,
1753 3949 1867 3988 ma-

300 4015 560 4070 nifestum
612 4026 694 4073 est
749 4034 832 4073 me
885 4021 1344 4076 circumcisionem
1390 4038 1494 4078 non
1537 4023 1864 4092 praedicare,

301 4119 466 4173 quam
506 4105 740 4161 destruo.
791 4107 905 4163 Non
956 4111 1095 4164 enim
1141 4121 1248 4164 tam
1298 4113 1723 4182 persecutionem
1775 4129 1868 4183 pa-

301 4194 414 4248 tior
458 4208 490 4247 a
529 4193 749 4261 Judmis,
786 4199 908 4267 quia
949 4201 1180 4269 prtedieo
1219 4201 1556 4267 cruciﬁxum,
1596 4210 1650 4256 et
1685 4201 1866 4258 Jesum

303 4297 427 4340 esse
471 4284 592 4340 dico
645 4285 950 4352 Christum,
993 4305 1152 4358 quem
1193 4289 1278 4346 lex
1319 4300 1373 4347 et
1412 4293 1688 4362 prephetze
1731 4309 1870 4364 prte-

303 4375 720 4441 nuntiaverunt,
768 4392 928 4448 quam
969 4380 1094 4448 quia
1139 4381 1308 4436 doceo
1349 4381 1519 4452 legem
1562 4398 1680 4437 esse
1723 4397 1870 4436 com-

300 4465 526 4534 pictam.
574 4465 726 4532 Quod
767 4477 946 4522 autem
994 4482 1126 4522 crux
1167 4466 1364 4524 ludatis
1411 4469 1719 4524 scandalum
1760 4471 1866 4538 sit,

1963 3307 2070 3346 non
2099 3291 2307 3362 aperuit
2333 3305 2394 3345 os
2421 3305 2599 3356 suum,
2624 3295 2678 3344 et
2704 3287 3144 3344 maledicentibus
3170 3301 3274 3340 non
3305 3284 3528 3339 remale-

1963 3384 2098 3438 dixit
2117 3401 2130 3437 :
2149 3383 2366 3437 tradidit
2386 3397 2444 3438 se
2463 3381 2622 3436 morti
2642 3381 3047 3435 condemnatus.
3062 3375 3142 3432 Ad
3163 3378 3302 3446 quod
3319 3377 3410 3446 qui
3431 3391 3529 3446 pro

1962 3473 2130 3529 Paulo
2159 3473 2536 3543 respondebit,
2584 3472 2699 3526 haec
2725 3471 2903 3526 dicet:
2941 3485 3045 3524 non
3085 3476 3196 3523 tam
3234 3465 3430 3522 furoris
3476 3467 3529 3519 in

1965 3565 2298 3621 adversarios
2319 3605 2335 3630 ,
2380 3578 2542 3633 quam
2566 3561 2864 3618 dilectionis
2887 3561 2940 3616 in
2961 3559 3230 3615 Ecclesias
3253 3556 3346 3611 Dei
3367 3555 3529 3610 verba

1965 3670 2084 3710 esse
2120 3670 2239 3725 quae
2263 3654 2474 3709 locutus
2512 3654 2602 3708 sit.
2641 3640 2868 3708 Videbat
2893 3652 3088 3720 quippe
3116 3657 3283 3704 totam
3311 3647 3527 3718 provin-

1966 3743 2126 3808 ciam,
2144 3759 2302 3812 quam
2332 3743 2444 3812 ipse
2471 3757 2570 3797 suo
2596 3741 2850 3810 sanguine
2870 3749 2924 3794 et
2943 3740 3198 3809 periculis
3221 3738 3289 3792 ab
3311 3736 3532 3792 idolola-

1965 3834 2068 3888 tria
2090 3834 2157 3888 ad
2179 3832 2378 3888 Christi
2400 3831 2779 3886 transduxerat
2797 3832 2976 3892 fidem,
2993 3830 3164 3884 subita
3187 3828 3533 3900 persuasione

1967 3924 2276 3986 turbatam,
2331 3930 2385 3977 et
2431 3922 2613 3976 dolore
2657 3921 2980 3990 apostolico,
3032 3919 3217 3975 dolore
3243 3921 3436 3990 patris,
3472 3934 3531 3975 se

1967 4019 2150 4066 tenere
2173 4027 2280 4066 non
2307 4018 2550 4080 poterat:
2579 4011 2823 4066 mutabat
2847 4025 3053 4072 vocem,
3079 4019 3133 4063 et
3163 4009 3355 4078 quibus
3381 4009 3534 4064 blan-

1969 4104 2114 4158 ditus
2145 4103 2348 4168 fuerat,
2394 4102 2746 4167 iraScebatur,
2789 4110 2849 4154 ut
2887 4116 3021 4170 quos
3056 4100 3370 4170 nequiverat
3395 4099 3531 4154 leni-

1969 4204 2102 4260 tate,
2129 4193 2318 4250 saltem
2345 4191 2712 4262 objurgatione
2742 4191 3018 4246 retineret.
3060 4189 3169 4245 Nec
3193 4189 3388 4244 mirum
3414 4204 3532 4244 esse

1969 4284 2013 4338 si
2050 4283 2364 4355 Apostolus,
2397 4291 2457 4337 ut
2486 4283 2645 4337 homo
2674 4288 2726 4335 et
2755 4282 2930 4336 adhuc
2956 4279 3175 4336 vasculo
3206 4279 3416 4335 clausus
3451 4281 3533 4334 in-

1969 4373 2142 4439 firmo,
2174 4375 2466 4442 vidensque
2496 4373 2655 4427 aliam
2694 4371 2866 4442 legem
2905 4371 2956 4426 in
2991 4386 3218 4442 corpore
3245 4385 3342 4426 suo
3367 4373 3508 4441 capti

1972 4475 2183 4522 vantem
2214 4481 2271 4520 se
2299 4473 2354 4520 et
2379 4466 2658 4519 ducentem
2692 4462 2746 4517 in
2770 4462 2885 4533 lege
2907 4463 3136 4532 peccati,
3175 4460 3344 4516 semel
3373 4460 3536 4515 fuerit

302 4555 569 4612 Gentibus
613 4559 838 4614 stultitia
859 4601 872 4623 ,
919 4559 1032 4629 ipse
1075 4559 1329 4614 Dominus
1370 4569 1554 4615 noster
1595 4562 1866 4627 ostendit,
1893 4542 1947 4602 Ῑ)
1971 4558 2074 4611 hoc
2101 4556 2326 4620 locutus,
2359 4555 2413 4610 in
2441 4553 2580 4624 quod
2608 4553 2915 4623 frequenter
2937 4561 3157 4607 sanctos
3175 4551 3318 4606 viros
3343 4551 3535 4606 cadere

305 4648 401 4716 qui
432 4647 570 4717 lapis
595 4648 792 4703 dicitur
823 4648 1133 4704 offensionis
1173 4657 1228 4705 et
1262 4662 1415 4720 petra
1439 4653 1675 4708 scandali
1703 4671 1714 4707 :
1746 4669 1871 4723 pro-

301 4748 428 4807 pter
474 4739 607 4793 nihil
657 4740 802 4796 aliud
845 4748 1008 4811 puto,
1067 4740 1169 4796 nisi
1225 4742 1352 4812 quia
1398 4744 1707 4812 praedicatio
1748 4761 1870 4799 cum

303 4832 481 4901 plenis
519 4833 655 4888 Vt‘lis
693 4835 832 4905 apud
877 4835 1156 4889 audientes
1193 4836 1553 4905 processerit,
1595 4838 1776 4892 statim
1811 4845 1869 4892 ut

303 4921 376 4976 ad
410 4937 624 4977 crucem
658 4924 895 4988 venerit,
937 4923 1210 4993 impingit;
1249 4932 1305 4978 et
1335 4939 1672 4995 nequaquam
1702 4925 1872 4981 libero

303 5027 473 5067 cursu
515 5022 690 5083 potest
726 5014 865 5068 ultra
903 5015 1213 5083 procedere.
1257 5013 1362 5070 Sed
1407 5016 1520 5070 inec
1558 5032 1712 5080 crux,
1749 5032 1868 5087 quae

305 5103 452 5170 apud
494 5101 703 5158 Iudaeos
746 5104 1058 5159 scandalum
1098 5112 1182 5158 est
1221 5114 1276 5160 et
1318 5106 1457 5174 apud
1494 5104 1693 5161 Gentes
1733 5107 1866 5162 stul-

307 5193 462 5257 titia,
513 5193 669 5248 nobis
713 5194 804 5262 qui
846 5194 1118 5249 credimus
1160 5197 1334 5250 virtus
1380 5203 1463 5249 est
1512 5203 1565 5250 et
1611 5197 1870 5266 sapientia

312 5299 333 5332 ι
365 5281 613 5336 Christus
638 5283 781 5336 enim
803 5283 898 5338 Dei
927 5283 1096 5338 virttis
1129 5291 1214 5338 est
1250 5293 1306 5339 et
1335 5283 1432 5338 Dei
1460 5285 1724 5354 sapientia
1756 5303 1775 5336 ›
1818 5285 1866 5354 (l

305 5370 436 5426 Cor.
466 5370 530 5440 ι),
557 5378 616 5425 ut
635 5380 854 5441 propter
875 5371 927 5426 id
955 5373 1096 5440 quod
1111 5373 1335 5428 stultitia
1350 5372 1646 5438 dicebatur,
1665 5371 1871 5427 fatuum

309 5459 412 5515 Dei
438 5460 733 5530 sapientius
759 5461 911 5516 lieret
935 5461 1240 5516 hominibus
1264 5502 1280 5526 ,
1309 5469 1364 5517 et
1389 5471 1608 5533 pr0pter
1645 5462 1701 5516 id
1733 5461 1876 5531 quod

309 5550 607 5608 infirmitas
633 5559 689 5605 et
715 5551 1045 5616 scandalum,
1080 5551 1352 5606 infirmum
1381 5552 1478 5607 Dei
1505 5551 1698 5607 fortius
1726 5549 1880 5606 ﬁeret

311 5639 644 5697 hominibus.
689 5641 832 5712 Ergo
867 5651 1166 5696 evacuatum
1203 5652 1278 5696 est
1313 5641 1616 5696 scandalum
1663 5643 1875 5696 crucis:

313 5734 520 5787 utinam
557 5743 604 5787 et
639 5733 1042 5788 abscindantur.
1083 5735 1172 5787 aui
1203 5751 1284 5788 vos
1315 5734 1652 5788 conturbant!
1679 5733 1876 5804 (Amb.)

1971 4650 2340 4719 perspicimus.
2393 4647 2498 4702 Sed
2528 4655 2582 4702 et
2610 4646 2738 4700 illud
2767 4645 2870 4700 dici
2915 4653 3130 4715 potest,
3182 4643 3306 4698 licet
3351 4657 3538 4713 super-

1971 4740 2134 4795 fluum
2173 4739 2489 4810 quibusdam
2529 4753 2649 4792 esse
2677 4735 2943 4801 videatur,
2991 4735 3133 4804 quod
3179 4733 3377 4788 Paulus
3424 4749 3531 4788 non

1973 4838 2085 4884 tam
2117 4828 2456 4883 maledixerit
2480 4829 2580 4891 eis,
2619 4841 2778 4896 quam
2807 4824 3040 4879 oraverit
3067 4838 3163 4894 pro
3187 4823 3316 4889 illis,
3351 4830 3410 4877 ut
3443 4838 3536 4878 eas

1972 4927 2154 4990 partes
2180 4918 2423 4989 corporis
2458 4917 2776 4989 perderent,
2816 4929 2912 4985 per
2939 4928 3075 4984 quas
3109 4913 3418 4984 delinquere
3445 4927 3536 4968 co-

1971 5013 2264 5084 gebantur;
2329 5017 2386 5065 et
2435 5008 2700 5078 quomodo
2763 5005 2816 5060 in
2866 5005 3150 5074 Evangeiio
3201 5005 3401 5060 dictum
3453 5012 3536 5059 est

1974 5098 2185 5172 (Matth.
2213 5095 2390 5168 xvm),
2423 5094 2617 5150 melius
2637 5107 2756 5148 esse
2775 5093 3003 5161 aliquem
3025 5094 3140 5149 sine
3168 5094 3322 5149 oculo
3342 5104 3396 5150 et
3422 5096 3536 5151 sine

1974 5205 2165 5254 manu,
2203 5195 2258 5243 et
2284 5187 2399 5241 sine
2423 5185 2576 5255 pede,
2607 5190 2661 5239 et
2688 5183 2927 5253 qualibet
2953 5185 3055 5238 alia
3086 5193 3238 5254 parte
3267 5191 3533 5241 membro-

1975 5294 2092 5333 rum
2137 5279 2338 5331 intrare
2383 5277 2438 5331 in
2486 5290 2705 5346 regnum
2734 5274 3013 5339 actorum,
3048 5291 3206 5344 quam
3242 5284 3409 5330 totum
3457 5277 3537 5330 ire

1977 5370 2029 5424 in
2078 5369 2414 5438 gehennam:
2449 5366 2522 5421 ita
2565 5374 2620 5422 et
2661 5383 2802 5423 nunc
2851 5375 3037 5438 optare
3063 5368 3142 5422 eis
3174 5368 3344 5438 magis
3374 5384 3548 5422 unam.

1977 5466 2183 5528 partem
2234 5457 2473 5525 corporis
2522 5457 2748 5526 perdere
2775 5497 2788 5522 ,
2841 5471 3003 5527 quam
3051 5471 3146 5527 per
3198 5457 3532 5512 occasionem

1980 5547 2174 5619 integri
2203 5547 2441 5617 corporis
2469 5555 2725 5617 perpetuo
2754 5549 2876 5619 igne
2903 5547 3165 5603 damnari.
3220 5548 3528 5620 Hicxiocus.

1979 5640 2192 5710 quando
2243 5642 2310 5695 ab
2365 5640 2593 5695 ethnicis
2649 5640 3089 5710 reprehenditur,
3142 5639 3408 5710 quomodo
3445 5648 3531 5690 ets

1981 5732 2289 5800 responderi
2318 5733 2508 5800 possit,
2536 5731 2888 5786 ostendimus.
2929 5730 3078 5785 Nunc
3109 5746 3138 5784 a
3167 5730 3320 5785 nobis
3351 5735 3550 5784 contra-
