4022 6338
511 357 617 414 545

1143 363 1206 417 Β.
1249 363 1495 420 RABAM
1529 364 1747 422 MAURI
1780 363 2099 425 ARCHIEP.
2132 363 2440 421 MOGUNT.
2480 363 2764 424 OPERUM
2801 366 2980 424 PARS
3013 366 3104 422 Ill.

3645 366 3754 426 5M-

513 472 796 530 hmreticos
819 479 1141 544 proferatur,
1157 476 1482 533 Marcionem
1505 478 1750 534 videlicet
1767 489 1822 535 et
1849 479 2082 536 Valenti-
2108 484 2160 543 Α
2182 479 2420 550 pondere
2447 481 2862 537 demonstratur.
2914 482 3181 550 Quidquid
3207 497 3338 551 ergo
3377 482 3452 537 illi
3489 498 3592 554 pro
3614 484 3754 554 Apo-

511 579 642 618 num
671 573 726 618 et
751 579 961 631 omnes,
989 567 1083 635 qui
1121 577 1308 622 contra
1337 575 1489 624 vetus
1533 568 1734 624 latrant
1761 569 2079 625 Testamen-
2177 567 2318 625 stolo
2342 572 2703 627 excusationis
2728 573 3026 635 attulerint,
3057 572 3157 626 hoc
3185 588 3290 626 non
3317 587 3416 642 pro
3445 573 3563 643 lege
3586 574 3752 629 veteri

514 662 627 710 tum
646 693 661 717 ,
691 669 796 723 qua
825 655 1034 709 ratione
1065 657 1140 711 illi
1181 658 1269 726 qui
1301 666 1600 713 creatorem
1637 659 2078 730 sanguinarium,

513 758 761 798 sever-uta
804 744 1158 811 bellatorem,
1201 755 1257 800 et
1286 755 1492 802 tantum
1525 747 1762 817 judicem
1790 748 2082 804 criminan-

517 841 626 898 tur,
661 834 764 888 hoc
803 833 856 888 in
887 837 1129 906 apostolo
1166 836 1262 890 Dei
1297 837 1422 891 boni
1448 837 1661 892 valeant
1684 852 1964 894 excusare.
2015 839 2086 894 Et

514 929 664 977 certe
693 923 890 977 nullam
932 934 1060 994 puto
1100 926 1154 984 in
1182 927 1349 980 veteri
1384 925 1497 996 lege
1529 937 1639 981 tam
1681 935 1921 994 trucem,
1972 938 2083 984 tam

516 1021 796 1068 cruentam
825 1014 881 1068 in
911 1015 1117 1084 aliquos
1147 1030 1265 1071 esse
1293 1017 1644 1080 sententiam,
1685 1032 1848 1086 quam
1881 1019 2086 1072 utinam

517 1100 914 1169 abscinduntur,
937 1106 1027 1175 qui
1054 1121 1138 1158 vos
1165 1106 1508 1160 conturbant!
1526 1105 1636 1160 Nec
1662 1114 1887 1175 possunt
1905 1107 2086 1163 dicere

517 1204 705 1245 orasse
747 1191 1063 1261 Apostolum
1110 1209 1208 1264 pro
1254 1193 1488 1249 inimicis
1538 1194 1776 1260 Christi,
1829 1195 1920 1265 qui
1971 1196 2087 1265 ejus

515 1277 788 1335 Ecclesias
814 1283 1236 1353 conturbabant;
1277 1299 1378 1338 nec
1406 1298 1472 1338 ex
1502 1284 1786 1340 dilectione
1815 1285 2086 1355 prolatum

515 1371 660 1438 quod
689 1379 896 1427 tumore
928 1382 982 1430 et
1012 1373 1374 1443 indignatione
1410 1373 1626 1445 plenum
1655 1375 1771 1444 ipso
1797 1377 2084 1436 verborum

2181 657 2550 714 defendemus.
2607 659 2790 732 (Aug.)
2819 658 3101 715 Maledicta
3148 661 3292 714 enim
3341 669 3395 716 et
3440 662 3751 732 prophetica

2182 746 2454 811 dicuntur,
2476 763 2580 805 non
2607 755 2733 804 sunt
2761 749 2828 804 de
2857 750 2998 803 malo
3021 758 3148 804 voto
3174 751 3544 818 imprecantis,
3569 751 3664 806 sed
3689 753 3756 808 de

2180 837 2406 905 praescio
2455 836 2660 907 Spiritu
2707 839 3112 903 denuntiantis;
3164 856 3288 894 nam
3336 841 3464 896 illud
3501 851 3756 912 tauquam

2183 928 2545 984 stomachatus
2576 939 2630 983 et
2658 931 2964 1000 indignatus
2992 933 3154 986 etiam
3183 933 3324 988 male
3358 943 3576 1002 optasse
3603 934 3753 990 vide—

2186 1025 2265 1071 tut
2297 1017 2604 1088 Apostolus,
2636 1019 2848 1073 Utinam
2882 1030 2930 1074 et
2961 1021 3340 1076 abscindantur
3365 1025 3455 1094 qui
3504 1040 3596 1077 vos
3634 1041 3760 1078 con—

2185 1107 2392 1163 turbant
2415 1109 2437 1164 .'
2459 1109 2611 1177 Quod
2639 1113 2821 1182 utique
2839 1153 2854 1178 ,
2896 1114 2941 1167 si
2973 1115 3279 1171 consideres
3307 1132 3594 1186 personam
3623 1119 3759 1173 scri-

2183 1197 2402 1264 bentis,
2468 1201 2637 1270 magis
2688 1218 2812 1257 eum
2866 1204 3267 1274 elegantissimo
3316 1209 3569 1276 ambiguo
3617 1208 3760 1264 bene

2185 1297 2400 1356 optasse
2429 1290 2690 1362 intelliges
2718 1307 2732 1347 :
2763 1302 2888 1349 sunt
2913 1297 3198 1364 spadones,
3229 1297 3321 1368 qui
3351 1297 3554 1368 seipsos
3582 1299 3760 1354 absci—

2185 1379 2377 1440 derunt
2405 1392 2623 1453 propter
2651 1399 2872 1454 regnum
2903 1386 3184 1442 caelorum.

553 1545 3756 1581 ..Μ

1247 1709 1661 1826 LIBER
1744 1710 2290 1826 SEXTUS
2370 1711 3034 1830 DECIMUS.

941 1992 1287 2061 SEQUITUR
1321 1991 1548 2050 CAPUT
1585 1991 1650 2046 γ.

595 2089 696 2143 Vos
723 2088 858 2142 enim
886 2087 942 2140 in
960 2084 1246 2139 libertatem
1271 2084 1438 2139 vocati
1451 2086 1593 2148 estis,
1618 2083 1838 2153 fratres;
1861 2094 2084 2151 tantum,

517 2200 579 2239 ne
595 2183 880 2236 libertatem
902 2183 957 2234 in
979 2179 1296 2234 occasionem
1322 2178 1452 2232 detis
1473 2178 1666 2243 carnis,
1689 2179 1779 2232 sed
1799 2194 1891 2247 per
1915 2179 2087 2232 chari-

517 2283 674 2327 tatem
698 2273 878 2326 servile
893 2271 1128 2324 invicem.
1144 2268 1204 2339 (Α
1214 2267 1340 2336 mb.)
1356 2267 1411 2322 in
1427 2267 1730 2322 libertatem
1745 2268 1918 2323 vocati
1941 2276 2084 2334 sunt,

516 2365 664 2433 quia,
695 2379 814 2419 cum
845 2362 1083 2432 peccatis
1107 2368 1295 2418 essent
1327 2361 1565 2425 obnoxii,
1590 2361 1682 2414 Dei
1723 2361 1952 2430 gratiam
1999 2375 2087 2415 ac-

517 2456 777 2524 cipientes
791 2454 1073 2508 remissam
1087 2453 1402 2507 delictorum
1429 2451 1642 2507 liberati
1683 2463 1828 2507 sunt.
1863 2451 2087 2507 Tantum

519 2563 580 2600 ne
609 2544 895 2600 libertatem
926 2545 980 2597 in
1019 2543 1342 2597 occasionem
1371 2544 1542 2596 carnis
1569 2543 1720 2598 detis.
1775 2543 1889 2599 Hoc
1917 2544 2082 2611 dicit,

515 2652 584 2690 ne
611 2641 885 2704 acceptam
925 2633 1225 2689 libertatem
1267 2634 1478 2688 occasio
1521 2635 1702 2688 carnis
1742 2635 1979 2688 adimat:
2018 2635 2087 2690 ad

514 2729 617 2783 hoc
645 2727 790 2782 enim
816 2726 1129 2780 circumcidi
1156 2741 1249 2780 eos
1268 2725 1537 2790 volebant,
1562 2734 1619 2779 ut
1645 2725 1698 2779 in
1726 2725 2086 2781 conditionem

515 2819 650 2889 legis
681 2818 962 2872 intrarent.
1015 2816 1138 2870 Ideo
1168 2824 1379 2880 monet,
1418 2830 1486 2869 ne
1518 2816 1588 2870 sit
1616 2817 1830 2872 occasio
1859 2831 2087 2872 consen-

513 2907 695 2962 tiendo
713 2907 810 2962 eis.
837 2927 855 2959 ι
883 2905 988 2961 Sed
1002 2923 1098 2976 per
1113 2907 1450 2961 dilectionem
1471 2905 1702 2976 Spiritus
1716 2907 1915 2962 servite
1933 2907 2086 2963 vobis

510 2999 761 3064 invicem,
790 3019 808 3052 ›
827 3015 931 3054 non
950 3014 1048 3069 per
1069 2998 1318 3054 allectum
1345 2999 1528 3053 carnis
1549 2999 1869 3053 cliaritatem
1887 2998 2086 3054 haben-

512 3091 665 3153 dam,
713 3090 808 3145 sed
843 3106 940 3159 per
979 3090 1240 3160 Spiritum
1270 3089 1606 3153 exhortatur,
1637 3086 1700 3143 'ut
1729 3089 1952 3144 invicem
1983 3089 2084 3144 sibi

511 3180 740 3249 subjecti
771 3181 897 3234 sint.
935 3201 952 3229 ι
979 3178 1242 3235 Universa
1271 3179 1414 3232 enim
1442 3178 1528 3234 lex
1559 3179 1610 3232 in
1639 3180 1787 3233 vobis
1804 3179 2084 3234 unoverbo

509 3267 984 3336 impletur,diliges
997 3268 1288 3336 proximum
1321 3266 1644 3329 tuumgsicut
1673 3267 1909 3334 teipsum.
1936 3285 1953 3316 ι
1973 3264 2084 3320 Hoc

2103 2001 2153 2060 B
2179 1998 2548 2058 contemnant,
2589 1991 2715 2048 illud
2748 1994 2888 2064 quod
2915 1993 3200 2064 Apostolus
3218 2005 3553 2066 exsecratur,
3596 2016 3764 2058 noxia

2189 2080 2438 2135 libertate
2473 2081 2710 2136 dicentes
2737 2099 2752 2136 :
2788 2081 3146 2150 Peccavimus,
3173 2085 3296 2155 quia
3321 2103 3422 2140 non
3441 2103 3624 2142 sumus
3662 2091 3765 2143 sub

2189 2170 2328 2240 lege,
2368 2172 2456 2225 sed
2493 2172 2587 2225 sub
2625 2173 2796 2242 gratia
2825 2172 2996 2242 (Rom.
3023 2174 3120 2243 vi).
3181 2174 3282 2241 Qui
3332 2191 3462 2246 ergo
3509 2193 3613 2232 nec
3658 2179 3766 2233 sub

2188 2262 2358 2332 gratia
2385 2270 2469 2316 est
2489 2303 2503 2324 ,
2550 2262 2675 2330 quia
2710 2263 3046 2330 nequaquam
3078 2263 3144 2317 ad
3173 2264 3466 2319 Dominica:
3496 2267 3766 2321 doctrinm

2187 2351 2397 2406 culmen
2429 2351 2703 2416 ascendit,
2735 2367 2836 2404 nec
2862 2350 2962 2405 sub
2987 2351 3124 2422 lege,
3154 2353 3278 2422 quia
3313 2355 3476 2408 etiam
3514 2355 3631 2424 ipsa
3670 2355 3766 2409 illa

2185 2441 2409 2509 parvula
2445 2441 2578 2511 legis
2607 2441 2858 2495 mandata
2886 2455 2990 2494 non
3017 2442 3259 2512 suscipit,
3291 2443 3377 2498 hic
3409 2443 3606 2512 duplici
3635 2459 3770 2512 pee-

2186 2539 2427 2586 catorum
2454 2545 2741 2600 oppressus
2767 2530 2990 2599 imperio
3015 2532 3083 2585 ob
3108 2531 3272 2586 solam
3299 2533 3528 2602 gratiam
3553 2531 3768 2586 Christi

2185 2621 2490 2693 percepisse
2533 2637 2592 2677 se
2634 2621 2835 2685 credit,
2886 2627 2946 2676 ut
2977 2635 3074 2690 per
3103 2623 3316 2675 noxiam
3346 2621 3652 2678 libertatem
3691 2625 3766 2678 ab

2186 2727 2252 2767 eo
2282 2712 2436 2768 fieret
2463 2712 2703 2779 alienus,
2747 2713 2803 2766 in
2843 2711 2972 2767 illud
3003 2712 3272 2778 incidens,
3307 2715 3450 2783 quod
3479 2715 3772 2784 apostolus

2185 2806 2410 2871 Petrus,
2453 2822 2523 2861 ne
2559 2807 2899 2860 incurramus
2937 2805 3182 2858 enuntiat
3211 2823 3224 2857 :
3257 2804 3421 2870 Quasi
3450 2805 3626 2867 liberi,
3668 2806 3763 2859 in—

2185 2898 2335 2968 quit,
2376 2898 2532 2968 agite,
2577 2907 2626 2951 et
2664 2914 2764 2950 non
2799 2897 2950 2966 quasi
2986 2894 3213 2948 velamen
3248 2895 3492 2949 habentes
3536 2895 3766 2949 malitite

2186 2987 2472 3041 libertatem
2524 2985 2578 3058 (Ι
2626 2983 2770 3040 Petr.
2823 2987 2904 3057 ιι).
2969 2985 3166 3040 Beatus
3213 3000 3427 3055 quoque
3479 2985 3768 3055 apostolus

2185 3077 2382 3133 Paulus
2413 3095 2425 3131 :
2461 3075 2561 3130 Vos
2594 3077 2759 3142 enim,
2797 3075 3000 3145 inquit,
3031 3077 3085 3128 in
3115 3073 3348 3128 libertate
3394 3077 3560 3128 vocati
3607 3077 3766 3140 estis,

2186 3171 2391 3240 fratres,
2423 3169 2475 3224 id
2495 3178 2636 3236 aest,
2675 3178 2734 3223 ut
2768 3168 2995 3224 absoluti
3031 3168 3148 3222 sitis
3175 3183 3205 3221 a
3235 3167 3597 3222 dominatione
3622 3184 3764 3236 pec-

2185 3263 2324 3326 cati,
2362 3271 2586 3325 tantum,
2616 3277 2678 3316 ne
2705 3260 2990 3314 libertatem
3020 3259 3072 3312 in
3100 3259 3367 3312 occasione
3395 3259 3568 3311 contis
3597 3258 3763 3323 detis,

507 3356 771 3424 scriptum
816 3361 901 3408 est
949 3353 1006 3406 in
1049 3351 1308 3418 Levitico,
1359 3353 1502 3420 quod
1533 3367 1693 3420 supra
1723 3352 1926 3406 dictum
1953 3360 2075 3418 est,
2105 3340 2149 3402 C
2181 3353 2233 3407 id
2258 3361 2363 3416 est,
2392 3351 2797 3406 frustrationem
2820 3349 3068 3420 legalium
3099 3357 3490 3418 prmceptorum
3516 3348 3763 3403 credatis

507 3444 636 3512 quia
667 3443 927 3512 perfectio
955 3442 1143 3496 salutis
1170 3456 1266 3512 per
1291 3441 1626 3518 dilectionem
1655 3450 1931 3511 Operatur,
1953 3442 2080 3510 quia

507 3535 599 3604 qui
647 3549 752 3588 non
802 3534 973 3604 diligit
1021 3533 1282 3598 fratrem,
1336 3548 1440 3586 non
1473 3533 1643 3603 diligit
1693 3534 1898 3597 Deum,
1951 3533 2083 3587 dicit

505 3622 740 3678 Joannes
763 3621 1034 3692 apostolus
1058 3620 1108 3692 (I
1139 3621 1297 3674 Joan.
1332 3618 1427 3683 tv).
1461 3619 1610 3685 Quod
1639 3620 1685 3673 si
1726 3620 1967 3675 mordetis
1995 3621 2079 3674 in-

507 3717 666 3769 vicem
715 3723 762 3769 et
813 3714 1122 3778 criminatis,
1166 3713 1328 3767 videte
1360 3730 1422 3767 ne
1452 3713 1514 3766 ab
1556 3714 1769 3767 invicem
1806 3731 2081 3769 consuma-

505 3805 654 3870 mini;
680 3803 1023 3859 manil‘estum
1043 3811 1146 3868 est,
1173 3804 1296 3872 quia
1324 3804 1588 3859 dissensio
1613 3804 1838 3860 fratrum
1864 3806 2079 3860 inimica

507 3903 594 3949 est
623 3895 944 3958 dilectionis,
975 3895 1096 3949 ideo
1127 3902 1308 3948 monet
1335 3903 1393 3948 ut
1418 3894 1626 3966 pacilici
1662 3895 1768 3948 sint
1797 3895 2080 3964 prolicien-

509 3997 594 4040 tes
625 3985 682 4040 in
712 3987 873 4040 bono.
926 3984 1308 4041 Contentiones
1335 3985 1478 4040 enim
1507 3994 1768 4056 generant
1802 3986 2039 4055 jurgium
2061 4026 2077 4052 ,

506 4075 660 4143 cujus
700 4075 906 4131 fructus
950 4084 1033 4130 est
1071 4075 1194 4129 vitae
1235 4079 1590 4143 consumptio.
1644 4074 1889 4146 (Theod.)
1922 4076 2081 4141 Quis-

508 4163 630 4234 quis
657 4179 786 4233 ergo
813 4164 1196 4234 perfectionem
1224 4163 1544 4233 evangelica:
1585 4164 1853 4218 studuerit
1895 4171 2080 4218 tenere

507 4254 798 4318 doctrinm,
835 4253 923 4307 hic
953 4255 1050 4308 sub
1079 4256 1248 4324 gratia
1285 4254 1640 4319 constitutus,
1671 4254 1879 4324 peccati
1909 4254 2079 4308 domi-

505 4345 725 4400 natione
750 4359 857 4400 non
883 4346 1144 4414 premitur
1169 4361 1182 4398 :
1214 4345 1315 4399 hoc
1343 4353 1426 4400 est
1451 4345 1596 4398 enim
1623 4359 1741 4398 esse
1763 4346 1862 4399 sub
1884 4344 2074 4418 gratia,

506 4449 628 4503 qua:
669 4448 699 4486 a
734 4433 907 4503 gratia
959 4435 1280 4489 mandantur
1319 4435 1566 4504 implere;
1612 4434 1915 4505 quicunque
1949 4449 2080 4489 vero

506 4524 853 4592 perfectionis
895 4525 1226 4596 Evangelica:
1275 4523 1595 4592 plcnitudini
1643 4524 1913 4594 subjectus
1960 4539 2079 4581 esse

506 4615 776 4682 noluerit,
827 4632 934 4671 non
981 4617 1191 4687 ignoret
1237 4629 1326 4678 se,
1373 4615 1618 4684 quamvis
1645 4616 1946 4687 baptizatus
1974 4617 2076 4672 sibi

503 4706 750 4760 videatur
784 4722 848 4762 ac
881 4707 1198 4770 monachus,
1228 4719 1332 4758 non
1359 4720 1479 4760 esse
1506 4706 1606 4760 sub
1633 4707 1828 4777 gratia,
1857 4708 1951 4762 sed
1977 4708 2076 4762 sub
2101 4679 2154 4738 D

455 4796 640 4868 'legis
692 4799 866 4852 adhuc
915 4796 1148 4851 vinculis
1193 4797 1539 4867 praepeditum
1583 4801 1789 4869 peccati
1842 4801 2079 4869 pondere

503 4889 839 4958 pergravari.
869 4888 1208 4957 Propositum
1234 4903 1466 4958 namque
1493 4899 1577 4944 est
1595 4891 1734 4960 ejus,
1755 4891 1846 4960 qui
1867 4907 2078 4958 omnes,

507 4994 538 5032 a
570 4978 766 5048 quibus
798 4985 1050 5047 receptus
1078 4977 1264 5044 fuerit,
1289 4979 1461 5050 gratia
1492 4981 1792 5050 ad0ptionis
1818 4981 2076 5047 assumit,

510 5081 618 5120 non
657 5065 956 5131 destruere,
1008 5067 1104 5121 sed
1148 5069 1595 5137 superaedilicare,
1648 5084 1749 5125 nec
1791 5085 2074 5135 evacuare,

511 5157 607 5210 sed
649 5156 942 5226 adimplere
982 5156 1242 5214 Mosaicas
1274 5161 1618 5226 sanctiones;
1657 5162 1801 5230 quod
1835 5161 2077 5216 nonnulli

508 5247 725 5317 penitus
771 5247 1080 5318 ignorantes
1127 5259 1182 5303 et
1229 5251 1574 5306 consiliorum
1618 5260 1779 5320 atque
1819 5253 2075 5306 exhorta-

510 5337 719 5390 tionum
745 5337 943 5392 Christi
975 5340 1427 5410 magniﬁcentiam
1456 5341 1804 5414 negligentes,
1839 5342 1912 5396 ita
1941 5357 2078 5412 prae-

513 5427 794 5494 sumptivze
822 5428 1082 5486 libertatis
1110 5433 1396 5487 securitate
1426 5433 1724 5498 solvuntur,
1769 5442 1827 5486 ut
1856 5449 1960 5487 non
1990 5449 2076 5488 so-

509 5517 623 5578 lum
651 5517 848 5573 Christi
875 5531 1140 5590 prmcepta
1178 5531 1430 5591 tanquam
1459 5523 1624 5575 ardua
1654 5537 1760 5577 non
1790 5523 2075 5593 attingant,

517 5626 705 5666 verum
733 5612 893 5666 etiam
927 5614 1037 5682 ipsa
1072 5614 1177 5678 illa,
1208 5630 1327 5682 qua:
1356 5614 1458 5668 illis
1487 5615 1861 5683 insipientibus
1889 5630 2079 5685 parvu-

515 5705 687 5776 lisque
726 5703 954 5762 Mosaica
991 5706 1106 5778 lege
1146 5705 1398 5763 mandata
1444 5715 1569 5762 sunt
1615 5706 1755 5763 velut
1804 5707 2080 5777 antiquata

2181 3457 2300 3496 esse
2347 3441 2614 3495 licentiam
2657 3439 2929 3494 vitiorum.
2985 3438 3108 3494 [huc
3150 3453 3279 3492 vero
3321 3439 3576 3503 libertas,
3624 3441 3761 3508 quia

2181 3548 2463 3600 nusquam,
2497 3531 2603 3584 nisi
2631 3531 2701 3585 ibi
2734 3531 2802 3584 sit
2833 3539 3074 3594 tantum,
3103 3529 3192 3585 ubi
3223 3531 3478 3586 Dominus
3509 3547 3760 3586 commo-

2180 3630 2350 3684 ratur,
2390 3619 2586 3673 Paulus
2623 3619 2902 3688 apostolus
2934 3620 3124 3674 docet:
3169 3619 3442 3687 Dominus,
3474 3623 3756 3691 inquiens,

2171 3711 2392 3781 spiritus
2430 3719 2546 3764 est:
2585 3708 2672 3762 ubi
2707 3720 2878 3763 autem
2916 3711 3126 3779 spiritus
3161 3711 3391 3778 Domini,
3426 3713 3497 3766 ibi
3535 3713 3756 3769 libertas

2181 3797 2266 3870 (11
2292 3798 2413 3852 Cor.
2444 3799 2546 3867 ut).
2597 3800 2931 3868 Quapropter
2987 3799 3174 3869 ignoro
3224 3809 3403 3856 utrum
3434 3803 3579 3856 hunc
3609 3802 3762 3858 beati

2181 3889 2404 3959 apostoli
2435 3905 2676 3954 sensum,
2713 3889 2851 3943 sicut
2911 3889 2963 3944 hi
2995 3891 3086 3959 qui
3117 3893 3327 3960 experti
3357 3900 3481 3946 sunt
3510 3893 3755 3962 sapiunt,

2179 3982 2481 4050 exprimere
2533 3989 2694 4050 atque
2735 3980 3007 4036 elucidare
3051 3982 3358 4050 potuerim;
3405 3999 3571 4036 unum
3611 3985 3755 4049 scio,

2179 4071 2518 4140 apertissime
2549 4071 2695 4123 illum
2721 4070 2880 4123 etiam
2910 4070 3025 4124 sine
3053 4073 3383 4140 expositione
3430 4073 3757 4144 cujusquam

2180 4161 2427 4214 omnibus
2461 4161 2696 4223 servari,
2744 4161 2834 4230 qui
2873 4162 3196 4228 practicem,
3243 4163 3294 4216 id
3323 4172 3434 4226 est,
3481 4165 3754 4220 actualem

2178 4251 2413 4321 perfecte
2467 4252 2739 4305 tenuerint
2779 4251 3132 4319 disciplinam.
3189 4251 3305 4307 Non
3351 4255 3492 4308 enim
3539 4255 3760 4310 labora-

2179 4340 2346 4404 bunt,
2389 4347 2447 4392 ut
2483 4339 2626 4408 quod
2661 4338 2773 4408 jam
2809 4339 3081 4407 operando
3110 4339 3412 4395 didicerunt
3446 4343 3756 4414 intelligant

2179 4432 2516 4500 disputando.
2566 4430 2671 4486 Sed
2724 4447 2816 4500 per
2871 4430 3198 4498 cltaritatem,
3235 4433 3428 4500 inquit,
3457 4434 3757 4487 servitein-

2179 4523 2357 4575 vicem.
2396 4521 2575 4593 (Aug)
2606 4521 2712 4588 Qui,
2733 4523 2876 4576 enim
2905 4536 2999 4590 per
3025 4524 3346 4579 cbaritatem
3383 4526 3551 4579 servit
3588 4525 3752 4590 liber,

2179 4623 2234 4670 et
2279 4614 2484 4678 servit,
2533 4622 2587 4668 et
2633 4613 2750 4668 sine
2810 4613 3026 4668 miseria
3085 4616 3427 4686 obtemperat
3471 4619 3580 4672 Deo
3625 4634 3752 4673 cum

2180 4719 2362 4760 amore
2410 4703 2652 4759 faciendo
2696 4705 2840 4774 quod
2885 4705 3130 4770 docetur,
3205 4723 3312 4762 non
3379 4725 3502 4763 cum
3552 4711 3751 4764 timore

2180 4793 2324 4865 quod
2349 4794 2576 4862 cogitur.
2624 4794 2774 4848 Tunc
2803 4793 2947 4849 enim
2976 4809 3076 4849 nos
3103 4796 3340 4852 cbaritas
3365 4812 3396 4850 a
3419 4797 3549 4868 jugo
3578 4800 3753 4868 culpas

2178 4886 2379 4941 liberos
2407 4885 2600 4949 reddit,
2637 4900 2758 4939 cum
2787 4885 3028 4941 vicissim
3063 4903 3162 4942 nos
3191 4896 3434 4943 nostrum
3470 4906 3567 4959 per
3595 4905 3751 4943 amo-

2178 4989 2294 5031 rem
2323 4976 2542 5032 scrvitio
2565 4976 2797 5046 subjicit,
2825 4984 2879 5031 et
2903 4993 3024 5030 cum
3053 4978 3222 5032 aliena
3255 4988 3436 5033 nostra
3467 4981 3602 5034 bona
3630 4995 3752 5034 cre-

2181 5067 2378 5132 dimus,
2401 5075 2455 5122 et
2473 5075 2656 5121 nostra
2679 5053 2960 5136 aliisquasi
2983 5083 3080 5122 sua
3099 5067 3384 5124 offerentes
3403 5070 3747 5125 exhibemus.

2186 5156 2457 5227 (Hieron.)
2483 5155 2634 5212 Hunc
2661 5157 2835 5211 locum
2863 5173 2971 5227 quo
3007 5158 3175 5213 dicit:
3210 5157 3311 5214 Vos
3341 5162 3478 5216 enim
3509 5162 3564 5214 in
3592 5161 3751 5217 liber-

2183 5261 2340 5306 tatem
2370 5253 2536 5305 vocati
2585 5251 2728 5317 estis,
2758 5252 2966 5321 fratres,
2985 5260 3118 5316 etc.,
3149 5253 3274 5322 quia
3301 5253 3455 5308 valde
3482 5254 3751 5310 obscurus

2181 5350 2285 5406 est,
2316 5342 2381 5395 de
2409 5341 2616 5395 decimo
2644 5340 2971 5396 Stromatum
3003 5341 3138 5396 libro
3162 5342 3439 5396 transferri
3465 5343 3668 5414 placuit
3684 5345 3754 5398 ad

2182 5437 2402 5491 verbum
2422 5454 2441 5488 ι
2467 5450 2571 5489 non
2602 5434 2742 5504 quod
2775 5434 2980 5504 singula
3015 5450 3120 5489 non
3148 5435 3354 5503 possint
3388 5436 3501 5490 suis
3528 5436 3661 5490 locis
3695 5445 3756 5496 et

2184 5525 2432 5592 sensibus
2468 5524 2780 5594 explanari:
2831 5523 2922 5577 sed
2961 5524 3102 5592 quod
3146 5540 3177 5576 a
3221 5526 3488 5593 superiori
3531 5527 3748 5597 negotio

2187 5625 2463 5686 separata,
2501 5631 2666 5669 unum
2696 5613 2908 5668 dillicile
2937 5628 3130 5681 corpus
3158 5613 3392 5669 alliciant
3421 5631 3432 5666 :
3480 5623 3536 5670 et
3577 5616 3624 5670 si
3671 5616 3748 5670 sic

2188 5706 2550 5776 intelligantur
2581 5714 2638 5760 ut
2663 5712 2914 5761 resonant
2933 5743 2946 5770 ,
2971 5704 3418 5775 inconsequenter
3444 5713 3498 5763 et
3527 5705 3750 5776 abrupte
