4022 6338
264 351 374 406 διε

733 345 1282 404 ENARRATIONUM
1315 345 1384 401 IN
1417 343 1566 400 EPP.
1605 341 1810 398 PAULI
1845 339 1974 396 LIB.
2013 339 2153 396 XVI.
2189 370 2260 382 —
2295 341 2362 396 IN
2400 341 2617 398 EPIST.
2653 343 2746 398 AD
2785 342 3036 399 GALAT.

3409 335 3514 396 546

266 475 576 535 repugnare
621 461 760 516 inter
803 476 861 516 se
881 501 897 526 ,
946 468 999 515 et
1047 467 1258 515 scatere
1296 459 1597 514 videantur.
1642 456 1838 528 (Θήρ.)
1867 464 1919 522 Α
1945 466 2056 513 toto
2085 460 2267 521 corde,
2295 474 2360 512 ex
2391 465 2501 513 tota
2530 459 2730 523 anima,
2759 473 2826 513 ex
2857 466 2970 512 tota
3016 463 3196 513 mente
3238 455 3408 512 Deum
3435 455 3518 510 di-

267 553 524 623 Origenis
557 553 738 620 itaque
774 551 890 604 hate
922 549 1086 603 verba
1116 556 1242 602 sunt
1267 566 1280 602 :
1311 547 1547 601 Diliicilis
1567 546 1715 600 locus
1737 553 1840 609 est,

268 653 328 700 et
357 644 438 697 ita
478 641 635 697 nobis
668 638 1013 696 disserendus
1041 638 1275 693 videtur.
1321 637 1420 703 Qui
1460 636 1595 690 liber
1623 645 1742 699 est,
1765 673 1769 678 ι
1792 641 1847 688 et

269 735 455 790 altiori
485 748 648 788 sensu
677 731 920 802 Spiritum
947 738 1003 784 et
1023 729 1310 784 veritatem
1342 727 1614 796 sequitur,
1645 738 1847 794 praece-

271 823 468 878 dentes
501 829 556 877 et
589 830 744 890 typos
782 817 1079 874 eOntemnit
1112 824 1167 871 et
1198 816 1462 880 litteram;
1508 829 1616 868 non
1645 813 1847 866 idcirco

273 913 440 968 debet
477 907 715 965 minores
747 908 1158 977 despicere,'et
1197 905 1534 960 occasionem
1573 903 1702 957 dare
1741 902 1845 967 his,

272 1001 368 1071 qui
403 1017 511 1054 non
559 1007 787 1069 possunt
813 998 1017 1052 sentire
1061 997 1374 1062 sublimius,
1421 996 1488 1051 de
1533 1010 1592 1049 se
1635 994 1848 1063 penitus

275 1089 632 1159 desperandi;
664 1088 791 1143 licet
830 1088 976 1142 enim
1017 1086 1216 1142 inﬁrmi
1255 1087 1366 1141 sint
1393 1095 1448 1142 et
1477 1100 1606 1140 caro
1635 1098 1852 1151 compa-

279 1182 497 1236 ratione
547 1179 770 1248 spiritus
816 1175 1185 1246 appellentur.,
1243 1191 1369 1230 caro
1422 1183 1600 1228 tamen
1649 1172 1851 1227 Christi

277 1280 430 1327 sunt.
481 1269 540 1324 Si
574 1269 719 1322 enim
753 1266 1002 1337 intelligit
1037 1267 1352 1337 mysterium
1383 1261 1852 1320 charitatis‘inlir-

276 1360 546 1416 mioribus
583 1357 887 1421 servientis,
908 1356 1074 1411 faciat
1109 1355 1312 1423 aliquid
1346 1363 1564 1425 propter
1588 1352 1853 1414 inlirmos,

281 1468 355 1508 ne
385 1453 441 1506 in
471 1450 698 1506 scientia
733 1463 828 1503 sua
861 1448 1028 1501 frater
1065 1454 1280 1515 pereat,
1323 1461 1424 1515 pro
1463 1459 1570 1513 quo
1609 1443 1856 1497 Christus

279 1552 370 1598 est
403 1552 667 1596 mortuus.
705 1539 1001 1610 Diligenter
1031 1539 1210 1606 itaque
1239 1537 1473 1601 attende,
1517 1551 1586 1590 an
1630 1549 1697 1589 ex
1728 1550 1857 1589 con-

283 1633 638 1704 sequentibus
666 1646 854 1686 sensus
881 1631 983 1684 iste
1012 1638 1244 1683 texatur.
1270 1626 1392 1692 Vos,
1421 1627 1612 1697 inquit,
1647 1626 1854 1694 fratres,

282 1722 344 1774 in
371 1720 662 1774 libertatm
690 1720 856 1774 vocati
883 1718 1026 1772 estis.
1081 1717 1329 1771 Forsitan
1367 1716 1488 1771 ideo
1513 1755 1529 1781 ,
1579 1717 1704 1785 quia
1751 1731 1859 1770 non

1943 549 2077 618 ligit,
2109 549 2295 617 diligat
2341 558 2396 602 et
2439 550 2740 619 proximum
2777 558 3032 618 tanquam
3073 549 3308 618 seipsum
3344 566 3359 601 :
3389 548 3514 617 quia

1945 640 2050 694 hoc
2086 639 2240 708 jubet
2283 641 2372 694 ille
2409 655 2570 708 quem
2613 656 2680 694 ex
2709 649 2820 694 toto
2855 641 3038 704 corde,
3069 654 3136 693 ex
3176 646 3284 693 tota
3313 638 3512 701 anima,

1944 745 2012 785 ex
2055 737 2168 784 tota
2208 739 2386 784 mente
2419 731 2606 800 diligit.
2651 731 2805 795 Item,
2843 729 3065 799 diligere
3107 728 3429 798 proximum,
3460 727 3516 780 id

1944 826 2050 882 est,
2085 833 2298 873 omnem
2347 817 2617 873 hominem
2651 827 2904 888 tanquam
2949 834 3008 872 se
3041 819 3233 886 ipsum,
3259 816 3377 885 quis
3419 829 3516 884 po-

1947 916 2074 975 test,
2100 909 2202 963 nisi
2233 909 2396 963 Denm
2438 909 2642 977 diligat,
2685 909 2837 976 cujus
2877 917 3142 978 prmcepto
3171 917 3226 962 et
3252 908 3391 962 dono
3435 905 3518 959 di-

1948 998 2232 1054 lectionem
2264 998 2496 1067 proximi
2522 999 2691 1068 possit
2719 998 2972 1067 implere?
2996 999 3127 1054 Cum
3157 1012 3286 1066 ergo
3310 1005 3515 1050 utrum

1947 1101 2054 1158 que
2076 1095 2400 1157 praeceptum
2441 1087 2515 1141 ita
2559 1088 2647 1153 sit,
2679 1096 2738 1141 ut
2767 1105 2833 1142 ne
2862 1104 3026 1142 unum
3057 1089 3172 1142 sine
3197 1087 3364 1141 altero
3393 1102 3516 1156 pos-

1952 1177 2022 1230 sit
2053 1175 2241 1242 teneri,
2290 1177 2453 1232 etiam
2497 1192 2661 1230 unum
2712 1179 2902 1231 horum
2941 1191 3361 1232 commemorare
3407 1177 3519 1246 ple-

1952 1279 2180 1334 rumque
2226 1263 2442 1329 sulIicit,
2481 1280 2603 1320 cum
2650 1265 2826 1336 agitur
2869 1267 2932 1321 de
2962 1266 3214 1336 operibus
3247 1264 3516 1332 justitiaa:

1952 1354 2048 1410 sed
2067 1355 2382 1422 oportunius
2417 1353 2566 1419 illud,
2588 1353 2656 1408 de
2679 1370 2784 1423 quo
2804 1356 3031 1424 quisque
3059 1354 3270 1408 facilius
3293 1353 3516 1408 convin-

1955 1443 2112 1498 citur.
2126 1442 2277 1498 Unde
2299 1443 2531 1498 Joannes
2544 1442 2674 1497 dicit
2691 1461 2704 1496 :
2724 1443 2827 1508 Qui
2846 1445 2982 1497 enim
2999 1460 3100 1496 non
3114 1441 3280 1511 diligit
3295 1442 3514 1510 fratrem

1955 1551 2105 1604 quem
2137 1535 2298 1598 videt,
2334 1533 2526 1598 Deum,
2554 1550 2705 1604 quem
2751 1550 2853 1588 non
2895 1534 3050 1598 videt,
3078 1534 3333 1604 quomodo
3359 1540 3522 1601 potest

1958 1625 2216 1695 diligere?
2243 1623 2290 1695 (I
2321 1624 2479 1677 Joan.
2508 1623 2607 1694 tv.)
2630 1623 3025 1678 Mentiebantur
3043 1623 3256 1690 quidam
3285 1621 3524 1676 dilectio-

1959 1731 2083 1771 nem
2103 1731 2162 1770 se
2185 1715 2277 1770 Dei
2304 1714 2522 1779 habere,
2551 1721 2607 1769 et
2641 1714 2707 1769 de
2729 1714 2851 1768 odio
2879 1711 3116 1767 fraterno
3145 1727 3262 1768 eam
3291 1728 3396 1767 non
3420 1712 3524 1766 lia-

283 1824 481 1864 omnes
516 1810 852 1864 vocationem
888 1815 1138 1877 poterant
1172 1821 1365 1875 capere
1401 1807 1694 1871 libertatis;
1734 1823 1858 1876 pro-
1887 1805 1934 1864 B
1958 1803 2087 1858 bere
2109 1804 2582 1867 convincebantur,
2614 1803 2680 1858 de
2721 1818 2827 1872 quo
2847 1803 3090 1873 judicare
3123 1803 3176 1856 in
3215 1801 3525 1871 quotidiana

283 1905 415 1966 pter
457 1897 602 1966 quod
647 1912 790 1952 nunc
836 1896 1069 1962 auditis,
1119 1905 1322 1950 tantum
1367 1911 1432 1949 ne
1473 1894 1761 1950 libertatem
1804 1897 1861 1950 in

283 1987 613 2040 occasionem
677 1985 810 2041 detis
876 1987 1070 2040 carnis.
1137 1984 1244 2039 Per
1304 1983 1648 2040 dilectionem
1713 1984 1860 2040 enim

284 2083 509 2145 oportet
540 2075 844 2131 minoribus
889 2076 1095 2132 servire
1136 2088 1400 2144 majores,
1447 2075 1572 2145 quia
1615 2075 1708 2144 qui
1748 2074 1863 2128 vult

284 2180 414 2220 esse
455 2163 644 2233 major,
674 2166 782 2220 erit
817 2165 1056 2220 omnium
1093 2179 1302 2221 servus.
1329 2163 1514 2234 Neque
1547 2180 1675 2234 ergo
1700 2163 1862 2233 spiri-

287 2253 416 2308 talis
442 2253 643 2310 laceret
687 2254 887 2308 Christi
921 2269 1131 2319 carnes,
1175 2268 1348 2324 neque
1373 2252 1711 2308 occasionem
1759 2251 1864 2306 illis

291 2344 518 2408 tribuat,
544 2353 606 2399 ut
647 2359 706 2399 se
744 2344 1084 2400 remordeant
1110 2353 1510 2414 provocantem,
1538 2357 1607 2397 ne
1632 2343 1700 2396 ab
1729 2341 1866 2396 invi-

289 2450 413 2490 cem
441 2444 844 2490 consumantur.
880 2435 1060 2506 (Aug.)
1084 2434 1213 2490 Haec
1255 2444 1336 2491 est
1361 2450 1484 2504 spes
1520 2444 1720 2498 nostra,
1750 2441 1863 2488 uta

291 2523 469 2579 libero
493 2525 796 2590 liberemur,
813 2524 1154 2580 etliberando
1180 2541 1366 2582 servos
1389 2541 1487 2582 nos
1513 2525 1643 2581 fecit
1674 2543 1688 2578 :
1719 2525 1864 2580 servi

287 2613 442 2667 enim
465 2629 679 2667 eramus
699 2603 1027 2683 cupiditatis,
1057 2613 1269 2670 liberati
1289 2614 1550 2670 efﬁcimur
1573 2615 1712 2670 servi
1739 2615 1866 2669 cba-

291 2703 493 2758 ritatis.
518 2703 629 2758 Hoc
655 2712 712 2757 et
731 2703 1013 2772 Apostolus
1044 2704 1174 2758 dicit
1201 2722 1215 2758 :
1257 2702 1376 2766 Vos,
1405 2704 1613 2772 fratres,
1635 2704 1689 2757 in
1713 2703 1868 2756 liber-

290 2801 451 2846 tatem
479 2793 647 2845 vocati
667 2793 810 2856 estis,
838 2802 1036 2845 tantum
1058 2808 1119 2844 ne
1144 2792 1429 2846 libertatem
1467 2793 1522 2845 in
1546 2793 1866 2846 occasionem

291 2882 430 2936 detis
455 2885 650 2947 carnis,
677 2885 767 2937 sed
795 2901 886 2953 per
932 2883 1239 2937 charitatem
1262 2885 1444 2938 servile
1480 2885 1714 2938 invicem.
1751 2883 1866 2937 Non

292 2988 428 3043 ergo
451 2973 595 3028 dicat
613 2972 949 3028 Christianus
977 2970 1173 3028 :Liber
1201 2989 1340 3038 sum,
1368 2973 1420 3027 in
1447 2973 1745 3028 libertatem
1777 2989 1868 3028 vo-

293 3073 453 3118 catus
480 3079 632 3130 sum;
657 3080 847 3120 servus
869 3078 1040 3130 eram,
1062 3066 1154 3120 sed
1180 3067 1484 3136 redemptus
1503 3081 1641 3130 sum,
1671 3074 1724 3120 et
1755 3066 1868 3134 ipsa

1960 1891 2069 1944 vita
2097 1897 2154 1944 et
2176 1890 2413 1946 moribus
2455 1889 2612 1945 facile
2639 1896 2741 1945 est.
2767 1888 3034 1959 (Hieron.)
3057 1889 3340 1960 Apostolus
3372 1904 3525 1959 ergo,

1961 1994 2082 2034 cum
2123 1989 2266 2034 esset
2312 1979 2448 2033 liber
2497 1993 2562 2034 ex
2598 1979 2868 2045 omnibus,
2918 1979 3156 2034 omnium
3207 1994 3266 2033 se
3307 1987 3528 2048 propter

1962 2071 2282 2126 cbaritatem
2308 2084 2522 2125 servum
2542 2070 2688 2136 fecit,
2703 2079 2762 2125 ut
2785 2071 2966 2141 plures
2993 2069 3351 2125 lucrifaceret.
3372 2069 3526 2124 Unde

1963 2169 2110 2216 recte
2158 2161 2405 2215 hortatur
2449 2168 2505 2216 et
2547 2168 2792 2226 caeteros,
2823 2168 2881 2214 ut
2911 2175 3009 2231 per
3058 2159 3376 2214 cbaritatem
3422 2157 3529 2214 sibi

1963 2253 2220 2317 serviant,
2250 2267 2368 2320 quae
2393 2267 2501 2307 non
2529 2252 2718 2322 quaerit
2753 2251 2895 2321 quod
2933 2265 3088 2305 suum
3127 2258 3238 2313 est,
3271 2249 3363 2304 sed
3383 2249 3528 2318 quod

1963 2343 2214 2414 proximi.
2246 2342 2347 2408 Qui
2387 2343 2528 2396 enim
2562 2340 2678 2395 vult
2715 2341 2832 2396 ﬁeri
2869 2341 3093 2410 primus,
3140 2339 3243 2394 erit
3289 2339 3528 2392 omnium

1965 2449 2172 2500 servus,
2202 2442 2262 2487 ut
2288 2432 2555 2502 quomodo
2586 2431 2830 2486 Salvator
2859 2430 2915 2484 in
2941 2429 3111 2484 forma
3137 2428 3232 2482 Dei
3269 2427 3528 2483 constitu-

1965 2535 2068 2590 tus,
2097 2543 2198 2580 non
2225 2526 2458 2596 rapinam
2499 2523 2780 2577 arbitratus
2812 2530 2884 2576 est
2918 2537 3024 2574 esse
3053 2536 3104 2573 se
3126 2516 3374 2588 (aqualem
3402 2516 3530 2582 Deo,

1965 2622 2055 2675 sed
2083 2622 2305 2690 seipsum
2335 2617 2619 2672 exinanivit
2648 2615 2868 2685 formam
2902 2614 3034 2668 servi
3069 2611 3344 2680 accipiens,
3370 2618 3416 2663 et
3436 2609 3532 2660 ha-

1967 2712 2075 2765 bitu
2101 2712 2334 2764 inventus
2365 2718 2418 2762 ut
2450 2708 2622 2770 homo,
2663 2703 2950 2758 humiliavit
2979 2719 3052 2766 se,
3083 2701 3251 2770 factus
3293 2697 3532 2751 obediens

1967 2819 2128 2873 usque
2153 2802 2220 2855 ad
2249 2809 2481 2862 mortem,
2508 2806 2725 2850 mortem
2754 2805 2921 2848 autem
2945 2793 3111 2847 crucis
3141 2787 3304 2858 (Phil.
3336 2787 3428 2858 1|);
3457 2788 3530 2840 ita

1969 2899 2024 2947 et
2053 2905 2150 2944 nos
2173 2901 2504 2956 quascunque
2532 2892 2656 2938 ante
2700 2883 2800 2937 sub
2841 2881 2952 2950 lege
2994 2879 3314 2934 necessitate
3351 2876 3530 2930 facere

1969 2981 2299 3042 videbamur,
2342 2991 2484 3030 nunc
2527 2972 2760 3028 sciamus
2811 2971 2966 3024 nobis
3006 2967 3188 3022 liberis
3241 2965 3409 3034 magis
3435 2979 3532 3031 per

1971 3071 2290 3126 cbaritatem
2315 3080 2432 3122 esse
2457 3063 2720 3118 facienda.
2753 3060 2980 3115 Tantum
3006 3066 3181 3110 autem
3226 3057 3420 3107 bonum
3449 3060 3533 3104 est

297 3153 670 3224 redemptione
698 3154 834 3208 liber
861 3154 1081 3209 ellectus
1133 3170 1280 3221 sum;
1323 3155 1698 3230 faciamquod
1725 3155 1865 3220 volo,

1973 3163 2225 3224 Charitas,
2271 3168 2332 3212 ut
2362 3155 2537 3212 omnis
2573 3154 2660 3208 lex
2713 3153 2767 3205 in
2815 3150 2901 3204 illa
2944 3145 3342 3216 recapituletur.
3393 3142 3532 3195 Enu-

297 3262 464 3302 nemo
520 3263 606 3302 me
643 3249 924 3318 prohibeat
951 3264 982 3301 a
1015 3248 1282 3303 voluntate
1319 3263 1436 3304 mea
1478 3251 1522 3304 si
1553 3249 1688 3304 liber
1728 3264 1866 3304 sum.

300 3336 412 3390 Sed
443 3337 617 3391 si-ista
651 3338 926 3392 voluntate
968 3347 1246 3407 peccatum
1274 3339 1427 3405 lacis,
1454 3356 1640 3395 servus
1664 3356 1722 3395 es
1750 3355 1872 3410 pec-

299 3426 431 3482 cati.
459 3426 577 3482 Noli
607 3441 736 3498 ergo
769 3426 1014 3482 libertate
1038 3428 1182 3482 abuti
1212 3429 1280 3483 ad
1325 3429 1492 3485 libere
1521 3429 1868 3499 peccandum,

300 3518 398 3572 sed
442 3526 593 3572 utere
639 3518 706 3572 ad
733 3533 838 3572 non
884 3520 1208 3587 peccandum
1244 3535 1258 3572 :
1289 3521 1392 3574 erit
1435 3521 1576 3574 enim
1625 3521 1871 3575 voluntas

304 3615 395 3659 tua
425 3606 612 3671 libera,
649 3607 693 3661 si
731 3606 892 3660 fuerit
919 3608 1036 3676 pia;
1069 3609 1176 3663 eris
1210 3610 1363 3674 liber,
1392 3612 1436 3664 si
1465 3610 1626 3666 lueris
1647 3627 1864 3666 servus:

303 3694 442 3748 liber
461 3695 690 3764 peccati,
721 3711 907 3749 servus
929 3694 1168 3763 justitite.
1201 3695 1303 3750 Sed
1332 3714 1422 3766 per
1443 3700 1766 3763 charitatem,
1796 3700 1872 3752 in-

305 3787 444 3855 quit,
483 3789 663 3840 servile
697 3787 910 3839 invicem
937 3800 954 3836 .·
993 3787 1135 3854 quod
1164 3785 1276 3841 fieri
1309 3803 1412 3842 non
1437 3796 1632 3856 potest,
1665 3788 1764 3842 nisi
1795 3788 1872 3842 al-

304 3877 478 3930 terius
500 3875 866 3930 infirmitatem
895 3876 1123 3944 quisque
1156 3877 1364 3940 habeat,
1411 3877 1563 3946 quasi
1611 3893 1783 3942 suam,
1811 3885 1872 3931 nt

304 3983 428 4021 eam
452 3967 825 4035 mquanimiter
873 3966 1042 4031 lerat,
1085 3968 1253 4022 donec
1288 3969 1355 4023 ab
1394 3984 1457 4022 ea
1506 3968 1756 4022 liberetur
1786 3969 1872 4023 ille

302 4057 462 4127 cujus
485 4065 640 4111 curat
668 4056 910 4111 salutem.
939 4054 1121 4110 Omnis
1157 4057 1292 4110 enim
1321 4055 1403 4110 lea:
1436 4057 1489 4110 in
1515 4072 1618 4109 uno
1637 4072 1872 4110 sermone

301 4147 586 4216 impletur:
612 4145 803 4216 Diliges
846 4147 1139 4216 proximum
1173 4154 1319 4198 tuum
1346 4155 1593 4215 tanquam
1629 4144 1866 4214 teipsum.

302 4229 486 4302 Quaari
516 4243 693 4290 autem
719 4241 913 4304 potest,
937 4249 1033 4288 cur
1047 4232 1330 4304 Apostolus
1348 4243 1403 4289 et
1424 4234 1513 4289 hic
1534 4233 1701 4290 solam
1726 4249 1872 4289 com-

301 4325 624 4380 memoravit
670 4325 902 4393 proximi
953 4323 1316 4390 dilectionem,
1364 4339 1469 4394 qua
1517 4324 1689 4394 legem
1739 4324 1872 4379 dixit

302 4405 536 4484 impleri,
580 4427 635 4469 et
680 4415 747 4469 ad
775 4414 1067 4480 Romanos,
1107 4431 1229 4469 cum
1257 4416 1311 4469 in
1353 4415 1541 4470 eadem
1577 4417 1871 4485 quastione

302 4515 612 4562 versaretur
638 4525 652 4561 :
678 4506 780 4573 Qui
819 4507 954 4560 enim
995 4505 1163 4576 diligit
1201 4505 1441 4569 alterum,
1487 4507 1680 4576 inquit,
1710 4507 1869 4576 legem

302 4598 577 4667 implebit:
605 4614 725 4652 nam
772 4613 874 4650 non
905 4597 1242 4663 adulterabis,
1293 4613 1395 4651 non
1427 4597 1760 4652 homicidium
1785 4599 1870 4666 fa-

304 4690 432 4752 cies,
466 4704 566 4741 non
611 4687 891 4756 furaberis,
938 4704 1041 4742 non
1072 4690 1418 4757 concupisces,
1444 4700 1491 4743 et
1534 4690 1580 4743 si
1623 4691 1760 4760 quod
1797 4700 1872 4744 est

305 4777 456 4830 aliud
494 4775 796 4828 mandatum
821 4776 875 4828 in
903 4777 997 4829 hoc
1034 4792 1266 4830 sermone
1297 4777 1706 4846 recapitulatur:
1734 4777 1873 4832 Dili-

304 4883 394 4937 ges
425 4867 716 4934 proa‘imum
743 4876 888 4918 tuum
924 4877 1169 4936 tanquam
1191 4868 1428 4937 teipsum.
1459 4867 1675 4922 Dilectio
1694 4871 1872 4937 proxi-

306 4957 382 5009 mi
411 4953 604 5007 malum
634 4969 735 5006 non
764 4964 1005 5022 operatur
1034 4968 1052 5004 :
1084 4953 1350 5024 plenitudo
1391 4965 1562 5009 autem
1605 4955 1728 5025 legis
1754 4957 1877 5011 cha-

306 5047 438 5099 ritas
470 5043 640 5112 (Rom.
669 5044 811 5115 xm).
845 5044 976 5099 Cum
1009 5059 1138 5115 ergo
1166 5045 1266 5100 nisi
1294 5045 1346 5098 in
1369 5045 1574 5100 duobus
1600 5047 1878 5117 praeceptis

306 5134 612 5190 dilectionis
647 5134 742 5188 Dei
787 5141 842 5189 et
879 5134 1128 5204 proximi,
1157 5133 1390 5203 perlecta
1419 5134 1487 5187 sit
1507 5134 1758 5198 Charitas,
1784 5151 1880 5190 cur

306 5223 618 5294 Apostolus,
637 5231 692 5277 et
716 5223 771 5276 in
786 5223 910 5288 hac,
929 5230 985 5276 et
1015 5222 1067 5275 in
1088 5221 1174 5276 illa
1208 5221 1429 5292 epistola
1458 5221 1624 5276 solam
1646 5221 1878 5292 proximi

310 5313 654 5369 dilectionem
701 5313 1123 5366 commemorat?
1169 5311 1274 5366 nisi
1324 5312 1444 5382 quia
1497 5312 1562 5367 de
1596 5311 1880 5366 dilectione

313 5403 411 5458 Dei
442 5409 664 5473 possunt
703 5400 918 5455 mentiri
969 5401 1235 5466 homines,
1265 5401 1390 5470 quia
1437 5401 1668 5456 rariores
1704 5407 1878 5454 tenta-

316 5494 496 5549 tiones
517 5506 634 5546 eam
657 5491 901 5562 probant.
933 5490 990 5544 In
1018 5490 1299 5544 dilectione
1328 5499 1502 5546 autem
1536 5490 1765 5560 proximi
1801 5489 1879 5543 la-

315 5587 476 5642 cilius
497 5584 886 5640 convincuntur
906 5598 1024 5638 eam
1047 5598 1152 5638 non
1175 5583 1392 5648 habere,
1411 5597 1533 5637 cum
1558 5583 1736 5652 inique
1756 5598 1878 5638 cum

319 5677 628 5734 hominibus
655 5683 832 5746 agunt.
867 5672 1209 5746 Consequens
1246 5681 1328 5732 est
1374 5682 1571 5741 autem,
1601 5683 1653 5728 ut
1689 5673 1780 5743 qui
1814 5689 1879 5730 ex

1971 3264 2145 3310 merat
2176 3263 2230 3307 et
2269 3253 2321 3307 in
2351 3251 2455 3305 alio
2489 3250 2604 3305 loco
2640 3247 2928 3318 Apostolus
2964 3242 3242 3300 charitatis
3279 3241 3416 3294 bona
3447 3238 3533 3292 di-

1970 3358 2137 3398 cens:
2174 3341 2292 3394 Non
2338 3338 2554 3400 zelatur,
2587 3351 2688 3389 non
2723 3335 2828 3404 agit
2855 3345 3121 3402 perperam
3150 3327 3200 3397 (I
3227 3326 3348 3381 Cor.
3377 3326 3533 3394 xm);

1969 3433 2255 3499 multisque
2275 3431 2326 3482 in
2357 3428 2531 3482 medio
2551 3424 2840 3494 replicatis,
2868 3422 2917 3474 in
2947 3419 3050 3474 line
3073 3419 3342 3474 concludit
3365 3432 3379 3469 :
3408 3416 3533 3470 0m-

1970 3525 2059 3576 nia
2088 3529 2278 3593 sperat,
2310 3517 2486 3573 omnia
2522 3518 2772 3579 sustinet;
2813 3513 3041 3566 charitas
3091 3524 3355 3578 nunquam
3397 3505 3537 3560 exci-

1969 3612 2076 3676 dit;
2123 3621 2177 3666 et
2220 3609 2465 3664 Salvator
2511 3607 2564 3661 in
2617 3604 2905 3674 Evangelio
2935 3603 3036 3656 hoc
3083 3601 3290 3669 signum
3339 3598 3420 3652 sui
3459 3597 3535 3650 ait

1970 3716 2088 3756 esse
2134 3698 2396 3768 discipuli,
2439 3697 2485 3750 si
2529 3694 2711 3764 diligat
2759 3692 3098 3762 proximum:
3130 3689 3270 3758 quod
3317 3687 3533 3756 quidem

1969 3799 2098 3859 puto
2139 3804 2243 3843 non
2273 3787 2444 3841 solum
2488 3784 2813 3846 hominibus,
2845 3781 2937 3835 sed
2965 3781 3124 3833 etiam
3169 3777 3373 3848 angelis
3407 3791 3535 3830 con-

1969 3881 2174 3934 venire.
2212 3877 2345 3931 Aliis
2375 3873 2556 3928 verbis
2604 3873 2656 3928 id
2703 3873 2875 3942 ipsum
2925 3869 3160 3923 dicitur:
3195 3866 3346 3930 Quod
3392 3865 3531 3918 vobis

1970 3969 2084 4038 fieri
2116 3983 2217 4021 non
2256 3965 2428 4027 vultis,
2469 3962 2620 4016 alteri
2649 3977 2710 4014 ne
2739 3959 2959 4030 feceritis
2992 3977 3009 4014 :
3041 3967 3087 4010 et
3117 3973 3232 4026 qua:
3267 3955 3439 4018 vultis,
3476 3964 3533 4006 ut

1971 4058 2167 4127 faciant
2193 4054 2330 4108 vobis
2365 4051 2614 4113 homines,
2644 4049 2754 4102 hazc
2781 4047 2956 4100 eadem
2988 4055 3034 4096 et
3075 4061 3160 4096 vos
3189 4043 3262 4096 eis
3287 4042 3440 4110 facile
3463 4041 3536 4093 si-

1970 4145 2162 4199 militer
2183 4142 2395 4214 (Matth.
2423 4138 2540 4210 vn).
2569 4136 2699 4192 Nolo
2741 4133 3028 4189 adulterari
3077 4145 3296 4186 uxorem
3333 4143 3533 4192 meam,

1971 4235 2094 4290 nolo
2123 4232 2472 4289 substantiam
2501 4229 2679 4296 diripi,
2709 4227 2831 4282 nolo
2861 4240 2944 4279 me
2974 4223 3102 4277 falso
3125 4220 3354 4291 opprimi
3385 4217 3540 4274 testi-5

1970 4325 2169 4389 monio,
2193 4331 2248 4378 et
2288 4329 2346 4376 ut
2381 4327 2574 4375 cuncta
2597 4317 2742 4372 brevi
2781 4327 3027 4371 sermone
3064 4307 3535 4380 comprehendam,

1973 4415 2186 4485 indigne
2231 4412 2345 4466 fero
2389 4408 2590 4479 aliquid
2629 4407 2758 4462 mihi
2798 4405 2915 4460 ﬁeri
2953 4403 3092 4473 quod
3132 4401 3384 4469 injustam
3430 4405 3533 4452 est.

1971 4507 2096 4560 Haec
2122 4505 2307 4560 eadem
2335 4503 2380 4558 si
2402 4517 2499 4572 per
2525 4500 2844 4555 cbaritatem
2890 4497 2943 4551 in
2972 4509 3055 4549 me
3083 4498 3392 4564 operantem
3409 4529 3426 4554 ,
3449 4487 3537 4543 vel

1971 4594 2149 4649 fecero
2198 4591 2373 4655 alteri,
2421 4588 2506 4642 vel
2551 4588 2788 4650 voluero,
2827 4585 2916 4638 lex
2961 4581 3136 4636 omnis
3169 4577 3386 4646 impleta
3430 4583 3532 4630 est.

1972 4685 2082 4740 Nec
2109 4683 2318 4739 dillicile
2337 4689 2421 4736 est
2444 4681 2634 4735 docere
2675 4675 2939 4747 quomodo
2976 4673 3225 4726 universa
3246 4676 3532 4740 praecepta,

1973 4791 2078 4830 non
2102 4775 2330 4836 occides,
2356 4788 2460 4826 non
2487 4768 2829 4830 adulterabis,
2860 4779 2969 4819 non
2997 4761 3280 4824 luraberis,
3306 4775 3412 4814 non
3441 4759 3535 4814 lal-

1974 4881 2092 4922 sum
2119 4864 2476 4920 testimonium
2511 4861 2674 4924 dices,
2710 4865 2766 4913 et
2789 4843 2979 4912 caetera
3027 4853 3110 4908 his
3151 4851 3341 4907 similia
3364 4892 3379 4916 ,
3430 4865 3536 4904 una

1974 4959 2254 5015 charitatis
2275 4954 2643 5012 observatione
2672 4957 2970 5006 teneantur.
2997 4945 3118 5002 Hoc
3144 4944 3426 5000 ostendere
3450 4957 3538 4996 ar-

1976 5049 2138 5103 duum
2173 5055 2278 5110 est,
2305 5043 2568 5114 quomodo
2591 5039 2778 5095 hostiae
2803 5052 3037 5108 quoque,
3077 5049 3196 5103 qum
3219 5033 3271 5086 in
3297 5030 3539 5086 Levitico

1977 5145 2104 5210 sunt
2125 5144 2422 5206 pratceptai,
2449 5141 2504 5187 et
2531 5131 2770 5187 ciborum
2799 5127 2886 5181 vel
2921 5125 3264 5188 abstinentia,
3294 5121 3378 5176 vel
3417 5135 3535 5190 per-

1976 5226 2161 5281 missio
2185 5239 2306 5280 cum
2333 5223 2437 5278 alia
2462 5222 2681 5286 munda,
2708 5219 2813 5274 alia
2842 5217 3087 5273 dicantur
3119 5213 3391 5270 immunda
3411 5251 3426 5276 ,
3449 5227 3538 5284 so-

1975 5313 2305 5369 lemnitatem
2333 5324 2541 5381 quoque
2561 5309 2707 5380 jugis
2728 5323 2825 5377 per
2847 5322 3015 5362 annos
3034 5317 3282 5360 recursus
3301 5341 3317 5366 ,
3345 5301 3399 5354 in
3428 5315 3539 5354 uno

1976 5403 2252 5458 charitatis
2299 5405 2566 5470 prtecepto
2614 5398 3038 5467 recapitulentur
3065 5413 3079 5449 :
3106 5394 3209 5448 nisi
3243 5392 3388 5447 forte
3411 5391 3536 5459 quis

1975 5491 2065 5546 illo
2085 5506 2141 5545 se
2167 5490 2468 5554 transferat,
2495 5499 2553 5543 ut
2577 5487 2802 5543 allirmet
2821 5487 2987 5556 legem
3013 5483 3306 5555 spiritalem
3327 5487 3538 5543 esse,et

1977 5579 2294 5648 imaginibus
2312 5587 2366 5633 et
2390 5579 2781 5650 exemplaribus
2793 5593 2891 5633 nos
2908 5574 3204 5632 caelestium
3219 5569 3541 5630 deservisse,

1977 5678 2261 5740 antequam
2305 5685 2462 5726 verus
2491 5669 2746 5740 ,pontilex
2782 5667 3057 5724 adveniret
3087 5683 3098 5718 :
3128 5661 3216 5732 qui
3255 5666 3540 5730 postquam
