  <div class='ocr_page' id='page_1' title='image "/cluster/home/n/w/nwhite01/storage/ocr_20150623/112/hvd.32044015685407/179.png"; bbox 0 0 4022 6338; ppageno 0'>
   <div class='ocr_carea' id='block_1_1' title="bbox 529 345 632 400">
    <p class='ocr_par' dir='ltr' id='par_1_1' title="bbox 529 345 632 400">
     <span class='ocr_line' id='line_1_1' title="bbox 529 345 632 400; baseline -0.019 0"><span class='ocrx_word' id='word_1_1' title='bbox 529 345 632 400; x_wconf 65' lang='grc'><strong>547</strong></span> 
     </span>
    </p>
   </div>
   <div class='ocr_carea' id='block_1_2' title="bbox 1139 330 3091 396">
    <p class='ocr_par' dir='ltr' id='par_1_2' title="bbox 1139 330 3091 396">
     <span class='ocr_line' id='line_1_2' title="bbox 1139 330 3091 396; baseline -0.004 -2"><span class='ocrx_word' id='word_1_2' title='bbox 1139 341 1201 396; x_wconf 83' lang='grc' dir='ltr'><strong>Β.</strong></span> <span class='ocrx_word' id='word_1_3' title='bbox 1243 338 1490 395; x_wconf 77' lang='lat' dir='ltr'><strong>RABANI</strong></span> <span class='ocrx_word' id='word_1_4' title='bbox 1529 336 1744 394; x_wconf 76' lang='lat' dir='ltr'><strong>MAURl</strong></span> <span class='ocrx_word' id='word_1_5' title='bbox 1779 337 2092 394; x_wconf 75' lang='lat' dir='ltr'><strong>ARClllEP.</strong></span> <span class='ocrx_word' id='word_1_6' title='bbox 2135 335 2438 392; x_wconf 79' lang='lat' dir='ltr'><strong>MOGUNT.</strong></span> <span class='ocrx_word' id='word_1_7' title='bbox 2478 333 2759 391; x_wconf 81' lang='lat' dir='ltr'><strong>OPERUM</strong></span> <span class='ocrx_word' id='word_1_8' title='bbox 2796 332 2974 389; x_wconf 77' lang='lat' dir='ltr'><strong>PARS</strong></span> <span class='ocrx_word' id='word_1_9' title='bbox 3006 330 3091 389; x_wconf 84' lang='lat' dir='ltr'><strong>Ill.</strong></span> 
     </span>
    </p>
   </div>
   <div class='ocr_carea' id='block_1_3' title="bbox 3658 331 3765 388">
    <p class='ocr_par' dir='ltr' id='par_1_3' title="bbox 3658 331 3765 388">
     <span class='ocr_line' id='line_1_3' title="bbox 3658 331 3765 388; baseline 0 0"><span class='ocrx_word' id='word_1_10' title='bbox 3658 331 3765 388; x_wconf 75' lang='grc'><strong>348</strong></span> 
     </span>
    </p>
   </div>
   <div class='ocr_carea' id='block_1_4' title="bbox 529 441 3767 524">
    <p class='ocr_par' dir='ltr' id='par_1_4' title="bbox 529 441 3767 524">
     <span class='ocr_line' id='line_1_4' title="bbox 529 441 3767 524; baseline -0.003 -13"><span class='ocrx_word' id='word_1_11' title='bbox 529 455 697 511; x_wconf 80' lang='lat' dir='ltr'><strong>semel</strong></span> <span class='ocrx_word' id='word_1_12' title='bbox 725 455 959 524; x_wconf 88' lang='lat' dir='ltr'><strong>seipsum</strong></span> <span class='ocrx_word' id='word_1_13' title='bbox 987 450 1217 507; x_wconf 81' lang='lat' dir='ltr'><strong>offerens</strong></span> <span class='ocrx_word' id='word_1_14' title='bbox 1249 452 1543 515; x_wconf 91' lang='lat' dir='ltr'><strong>victimam,</strong></span> <span class='ocrx_word' id='word_1_15' title='bbox 1577 465 1674 505; x_wconf 89' lang='lat' dir='ltr'><strong>suo</strong></span> <span class='ocrx_word' id='word_1_16' title='bbox 1710 450 1968 520; x_wconf 79' lang='lat' dir='ltr'><strong>sanguine</strong></span> <span class='ocrx_word' id='word_1_17' title='bbox 2000 464 2098 504; x_wconf 91' lang='lat' dir='ltr'><strong>nos</strong></span> <span class='ocrx_word' id='word_1_18' title='bbox 2127 451 2174 508; x_wconf 86' lang='lat' dir='ltr'><strong>A</strong></span> <span class='ocrx_word' id='word_1_19' title='bbox 2203 455 2404 500; x_wconf 71' lang='lat' dir='ltr'><strong>natura:</strong></span> <span class='ocrx_word' id='word_1_20' title='bbox 2441 462 2550 502; x_wconf 70' lang='lat' dir='ltr'><strong>suat</strong></span> <span class='ocrx_word' id='word_1_21' title='bbox 2577 447 2859 510; x_wconf 88' lang='lat' dir='ltr'><strong>custodiat,</strong></span> <span class='ocrx_word' id='word_1_22' title='bbox 2892 461 2960 500; x_wconf 92' lang='lat' dir='ltr'><strong>ne</strong></span> <span class='ocrx_word' id='word_1_23' title='bbox 2987 445 3232 514; x_wconf 76' lang='lat' dir='ltr'><strong>capiatur</strong></span> <span class='ocrx_word' id='word_1_24' title='bbox 3258 441 3523 498; x_wconf 81' lang='lat' dir='ltr'><strong>illecebris</strong></span> <span class='ocrx_word' id='word_1_25' title='bbox 3555 461 3570 497; x_wconf 88' lang='lat'><strong>:</strong></span> <span class='ocrx_word' id='word_1_26' title='bbox 3605 443 3692 498; x_wconf 91' lang='lat' dir='ltr'><strong>illa</strong></span> <span class='ocrx_word' id='word_1_27' title='bbox 3730 460 3767 500; x_wconf 82' lang='grc' dir='ltr'><strong>ε</strong></span> 
     </span>
    </p>
   </div>
   <div class='ocr_carea' id='block_1_5' title="bbox 531 536 2100 610">
    <p class='ocr_par' dir='ltr' id='par_1_5' title="bbox 531 536 2100 610">
     <span class='ocr_line' id='line_1_5' title="bbox 531 536 2100 610; baseline -0.004 -11"><span class='ocrx_word' id='word_1_28' title='bbox 531 544 780 608; x_wconf 76' lang='lat' dir='ltr'><strong>redemit,</strong></span> <span class='ocrx_word' id='word_1_29' title='bbox 803 543 978 598; x_wconf 87' lang='lat' dir='ltr'><strong>omnis</strong></span> <span class='ocrx_word' id='word_1_30' title='bbox 1006 541 1094 595; x_wconf 92' lang='lat' dir='ltr'><strong>illa</strong></span> <span class='ocrx_word' id='word_1_31' title='bbox 1123 541 1311 609; x_wconf 67' lang='lat' dir='ltr'><strong>prisca:</strong></span> <span class='ocrx_word' id='word_1_32' title='bbox 1334 539 1467 610; x_wconf 91' lang='lat' dir='ltr'><strong>legis</strong></span> <span class='ocrx_word' id='word_1_33' title='bbox 1488 539 1718 593; x_wconf 72' lang='lat' dir='ltr'><strong>varietas</strong></span> <span class='ocrx_word' id='word_1_34' title='bbox 1744 548 1795 592; x_wconf 90' lang='lat' dir='ltr'><strong>et</strong></span> <span class='ocrx_word' id='word_1_35' title='bbox 1821 536 2100 592; x_wconf 82' lang='lat' dir='ltr'><strong>diﬁicultas</strong></span> 
     </span>
    </p>
   </div>
   <div class='ocr_carea' id='block_1_6' title="bbox 532 627 2098 704">
    <p class='ocr_par' dir='ltr' id='par_1_6' title="bbox 532 627 2098 704">
     <span class='ocr_line' id='line_1_6' title="bbox 532 627 2098 704; baseline -0.005 -16"><span class='ocrx_word' id='word_1_36' title='bbox 532 636 588 688; x_wconf 85' lang='lat' dir='ltr'><strong>in</strong></span> <span class='ocrx_word' id='word_1_37' title='bbox 617 635 782 704; x_wconf 85' lang='lat' dir='ltr'><strong>ipsius</strong></span> <span class='ocrx_word' id='word_1_38' title='bbox 800 649 959 702; x_wconf 88' lang='lat' dir='ltr'><strong>super</strong></span> <span class='ocrx_word' id='word_1_39' title='bbox 991 633 1236 687; x_wconf 88' lang='lat' dir='ltr'><strong>homines</strong></span> <span class='ocrx_word' id='word_1_40' title='bbox 1283 630 1568 686; x_wconf 76' lang='lat' dir='ltr'><strong>dilectione</strong></span> <span class='ocrx_word' id='word_1_41' title='bbox 1603 629 1864 699; x_wconf 88' lang='lat' dir='ltr'><strong>completa</strong></span> <span class='ocrx_word' id='word_1_42' title='bbox 1889 636 1990 683; x_wconf 91' lang='lat' dir='ltr'><strong>est.</strong></span> <span class='ocrx_word' id='word_1_43' title='bbox 2040 627 2098 681; x_wconf 84' lang='lat' dir='ltr'><strong>in</strong></span> 
     </span>
    </p>
   </div>
   <div class='ocr_carea' id='block_1_7' title="bbox 535 717 2099 793">
    <p class='ocr_par' dir='ltr' id='par_1_7' title="bbox 535 717 2099 793">
     <span class='ocr_line' id='line_1_7' title="bbox 535 717 2099 793; baseline -0.005 -15"><span class='ocrx_word' id='word_1_44' title='bbox 535 733 742 778; x_wconf 92' lang='lat' dir='ltr'><strong>tantum</strong></span> <span class='ocrx_word' id='word_1_45' title='bbox 793 723 987 793; x_wconf 88' lang='lat' dir='ltr'><strong>quippe</strong></span> <span class='ocrx_word' id='word_1_46' title='bbox 1036 721 1196 776; x_wconf 89' lang='lat' dir='ltr'><strong>Pater</strong></span> <span class='ocrx_word' id='word_1_47' title='bbox 1243 720 1442 774; x_wconf 89' lang='lat' dir='ltr'><strong>amavit</strong></span> <span class='ocrx_word' id='word_1_48' title='bbox 1488 719 1766 780; x_wconf 90' lang='lat' dir='ltr'><strong>mundum,</strong></span> <span class='ocrx_word' id='word_1_49' title='bbox 1801 727 1860 772; x_wconf 88' lang='lat' dir='ltr'><strong>ut</strong></span> <span class='ocrx_word' id='word_1_50' title='bbox 1906 717 2099 772; x_wconf 86' lang='lat' dir='ltr'><strong>Filium</strong></span> 
     </span>
    </p>
   </div>
   <div class='ocr_carea' id='block_1_8' title="bbox 535 804 2099 880">
    <p class='ocr_par' dir='ltr' id='par_1_8' title="bbox 535 804 2099 880">
     <span class='ocr_line' id='line_1_8' title="bbox 535 804 2099 880; baseline -0.007 -12"><span class='ocrx_word' id='word_1_51' title='bbox 535 829 691 869; x_wconf 91' lang='lat' dir='ltr'><strong>suum</strong></span> <span class='ocrx_word' id='word_1_52' title='bbox 728 813 1100 867; x_wconf 88' lang='lat' dir='ltr'><strong>charissimum</strong></span> <span class='ocrx_word' id='word_1_53' title='bbox 1143 817 1199 865; x_wconf 91' lang='lat' dir='ltr'><strong>et</strong></span> <span class='ocrx_word' id='word_1_54' title='bbox 1249 809 1578 880; x_wconf 82' lang='lat' dir='ltr'><strong>unigenitum</strong></span> <span class='ocrx_word' id='word_1_55' title='bbox 1613 807 1766 861; x_wconf 91' lang='lat' dir='ltr'><strong>daret</strong></span> <span class='ocrx_word' id='word_1_56' title='bbox 1819 821 1914 876; x_wconf 92' lang='lat' dir='ltr'><strong>pro</strong></span> <span class='ocrx_word' id='word_1_57' title='bbox 1944 804 2099 859; x_wconf 89' lang='lat' dir='ltr'><strong>nobis</strong></span> 
     </span>
    </p>
   </div>
   <div class='ocr_carea' id='block_1_9' title="bbox 536 897 2100 978">
    <p class='ocr_par' dir='ltr' id='par_1_9' title="bbox 536 897 2100 978">
     <span class='ocr_line' id='line_1_9' title="bbox 536 897 2100 978; baseline -0.005 -20"><span class='ocrx_word' id='word_1_58' title='bbox 536 905 720 978; x_wconf 84' lang='lat' dir='ltr'><strong>(Joan.</strong></span> <span class='ocrx_word' id='word_1_59' title='bbox 746 908 850 972; x_wconf 86' lang='grc' dir='ltr'>ιιι).</span> <span class='ocrx_word' id='word_1_60' title='bbox 883 902 943 956; x_wconf 88' lang='lat' dir='ltr'><strong>Ei</strong></span> <span class='ocrx_word' id='word_1_61' title='bbox 972 911 1154 956; x_wconf 90' lang='lat' dir='ltr'><strong>autem</strong></span> <span class='ocrx_word' id='word_1_62' title='bbox 1198 899 1289 971; x_wconf 90' lang='lat' dir='ltr'><strong>qui</strong></span> <span class='ocrx_word' id='word_1_63' title='bbox 1317 899 1480 954; x_wconf 89' lang='lat' dir='ltr'><strong>semel</strong></span> <span class='ocrx_word' id='word_1_64' title='bbox 1507 898 1696 968; x_wconf 85' lang='lat' dir='ltr'><strong>spiritu</strong></span> <span class='ocrx_word' id='word_1_65' title='bbox 1728 897 1912 950; x_wconf 88' lang='lat' dir='ltr'><strong>vivens</strong></span> <span class='ocrx_word' id='word_1_66' title='bbox 1937 910 2100 965; x_wconf 86' lang='lat' dir='ltr'><strong>opera</strong></span> 
     </span>
    </p>
   </div>
   <div class='ocr_carea' id='block_1_10' title="bbox 533 985 2100 1054">
    <p class='ocr_par' dir='ltr' id='par_1_10' title="bbox 533 985 2100 1054">
     <span class='ocr_line' id='line_1_10' title="bbox 533 985 2100 1054; baseline -0.006 -7"><span class='ocrx_word' id='word_1_67' title='bbox 533 993 714 1048; x_wconf 90' lang='lat' dir='ltr'><strong>carnis</strong></span> <span class='ocrx_word' id='word_1_68' title='bbox 761 990 1120 1054; x_wconf 88' lang='lat' dir='ltr'><strong>mortiﬁcavit,</strong></span> <span class='ocrx_word' id='word_1_69' title='bbox 1145 997 1202 1043; x_wconf 93' lang='lat' dir='ltr'><strong>et</strong></span> <span class='ocrx_word' id='word_1_70' title='bbox 1243 1003 1276 1042; x_wconf 92' lang='lat' dir='ltr'><strong>a</strong></span> <span class='ocrx_word' id='word_1_71' title='bbox 1310 987 1586 1042; x_wconf 86' lang='lat' dir='ltr'><strong>Salvatore</strong></span> <span class='ocrx_word' id='word_1_72' title='bbox 1631 985 1878 1049; x_wconf 89' lang='lat' dir='ltr'><strong>dilectus,</strong></span> <span class='ocrx_word' id='word_1_73' title='bbox 1901 999 2100 1053; x_wconf 85' lang='lat' dir='ltr'><strong>nequa-</strong></span> 
     </span>
    </p>
   </div>
   <div class='ocr_carea' id='block_1_11' title="bbox 535 1073 2100 1150">
    <p class='ocr_par' dir='ltr' id='par_1_11' title="bbox 535 1073 2100 1150">
     <span class='ocr_line' id='line_1_11' title="bbox 535 1073 2100 1150; baseline -0.004 -16"><span class='ocrx_word' id='word_1_74' title='bbox 535 1095 701 1150; x_wconf 83' lang='lat' dir='ltr'><strong>quam</strong></span> <span class='ocrx_word' id='word_1_75' title='bbox 729 1094 935 1143; x_wconf 87' lang='lat' dir='ltr'><strong>servus,</strong></span> <span class='ocrx_word' id='word_1_76' title='bbox 987 1079 1076 1133; x_wconf 90' lang='lat' dir='ltr'><strong>sed</strong></span> <span class='ocrx_word' id='word_1_77' title='bbox 1107 1078 1312 1133; x_wconf 88' lang='lat' dir='ltr'><strong>amicus</strong></span> <span class='ocrx_word' id='word_1_78' title='bbox 1353 1085 1576 1131; x_wconf 87' lang='lat' dir='ltr'><strong>vocatur</strong></span> <span class='ocrx_word' id='word_1_79' title='bbox 1613 1074 1790 1145; x_wconf 83' lang='lat' dir='ltr'><strong>(Joan.</strong></span> <span class='ocrx_word' id='word_1_80' title='bbox 1831 1073 1945 1144; x_wconf 80' lang='lat' dir='ltr'><strong>xv),</strong></span> <span class='ocrx_word' id='word_1_81' title='bbox 1994 1089 2100 1128; x_wconf 89' lang='lat' dir='ltr'><strong>non</strong></span> 
     </span>
    </p>
   </div>
   <div class='ocr_carea' id='block_1_12' title="bbox 537 1163 2102 1236">
    <p class='ocr_par' dir='ltr' id='par_1_12' title="bbox 537 1163 2102 1236">
     <span class='ocr_line' id='line_1_12' title="bbox 537 1163 2102 1236; baseline -0.005 -12"><span class='ocrx_word' id='word_1_82' title='bbox 537 1178 623 1225; x_wconf 92' lang='lat' dir='ltr'><strong>est</strong></span> <span class='ocrx_word' id='word_1_83' title='bbox 647 1169 786 1222; x_wconf 90' lang='lat' dir='ltr'><strong>ultra</strong></span> <span class='ocrx_word' id='word_1_84' title='bbox 816 1168 898 1221; x_wconf 79' lang='lat' dir='ltr'><strong>lex</strong></span> <span class='ocrx_word' id='word_1_85' title='bbox 943 1167 1140 1236; x_wconf 90' lang='lat' dir='ltr'><strong>posita,</strong></span> <span class='ocrx_word' id='word_1_86' title='bbox 1165 1180 1283 1235; x_wconf 66' lang='lat' dir='ltr'><strong>quae</strong></span> <span class='ocrx_word' id='word_1_87' title='bbox 1311 1165 1487 1234; x_wconf 89' lang='lat' dir='ltr'><strong>impiis</strong></span> <span class='ocrx_word' id='word_1_88' title='bbox 1520 1172 1575 1220; x_wconf 92' lang='lat' dir='ltr'><strong>et</strong></span> <span class='ocrx_word' id='word_1_89' title='bbox 1617 1163 2006 1232; x_wconf 83' lang='lat' dir='ltr'><strong>peccatoribus,</strong></span> <span class='ocrx_word' id='word_1_90' title='bbox 2045 1169 2102 1217; x_wconf 90' lang='lat' dir='ltr'><strong>et</strong></span> 
     </span>
    </p>
   </div>
   <div class='ocr_carea' id='block_1_13' title="bbox 536 1251 2103 1325">
    <p class='ocr_par' dir='ltr' id='par_1_13' title="bbox 536 1251 2103 1325">
     <span class='ocr_line' id='line_1_13' title="bbox 536 1251 2103 1325; baseline -0.004 -14"><span class='ocrx_word' id='word_1_91' title='bbox 536 1273 644 1312; x_wconf 89' lang='lat' dir='ltr'><strong>non</strong></span> <span class='ocrx_word' id='word_1_92' title='bbox 689 1256 860 1310; x_wconf 90' lang='lat' dir='ltr'><strong>solum</strong></span> <span class='ocrx_word' id='word_1_93' title='bbox 889 1255 1141 1325; x_wconf 85' lang='lat' dir='ltr'><strong>subjectis</strong></span> <span class='ocrx_word' id='word_1_94' title='bbox 1183 1263 1238 1309; x_wconf 90' lang='lat' dir='ltr'><strong>et</strong></span> <span class='ocrx_word' id='word_1_95' title='bbox 1281 1253 1501 1309; x_wconf 82' lang='lat' dir='ltr'><strong>nefariis</strong></span> <span class='ocrx_word' id='word_1_96' title='bbox 1547 1253 1834 1309; x_wconf 90' lang='lat' dir='ltr'><strong>constituta</strong></span> <span class='ocrx_word' id='word_1_97' title='bbox 1886 1260 1986 1307; x_wconf 88' lang='lat' dir='ltr'><strong>est.</strong></span> <span class='ocrx_word' id='word_1_98' title='bbox 2033 1251 2103 1305; x_wconf 81' lang='lat' dir='ltr'><strong>At</strong></span> 
     </span>
    </p>
   </div>
   <div class='ocr_carea' id='block_1_14' title="bbox 535 1339 2103 1413">
    <p class='ocr_par' dir='ltr' id='par_1_14' title="bbox 535 1339 2103 1413">
     <span class='ocr_line' id='line_1_14' title="bbox 535 1339 2103 1413; baseline -0.003 -14"><span class='ocrx_word' id='word_1_99' title='bbox 535 1361 704 1410; x_wconf 89' lang='lat' dir='ltr'><strong>nunc,</strong></span> <span class='ocrx_word' id='word_1_100' title='bbox 735 1359 857 1399; x_wconf 90' lang='lat' dir='ltr'><strong>cum</strong></span> <span class='ocrx_word' id='word_1_101' title='bbox 895 1344 1075 1398; x_wconf 92' lang='lat' dir='ltr'><strong>omnia</strong></span> <span class='ocrx_word' id='word_1_102' title='bbox 1119 1357 1238 1413; x_wconf 75' lang='lat' dir='ltr'><strong>qua:</strong></span> <span class='ocrx_word' id='word_1_103' title='bbox 1263 1341 1560 1396; x_wconf 82' lang='lat' dir='ltr'><strong>diﬁieiliora</strong></span> <span class='ocrx_word' id='word_1_104' title='bbox 1604 1351 1744 1402; x_wconf 90' lang='lat' dir='ltr'><strong>sunt,</strong></span> <span class='ocrx_word' id='word_1_105' title='bbox 1769 1341 1855 1395; x_wconf 87' lang='lat' dir='ltr'><strong>vel</strong></span> <span class='ocrx_word' id='word_1_106' title='bbox 1893 1339 2103 1396; x_wconf 88' lang='lat' dir='ltr'><strong>modica</strong></span> 
     </span>
    </p>
   </div>
   <div class='ocr_carea' id='block_1_15' title="bbox 537 1429 2106 1504">
    <p class='ocr_par' dir='ltr' id='par_1_15' title="bbox 537 1429 2106 1504">
     <span class='ocr_line' id='line_1_15' title="bbox 537 1429 2106 1504; baseline -0.004 -14"><span class='ocrx_word' id='word_1_107' title='bbox 537 1451 606 1490; x_wconf 79' lang='lat' dir='ltr'><strong>ex</strong></span> <span class='ocrx_word' id='word_1_108' title='bbox 635 1444 789 1504; x_wconf 87' lang='lat' dir='ltr'><strong>parte</strong></span> <span class='ocrx_word' id='word_1_109' title='bbox 826 1432 1105 1498; x_wconf 80' lang='lat' dir='ltr'><strong>faciamus,</strong></span> <span class='ocrx_word' id='word_1_110' title='bbox 1137 1433 1237 1486; x_wconf 93' lang='lat' dir='ltr'><strong>hoc</strong></span> <span class='ocrx_word' id='word_1_111' title='bbox 1266 1432 1438 1486; x_wconf 90' lang='lat' dir='ltr'><strong>solum</strong></span> <span class='ocrx_word' id='word_1_112' title='bbox 1478 1445 1581 1485; x_wconf 91' lang='lat' dir='ltr'><strong>non</strong></span> <span class='ocrx_word' id='word_1_113' title='bbox 1611 1430 1856 1495; x_wconf 82' lang='lat' dir='ltr'><strong>facimus,</strong></span> <span class='ocrx_word' id='word_1_114' title='bbox 1885 1429 2024 1499; x_wconf 89' lang='lat' dir='ltr'><strong>quod</strong></span> <span class='ocrx_word' id='word_1_115' title='bbox 2050 1438 2106 1484; x_wconf 91' lang='lat' dir='ltr'><strong>et</strong></span> 
     </span>
    </p>
   </div>
   <div class='ocr_carea' id='block_1_16' title="bbox 536 1520 2102 1590">
    <p class='ocr_par' dir='ltr' id='par_1_16' title="bbox 536 1520 2102 1590">
     <span class='ocr_line' id='line_1_16' title="bbox 536 1520 2102 1590; baseline -0.003 -14"><span class='ocrx_word' id='word_1_116' title='bbox 536 1523 678 1577; x_wconf 72' lang='lat' dir='ltr'><strong>facto</strong></span> <span class='ocrx_word' id='word_1_117' title='bbox 702 1521 907 1578; x_wconf 82' lang='lat' dir='ltr'><strong>facilius</strong></span> <span class='ocrx_word' id='word_1_118' title='bbox 936 1529 1035 1586; x_wconf 88' lang='lat' dir='ltr'><strong>est,</strong></span> <span class='ocrx_word' id='word_1_119' title='bbox 1079 1532 1133 1575; x_wconf 87' lang='lat' dir='ltr'><strong>et</strong></span> <span class='ocrx_word' id='word_1_120' title='bbox 1161 1521 1360 1589; x_wconf 85' lang='lat' dir='ltr'><strong>absque</strong></span> <span class='ocrx_word' id='word_1_121' title='bbox 1387 1536 1494 1590; x_wconf 92' lang='lat' dir='ltr'><strong>quo</strong></span> <span class='ocrx_word' id='word_1_122' title='bbox 1521 1535 1672 1575; x_wconf 90' lang='lat' dir='ltr'><strong>cassa</strong></span> <span class='ocrx_word' id='word_1_123' title='bbox 1700 1520 2102 1574; x_wconf 69' lang='lat' dir='ltr'><strong>suntouniversa</strong></span> 
     </span>
    </p>
   </div>
   <div class='ocr_carea' id='block_1_17' title="bbox 535 1605 2104 1680">
    <p class='ocr_par' dir='ltr' id='par_1_17' title="bbox 535 1605 2104 1680">
     <span class='ocr_line' id='line_1_17' title="bbox 535 1605 2104 1680; baseline -0.003 -16"><span class='ocrx_word' id='word_1_124' title='bbox 535 1626 654 1680; x_wconf 63' lang='lat' dir='ltr'><strong>quae</strong></span> <span class='ocrx_word' id='word_1_125' title='bbox 694 1609 936 1664; x_wconf 88' lang='lat' dir='ltr'><strong>facimus.</strong></span> <span class='ocrx_word' id='word_1_126' title='bbox 975 1608 1166 1676; x_wconf 85' lang='lat' dir='ltr'><strong>Jejunii</strong></span> <span class='ocrx_word' id='word_1_127' title='bbox 1212 1623 1405 1678; x_wconf 90' lang='lat' dir='ltr'><strong>corpus</strong></span> <span class='ocrx_word' id='word_1_128' title='bbox 1452 1609 1614 1662; x_wconf 89' lang='lat' dir='ltr'><strong>sentit</strong></span> <span class='ocrx_word' id='word_1_129' title='bbox 1659 1607 1944 1676; x_wconf 88' lang='lat' dir='ltr'><strong>injuriam,</strong></span> <span class='ocrx_word' id='word_1_130' title='bbox 1971 1605 2104 1679; x_wconf 81' lang='lat' dir='ltr'><strong>vigi-</strong></span> 
     </span>
    </p>
   </div>
   <div class='ocr_carea' id='block_1_18' title="bbox 537 1698 2102 1769">
    <p class='ocr_par' dir='ltr' id='par_1_18' title="bbox 537 1698 2102 1769">
     <span class='ocr_line' id='line_1_18' title="bbox 537 1698 2102 1769; baseline -0.002 -15"><span class='ocrx_word' id='word_1_131' title='bbox 537 1702 622 1756; x_wconf 73' lang='lat' dir='ltr'><strong>liae</strong></span> <span class='ocrx_word' id='word_1_132' title='bbox 665 1716 877 1755; x_wconf 89' lang='lat' dir='ltr'><strong>carnem</strong></span> <span class='ocrx_word' id='word_1_133' title='bbox 907 1710 1200 1762; x_wconf 88' lang='lat' dir='ltr'><strong>macerant,</strong></span> <span class='ocrx_word' id='word_1_134' title='bbox 1241 1699 1594 1769; x_wconf 69' lang='lat' dir='ltr'><strong>eleemosynte</strong></span> <span class='ocrx_word' id='word_1_135' title='bbox 1637 1698 1819 1753; x_wconf 87' lang='lat' dir='ltr'><strong>labore</strong></span> <span class='ocrx_word' id='word_1_136' title='bbox 1852 1712 2102 1767; x_wconf 60' lang='lat' dir='ltr'><strong>quaerun-</strong></span> 
     </span>
    </p>
   </div>
   <div class='ocr_carea' id='block_1_19' title="bbox 2199 535 3764 606">
    <p class='ocr_par' dir='ltr' id='par_1_19' title="bbox 2199 535 3764 606">
     <span class='ocr_line' id='line_1_19' title="bbox 2199 535 3764 606; baseline -0.001 -14"><span class='ocrx_word' id='word_1_137' title='bbox 2199 547 2386 592; x_wconf 90' lang='lat' dir='ltr'><strong>contra</strong></span> <span class='ocrx_word' id='word_1_138' title='bbox 2412 538 2464 591; x_wconf 91' lang='lat' dir='ltr'><strong>in</strong></span> <span class='ocrx_word' id='word_1_139' title='bbox 2489 539 2693 593; x_wconf 88' lang='lat' dir='ltr'><strong>insidiis</strong></span> <span class='ocrx_word' id='word_1_140' title='bbox 2712 552 2896 606; x_wconf 83' lang='lat' dir='ltr'><strong>agens,</strong></span> <span class='ocrx_word' id='word_1_141' title='bbox 2925 537 3142 591; x_wconf 88' lang='lat' dir='ltr'><strong>lacessit</strong></span> <span class='ocrx_word' id='word_1_142' title='bbox 3166 535 3432 589; x_wconf 82' lang='lat' dir='ltr'><strong>hominem</strong></span> <span class='ocrx_word' id='word_1_143' title='bbox 3471 535 3764 597; x_wconf 84' lang='lat' dir='ltr'><strong>blanditiis,</strong></span> 
     </span>
    </p>
   </div>
   <div class='ocr_carea' id='block_1_20' title="bbox 2197 625 3764 696">
    <p class='ocr_par' dir='ltr' id='par_1_20' title="bbox 2197 625 3764 696">
     <span class='ocr_line' id='line_1_20' title="bbox 2197 625 3764 696; baseline 0.001 -16"><span class='ocrx_word' id='word_1_144' title='bbox 2197 637 2256 680; x_wconf 88' lang='lat' dir='ltr'><strong>ut</strong></span> <span class='ocrx_word' id='word_1_145' title='bbox 2283 637 2496 696; x_wconf 86' lang='lat' dir='ltr'><strong>spernat</strong></span> <span class='ocrx_word' id='word_1_146' title='bbox 2522 637 2843 696; x_wconf 77' lang='lat' dir='ltr'><strong>praeceptum</strong></span> <span class='ocrx_word' id='word_1_147' title='bbox 2872 627 3004 696; x_wconf 89' lang='lat' dir='ltr'><strong>legis</strong></span> <span class='ocrx_word' id='word_1_148' title='bbox 3033 625 3243 682; x_wconf 87' lang='lat' dir='ltr'><strong>divinae.</strong></span> <span class='ocrx_word' id='word_1_149' title='bbox 3275 625 3409 679; x_wconf 89' lang='lat' dir='ltr'><strong>Cum</strong></span> <span class='ocrx_word' id='word_1_150' title='bbox 3458 641 3588 696; x_wconf 89' lang='lat' dir='ltr'><strong>ergo</strong></span> <span class='ocrx_word' id='word_1_151' title='bbox 3631 640 3764 681; x_wconf 90' lang='lat' dir='ltr'><strong>con-</strong></span> 
     </span>
    </p>
   </div>
   <div class='ocr_carea' id='block_1_21' title="bbox 2199 713 3772 787">
    <p class='ocr_par' dir='ltr' id='par_1_21' title="bbox 2199 713 3772 787">
     <span class='ocr_line' id='line_1_21' title="bbox 2199 713 3772 787; baseline 0 -19"><span class='ocrx_word' id='word_1_152' title='bbox 2199 717 2426 769; x_wconf 86' lang='lat' dir='ltr'><strong>senserit</strong></span> <span class='ocrx_word' id='word_1_153' title='bbox 2448 716 2610 770; x_wconf 89' lang='lat' dir='ltr'><strong>homo</strong></span> <span class='ocrx_word' id='word_1_154' title='bbox 2638 716 2740 787; x_wconf 89' lang='lat' dir='ltr'><strong>legi</strong></span> <span class='ocrx_word' id='word_1_155' title='bbox 2769 716 2881 780; x_wconf 93' lang='lat' dir='ltr'><strong>Dci,</strong></span> <span class='ocrx_word' id='word_1_156' title='bbox 2913 714 3234 770; x_wconf 87' lang='lat' dir='ltr'><strong>contradicit</strong></span> <span class='ocrx_word' id='word_1_157' title='bbox 3259 713 3344 768; x_wconf 78' lang='lat' dir='ltr'><strong>lex</strong></span> <span class='ocrx_word' id='word_1_158' title='bbox 3387 715 3596 784; x_wconf 88' lang='lat' dir='ltr'><strong>peccati</strong></span> <span class='ocrx_word' id='word_1_159' title='bbox 3644 729 3772 769; x_wconf 88' lang='lat' dir='ltr'><strong>sua-</strong></span> 
     </span>
    </p>
   </div>
   <div class='ocr_carea' id='block_1_22' title="bbox 2197 803 3769 874">
    <p class='ocr_par' dir='ltr' id='par_1_22' title="bbox 2197 803 3769 874">
     <span class='ocr_line' id='line_1_22' title="bbox 2197 803 3769 874; baseline -0.001 -16"><span class='ocrx_word' id='word_1_160' title='bbox 2197 803 2330 859; x_wconf 87' lang='lat' dir='ltr'><strong>dens</strong></span> <span class='ocrx_word' id='word_1_161' title='bbox 2357 805 2588 870; x_wconf 86' lang='lat' dir='ltr'><strong>homini,</strong></span> <span class='ocrx_word' id='word_1_162' title='bbox 2621 821 2688 860; x_wconf 93' lang='lat' dir='ltr'><strong>ne</strong></span> <span class='ocrx_word' id='word_1_163' title='bbox 2729 805 2889 860; x_wconf 90' lang='lat' dir='ltr'><strong>faciat</strong></span> <span class='ocrx_word' id='word_1_164' title='bbox 2933 805 3076 874; x_wconf 89' lang='lat' dir='ltr'><strong>quod</strong></span> <span class='ocrx_word' id='word_1_165' title='bbox 3104 805 3332 873; x_wconf 89' lang='lat' dir='ltr'><strong>imperat</strong></span> <span class='ocrx_word' id='word_1_166' title='bbox 3369 803 3450 858; x_wconf 83' lang='lat' dir='ltr'><strong>lex</strong></span> <span class='ocrx_word' id='word_1_167' title='bbox 3493 803 3694 857; x_wconf 86' lang='lat' dir='ltr'><strong>divina.</strong></span> <span class='ocrx_word' id='word_1_168' title='bbox 3724 803 3769 857; x_wconf 86' lang='lat' dir='ltr'><strong>E</strong></span> 
     </span>
    </p>
   </div>
   <div class='ocr_carea' id='block_1_23' title="bbox 2198 893 3773 959">
    <p class='ocr_par' dir='ltr' id='par_1_23' title="bbox 2198 893 3773 959">
     <span class='ocr_line' id='line_1_23' title="bbox 2198 893 3773 959; baseline -0.003 -9"><span class='ocrx_word' id='word_1_169' title='bbox 2198 897 2410 950; x_wconf 91' lang='lat' dir='ltr'><strong>diverso</strong></span> <span class='ocrx_word' id='word_1_170' title='bbox 2439 905 2615 950; x_wconf 89' lang='lat' dir='ltr'><strong>autem</strong></span> <span class='ocrx_word' id='word_1_171' title='bbox 2639 895 2724 951; x_wconf 78' lang='lat' dir='ltr'><strong>lex</strong></span> <span class='ocrx_word' id='word_1_172' title='bbox 2764 898 2858 951; x_wconf 91' lang='lat' dir='ltr'><strong>Dei</strong></span> <span class='ocrx_word' id='word_1_173' title='bbox 2901 904 3118 951; x_wconf 87' lang='lat' dir='ltr'><strong>revocat</strong></span> <span class='ocrx_word' id='word_1_174' title='bbox 3161 895 3466 959; x_wconf 88' lang='lat' dir='ltr'><strong>hominem,</strong></span> <span class='ocrx_word' id='word_1_175' title='bbox 3507 909 3578 949; x_wconf 88' lang='lat' dir='ltr'><strong>ne</strong></span> <span class='ocrx_word' id='word_1_176' title='bbox 3607 893 3773 948; x_wconf 84' lang='lat' dir='ltr'><strong>faciat</strong></span> 
     </span>
    </p>
   </div>
   <div class='ocr_carea' id='block_1_24' title="bbox 2198 986 3772 1056">
    <p class='ocr_par' dir='ltr' id='par_1_24' title="bbox 2198 986 3772 1056">
     <span class='ocr_line' id='line_1_24' title="bbox 2198 986 3772 1056; baseline -0.002 -15"><span class='ocrx_word' id='word_1_177' title='bbox 2198 987 2340 1055; x_wconf 90' lang='lat' dir='ltr'><strong>quod</strong></span> <span class='ocrx_word' id='word_1_178' title='bbox 2381 986 2617 1056; x_wconf 79' lang='lat' dir='ltr'><strong>suggerit</strong></span> <span class='ocrx_word' id='word_1_179' title='bbox 2646 986 2730 1041; x_wconf 79' lang='lat' dir='ltr'><strong>lex</strong></span> <span class='ocrx_word' id='word_1_180' title='bbox 2763 987 2990 1056; x_wconf 86' lang='lat' dir='ltr'><strong>peccati.</strong></span> <span class='ocrx_word' id='word_1_181' title='bbox 3019 986 3170 1052; x_wconf 85' lang='lat' dir='ltr'><strong>Quod</strong></span> <span class='ocrx_word' id='word_1_182' title='bbox 3212 986 3426 1056; x_wconf 91' lang='lat' dir='ltr'><strong>quidem</strong></span> <span class='ocrx_word' id='word_1_183' title='bbox 3470 987 3634 1040; x_wconf 89' lang='lat' dir='ltr'><strong>homo</strong></span> <span class='ocrx_word' id='word_1_184' title='bbox 3663 1001 3772 1039; x_wconf 90' lang='lat' dir='ltr'><strong>non</strong></span> 
     </span>
    </p>
   </div>
   <div class='ocr_carea' id='block_1_25' title="bbox 2197 1075 3775 1131">
    <p class='ocr_par' dir='ltr' id='par_1_25' title="bbox 2197 1075 3775 1131">
     <span class='ocr_line' id='line_1_25' title="bbox 2197 1075 3775 1131; baseline -0.001 -3"><span class='ocrx_word' id='word_1_185' title='bbox 2197 1076 2345 1131; x_wconf 91' lang='lat' dir='ltr'><strong>videt</strong></span> <span class='ocrx_word' id='word_1_186' title='bbox 2366 1089 2486 1130; x_wconf 90' lang='lat' dir='ltr'><strong>esse</strong></span> <span class='ocrx_word' id='word_1_187' title='bbox 2528 1077 2862 1130; x_wconf 86' lang='lat' dir='ltr'><strong>absurdum:</strong></span> <span class='ocrx_word' id='word_1_188' title='bbox 2897 1075 3000 1131; x_wconf 92' lang='lat' dir='ltr'><strong>scit</strong></span> <span class='ocrx_word' id='word_1_189' title='bbox 3047 1076 3192 1130; x_wconf 91' lang='lat' dir='ltr'><strong>enim</strong></span> <span class='ocrx_word' id='word_1_190' title='bbox 3237 1084 3442 1129; x_wconf 60' lang='lat' dir='ltr'><strong>natura;</strong></span> <span class='ocrx_word' id='word_1_191' title='bbox 3484 1089 3597 1128; x_wconf 68' lang='lat' dir='ltr'><strong>sua:</strong></span> <span class='ocrx_word' id='word_1_192' title='bbox 3642 1089 3775 1128; x_wconf 90' lang='lat' dir='ltr'><strong>con-</strong></span> 
     </span>
    </p>
   </div>
   <div class='ocr_carea' id='block_1_26' title="bbox 2199 1164 3778 1237">
    <p class='ocr_par' dir='ltr' id='par_1_26' title="bbox 2199 1164 3778 1237">
     <span class='ocr_line' id='line_1_26' title="bbox 2199 1164 3778 1237; baseline -0.002 -17"><span class='ocrx_word' id='word_1_193' title='bbox 2199 1182 2408 1237; x_wconf 86' lang='lat' dir='ltr'><strong>gruere,</strong></span> <span class='ocrx_word' id='word_1_194' title='bbox 2433 1168 2479 1223; x_wconf 91' lang='lat' dir='ltr'><strong>si</strong></span> <span class='ocrx_word' id='word_1_195' title='bbox 2509 1167 2671 1222; x_wconf 88' lang='lat' dir='ltr'><strong>faciat</strong></span> <span class='ocrx_word' id='word_1_196' title='bbox 2704 1168 2846 1237; x_wconf 90' lang='lat' dir='ltr'><strong>quod</strong></span> <span class='ocrx_word' id='word_1_197' title='bbox 2875 1168 3099 1236; x_wconf 88' lang='lat' dir='ltr'><strong>imperat</strong></span> <span class='ocrx_word' id='word_1_198' title='bbox 3123 1167 3205 1220; x_wconf 83' lang='lat' dir='ltr'><strong>lex</strong></span> <span class='ocrx_word' id='word_1_199' title='bbox 3233 1166 3360 1231; x_wconf 91' lang='lat' dir='ltr'><strong>Dei,</strong></span> <span class='ocrx_word' id='word_1_200' title='bbox 3389 1164 3621 1234; x_wconf 89' lang='lat' dir='ltr'><strong>denique</strong></span> <span class='ocrx_word' id='word_1_201' title='bbox 3643 1180 3778 1236; x_wconf 87' lang='lat' dir='ltr'><strong>gau-</strong></span> 
     </span>
    </p>
   </div>
   <div class='ocr_carea' id='block_1_27' title="bbox 2201 1254 3778 1325">
    <p class='ocr_par' dir='ltr' id='par_1_27' title="bbox 2201 1254 3778 1325">
     <span class='ocr_line' id='line_1_27' title="bbox 2201 1254 3778 1325; baseline -0.002 -16"><span class='ocrx_word' id='word_1_202' title='bbox 2201 1254 2289 1309; x_wconf 85' lang='lat' dir='ltr'><strong>det</strong></span> <span class='ocrx_word' id='word_1_203' title='bbox 2315 1255 2526 1324; x_wconf 88' lang='lat' dir='ltr'><strong>quando</strong></span> <span class='ocrx_word' id='word_1_204' title='bbox 2557 1255 2671 1310; x_wconf 68' lang='lat' dir='ltr'><strong>haec</strong></span> <span class='ocrx_word' id='word_1_205' title='bbox 2702 1255 2831 1325; x_wconf 83' lang='lat' dir='ltr'><strong>agit.</strong></span> <span class='ocrx_word' id='word_1_206' title='bbox 2865 1254 2996 1310; x_wconf 88' lang='lat' dir='ltr'><strong>Cum</strong></span> <span class='ocrx_word' id='word_1_207' title='bbox 3031 1263 3211 1308; x_wconf 91' lang='lat' dir='ltr'><strong>autem</strong></span> <span class='ocrx_word' id='word_1_208' title='bbox 3251 1268 3316 1308; x_wconf 88' lang='lat' dir='ltr'><strong>ea</strong></span> <span class='ocrx_word' id='word_1_209' title='bbox 3359 1261 3617 1322; x_wconf 88' lang='lat' dir='ltr'><strong>operatur</strong></span> <span class='ocrx_word' id='word_1_210' title='bbox 3652 1267 3778 1320; x_wconf 69' lang='lat' dir='ltr'><strong>qua:</strong></span> 
     </span>
    </p>
   </div>
   <div class='ocr_carea' id='block_1_28' title="bbox 2199 1344 3778 1415">
    <p class='ocr_par' dir='ltr' id='par_1_28' title="bbox 2199 1344 3778 1415">
     <span class='ocr_line' id='line_1_28' title="bbox 2199 1344 3778 1415; baseline -0.001 -17"><span class='ocrx_word' id='word_1_211' title='bbox 2199 1345 2435 1412; x_wconf 77' lang='lat' dir='ltr'><strong>suggerit</strong></span> <span class='ocrx_word' id='word_1_212' title='bbox 2485 1344 2572 1400; x_wconf 80' lang='lat' dir='ltr'><strong>lex</strong></span> <span class='ocrx_word' id='word_1_213' title='bbox 2632 1345 2862 1415; x_wconf 89' lang='lat' dir='ltr'><strong>peccati,</strong></span> <span class='ocrx_word' id='word_1_214' title='bbox 2916 1346 3064 1399; x_wconf 83' lang='lat' dir='ltr'><strong>videt</strong></span> <span class='ocrx_word' id='word_1_215' title='bbox 3116 1358 3174 1400; x_wconf 90' lang='lat' dir='ltr'><strong>se</strong></span> <span class='ocrx_word' id='word_1_216' title='bbox 3226 1351 3435 1414; x_wconf 90' lang='lat' dir='ltr'><strong>turpem</strong></span> <span class='ocrx_word' id='word_1_217' title='bbox 3485 1352 3540 1398; x_wconf 91' lang='lat' dir='ltr'><strong>et</strong></span> <span class='ocrx_word' id='word_1_218' title='bbox 3585 1344 3778 1397; x_wconf 86' lang='lat' dir='ltr'><strong>horret</strong></span> 
     </span>
    </p>
   </div>
   <div class='ocr_carea' id='block_1_29' title="bbox 2199 1433 3782 1504">
    <p class='ocr_par' dir='ltr' id='par_1_29' title="bbox 2199 1433 3782 1504">
     <span class='ocr_line' id='line_1_29' title="bbox 2199 1433 3782 1504; baseline -0.001 -17"><span class='ocrx_word' id='word_1_219' title='bbox 2199 1441 2321 1503; x_wconf 88' lang='lat' dir='ltr'><strong>post</strong></span> <span class='ocrx_word' id='word_1_220' title='bbox 2362 1433 2582 1488; x_wconf 89' lang='lat' dir='ltr'><strong>factum.</strong></span> <span class='ocrx_word' id='word_1_221' title='bbox 2635 1433 2866 1504; x_wconf 86' lang='lat' dir='ltr'><strong>Ideoque</strong></span> <span class='ocrx_word' id='word_1_222' title='bbox 2911 1433 3043 1504; x_wconf 91' lang='lat' dir='ltr'><strong>legis</strong></span> <span class='ocrx_word' id='word_1_223' title='bbox 3085 1433 3306 1503; x_wconf 89' lang='lat' dir='ltr'><strong>spiritus</strong></span> <span class='ocrx_word' id='word_1_224' title='bbox 3353 1440 3622 1504; x_wconf 66' lang='lat' dir='ltr'><strong>praecepta</strong></span> <span class='ocrx_word' id='word_1_225' title='bbox 3661 1447 3782 1486; x_wconf 90' lang='lat' dir='ltr'><strong>ser-</strong></span> 
     </span>
    </p>
   </div>
   <div class='ocr_carea' id='block_1_30' title="bbox 2199 1521 3782 1592">
    <p class='ocr_par' dir='ltr' id='par_1_30' title="bbox 2199 1521 3782 1592">
     <span class='ocr_line' id='line_1_30' title="bbox 2199 1521 3782 1592; baseline -0.001 -16"><span class='ocrx_word' id='word_1_226' title='bbox 2199 1523 2372 1578; x_wconf 88' lang='lat' dir='ltr'><strong>vanda</strong></span> <span class='ocrx_word' id='word_1_227' title='bbox 2399 1532 2523 1579; x_wconf 90' lang='lat' dir='ltr'><strong>sunt</strong></span> <span class='ocrx_word' id='word_1_228' title='bbox 2550 1532 2602 1578; x_wconf 92' lang='lat' dir='ltr'><strong>et</strong></span> <span class='ocrx_word' id='word_1_229' title='bbox 2625 1523 2864 1580; x_wconf 90' lang='lat' dir='ltr'><strong>carnalia</strong></span> <span class='ocrx_word' id='word_1_230' title='bbox 2887 1523 3156 1592; x_wconf 84' lang='lat' dir='ltr'><strong>fugienda.</strong></span> <span class='ocrx_word' id='word_1_231' title='bbox 3185 1523 3302 1592; x_wconf 85' lang='lat' dir='ltr'><strong>Ipsa</strong></span> <span class='ocrx_word' id='word_1_232' title='bbox 3328 1523 3470 1576; x_wconf 89' lang='lat' dir='ltr'><strong>enim</strong></span> <span class='ocrx_word' id='word_1_233' title='bbox 3493 1521 3782 1577; x_wconf 88' lang='lat' dir='ltr'><strong>conscien-</strong></span> 
     </span>
    </p>
   </div>
   <div class='ocr_carea' id='block_1_31' title="bbox 2203 1611 3782 1681">
    <p class='ocr_par' dir='ltr' id='par_1_31' title="bbox 2203 1611 3782 1681">
     <span class='ocr_line' id='line_1_31' title="bbox 2203 1611 3782 1681; baseline 0.001 -16"><span class='ocrx_word' id='word_1_234' title='bbox 2203 1611 2278 1665; x_wconf 89' lang='lat' dir='ltr'><strong>tia</strong></span> <span class='ocrx_word' id='word_1_235' title='bbox 2301 1621 2536 1677; x_wconf 89' lang='lat' dir='ltr'><strong>accusat,</strong></span> <span class='ocrx_word' id='word_1_236' title='bbox 2562 1613 2607 1667; x_wconf 90' lang='lat' dir='ltr'><strong>si</strong></span> <span class='ocrx_word' id='word_1_237' title='bbox 2635 1613 2685 1667; x_wconf 91' lang='lat' dir='ltr'><strong>ei</strong></span> <span class='ocrx_word' id='word_1_238' title='bbox 2713 1614 3030 1675; x_wconf 90' lang='lat' dir='ltr'><strong>consentiat,</strong></span> <span class='ocrx_word' id='word_1_239' title='bbox 3060 1612 3236 1668; x_wconf 89' lang='lat' dir='ltr'><strong>sciens</strong></span> <span class='ocrx_word' id='word_1_240' title='bbox 3255 1613 3465 1668; x_wconf 89' lang='lat' dir='ltr'><strong>horrori</strong></span> <span class='ocrx_word' id='word_1_241' title='bbox 3495 1627 3619 1667; x_wconf 85' lang='lat' dir='ltr'><strong>esse</strong></span> <span class='ocrx_word' id='word_1_242' title='bbox 3655 1627 3782 1681; x_wconf 63' lang='lat' dir='ltr'><strong>quae</strong></span> 
     </span>
    </p>
   </div>
   <div class='ocr_carea' id='block_1_32' title="bbox 2203 1699 3781 1772">
    <p class='ocr_par' dir='ltr' id='par_1_32' title="bbox 2203 1699 3781 1772">
     <span class='ocr_line' id='line_1_32' title="bbox 2203 1699 3781 1772; baseline -0.001 -19"><span class='ocrx_word' id='word_1_243' title='bbox 2203 1701 2441 1768; x_wconf 80' lang='lat' dir='ltr'><strong>suggerit</strong></span> <span class='ocrx_word' id='word_1_244' title='bbox 2469 1699 2552 1755; x_wconf 84' lang='lat' dir='ltr'><strong>lex</strong></span> <span class='ocrx_word' id='word_1_245' title='bbox 2581 1701 2810 1770; x_wconf 87' lang='lat' dir='ltr'><strong>peccati.</strong></span> <span class='ocrx_word' id='word_1_246' title='bbox 2844 1699 3110 1772; x_wconf 85' lang='lat' dir='ltr'><strong>(Hieron.)</strong></span> <span class='ocrx_word' id='word_1_247' title='bbox 3153 1701 3308 1766; x_wconf 83' lang='lat' dir='ltr'><strong>Dico,</strong></span> <span class='ocrx_word' id='word_1_248' title='bbox 3353 1701 3548 1769; x_wconf 88' lang='lat' dir='ltr'><strong>inquit,</strong></span> <span class='ocrx_word' id='word_1_249' title='bbox 3572 1699 3781 1770; x_wconf 78' lang='lat' dir='ltr'><strong>Spiritu</strong></span> 
     </span>
    </p>
   </div>
   <div class='ocr_carea' id='block_1_33' title="bbox 537 1773 3785 1860">
    <p class='ocr_par' dir='ltr' id='par_1_33' title="bbox 537 1773 3785 1860">
     <span class='ocr_line' id='line_1_33' title="bbox 537 1773 3785 1860; baseline 0.001 -16"><span class='ocrx_word' id='word_1_250' title='bbox 537 1799 644 1856; x_wconf 92' lang='lat' dir='ltr'><strong>tur,</strong></span> <span class='ocrx_word' id='word_1_251' title='bbox 675 1791 889 1860; x_wconf 83' lang='lat' dir='ltr'><strong>sanguis</strong></span> <span class='ocrx_word' id='word_1_252' title='bbox 929 1791 983 1844; x_wconf 95' lang='lat' dir='ltr'><strong>in</strong></span> <span class='ocrx_word' id='word_1_253' title='bbox 1030 1790 1310 1860; x_wconf 79' lang='lat' dir='ltr'><strong>martyrio,</strong></span> <span class='ocrx_word' id='word_1_254' title='bbox 1338 1787 1582 1858; x_wconf 89' lang='lat' dir='ltr'><strong>quamvis</strong></span> <span class='ocrx_word' id='word_1_255' title='bbox 1609 1787 1796 1840; x_wconf 85' lang='lat' dir='ltr'><strong>ardeat</strong></span> <span class='ocrx_word' id='word_1_256' title='bbox 1829 1785 1980 1850; x_wconf 84' lang='lat' dir='ltr'><strong>fides,</strong></span> <span class='ocrx_word' id='word_1_257' title='bbox 2022 1794 2101 1839; x_wconf 86' lang='lat' dir='ltr'><strong>ta—</strong></span> <span class='ocrx_word' id='word_1_258' title='bbox 2130 1773 2177 1832; x_wconf 84' lang='grc' dir='ltr'><strong>Β</strong></span> <span class='ocrx_word' id='word_1_259' title='bbox 2206 1790 2464 1845; x_wconf 82' lang='lat' dir='ltr'><strong>ambulate</strong></span> <span class='ocrx_word' id='word_1_260' title='bbox 2499 1801 2548 1845; x_wconf 88' lang='lat' dir='ltr'><strong>et</strong></span> <span class='ocrx_word' id='word_1_261' title='bbox 2577 1791 2837 1846; x_wconf 85' lang='lat' dir='ltr'><strong>desideria</strong></span> <span class='ocrx_word' id='word_1_262' title='bbox 2879 1791 3050 1845; x_wconf 88' lang='lat' dir='ltr'><strong>carnis</strong></span> <span class='ocrx_word' id='word_1_263' title='bbox 3096 1806 3200 1846; x_wconf 88' lang='lat' dir='ltr'><strong>non</strong></span> <span class='ocrx_word' id='word_1_264' title='bbox 3241 1790 3535 1860; x_wconf 72' lang='lat' dir='ltr'><strong>perﬁcietfs.</strong></span> <span class='ocrx_word' id='word_1_265' title='bbox 3568 1789 3639 1843; x_wconf 86' lang='lat' dir='ltr'><strong>Et</strong></span> <span class='ocrx_word' id='word_1_266' title='bbox 3675 1790 3785 1843; x_wconf 80' lang='lat' dir='ltr'><strong>hoc</strong></span> 
     </span>
    </p>
   </div>
   <div class='ocr_carea' id='block_1_34' title="bbox 537 1875 2100 1937">
    <p class='ocr_par' dir='ltr' id='par_1_34' title="bbox 537 1875 2100 1937">
     <span class='ocr_line' id='line_1_34' title="bbox 537 1875 2100 1937; baseline -0.005 -1"><span class='ocrx_word' id='word_1_267' title='bbox 537 1897 659 1937; x_wconf 88' lang='lat' dir='ltr'><strong>men</strong></span> <span class='ocrx_word' id='word_1_268' title='bbox 687 1882 803 1936; x_wconf 91' lang='lat' dir='ltr'><strong>sine</strong></span> <span class='ocrx_word' id='word_1_269' title='bbox 831 1881 1020 1935; x_wconf 86' lang='lat' dir='ltr'><strong>timore</strong></span> <span class='ocrx_word' id='word_1_270' title='bbox 1047 1888 1102 1934; x_wconf 93' lang='lat' dir='ltr'><strong>et</strong></span> <span class='ocrx_word' id='word_1_271' title='bbox 1139 1879 1321 1935; x_wconf 90' lang='lat' dir='ltr'><strong>dolore</strong></span> <span class='ocrx_word' id='word_1_272' title='bbox 1347 1893 1452 1932; x_wconf 91' lang='lat' dir='ltr'><strong>non</strong></span> <span class='ocrx_word' id='word_1_273' title='bbox 1485 1875 1741 1930; x_wconf 90' lang='lat' dir='ltr'><strong>funditur.</strong></span> <span class='ocrx_word' id='word_1_274' title='bbox 1767 1875 1890 1930; x_wconf 65' lang='lat' dir='ltr'><strong>Huic</strong></span> <span class='ocrx_word' id='word_1_275' title='bbox 1919 1877 2100 1931; x_wconf 89' lang='lat' dir='ltr'><strong>omnia</strong></span> 
     </span>
    </p>
   </div>
   <div class='ocr_carea' id='block_1_35' title="bbox 535 1966 2104 2040">
    <p class='ocr_par' dir='ltr' id='par_1_35' title="bbox 535 1966 2104 2040">
     <span class='ocr_line' id='line_1_35' title="bbox 535 1966 2104 2040; baseline -0.004 -14"><span class='ocrx_word' id='word_1_276' title='bbox 535 1981 662 2027; x_wconf 91' lang='lat' dir='ltr'><strong>sunt</strong></span> <span class='ocrx_word' id='word_1_277' title='bbox 698 1971 788 2040; x_wconf 88' lang='lat' dir='ltr'><strong>qui</strong></span> <span class='ocrx_word' id='word_1_278' title='bbox 825 1970 1066 2026; x_wconf 90' lang='lat' dir='ltr'><strong>faciant:</strong></span> <span class='ocrx_word' id='word_1_279' title='bbox 1094 1970 1206 2025; x_wconf 88' lang='lat' dir='ltr'><strong>sola</strong></span> <span class='ocrx_word' id='word_1_280' title='bbox 1249 1969 1484 2024; x_wconf 90' lang='lat' dir='ltr'><strong>charitas</strong></span> <span class='ocrx_word' id='word_1_281' title='bbox 1524 1967 1642 2022; x_wconf 90' lang='lat' dir='ltr'><strong>sine</strong></span> <span class='ocrx_word' id='word_1_282' title='bbox 1676 1967 1857 2020; x_wconf 86' lang='lat' dir='ltr'><strong>labore</strong></span> <span class='ocrx_word' id='word_1_283' title='bbox 1893 1975 1993 2020; x_wconf 90' lang='lat' dir='ltr'><strong>est.</strong></span> <span class='ocrx_word' id='word_1_284' title='bbox 2037 1966 2104 2019; x_wconf 86' lang='lat' dir='ltr'><strong>Et</strong></span> 
     </span>
    </p>
   </div>
   <div class='ocr_carea' id='block_1_36' title="bbox 537 2059 2102 2134">
    <p class='ocr_par' dir='ltr' id='par_1_36' title="bbox 537 2059 2102 2134">
     <span class='ocr_line' id='line_1_36' title="bbox 537 2059 2102 2134; baseline -0.004 -17"><span class='ocrx_word' id='word_1_285' title='bbox 537 2065 664 2134; x_wconf 88' lang='lat' dir='ltr'><strong>quia</strong></span> <span class='ocrx_word' id='word_1_286' title='bbox 699 2063 812 2118; x_wconf 88' lang='lat' dir='ltr'><strong>sola</strong></span> <span class='ocrx_word' id='word_1_287' title='bbox 833 2078 929 2117; x_wconf 90' lang='lat' dir='ltr'><strong>cor</strong></span> <span class='ocrx_word' id='word_1_288' title='bbox 949 2063 1204 2116; x_wconf 92' lang='lat' dir='ltr'><strong>mundum</strong></span> <span class='ocrx_word' id='word_1_289' title='bbox 1226 2060 1385 2116; x_wconf 82' lang='lat' dir='ltr'><strong>efficit</strong></span> <span class='ocrx_word' id='word_1_290' title='bbox 1407 2075 1436 2113; x_wconf 89' lang='lat' dir='ltr'><strong>a</strong></span> <span class='ocrx_word' id='word_1_291' title='bbox 1461 2059 1672 2114; x_wconf 86' lang='lat' dir='ltr'><strong>diabolo</strong></span> <span class='ocrx_word' id='word_1_292' title='bbox 1695 2067 2029 2129; x_wconf 80' lang='lat' dir='ltr'><strong>expugnatur</strong></span> <span class='ocrx_word' id='word_1_293' title='bbox 2049 2059 2102 2111; x_wconf 91' lang='lat' dir='ltr'><strong>in</strong></span> 
     </span>
    </p>
   </div>
   <div class='ocr_carea' id='block_1_37' title="bbox 535 2147 2101 2220">
    <p class='ocr_par' dir='ltr' id='par_1_37' title="bbox 535 2147 2101 2220">
     <span class='ocr_line' id='line_1_37' title="bbox 535 2147 2101 2220; baseline -0.004 -14"><span class='ocrx_word' id='word_1_294' title='bbox 535 2153 709 2216; x_wconf 84' lang='lat' dir='ltr'><strong>nobis,</strong></span> <span class='ocrx_word' id='word_1_295' title='bbox 741 2166 810 2205; x_wconf 89' lang='lat' dir='ltr'><strong>ne</strong></span> <span class='ocrx_word' id='word_1_296' title='bbox 833 2151 999 2206; x_wconf 88' lang='lat' dir='ltr'><strong>Deum</strong></span> <span class='ocrx_word' id='word_1_297' title='bbox 1019 2164 1154 2220; x_wconf 88' lang='lat' dir='ltr'><strong>pura</strong></span> <span class='ocrx_word' id='word_1_298' title='bbox 1183 2157 1361 2204; x_wconf 89' lang='lat' dir='ltr'><strong>mente</strong></span> <span class='ocrx_word' id='word_1_299' title='bbox 1387 2149 1684 2203; x_wconf 88' lang='lat' dir='ltr'><strong>videamus.</strong></span> <span class='ocrx_word' id='word_1_300' title='bbox 1713 2147 1935 2214; x_wconf 87' lang='lat' dir='ltr'><strong>Quando</strong></span> <span class='ocrx_word' id='word_1_301' title='bbox 1957 2147 2101 2201; x_wconf 92' lang='lat' dir='ltr'><strong>enim</strong></span> 
     </span>
    </p>
   </div>
   <div class='ocr_carea' id='block_1_38' title="bbox 537 2237 2101 2312">
    <p class='ocr_par' dir='ltr' id='par_1_38' title="bbox 537 2237 2101 2312">
     <span class='ocr_line' id='line_1_38' title="bbox 537 2237 2101 2312; baseline -0.004 -16"><span class='ocrx_word' id='word_1_302' title='bbox 537 2243 730 2296; x_wconf 88' lang='lat' dir='ltr'><strong>sedens</strong></span> <span class='ocrx_word' id='word_1_303' title='bbox 755 2242 943 2312; x_wconf 88' lang='lat' dir='ltr'><strong>loquor</strong></span> <span class='ocrx_word' id='word_1_304' title='bbox 965 2249 1151 2296; x_wconf 90' lang='lat' dir='ltr'><strong>contra</strong></span> <span class='ocrx_word' id='word_1_305' title='bbox 1185 2239 1405 2294; x_wconf 85' lang='lat' dir='ltr'><strong>fratrem</strong></span> <span class='ocrx_word' id='word_1_306' title='bbox 1433 2252 1609 2292; x_wconf 91' lang='lat' dir='ltr'><strong>meum</strong></span> <span class='ocrx_word' id='word_1_307' title='bbox 1643 2246 1698 2291; x_wconf 91' lang='lat' dir='ltr'><strong>et</strong></span> <span class='ocrx_word' id='word_1_308' title='bbox 1723 2245 1906 2292; x_wconf 90' lang='lat' dir='ltr'><strong>contra</strong></span> <span class='ocrx_word' id='word_1_309' title='bbox 1937 2237 2101 2290; x_wconf 88' lang='lat' dir='ltr'><strong>ﬁlium</strong></span> 
     </span>
    </p>
   </div>
   <div class='ocr_carea' id='block_1_39' title="bbox 539 2329 2104 2400">
    <p class='ocr_par' dir='ltr' id='par_1_39' title="bbox 539 2329 2104 2400">
     <span class='ocr_line' id='line_1_39' title="bbox 539 2329 2104 2400; baseline -0.003 -14"><span class='ocrx_word' id='word_1_310' title='bbox 539 2333 727 2386; x_wconf 90' lang='lat' dir='ltr'><strong>matris</strong></span> <span class='ocrx_word' id='word_1_311' title='bbox 777 2347 908 2386; x_wconf 83' lang='lat' dir='ltr'><strong>meae</strong></span> <span class='ocrx_word' id='word_1_312' title='bbox 951 2346 1093 2400; x_wconf 88' lang='lat' dir='ltr'><strong>pono</strong></span> <span class='ocrx_word' id='word_1_313' title='bbox 1135 2329 1468 2395; x_wconf 89' lang='lat' dir='ltr'><strong>scandalum,</strong></span> <span class='ocrx_word' id='word_1_314' title='bbox 1513 2331 1726 2398; x_wconf 88' lang='lat' dir='ltr'><strong>quando</strong></span> <span class='ocrx_word' id='word_1_315' title='bbox 1773 2329 1944 2383; x_wconf 90' lang='lat' dir='ltr'><strong>aliena</strong></span> <span class='ocrx_word' id='word_1_316' title='bbox 1991 2337 2104 2383; x_wconf 84' lang='lat' dir='ltr'><strong>tor-</strong></span> 
     </span>
    </p>
   </div>
   <div class='ocr_carea' id='block_1_40' title="bbox 538 2417 2104 2490">
    <p class='ocr_par' dir='ltr' id='par_1_40' title="bbox 538 2417 2104 2490">
     <span class='ocr_line' id='line_1_40' title="bbox 538 2417 2104 2490; baseline -0.003 -16"><span class='ocrx_word' id='word_1_317' title='bbox 538 2437 704 2490; x_wconf 89' lang='lat' dir='ltr'><strong>queor</strong></span> <span class='ocrx_word' id='word_1_318' title='bbox 731 2419 1013 2484; x_wconf 87' lang='lat' dir='ltr'><strong>felicitate,</strong></span> <span class='ocrx_word' id='word_1_319' title='bbox 1040 2429 1095 2474; x_wconf 91' lang='lat' dir='ltr'><strong>et</strong></span> <span class='ocrx_word' id='word_1_320' title='bbox 1119 2421 1341 2474; x_wconf 88' lang='lat' dir='ltr'><strong>alterius</strong></span> <span class='ocrx_word' id='word_1_321' title='bbox 1371 2421 1567 2474; x_wconf 87' lang='lat' dir='ltr'><strong>bonum</strong></span> <span class='ocrx_word' id='word_1_322' title='bbox 1592 2434 1768 2472; x_wconf 91' lang='lat' dir='ltr'><strong>meum</strong></span> <span class='ocrx_word' id='word_1_323' title='bbox 1794 2418 1994 2472; x_wconf 89' lang='lat' dir='ltr'><strong>malum</strong></span> <span class='ocrx_word' id='word_1_324' title='bbox 2019 2417 2104 2470; x_wconf 87' lang='lat' dir='ltr'><strong>fa-</strong></span> 
     </span>
    </p>
   </div>
   <div class='ocr_carea' id='block_1_41' title="bbox 537 2507 2104 2578">
    <p class='ocr_par' dir='ltr' id='par_1_41' title="bbox 537 2507 2104 2578">
     <span class='ocr_line' id='line_1_41' title="bbox 537 2507 2104 2578; baseline -0.003 -13"><span class='ocrx_word' id='word_1_325' title='bbox 537 2511 642 2574; x_wconf 89' lang='lat' dir='ltr'><strong>cio,</strong></span> <span class='ocrx_word' id='word_1_326' title='bbox 673 2524 848 2565; x_wconf 90' lang='lat' dir='ltr'><strong>nonne</strong></span> <span class='ocrx_word' id='word_1_327' title='bbox 864 2509 988 2574; x_wconf 89' lang='lat' dir='ltr'><strong>hoc,</strong></span> <span class='ocrx_word' id='word_1_328' title='bbox 1013 2509 1153 2578; x_wconf 89' lang='lat' dir='ltr'><strong>quod</strong></span> <span class='ocrx_word' id='word_1_329' title='bbox 1183 2509 1441 2578; x_wconf 89' lang='lat' dir='ltr'><strong>sequitur,</strong></span> <span class='ocrx_word' id='word_1_330' title='bbox 1472 2508 1523 2561; x_wconf 93' lang='lat' dir='ltr'><strong>in</strong></span> <span class='ocrx_word' id='word_1_331' title='bbox 1551 2523 1636 2562; x_wconf 90' lang='lat' dir='ltr'><strong>me</strong></span> <span class='ocrx_word' id='word_1_332' title='bbox 1656 2507 1932 2576; x_wconf 75' lang='lat' dir='ltr'><strong>expletur?</strong></span> <span class='ocrx_word' id='word_1_333' title='bbox 1953 2507 2104 2572; x_wconf 83' lang='lat' dir='ltr'><strong>Quod</strong></span> 
     </span>
    </p>
   </div>
   <div class='ocr_carea' id='block_1_42' title="bbox 539 2598 2106 2662">
    <p class='ocr_par' dir='ltr' id='par_1_42' title="bbox 539 2598 2106 2662">
     <span class='ocr_line' id='line_1_42' title="bbox 539 2598 2106 2662; baseline -0.001 -10"><span class='ocrx_word' id='word_1_334' title='bbox 539 2600 584 2653; x_wconf 86' lang='lat' dir='ltr'><strong>si</strong></span> <span class='ocrx_word' id='word_1_335' title='bbox 623 2599 840 2652; x_wconf 86' lang='lat' dir='ltr'><strong>invicem</strong></span> <span class='ocrx_word' id='word_1_336' title='bbox 877 2598 1154 2662; x_wconf 86' lang='lat' dir='ltr'><strong>mordetis,</strong></span> <span class='ocrx_word' id='word_1_337' title='bbox 1181 2610 1229 2651; x_wconf 82' lang='lat' dir='ltr'><strong>et</strong></span> <span class='ocrx_word' id='word_1_338' title='bbox 1257 2598 1553 2662; x_wconf 78' lang='lat' dir='ltr'><strong>comeditis,</strong></span> <span class='ocrx_word' id='word_1_339' title='bbox 1584 2599 1746 2652; x_wconf 80' lang='lat' dir='ltr'><strong>videte</strong></span> <span class='ocrx_word' id='word_1_340' title='bbox 1781 2615 1844 2651; x_wconf 89' lang='lat' dir='ltr'><strong>ne</strong></span> <span class='ocrx_word' id='word_1_341' title='bbox 1885 2599 1947 2650; x_wconf 86' lang='lat' dir='ltr'><strong>ab</strong></span> <span class='ocrx_word' id='word_1_342' title='bbox 1977 2599 2106 2650; x_wconf 85' lang='lat' dir='ltr'><strong>invi-</strong></span> 
     </span>
    </p>
   </div>
   <div class='ocr_carea' id='block_1_43' title="bbox 539 2687 2100 2758">
    <p class='ocr_par' dir='ltr' id='par_1_43' title="bbox 539 2687 2100 2758">
     <span class='ocr_line' id='line_1_43' title="bbox 539 2687 2100 2758; baseline 0 -16"><span class='ocrx_word' id='word_1_343' title='bbox 539 2704 650 2742; x_wconf 68' lang='lat' dir='ltr'><strong>cem</strong></span> <span class='ocrx_word' id='word_1_344' title='bbox 704 2689 1100 2742; x_wconf 75' lang='lat' dir='ltr'><strong>consumamini.</strong></span> <span class='ocrx_word' id='word_1_345' title='bbox 1165 2687 1458 2742; x_wconf 88' lang='lat' dir='ltr'><strong>Charitatis</strong></span> <span class='ocrx_word' id='word_1_346' title='bbox 1505 2703 1626 2741; x_wconf 90' lang='lat' dir='ltr'><strong>rara</strong></span> <span class='ocrx_word' id='word_1_347' title='bbox 1679 2689 1944 2758; x_wconf 80' lang='lat' dir='ltr'><strong>possessio</strong></span> <span class='ocrx_word' id='word_1_348' title='bbox 1999 2696 2100 2742; x_wconf 87' lang='lat' dir='ltr'><strong>est.</strong></span> 
     </span>
    </p>
   </div>
   <div class='ocr_carea' id='block_1_44' title="bbox 539 2776 2107 2848">
    <p class='ocr_par' dir='ltr' id='par_1_44' title="bbox 539 2776 2107 2848">
     <span class='ocr_line' id='line_1_44' title="bbox 539 2776 2107 2848; baseline -0.001 -16"><span class='ocrx_word' id='word_1_349' title='bbox 539 2777 672 2844; x_wconf 87' lang='lat' dir='ltr'><strong>Quis</strong></span> <span class='ocrx_word' id='word_1_350' title='bbox 695 2779 811 2833; x_wconf 84' lang='lat' dir='ltr'><strong>vult</strong></span> <span class='ocrx_word' id='word_1_351' title='bbox 836 2778 951 2848; x_wconf 90' lang='lat' dir='ltr'><strong>ipse</strong></span> <span class='ocrx_word' id='word_1_352' title='bbox 989 2779 1270 2832; x_wconf 87' lang='lat' dir='ltr'><strong>anathema</strong></span> <span class='ocrx_word' id='word_1_353' title='bbox 1307 2792 1426 2832; x_wconf 90' lang='lat' dir='ltr'><strong>esse</strong></span> <span class='ocrx_word' id='word_1_354' title='bbox 1457 2792 1489 2830; x_wconf 93' lang='lat' dir='ltr'><strong>a</strong></span> <span class='ocrx_word' id='word_1_355' title='bbox 1527 2777 1740 2832; x_wconf 87' lang='lat' dir='ltr'><strong>Christo</strong></span> <span class='ocrx_word' id='word_1_356' title='bbox 1785 2792 1884 2847; x_wconf 90' lang='lat' dir='ltr'><strong>pro</strong></span> <span class='ocrx_word' id='word_1_357' title='bbox 1927 2776 2107 2832; x_wconf 74' lang='lat' dir='ltr'><strong>fratri-</strong></span> 
     </span>
    </p>
   </div>
   <div class='ocr_carea' id='block_1_45' title="bbox 535 2865 2106 2937">
    <p class='ocr_par' dir='ltr' id='par_1_45' title="bbox 535 2865 2106 2937">
     <span class='ocr_line' id='line_1_45' title="bbox 535 2865 2106 2937; baseline -0.001 -15"><span class='ocrx_word' id='word_1_358' title='bbox 535 2869 638 2922; x_wconf 74' lang='lat' dir='ltr'><strong>bus</strong></span> <span class='ocrx_word' id='word_1_359' title='bbox 693 2867 804 2922; x_wconf 90' lang='lat' dir='ltr'><strong>suis</strong></span> <span class='ocrx_word' id='word_1_360' title='bbox 847 2865 1159 2936; x_wconf 78' lang='lat' dir='ltr'><strong>Apostolum</strong></span> <span class='ocrx_word' id='word_1_361' title='bbox 1213 2865 1483 2936; x_wconf 80' lang='lat' dir='ltr'><strong>sequens?</strong></span> <span class='ocrx_word' id='word_1_362' title='bbox 1528 2867 1649 2934; x_wconf 91' lang='lat' dir='ltr'><strong>quis</strong></span> <span class='ocrx_word' id='word_1_363' title='bbox 1701 2882 1823 2922; x_wconf 93' lang='lat' dir='ltr'><strong>cum</strong></span> <span class='ocrx_word' id='word_1_364' title='bbox 1876 2867 2106 2937; x_wconf 87' lang='lat' dir='ltr'><strong>lugenti-</strong></span> 
     </span>
    </p>
   </div>
   <div class='ocr_carea' id='block_1_46' title="bbox 536 2956 2107 3027">
    <p class='ocr_par' dir='ltr' id='par_1_46' title="bbox 536 2956 2107 3027">
     <span class='ocr_line' id='line_1_46' title="bbox 536 2956 2107 3027; baseline 0 -15"><span class='ocrx_word' id='word_1_365' title='bbox 536 2958 638 3012; x_wconf 92' lang='lat' dir='ltr'><strong>bus</strong></span> <span class='ocrx_word' id='word_1_366' title='bbox 685 2957 891 3027; x_wconf 83' lang='lat' dir='ltr'><strong>lugens,</strong></span> <span class='ocrx_word' id='word_1_367' title='bbox 938 2972 1058 3011; x_wconf 88' lang='lat' dir='ltr'><strong>cum</strong></span> <span class='ocrx_word' id='word_1_368' title='bbox 1102 2956 1455 3027; x_wconf 89' lang='lat' dir='ltr'><strong>gaudentibus</strong></span> <span class='ocrx_word' id='word_1_369' title='bbox 1500 2958 1757 3027; x_wconf 89' lang='lat' dir='ltr'><strong>gaudens,</strong></span> <span class='ocrx_word' id='word_1_370' title='bbox 1790 2959 1967 3013; x_wconf 89' lang='lat' dir='ltr'><strong>alieno</strong></span> <span class='ocrx_word' id='word_1_371' title='bbox 1993 2959 2107 3012; x_wconf 79' lang='lat' dir='ltr'><strong>vul-</strong></span> 
     </span>
    </p>
   </div>
   <div class='ocr_carea' id='block_1_47' title="bbox 541 3045 2107 3117">
    <p class='ocr_par' dir='ltr' id='par_1_47' title="bbox 541 3045 2107 3117">
     <span class='ocr_line' id='line_1_47' title="bbox 541 3045 2107 3117; baseline 0.003 -18"><span class='ocrx_word' id='word_1_372' title='bbox 541 3061 670 3100; x_wconf 83' lang='lat' dir='ltr'><strong>nere</strong></span> <span class='ocrx_word' id='word_1_373' title='bbox 699 3045 1042 3100; x_wconf 88' lang='lat' dir='ltr'><strong>vulneratur?</strong></span> <span class='ocrx_word' id='word_1_374' title='bbox 1065 3047 1186 3115; x_wconf 92' lang='lat' dir='ltr'><strong>quis</strong></span> <span class='ocrx_word' id='word_1_375' title='bbox 1215 3045 1395 3100; x_wconf 89' lang='lat' dir='ltr'><strong>fratris</strong></span> <span class='ocrx_word' id='word_1_376' title='bbox 1425 3055 1599 3101; x_wconf 88' lang='lat' dir='ltr'><strong>morte</strong></span> <span class='ocrx_word' id='word_1_377' title='bbox 1625 3049 1951 3117; x_wconf 87' lang='lat' dir='ltr'><strong>percutitur?</strong></span> <span class='ocrx_word' id='word_1_378' title='bbox 1981 3047 2107 3103; x_wconf 93' lang='lat' dir='ltr'><strong>0m-</strong></span> 
     </span>
    </p>
   </div>
   <div class='ocr_carea' id='block_1_48' title="bbox 2203 1878 3782 1950">
    <p class='ocr_par' dir='ltr' id='par_1_48' title="bbox 2203 1878 3782 1950">
     <span class='ocr_line' id='line_1_48' title="bbox 2203 1878 3782 1950; baseline -0.001 -17"><span class='ocrx_word' id='word_1_379' title='bbox 2203 1878 2492 1934; x_wconf 89' lang='lat' dir='ltr'><strong>secundum</strong></span> <span class='ocrx_word' id='word_1_380' title='bbox 2531 1881 2808 1950; x_wconf 89' lang='lat' dir='ltr'><strong>superiora</strong></span> <span class='ocrx_word' id='word_1_381' title='bbox 2851 1878 3134 1950; x_wconf 89' lang='lat' dir='ltr'><strong>dupliciter</strong></span> <span class='ocrx_word' id='word_1_382' title='bbox 3175 1879 3565 1948; x_wconf 85' lang='lat' dir='ltr'><strong>accipiendum,</strong></span> <span class='ocrx_word' id='word_1_383' title='bbox 3593 1887 3655 1932; x_wconf 91' lang='lat' dir='ltr'><strong>ut</strong></span> <span class='ocrx_word' id='word_1_384' title='bbox 3689 1879 3782 1931; x_wconf 87' lang='lat' dir='ltr'><strong>di-</strong></span> 
     </span>
    </p>
   </div>
   <div class='ocr_carea' id='block_1_49' title="bbox 2202 1965 3784 2038">
    <p class='ocr_par' dir='ltr' id='par_1_49' title="bbox 2202 1965 3784 2038">
     <span class='ocr_line' id='line_1_49' title="bbox 2202 1965 3784 2038; baseline -0.003 -16"><span class='ocrx_word' id='word_1_385' title='bbox 2202 1983 2387 2022; x_wconf 90' lang='lat' dir='ltr'><strong>camus</strong></span> <span class='ocrx_word' id='word_1_386' title='bbox 2417 1983 2531 2032; x_wconf 87' lang='lat' dir='ltr'><strong>cos,</strong></span> <span class='ocrx_word' id='word_1_387' title='bbox 2557 1969 2648 2037; x_wconf 90' lang='lat' dir='ltr'><strong>qui</strong></span> <span class='ocrx_word' id='word_1_388' title='bbox 2694 1968 2885 2038; x_wconf 86' lang='lat' dir='ltr'><strong>spiritu</strong></span> <span class='ocrx_word' id='word_1_389' title='bbox 2928 1982 3092 2037; x_wconf 87' lang='lat' dir='ltr'><strong>opera</strong></span> <span class='ocrx_word' id='word_1_390' title='bbox 3123 1967 3304 2022; x_wconf 88' lang='lat' dir='ltr'><strong>carnis</strong></span> <span class='ocrx_word' id='word_1_391' title='bbox 3332 1965 3784 2020; x_wconf 86' lang='lat' dir='ltr'><strong>mortiﬁcaverint</strong></span> 
     </span>
    </p>
   </div>
   <div class='ocr_carea' id='block_1_50' title="bbox 2201 2056 3787 2126">
    <p class='ocr_par' dir='ltr' id='par_1_50' title="bbox 2201 2056 3787 2126">
     <span class='ocr_line' id='line_1_50' title="bbox 2201 2056 3787 2126; baseline -0.001 -16"><span class='ocrx_word' id='word_1_392' title='bbox 2201 2067 2257 2112; x_wconf 90' lang='lat' dir='ltr'><strong>et</strong></span> <span class='ocrx_word' id='word_1_393' title='bbox 2301 2056 2683 2112; x_wconf 81' lang='lat' dir='ltr'><strong>seminaverint</strong></span> <span class='ocrx_word' id='word_1_394' title='bbox 2708 2057 2762 2111; x_wconf 92' lang='lat' dir='ltr'><strong>in</strong></span> <span class='ocrx_word' id='word_1_395' title='bbox 2791 2057 3004 2126; x_wconf 88' lang='lat' dir='ltr'><strong>spiritu,</strong></span> <span class='ocrx_word' id='word_1_396' title='bbox 3035 2063 3096 2110; x_wconf 89' lang='lat' dir='ltr'><strong>ut</strong></span> <span class='ocrx_word' id='word_1_397' title='bbox 3135 2056 3202 2110; x_wconf 93' lang='lat' dir='ltr'><strong>de</strong></span> <span class='ocrx_word' id='word_1_398' title='bbox 3244 2056 3436 2125; x_wconf 89' lang='lat' dir='ltr'><strong>spiritu</strong></span> <span class='ocrx_word' id='word_1_399' title='bbox 3464 2063 3678 2109; x_wconf 91' lang='lat' dir='ltr'><strong>metant</strong></span> <span class='ocrx_word' id='word_1_400' title='bbox 3703 2056 3787 2108; x_wconf 84' lang='lat' dir='ltr'><strong>vi-</strong></span> 
     </span>
    </p>
   </div>
   <div class='ocr_carea' id='block_1_51' title="bbox 2203 2145 3787 2215">
    <p class='ocr_par' dir='ltr' id='par_1_51' title="bbox 2203 2145 3787 2215">
     <span class='ocr_line' id='line_1_51' title="bbox 2203 2145 3787 2215; baseline 0 -17"><span class='ocrx_word' id='word_1_401' title='bbox 2203 2151 2313 2198; x_wconf 83' lang='lat' dir='ltr'><strong>tam</strong></span> <span class='ocrx_word' id='word_1_402' title='bbox 2337 2154 2612 2199; x_wconf 62' lang='lat' dir='ltr'><strong>aeternam.</strong></span> <span class='ocrx_word' id='word_1_403' title='bbox 2634 2145 3066 2215; x_wconf 83' lang='lat' dir='ltr'><strong>Quotiescunque</strong></span> <span class='ocrx_word' id='word_1_404' title='bbox 3094 2146 3424 2215; x_wconf 88' lang='lat' dir='ltr'><strong>voluptatem</strong></span> <span class='ocrx_word' id='word_1_405' title='bbox 3450 2146 3635 2201; x_wconf 90' lang='lat' dir='ltr'><strong>carnis</strong></span> <span class='ocrx_word' id='word_1_406' title='bbox 3655 2162 3787 2200; x_wconf 84' lang='lat' dir='ltr'><strong>sen-</strong></span> 
     </span>
    </p>
   </div>
   <div class='ocr_carea' id='block_1_52' title="bbox 2201 2234 3783 2304">
    <p class='ocr_par' dir='ltr' id='par_1_52' title="bbox 2201 2234 3783 2304">
     <span class='ocr_line' id='line_1_52' title="bbox 2201 2234 3783 2304; baseline 0 -15"><span class='ocrx_word' id='word_1_407' title='bbox 2201 2235 2369 2289; x_wconf 88' lang='lat' dir='ltr'><strong>serint</strong></span> <span class='ocrx_word' id='word_1_408' title='bbox 2393 2234 2633 2300; x_wconf 88' lang='lat' dir='ltr'><strong>titillare,</strong></span> <span class='ocrx_word' id='word_1_409' title='bbox 2662 2249 2769 2290; x_wconf 93' lang='lat' dir='ltr'><strong>non</strong></span> <span class='ocrx_word' id='word_1_410' title='bbox 2801 2234 3059 2304; x_wconf 89' lang='lat' dir='ltr'><strong>perﬁcere</strong></span> <span class='ocrx_word' id='word_1_411' title='bbox 3100 2235 3422 2289; x_wconf 83' lang='lat' dir='ltr'><strong>desiderium</strong></span> <span class='ocrx_word' id='word_1_412' title='bbox 3447 2234 3584 2303; x_wconf 88' lang='lat' dir='ltr'><strong>ejus,</strong></span> <span class='ocrx_word' id='word_1_413' title='bbox 3631 2236 3783 2303; x_wconf 88' lang='lat' dir='ltr'><strong>quod</strong></span> 
     </span>
    </p>
   </div>
   <div class='ocr_carea' id='block_1_53' title="bbox 2201 2323 3787 2394">
    <p class='ocr_par' dir='ltr' id='par_1_53' title="bbox 2201 2323 3787 2394">
     <span class='ocr_line' id='line_1_53' title="bbox 2201 2323 3787 2394; baseline 0.002 -16"><span class='ocrx_word' id='word_1_414' title='bbox 2201 2323 2417 2394; x_wconf 88' lang='lat' dir='ltr'><strong>quidem</strong></span> <span class='ocrx_word' id='word_1_415' title='bbox 2461 2324 2505 2378; x_wconf 89' lang='lat' dir='ltr'><strong>si</strong></span> <span class='ocrx_word' id='word_1_416' title='bbox 2529 2326 2797 2392; x_wconf 80' lang='lat' dir='ltr'><strong>expletum</strong></span> <span class='ocrx_word' id='word_1_417' title='bbox 2841 2324 3002 2380; x_wconf 84' lang='lat' dir='ltr'><strong>fuerit</strong></span> <span class='ocrx_word' id='word_1_418' title='bbox 3029 2326 3257 2380; x_wconf 84' lang='lat' dir='ltr'><strong>blandiri</strong></span> <span class='ocrx_word' id='word_1_419' title='bbox 3295 2325 3598 2381; x_wconf 86' lang='lat' dir='ltr'><strong>videturad</strong></span> <span class='ocrx_word' id='word_1_420' title='bbox 3644 2335 3787 2382; x_wconf 76' lang='lat' dir='ltr'><strong>tein-</strong></span> 
     </span>
    </p>
   </div>
   <div class='ocr_carea' id='block_1_54' title="bbox 2203 2414 3784 2483">
    <p class='ocr_par' dir='ltr' id='par_1_54' title="bbox 2203 2414 3784 2483">
     <span class='ocr_line' id='line_1_54' title="bbox 2203 2414 3784 2483; baseline 0.003 -17"><span class='ocrx_word' id='word_1_421' title='bbox 2203 2428 2335 2482; x_wconf 87' lang='lat' dir='ltr'><strong>pus;</strong></span> <span class='ocrx_word' id='word_1_422' title='bbox 2367 2415 2460 2468; x_wconf 89' lang='lat' dir='ltr'><strong>sed</strong></span> <span class='ocrx_word' id='word_1_423' title='bbox 2507 2415 2696 2483; x_wconf 78' lang='lat' dir='ltr'><strong>spiritu</strong></span> <span class='ocrx_word' id='word_1_424' title='bbox 2728 2414 3020 2478; x_wconf 87' lang='lat' dir='ltr'><strong>refrenare,</strong></span> <span class='ocrx_word' id='word_1_425' title='bbox 3047 2424 3103 2469; x_wconf 91' lang='lat' dir='ltr'><strong>et</strong></span> <span class='ocrx_word' id='word_1_426' title='bbox 3135 2415 3422 2470; x_wconf 89' lang='lat' dir='ltr'><strong>secundum</strong></span> <span class='ocrx_word' id='word_1_427' title='bbox 3453 2417 3784 2471; x_wconf 85' lang='lat' dir='ltr'><strong>sententiam</strong></span> 
     </span>
    </p>
   </div>
   <div class='ocr_carea' id='block_1_55' title="bbox 2206 2502 3786 2575">
    <p class='ocr_par' dir='ltr' id='par_1_55' title="bbox 2206 2502 3786 2575">
     <span class='ocr_line' id='line_1_55' title="bbox 2206 2502 3786 2575; baseline 0.002 -20"><span class='ocrx_word' id='word_1_428' title='bbox 2206 2502 2467 2567; x_wconf 84' lang='lat' dir='ltr'><strong>historici,</strong></span> <span class='ocrx_word' id='word_1_429' title='bbox 2492 2503 2654 2556; x_wconf 89' lang='lat' dir='ltr'><strong>animi</strong></span> <span class='ocrx_word' id='word_1_430' title='bbox 2686 2504 2930 2571; x_wconf 89' lang='lat' dir='ltr'><strong>imperio,</strong></span> <span class='ocrx_word' id='word_1_431' title='bbox 2953 2503 3194 2573; x_wconf 86' lang='lat' dir='ltr'><strong>corporis</strong></span> <span class='ocrx_word' id='word_1_432' title='bbox 3232 2505 3472 2569; x_wconf 89' lang='lat' dir='ltr'><strong>servitio,</strong></span> <span class='ocrx_word' id='word_1_433' title='bbox 3496 2505 3672 2575; x_wconf 86' lang='lat' dir='ltr'><strong>magis</strong></span> <span class='ocrx_word' id='word_1_434' title='bbox 3699 2506 3786 2558; x_wconf 54' lang='lat' dir='ltr'><strong>vlo</strong></span> 
     </span>
    </p>
   </div>
   <div class='ocr_carea' id='block_1_56' title="bbox 2205 2593 3786 2664">
    <p class='ocr_par' dir='ltr' id='par_1_56' title="bbox 2205 2593 3786 2664">
     <span class='ocr_line' id='line_1_56' title="bbox 2205 2593 3786 2664; baseline 0.003 -18"><span class='ocrx_word' id='word_1_435' title='bbox 2205 2607 2363 2658; x_wconf 88' lang='lat' dir='ltr'><strong>vere;</strong></span> <span class='ocrx_word' id='word_1_436' title='bbox 2395 2608 2494 2647; x_wconf 86' lang='lat' dir='ltr'><strong>nec</strong></span> <span class='ocrx_word' id='word_1_437' title='bbox 2516 2609 2624 2648; x_wconf 86' lang='lat' dir='ltr'><strong>non</strong></span> <span class='ocrx_word' id='word_1_438' title='bbox 2651 2602 2707 2647; x_wconf 91' lang='lat' dir='ltr'><strong>et</strong></span> <span class='ocrx_word' id='word_1_439' title='bbox 2735 2593 2880 2657; x_wconf 90' lang='lat' dir='ltr'><strong>illud,</strong></span> <span class='ocrx_word' id='word_1_440' title='bbox 2905 2593 3030 2664; x_wconf 90' lang='lat' dir='ltr'><strong>quia</strong></span> <span class='ocrx_word' id='word_1_441' title='bbox 3056 2594 3141 2648; x_wconf 84' lang='lat' dir='ltr'><strong>lex</strong></span> <span class='ocrx_word' id='word_1_442' title='bbox 3168 2595 3424 2664; x_wconf 88' lang='lat' dir='ltr'><strong>spiritalis</strong></span> <span class='ocrx_word' id='word_1_443' title='bbox 3447 2604 3552 2660; x_wconf 89' lang='lat' dir='ltr'><strong>est,</strong></span> <span class='ocrx_word' id='word_1_444' title='bbox 3580 2605 3636 2650; x_wconf 91' lang='lat' dir='ltr'><strong>et</strong></span> <span class='ocrx_word' id='word_1_445' title='bbox 3669 2611 3786 2650; x_wconf 85' lang='lat' dir='ltr'><strong>non</strong></span> 
     </span>
    </p>
   </div>
   <div class='ocr_carea' id='block_1_57' title="bbox 2206 2683 3787 2754">
    <p class='ocr_par' dir='ltr' id='par_1_57' title="bbox 2206 2683 3787 2754">
     <span class='ocr_line' id='line_1_57' title="bbox 2206 2683 3787 2754; baseline 0.004 -20"><span class='ocrx_word' id='word_1_446' title='bbox 2206 2683 2298 2752; x_wconf 88' lang='lat' dir='ltr'><strong>qui</strong></span> <span class='ocrx_word' id='word_1_447' title='bbox 2335 2683 2387 2738; x_wconf 96' lang='lat' dir='ltr'><strong>in</strong></span> <span class='ocrx_word' id='word_1_448' title='bbox 2414 2683 2698 2739; x_wconf 89' lang='lat' dir='ltr'><strong>manifesto</strong></span> <span class='ocrx_word' id='word_1_449' title='bbox 2722 2683 2960 2750; x_wconf 74' lang='lat' dir='ltr'><strong>Judaeus,</strong></span> <span class='ocrx_word' id='word_1_450' title='bbox 2991 2685 3084 2740; x_wconf 92' lang='lat' dir='ltr'><strong>sed</strong></span> <span class='ocrx_word' id='word_1_451' title='bbox 3114 2687 3205 2754; x_wconf 92' lang='lat' dir='ltr'><strong>qui</strong></span> <span class='ocrx_word' id='word_1_452' title='bbox 3234 2686 3288 2740; x_wconf 91' lang='lat' dir='ltr'><strong>in</strong></span> <span class='ocrx_word' id='word_1_453' title='bbox 3330 2687 3540 2742; x_wconf 89' lang='lat' dir='ltr'><strong>occulto</strong></span> <span class='ocrx_word' id='word_1_454' title='bbox 3573 2697 3631 2742; x_wconf 87' lang='lat' dir='ltr'><strong>et</strong></span> <span class='ocrx_word' id='word_1_455' title='bbox 3671 2688 3787 2740; x_wconf 90' lang='lat' dir='ltr'><strong>cir-</strong></span> 
     </span>
    </p>
   </div>
   <div class='ocr_carea' id='block_1_58' title="bbox 2206 2771 3786 2844">
    <p class='ocr_par' dir='ltr' id='par_1_58' title="bbox 2206 2771 3786 2844">
     <span class='ocr_line' id='line_1_58' title="bbox 2206 2771 3786 2844; baseline 0.003 -18"><span class='ocrx_word' id='word_1_456' title='bbox 2206 2771 2466 2827; x_wconf 87' lang='lat' dir='ltr'><strong>cumcisio</strong></span> <span class='ocrx_word' id='word_1_457' title='bbox 2489 2773 2667 2828; x_wconf 90' lang='lat' dir='ltr'><strong>cordis</strong></span> <span class='ocrx_word' id='word_1_458' title='bbox 2690 2773 2742 2827; x_wconf 88' lang='lat' dir='ltr'><strong>in</strong></span> <span class='ocrx_word' id='word_1_459' title='bbox 2771 2773 2982 2844; x_wconf 90' lang='lat' dir='ltr'><strong>spiritu,</strong></span> <span class='ocrx_word' id='word_1_460' title='bbox 3011 2789 3117 2828; x_wconf 88' lang='lat' dir='ltr'><strong>non</strong></span> <span class='ocrx_word' id='word_1_461' title='bbox 3151 2775 3349 2839; x_wconf 88' lang='lat' dir='ltr'><strong>littera,</strong></span> <span class='ocrx_word' id='word_1_462' title='bbox 3375 2791 3466 2830; x_wconf 74' lang='lat' dir='ltr'><strong>eas</strong></span> <span class='ocrx_word' id='word_1_463' title='bbox 3498 2775 3786 2831; x_wconf 87' lang='lat' dir='ltr'><strong>ambulare</strong></span> 
     </span>
    </p>
   </div>
   <div class='ocr_carea' id='block_1_59' title="bbox 2207 2861 3784 2936">
    <p class='ocr_par' dir='ltr' id='par_1_59' title="bbox 2207 2861 3784 2936">
     <span class='ocr_line' id='line_1_59' title="bbox 2207 2861 3784 2936; baseline 0.006 -23"><span class='ocrx_word' id='word_1_464' title='bbox 2207 2861 2399 2930; x_wconf 89' lang='lat' dir='ltr'><strong>spiritu</strong></span> <span class='ocrx_word' id='word_1_465' title='bbox 2429 2870 2482 2918; x_wconf 90' lang='lat' dir='ltr'><strong>et</strong></span> <span class='ocrx_word' id='word_1_466' title='bbox 2510 2863 2690 2918; x_wconf 89' lang='lat' dir='ltr'><strong>carnis</strong></span> <span class='ocrx_word' id='word_1_467' title='bbox 2731 2864 3050 2920; x_wconf 89' lang='lat' dir='ltr'><strong>desiderium</strong></span> <span class='ocrx_word' id='word_1_468' title='bbox 3079 2881 3183 2919; x_wconf 85' lang='lat' dir='ltr'><strong>non</strong></span> <span class='ocrx_word' id='word_1_469' title='bbox 3221 2868 3481 2936; x_wconf 88' lang='lat' dir='ltr'><strong>perﬁcere</strong></span> <span class='ocrx_word' id='word_1_470' title='bbox 3525 2869 3784 2932; x_wconf 87' lang='lat' dir='ltr'><strong>dicimus,</strong></span> 
     </span>
    </p>
   </div>
   <div class='ocr_carea' id='block_1_60' title="bbox 2207 2951 3788 3027">
    <p class='ocr_par' dir='ltr' id='par_1_60' title="bbox 2207 2951 3788 3027">
     <span class='ocr_line' id='line_1_60' title="bbox 2207 2951 3788 3027; baseline 0.006 -25"><span class='ocrx_word' id='word_1_471' title='bbox 2207 2951 2300 3018; x_wconf 86' lang='lat' dir='ltr'><strong>qui</strong></span> <span class='ocrx_word' id='word_1_472' title='bbox 2329 2951 2642 3020; x_wconf 87' lang='lat' dir='ltr'><strong>spiritaliter</strong></span> <span class='ocrx_word' id='word_1_473' title='bbox 2687 2953 3032 3022; x_wconf 86' lang='lat' dir='ltr'><strong>egrediuntur</strong></span> <span class='ocrx_word' id='word_1_474' title='bbox 3057 2953 3366 3026; x_wconf 63' lang='lat' dir='ltr'><strong>Egyptum,</strong></span> <span class='ocrx_word' id='word_1_475' title='bbox 3396 2967 3452 3012; x_wconf 90' lang='lat' dir='ltr'><strong>et</strong></span> <span class='ocrx_word' id='word_1_476' title='bbox 3479 2957 3788 3027; x_wconf 84' lang='lat' dir='ltr'><strong>spiritalem</strong></span> 
     </span>
    </p>
   </div>
   <div class='ocr_carea' id='block_1_61' title="bbox 2210 3043 3787 3117">
    <p class='ocr_par' dir='ltr' id='par_1_61' title="bbox 2210 3043 3787 3117">
     <span class='ocr_line' id='line_1_61' title="bbox 2210 3043 3787 3117; baseline 0.008 -25"><span class='ocrx_word' id='word_1_477' title='bbox 2210 3054 2386 3093; x_wconf 89' lang='lat' dir='ltr'><strong>escam</strong></span> <span class='ocrx_word' id='word_1_478' title='bbox 2407 3048 2696 3111; x_wconf 89' lang='lat' dir='ltr'><strong>potumque</strong></span> <span class='ocrx_word' id='word_1_479' title='bbox 2718 3043 2783 3098; x_wconf 90' lang='lat' dir='ltr'><strong>de</strong></span> <span class='ocrx_word' id='word_1_480' title='bbox 2806 3043 3034 3113; x_wconf 83' lang='lat' dir='ltr'><strong>spiritali</strong></span> <span class='ocrx_word' id='word_1_481' title='bbox 3067 3045 3319 3101; x_wconf 89' lang='lat' dir='ltr'><strong>hauriunt</strong></span> <span class='ocrx_word' id='word_1_482' title='bbox 3353 3058 3526 3116; x_wconf 86' lang='lat' dir='ltr'><strong>petra,</strong></span> <span class='ocrx_word' id='word_1_483' title='bbox 3552 3049 3644 3117; x_wconf 90' lang='lat' dir='ltr'><strong>qui</strong></span> <span class='ocrx_word' id='word_1_484' title='bbox 3671 3066 3787 3104; x_wconf 89' lang='lat' dir='ltr'><strong>non</strong></span> 
     </span>
    </p>
   </div>
   <div class='ocr_carea' id='block_1_62' title="bbox 538 3117 2104 3206">
    <p class='ocr_par' dir='ltr' id='par_1_62' title="bbox 538 3133 2104 3203">
     <span class='ocr_line' id='line_1_62' title="bbox 538 3133 2104 3203; baseline 0.003 -15"><span class='ocrx_word' id='word_1_485' title='bbox 538 3149 636 3188; x_wconf 86' lang='lat' dir='ltr'><strong>nes</strong></span> <span class='ocrx_word' id='word_1_486' title='bbox 663 3133 832 3202; x_wconf 84' lang='lat' dir='ltr'><strong>magis</strong></span> <span class='ocrx_word' id='word_1_487' title='bbox 867 3141 1133 3188; x_wconf 86' lang='lat' dir='ltr'><strong>amatores</strong></span> <span class='ocrx_word' id='word_1_488' title='bbox 1169 3135 1363 3199; x_wconf 91' lang='lat' dir='ltr'><strong>nostri,</strong></span> <span class='ocrx_word' id='word_1_489' title='bbox 1388 3149 1548 3203; x_wconf 90' lang='lat' dir='ltr'><strong>quam</strong></span> <span class='ocrx_word' id='word_1_490' title='bbox 1587 3145 1853 3192; x_wconf 88' lang='lat' dir='ltr'><strong>amatores</strong></span> <span class='ocrx_word' id='word_1_491' title='bbox 1891 3137 1982 3191; x_wconf 91' lang='lat' dir='ltr'><strong>Dei</strong></span> <span class='ocrx_word' id='word_1_492' title='bbox 2011 3153 2104 3193; x_wconf 90' lang='lat' dir='ltr'><strong>su—</strong></span> 
     </span>
    </p>
   </div>
   <div class='ocr_carea' id='block_1_63' title="bbox 2204 3117 3785 3206">
    <p class='ocr_par' dir='ltr' id='par_1_63' title="bbox 2204 3126 3785 3206">
     <span class='ocr_line' id='line_1_63' title="bbox 2204 3126 3785 3206; baseline 0.008 -25"><span class='ocrx_word' id='word_1_493' title='bbox 2204 3126 2526 3204; x_wconf 61' lang='lat' dir='ltr'><strong>judicantut;</strong></span> <span class='ocrx_word' id='word_1_494' title='bbox 2554 3130 2609 3184; x_wconf 91' lang='lat' dir='ltr'><strong>in</strong></span> <span class='ocrx_word' id='word_1_495' title='bbox 2662 3130 2780 3186; x_wconf 89' lang='lat' dir='ltr'><strong>cibo</strong></span> <span class='ocrx_word' id='word_1_496' title='bbox 2827 3142 2919 3186; x_wconf 90' lang='lat' dir='ltr'><strong>aut</strong></span> <span class='ocrx_word' id='word_1_497' title='bbox 2963 3132 3017 3186; x_wconf 93' lang='lat' dir='ltr'><strong>in</strong></span> <span class='ocrx_word' id='word_1_498' title='bbox 3063 3143 3213 3203; x_wconf 91' lang='lat' dir='ltr'><strong>potu,</strong></span> <span class='ocrx_word' id='word_1_499' title='bbox 3259 3143 3352 3189; x_wconf 93' lang='lat' dir='ltr'><strong>aut</strong></span> <span class='ocrx_word' id='word_1_500' title='bbox 3405 3137 3458 3190; x_wconf 92' lang='lat' dir='ltr'><strong>in</strong></span> <span class='ocrx_word' id='word_1_501' title='bbox 3489 3145 3642 3206; x_wconf 90' lang='lat' dir='ltr'><strong>parte</strong></span> <span class='ocrx_word' id='word_1_502' title='bbox 3671 3139 3785 3194; x_wconf 87' lang='lat' dir='ltr'><strong>diei</strong></span> 
     </span>
    </p>
   </div>
   <div class='ocr_carea' id='block_1_64' title="bbox 533 3223 2110 3297">
    <p class='ocr_par' dir='ltr' id='par_1_64' title="bbox 533 3223 2110 3297">
     <span class='ocr_line' id='line_1_64' title="bbox 533 3223 2110 3297; baseline -0.001 -15"><span class='ocrx_word' id='word_1_503' title='bbox 533 3238 678 3282; x_wconf 87' lang='lat' dir='ltr'><strong>mus.</strong></span> <span class='ocrx_word' id='word_1_504' title='bbox 709 3223 838 3282; x_wconf 80' lang='lat' dir='ltr'><strong>Vide</strong></span> <span class='ocrx_word' id='word_1_505' title='bbox 862 3232 1123 3297; x_wconf 68' lang='lat' dir='ltr'><strong>quantum</strong></span> <span class='ocrx_word' id='word_1_506' title='bbox 1145 3223 1342 3278; x_wconf 90' lang='lat' dir='ltr'><strong>bonum</strong></span> <span class='ocrx_word' id='word_1_507' title='bbox 1363 3224 1434 3278; x_wconf 92' lang='lat' dir='ltr'><strong>sit</strong></span> <span class='ocrx_word' id='word_1_508' title='bbox 1460 3225 1760 3281; x_wconf 87' lang='lat' dir='ltr'><strong>charitatis.</strong></span> <span class='ocrx_word' id='word_1_509' title='bbox 1782 3227 1839 3281; x_wconf 88' lang='lat' dir='ltr'><strong>Si</strong></span> <span class='ocrx_word' id='word_1_510' title='bbox 1866 3227 1938 3280; x_wconf 90' lang='lat' dir='ltr'><strong>ita</strong></span> <span class='ocrx_word' id='word_1_511' title='bbox 1967 3243 2110 3282; x_wconf 81' lang='lat' dir='ltr'><strong>inar-</strong></span> 
     </span>
    </p>
   </div>
   <div class='ocr_carea' id='block_1_65' title="bbox 2207 3218 3787 3290">
    <p class='ocr_par' dir='ltr' id='par_1_65' title="bbox 2207 3218 3787 3290">
     <span class='ocr_line' id='line_1_65' title="bbox 2207 3218 3787 3290; baseline 0.008 -18"><span class='ocrx_word' id='word_1_512' title='bbox 2207 3218 2354 3284; x_wconf 88' lang='lat' dir='ltr'><strong>festi,</strong></span> <span class='ocrx_word' id='word_1_513' title='bbox 2401 3229 2494 3276; x_wconf 89' lang='lat' dir='ltr'><strong>aut</strong></span> <span class='ocrx_word' id='word_1_514' title='bbox 2545 3221 2836 3277; x_wconf 81' lang='lat' dir='ltr'><strong>neomeniae</strong></span> <span class='ocrx_word' id='word_1_515' title='bbox 2871 3230 2925 3277; x_wconf 92' lang='lat' dir='ltr'><strong>et</strong></span> <span class='ocrx_word' id='word_1_516' title='bbox 2975 3224 3217 3290; x_wconf 89' lang='lat' dir='ltr'><strong>sabbati;</strong></span> <span class='ocrx_word' id='word_1_517' title='bbox 3257 3226 3350 3280; x_wconf 90' lang='lat' dir='ltr'><strong>sed</strong></span> <span class='ocrx_word' id='word_1_518' title='bbox 3399 3228 3676 3282; x_wconf 90' lang='lat' dir='ltr'><strong>ambulant</strong></span> <span class='ocrx_word' id='word_1_519' title='bbox 3731 3231 3787 3284; x_wconf 88' lang='lat' dir='ltr'><strong>in</strong></span> 
     </span>
    </p>
   </div>
   <div class='ocr_carea' id='block_1_66' title="bbox 538 3311 2104 3397">
    <p class='ocr_par' dir='ltr' id='par_1_66' title="bbox 538 3315 2104 3386">
     <span class='ocr_line' id='line_1_66' title="bbox 538 3315 2104 3386; baseline 0.008 -17"><span class='ocrx_word' id='word_1_520' title='bbox 538 3317 738 3386; x_wconf 84' lang='lat' dir='ltr'><strong>tyrium</strong></span> <span class='ocrx_word' id='word_1_521' title='bbox 770 3315 1076 3382; x_wconf 86' lang='lat' dir='ltr'><strong>fecerimus,</strong></span> <span class='ocrx_word' id='word_1_522' title='bbox 1107 3325 1164 3372; x_wconf 87' lang='lat' dir='ltr'><strong>ut</strong></span> <span class='ocrx_word' id='word_1_523' title='bbox 1209 3323 1421 3372; x_wconf 77' lang='lat' dir='ltr'><strong>mtSlt&#39;dS</strong></span> <span class='ocrx_word' id='word_1_524' title='bbox 1448 3315 1672 3375; x_wconf 79' lang='lat' dir='ltr'><strong>velimus</strong></span> <span class='ocrx_word' id='word_1_525' title='bbox 1712 3318 1778 3376; x_wconf 91' lang='lat' dir='ltr'><strong>ab</strong></span> <span class='ocrx_word' id='word_1_526' title='bbox 1805 3319 2104 3381; x_wconf 70' lang='lat' dir='ltr'><strong>hominibvs</strong></span> 
     </span>
    </p>
   </div>
   <div class='ocr_carea' id='block_1_67' title="bbox 2204 3311 3788 3397">
    <p class='ocr_par' dir='ltr' id='par_1_67' title="bbox 2206 3311 3788 3397">
     <span class='ocr_line' id='line_1_67' title="bbox 2206 3311 3788 3397; baseline 0.011 -32"><span class='ocrx_word' id='word_1_527' title='bbox 2206 3313 2455 3372; x_wconf 69' lang='lat' dir='ltr'><strong>onmiltus</strong></span> <span class='ocrx_word' id='word_1_528' title='bbox 2487 3314 2815 3388; x_wconf 76' lang='lat' dir='ltr'><strong>spiritaliter,</strong></span> <span class='ocrx_word' id='word_1_529' title='bbox 2862 3332 2965 3374; x_wconf 89' lang='lat' dir='ltr'><strong>non</strong></span> <span class='ocrx_word' id='word_1_530' title='bbox 3013 3311 3354 3390; x_wconf 83' lang='lat' dir='ltr'><strong>perﬁcientes</strong></span> <span class='ocrx_word' id='word_1_531' title='bbox 3395 3335 3607 3380; x_wconf 67' lang='lat' dir='ltr'><strong>carnem</strong></span> <span class='ocrx_word' id='word_1_532' title='bbox 3645 3321 3788 3397; x_wconf 78' lang='lat' dir='ltr'><strong>legis</strong></span> 
     </span>
    </p>
   </div>
   <div class='ocr_carea' id='block_1_68' title="bbox 537 3408 2109 3480">
    <p class='ocr_par' dir='ltr' id='par_1_68' title="bbox 537 3408 2109 3480">
     <span class='ocr_line' id='line_1_68' title="bbox 537 3408 2109 3480; baseline 0.005 -18"><span class='ocrx_word' id='word_1_533' title='bbox 537 3408 794 3476; x_wconf 86' lang='lat' dir='ltr'><strong>reliquias</strong></span> <span class='ocrx_word' id='word_1_534' title='bbox 821 3409 1096 3473; x_wconf 89' lang='lat' dir='ltr'><strong>honorari,</strong></span> <span class='ocrx_word' id='word_1_535' title='bbox 1132 3411 1174 3464; x_wconf 93' lang='lat' dir='ltr'><strong>si</strong></span> <span class='ocrx_word' id='word_1_536' title='bbox 1214 3411 1518 3479; x_wconf 86' lang='lat' dir='ltr'><strong>opinionem</strong></span> <span class='ocrx_word' id='word_1_537' title='bbox 1547 3413 1685 3480; x_wconf 87' lang='lat' dir='ltr'><strong>vulgi</strong></span> <span class='ocrx_word' id='word_1_538' title='bbox 1714 3423 1983 3470; x_wconf 90' lang='lat' dir='ltr'><strong>sectantes</strong></span> <span class='ocrx_word' id='word_1_539' title='bbox 2028 3416 2109 3470; x_wconf 84' lang='lat' dir='ltr'><strong>in-</strong></span> 
     </span>
    </p>
   </div>
   <div class='ocr_carea' id='block_1_69' title="bbox 538 3497 2105 3568">
    <p class='ocr_par' dir='ltr' id='par_1_69' title="bbox 538 3497 2105 3568">
     <span class='ocr_line' id='line_1_69' title="bbox 538 3497 2105 3568; baseline 0.008 -19"><span class='ocrx_word' id='word_1_540' title='bbox 538 3497 734 3566; x_wconf 81' lang='lat' dir='ltr'><strong>trepidi</strong></span> <span class='ocrx_word' id='word_1_541' title='bbox 782 3499 1092 3568; x_wconf 88' lang='lat' dir='ltr'><strong>sanguinem</strong></span> <span class='ocrx_word' id='word_1_542' title='bbox 1140 3499 1456 3565; x_wconf 92' lang='lat' dir='ltr'><strong>fuderimus,</strong></span> <span class='ocrx_word' id='word_1_543' title='bbox 1499 3510 1555 3556; x_wconf 90' lang='lat' dir='ltr'><strong>et</strong></span> <span class='ocrx_word' id='word_1_544' title='bbox 1599 3505 1949 3560; x_wconf 88' lang='lat' dir='ltr'><strong>substantiam</strong></span> <span class='ocrx_word' id='word_1_545' title='bbox 2005 3521 2105 3562; x_wconf 89' lang='lat' dir='ltr'><strong>no-</strong></span> 
     </span>
    </p>
   </div>
   <div class='ocr_carea' id='block_1_70' title="bbox 541 3589 2103 3663">
    <p class='ocr_par' dir='ltr' id='par_1_70' title="bbox 541 3589 2103 3663">
     <span class='ocr_line' id='line_1_70' title="bbox 541 3589 2103 3663; baseline 0.008 -25"><span class='ocrx_word' id='word_1_546' title='bbox 541 3594 709 3639; x_wconf 88' lang='lat' dir='ltr'><strong>stram</strong></span> <span class='ocrx_word' id='word_1_547' title='bbox 736 3602 905 3656; x_wconf 90' lang='lat' dir='ltr'><strong>usque</strong></span> <span class='ocrx_word' id='word_1_548' title='bbox 935 3589 1001 3642; x_wconf 89' lang='lat' dir='ltr'><strong>ad</strong></span> <span class='ocrx_word' id='word_1_549' title='bbox 1030 3589 1426 3644; x_wconf 90' lang='lat' dir='ltr'><strong>mendicitatem</strong></span> <span class='ocrx_word' id='word_1_550' title='bbox 1465 3591 1733 3660; x_wconf 88' lang='lat' dir='ltr'><strong>propriam</strong></span> <span class='ocrx_word' id='word_1_551' title='bbox 1781 3595 2103 3663; x_wconf 88' lang='lat' dir='ltr'><strong>dederimus,</strong></span> 
     </span>
    </p>
   </div>
   <div class='ocr_carea' id='block_1_71' title="bbox 538 3673 2105 3753">
    <p class='ocr_par' dir='ltr' id='par_1_71' title="bbox 538 3673 2105 3753">
     <span class='ocr_line' id='line_1_71' title="bbox 538 3673 2105 3753; baseline 0.01 -26"><span class='ocrx_word' id='word_1_552' title='bbox 538 3673 666 3728; x_wconf 92' lang='lat' dir='ltr'><strong>huic</strong></span> <span class='ocrx_word' id='word_1_553' title='bbox 692 3677 840 3746; x_wconf 89' lang='lat' dir='ltr'><strong>operi</strong></span> <span class='ocrx_word' id='word_1_554' title='bbox 880 3691 985 3730; x_wconf 92' lang='lat' dir='ltr'><strong>non</strong></span> <span class='ocrx_word' id='word_1_555' title='bbox 1017 3686 1125 3730; x_wconf 89' lang='lat' dir='ltr'><strong>tam</strong></span> <span class='ocrx_word' id='word_1_556' title='bbox 1153 3679 1430 3747; x_wconf 67' lang='lat' dir='ltr'><strong>priemium</strong></span> <span class='ocrx_word' id='word_1_557' title='bbox 1469 3695 1628 3750; x_wconf 89' lang='lat' dir='ltr'><strong>quam</strong></span> <span class='ocrx_word' id='word_1_558' title='bbox 1666 3698 1824 3752; x_wconf 70' lang='lat' dir='ltr'><strong>poena</strong></span> <span class='ocrx_word' id='word_1_559' title='bbox 1863 3686 2105 3753; x_wconf 81' lang='lat' dir='ltr'><strong>debetur,</strong></span> 
     </span>
    </p>
   </div>
   <div class='ocr_carea' id='block_1_72' title="bbox 542 3767 2109 3843">
    <p class='ocr_par' dir='ltr' id='par_1_72' title="bbox 542 3767 2109 3843">
     <span class='ocr_line' id='line_1_72' title="bbox 542 3767 2109 3843; baseline 0.01 -23"><span class='ocrx_word' id='word_1_560' title='bbox 542 3775 596 3820; x_wconf 85' lang='lat' dir='ltr'><strong>et</strong></span> <span class='ocrx_word' id='word_1_561' title='bbox 625 3767 858 3836; x_wconf 67' lang='lat' dir='ltr'><strong>perﬁdia:</strong></span> <span class='ocrx_word' id='word_1_562' title='bbox 881 3769 1050 3838; x_wconf 90' lang='lat' dir='ltr'><strong>magis</strong></span> <span class='ocrx_word' id='word_1_563' title='bbox 1077 3779 1341 3825; x_wconf 89' lang='lat' dir='ltr'><strong>tormenta</strong></span> <span class='ocrx_word' id='word_1_564' title='bbox 1373 3781 1498 3827; x_wconf 91' lang='lat' dir='ltr'><strong>sunt</strong></span> <span class='ocrx_word' id='word_1_565' title='bbox 1527 3788 1687 3843; x_wconf 90' lang='lat' dir='ltr'><strong>quam</strong></span> <span class='ocrx_word' id='word_1_566' title='bbox 1716 3791 1912 3833; x_wconf 89' lang='lat' dir='ltr'><strong>corona</strong></span> <span class='ocrx_word' id='word_1_567' title='bbox 1939 3780 2109 3836; x_wconf 88' lang='lat' dir='ltr'><strong>victo-</strong></span> 
     </span>
    </p>
   </div>
   <div class='ocr_carea' id='block_1_73' title="bbox 541 3858 2110 3936">
    <p class='ocr_par' dir='ltr' id='par_1_73' title="bbox 541 3858 2110 3936">
     <span class='ocr_line' id='line_1_73' title="bbox 541 3858 2110 3936; baseline 0.01 -24"><span class='ocrx_word' id='word_1_568' title='bbox 541 3858 656 3913; x_wconf 65' lang='grc' dir='ltr'><strong>τίω.</strong></span> <span class='ocrx_word' id='word_1_569' title='bbox 707 3859 857 3924; x_wconf 85' lang='lat' dir='ltr'><strong>Quod</strong></span> <span class='ocrx_word' id='word_1_570' title='bbox 903 3862 947 3914; x_wconf 88' lang='lat' dir='ltr'><strong>si</strong></span> <span class='ocrx_word' id='word_1_571' title='bbox 982 3861 1198 3916; x_wconf 84' lang='lat' dir='ltr'><strong>invicem</strong></span> <span class='ocrx_word' id='word_1_572' title='bbox 1227 3863 1473 3919; x_wconf 84' lang='lat' dir='ltr'><strong>ntordetis</strong></span> <span class='ocrx_word' id='word_1_573' title='bbox 1518 3876 1565 3919; x_wconf 91' lang='lat' dir='ltr'><strong>et</strong></span> <span class='ocrx_word' id='word_1_574' title='bbox 1613 3870 1908 3936; x_wconf 80' lang='lat' dir='ltr'><strong>comeditis,</strong></span> <span class='ocrx_word' id='word_1_575' title='bbox 1943 3873 2110 3927; x_wconf 81' lang='lat' dir='ltr'><strong>videte</strong></span> 
     </span>
    </p>
   </div>
   <div class='ocr_carea' id='block_1_74' title="bbox 538 3949 2110 4031">
    <p class='ocr_par' dir='ltr' id='par_1_74' title="bbox 538 3949 2110 4031">
     <span class='ocr_line' id='line_1_74' title="bbox 538 3949 2110 4031; baseline 0.009 -29"><span class='ocrx_word' id='word_1_576' title='bbox 538 3965 604 4002; x_wconf 89' lang='lat' dir='ltr'><strong>ne</strong></span> <span class='ocrx_word' id='word_1_577' title='bbox 656 3949 720 4003; x_wconf 87' lang='lat' dir='ltr'><strong>ab</strong></span> <span class='ocrx_word' id='word_1_578' title='bbox 767 3951 980 4003; x_wconf 85' lang='lat' dir='ltr'><strong>invicem</strong></span> <span class='ocrx_word' id='word_1_579' title='bbox 1009 3954 1407 4007; x_wconf 69' lang='lat' dir='ltr'><strong>consumamini.</strong></span> <span class='ocrx_word' id='word_1_580' title='bbox 1446 3953 1628 4011; x_wconf 87' lang='lat' dir='ltr'><strong>Potest</strong></span> <span class='ocrx_word' id='word_1_581' title='bbox 1663 3958 1764 4012; x_wconf 91' lang='lat' dir='ltr'><strong>hoc</strong></span> <span class='ocrx_word' id='word_1_582' title='bbox 1797 3961 2110 4031; x_wconf 90' lang='lat' dir='ltr'><strong>simpliciter</strong></span> 
     </span>
    </p>
   </div>
   <div class='ocr_carea' id='block_1_75' title="bbox 539 4041 2107 4115">
    <p class='ocr_par' dir='ltr' id='par_1_75' title="bbox 539 4041 2107 4115">
     <span class='ocr_line' id='line_1_75' title="bbox 539 4041 2107 4115; baseline 0.011 -21"><span class='ocrx_word' id='word_1_583' title='bbox 539 4041 732 4110; x_wconf 82' lang='lat' dir='ltr'><strong>accipi,</strong></span> <span class='ocrx_word' id='word_1_584' title='bbox 786 4057 852 4096; x_wconf 92' lang='lat' dir='ltr'><strong>ne</strong></span> <span class='ocrx_word' id='word_1_585' title='bbox 886 4043 1229 4100; x_wconf 85' lang='lat' dir='ltr'><strong>detrahamus</strong></span> <span class='ocrx_word' id='word_1_586' title='bbox 1270 4047 1520 4115; x_wconf 89' lang='lat' dir='ltr'><strong>invicem,</strong></span> <span class='ocrx_word' id='word_1_587' title='bbox 1569 4065 1637 4106; x_wconf 92' lang='lat' dir='ltr'><strong>ne</strong></span> <span class='ocrx_word' id='word_1_588' title='bbox 1676 4052 1960 4109; x_wconf 90' lang='lat' dir='ltr'><strong>maledicto</strong></span> <span class='ocrx_word' id='word_1_589' title='bbox 2008 4072 2107 4111; x_wconf 92' lang='lat' dir='ltr'><strong>nos</strong></span> 
     </span>
    </p>
   </div>
   <div class='ocr_carea' id='block_1_76' title="bbox 543 4133 2106 4214">
    <p class='ocr_par' dir='ltr' id='par_1_76' title="bbox 543 4133 2106 4214">
     <span class='ocr_line' id='line_1_76' title="bbox 543 4133 2106 4214; baseline 0.01 -30"><span class='ocrx_word' id='word_1_590' title='bbox 543 4140 788 4201; x_wconf 83' lang='lat' dir='ltr'><strong>putemus</strong></span> <span class='ocrx_word' id='word_1_591' title='bbox 809 4133 1016 4198; x_wconf 91' lang='lat' dir='ltr'><strong>ulcisci,</strong></span> <span class='ocrx_word' id='word_1_592' title='bbox 1040 4150 1108 4190; x_wconf 92' lang='lat' dir='ltr'><strong>ne</strong></span> <span class='ocrx_word' id='word_1_593' title='bbox 1129 4138 1430 4192; x_wconf 89' lang='lat' dir='ltr'><strong>contristati</strong></span> <span class='ocrx_word' id='word_1_594' title='bbox 1455 4141 1777 4196; x_wconf 89' lang='lat' dir='ltr'><strong>contristare</strong></span> <span class='ocrx_word' id='word_1_595' title='bbox 1813 4145 2106 4214; x_wconf 91' lang='lat' dir='ltr'><strong>cupiamus,</strong></span> 
     </span>
    </p>
   </div>
   <div class='ocr_carea' id='block_1_77' title="bbox 542 4221 2111 4298">
    <p class='ocr_par' dir='ltr' id='par_1_77' title="bbox 542 4221 2111 4298">
     <span class='ocr_line' id='line_1_77' title="bbox 542 4221 2111 4298; baseline 0.01 -24"><span class='ocrx_word' id='word_1_596' title='bbox 542 4228 597 4274; x_wconf 89' lang='lat' dir='ltr'><strong>et</strong></span> <span class='ocrx_word' id='word_1_597' title='bbox 643 4221 848 4276; x_wconf 91' lang='lat' dir='ltr'><strong>similes</strong></span> <span class='ocrx_word' id='word_1_598' title='bbox 884 4222 1210 4292; x_wconf 90' lang='lat' dir='ltr'><strong>bestiarum,</strong></span> <span class='ocrx_word' id='word_1_599' title='bbox 1264 4228 1509 4283; x_wconf 89' lang='lat' dir='ltr'><strong>mordere</strong></span> <span class='ocrx_word' id='word_1_600' title='bbox 1564 4231 1764 4298; x_wconf 87' lang='lat' dir='ltr'><strong>pariter</strong></span> <span class='ocrx_word' id='word_1_601' title='bbox 1816 4241 1870 4288; x_wconf 92' lang='lat' dir='ltr'><strong>et</strong></span> <span class='ocrx_word' id='word_1_602' title='bbox 1906 4250 2111 4290; x_wconf 84' lang='lat' dir='ltr'><strong>remor—</strong></span> 
     </span>
    </p>
   </div>
   <div class='ocr_carea' id='block_1_78' title="bbox 541 4311 2111 4395">
    <p class='ocr_par' dir='ltr' id='par_1_78' title="bbox 541 4311 2111 4395">
     <span class='ocr_line' id='line_1_78' title="bbox 541 4311 2111 4395; baseline 0.013 -32"><span class='ocrx_word' id='word_1_603' title='bbox 541 4311 680 4374; x_wconf 88' lang='lat' dir='ltr'><strong>deri,</strong></span> <span class='ocrx_word' id='word_1_604' title='bbox 707 4320 766 4365; x_wconf 92' lang='lat' dir='ltr'><strong>ut</strong></span> <span class='ocrx_word' id='word_1_605' title='bbox 801 4322 921 4380; x_wconf 91' lang='lat' dir='ltr'><strong>post</strong></span> <span class='ocrx_word' id='word_1_606' title='bbox 969 4331 1180 4371; x_wconf 89' lang='lat' dir='ltr'><strong>morsus</strong></span> <span class='ocrx_word' id='word_1_607' title='bbox 1210 4328 1463 4387; x_wconf 89' lang='lat' dir='ltr'><strong>sequatur</strong></span> <span class='ocrx_word' id='word_1_608' title='bbox 1500 4321 1748 4378; x_wconf 90' lang='lat' dir='ltr'><strong>interitus</strong></span> <span class='ocrx_word' id='word_1_609' title='bbox 1790 4333 1949 4395; x_wconf 91' lang='lat' dir='ltr'><strong>atque</strong></span> <span class='ocrx_word' id='word_1_610' title='bbox 1982 4343 2111 4383; x_wconf 86' lang='lat' dir='ltr'><strong>con-</strong></span> 
     </span>
    </p>
   </div>
   <div class='ocr_carea' id='block_1_79' title="bbox 540 4400 794 4468">
    <p class='ocr_par' dir='ltr' id='par_1_79' title="bbox 540 4400 794 4468">
     <span class='ocr_line' id='line_1_79' title="bbox 540 4400 794 4468; baseline 0 -16"><span class='ocrx_word' id='word_1_611' title='bbox 540 4400 794 4468; x_wconf 89' lang='lat' dir='ltr'><strong>sumptio.</strong></span> 
     </span>
    </p>
   </div>
   <div class='ocr_carea' id='block_1_80' title="bbox 612 4485 2105 4572">
    <p class='ocr_par' dir='ltr' id='par_1_80' title="bbox 612 4485 2105 4572">
     <span class='ocr_line' id='line_1_80' title="bbox 612 4485 2105 4572; baseline 0.015 -34"><span class='ocrx_word' id='word_1_612' title='bbox 612 4485 742 4540; x_wconf 86' lang='lat' dir='ltr'><strong>Dico</strong></span> <span class='ocrx_word' id='word_1_613' title='bbox 768 4499 982 4545; x_wconf 87' lang='lat' dir='ltr'><strong>autent:</strong></span> <span class='ocrx_word' id='word_1_614' title='bbox 1007 4489 1206 4560; x_wconf 86' lang='lat' dir='ltr'><strong>Spiritu</strong></span> <span class='ocrx_word' id='word_1_615' title='bbox 1233 4494 1512 4559; x_wconf 87' lang='lat' dir='ltr'><strong>ambulate,</strong></span> <span class='ocrx_word' id='word_1_616' title='bbox 1549 4507 1595 4552; x_wconf 84' lang='lat' dir='ltr'><strong>et</strong></span> <span class='ocrx_word' id='word_1_617' title='bbox 1641 4503 2105 4572; x_wconf 83' lang='lat' dir='ltr'><strong>concupiscentiam</strong></span> 
     </span>
    </p>
   </div>
   <div class='ocr_carea' id='block_1_81' title="bbox 540 4575 2106 4661">
    <p class='ocr_par' dir='ltr' id='par_1_81' title="bbox 540 4575 2106 4661">
     <span class='ocr_line' id='line_1_81' title="bbox 540 4575 2106 4661; baseline 0.015 -34"><span class='ocrx_word' id='word_1_618' title='bbox 540 4575 709 4630; x_wconf 88' lang='lat' dir='ltr'><strong>carnis</strong></span> <span class='ocrx_word' id='word_1_619' title='bbox 732 4593 833 4631; x_wconf 90' lang='lat' dir='ltr'><strong>non</strong></span> <span class='ocrx_word' id='word_1_620' title='bbox 858 4580 1154 4648; x_wconf 81' lang='lat' dir='ltr'><strong>pcrﬁcietis.</strong></span> <span class='ocrx_word' id='word_1_621' title='bbox 1180 4581 1410 4656; x_wconf 82' lang='lat' dir='ltr'><strong>(Ambr.)</strong></span> <span class='ocrx_word' id='word_1_622' title='bbox 1438 4585 1724 4657; x_wconf 85' lang='lat' dir='ltr'><strong>Postquam</strong></span> <span class='ocrx_word' id='word_1_623' title='bbox 1746 4607 1775 4645; x_wconf 92' lang='lat' dir='ltr'><strong>a</strong></span> <span class='ocrx_word' id='word_1_624' title='bbox 1798 4592 1913 4661; x_wconf 87' lang='lat' dir='ltr'><strong>lege</strong></span> <span class='ocrx_word' id='word_1_625' title='bbox 1937 4593 2106 4651; x_wconf 85' lang='lat' dir='ltr'><strong>facto-</strong></span> 
     </span>
    </p>
   </div>
   <div class='ocr_carea' id='block_1_82' title="bbox 540 4669 2102 4752">
    <p class='ocr_par' dir='ltr' id='par_1_82' title="bbox 540 4669 2102 4752">
     <span class='ocr_line' id='line_1_82' title="bbox 540 4669 2102 4752; baseline 0.015 -35"><span class='ocrx_word' id='word_1_626' title='bbox 540 4677 660 4717; x_wconf 91' lang='lat' dir='ltr'><strong>rum</strong></span> <span class='ocrx_word' id='word_1_627' title='bbox 689 4680 782 4720; x_wconf 90' lang='lat' dir='ltr'><strong>eos</strong></span> <span class='ocrx_word' id='word_1_628' title='bbox 809 4669 1100 4736; x_wconf 88' lang='lat' dir='ltr'><strong>prohibuit,</strong></span> <span class='ocrx_word' id='word_1_629' title='bbox 1133 4671 1184 4724; x_wconf 92' lang='lat' dir='ltr'><strong>in</strong></span> <span class='ocrx_word' id='word_1_630' title='bbox 1223 4685 1326 4740; x_wconf 88' lang='lat' dir='ltr'><strong>qua</strong></span> <span class='ocrx_word' id='word_1_631' title='bbox 1373 4684 1498 4729; x_wconf 92' lang='lat' dir='ltr'><strong>sunt</strong></span> <span class='ocrx_word' id='word_1_632' title='bbox 1537 4691 1802 4751; x_wconf 61' lang='lat' dir='ltr'><strong>praecepta</strong></span> <span class='ocrx_word' id='word_1_633' title='bbox 1845 4685 2102 4752; x_wconf 87' lang='lat' dir='ltr'><strong>carnalia,</strong></span> 
     </span>
    </p>
   </div>
   <div class='ocr_carea' id='block_1_83' title="bbox 540 4761 2104 4846">
    <p class='ocr_par' dir='ltr' id='par_1_83' title="bbox 540 4761 2104 4846">
     <span class='ocr_line' id='line_1_83' title="bbox 540 4761 2104 4846; baseline 0.014 -34"><span class='ocrx_word' id='word_1_634' title='bbox 540 4772 683 4812; x_wconf 88' lang='lat' dir='ltr'><strong>nunc</strong></span> <span class='ocrx_word' id='word_1_635' title='bbox 708 4767 765 4812; x_wconf 90' lang='lat' dir='ltr'><strong>ut</strong></span> <span class='ocrx_word' id='word_1_636' title='bbox 795 4776 821 4812; x_wconf 92' lang='lat' dir='ltr'><strong>a</strong></span> <span class='ocrx_word' id='word_1_637' title='bbox 852 4761 997 4817; x_wconf 89' lang='lat' dir='ltr'><strong>vitiis</strong></span> <span class='ocrx_word' id='word_1_638' title='bbox 1041 4766 1219 4820; x_wconf 91' lang='lat' dir='ltr'><strong>carnis</strong></span> <span class='ocrx_word' id='word_1_639' title='bbox 1249 4782 1307 4821; x_wconf 88' lang='lat' dir='ltr'><strong>se</strong></span> <span class='ocrx_word' id='word_1_640' title='bbox 1349 4771 1660 4826; x_wconf 73' lang='lat' dir='ltr'><strong>contineant</strong></span> <span class='ocrx_word' id='word_1_641' title='bbox 1707 4777 1945 4846; x_wconf 68' lang='lat' dir='ltr'><strong>prmeipit</strong></span> <span class='ocrx_word' id='word_1_642' title='bbox 1973 4792 1987 4830; x_wconf 89' lang='lat'>:</span> <span class='ocrx_word' id='word_1_643' title='bbox 2015 4778 2104 4835; x_wconf 90' lang='lat' dir='ltr'><strong>hic</strong></span> 
     </span>
    </p>
   </div>
   <div class='ocr_carea' id='block_1_84' title="bbox 538 4850 2102 4932">
    <p class='ocr_par' dir='ltr' id='par_1_84' title="bbox 538 4850 2102 4932">
     <span class='ocr_line' id='line_1_84' title="bbox 538 4850 2102 4932; baseline 0.015 -31"><span class='ocrx_word' id='word_1_644' title='bbox 538 4850 682 4902; x_wconf 84' lang='lat' dir='ltr'><strong>enim</strong></span> <span class='ocrx_word' id='word_1_645' title='bbox 709 4852 900 4918; x_wconf 89' lang='lat' dir='ltr'><strong>spiritu</strong></span> <span class='ocrx_word' id='word_1_646' title='bbox 939 4856 1194 4922; x_wconf 89' lang='lat' dir='ltr'><strong>ambulat,</strong></span> <span class='ocrx_word' id='word_1_647' title='bbox 1225 4860 1314 4928; x_wconf 91' lang='lat' dir='ltr'><strong>qui</strong></span> <span class='ocrx_word' id='word_1_648' title='bbox 1360 4861 1494 4932; x_wconf 88' lang='lat' dir='ltr'><strong>fugit</strong></span> <span class='ocrx_word' id='word_1_649' title='bbox 1529 4875 1766 4932; x_wconf 88' lang='lat' dir='ltr'><strong>peccata.</strong></span> <span class='ocrx_word' id='word_1_650' title='bbox 1795 4867 1934 4922; x_wconf 86' lang='lat' dir='ltr'><strong>Nam</strong></span> <span class='ocrx_word' id='word_1_651' title='bbox 1979 4885 2102 4924; x_wconf 88' lang='lat' dir='ltr'><strong>caro</strong></span> 
     </span>
    </p>
   </div>
   <div class='ocr_carea' id='block_1_85' title="bbox 541 4941 2105 5023">
    <p class='ocr_par' dir='ltr' id='par_1_85' title="bbox 541 4941 2105 5023">
     <span class='ocr_line' id='line_1_85' title="bbox 541 4941 2105 5023; baseline 0.015 -34"><span class='ocrx_word' id='word_1_652' title='bbox 541 4941 854 5008; x_wconf 83' lang='lat' dir='ltr'><strong>concupiscit</strong></span> <span class='ocrx_word' id='word_1_653' title='bbox 894 4943 1138 5000; x_wconf 87' lang='lat' dir='ltr'><strong>adversus</strong></span> <span class='ocrx_word' id='word_1_654' title='bbox 1167 4951 1426 5018; x_wconf 74' lang='lat' dir='ltr'><strong>spiritum,</strong></span> <span class='ocrx_word' id='word_1_655' title='bbox 1464 4953 1676 5023; x_wconf 86' lang='lat' dir='ltr'><strong>spiritus</strong></span> <span class='ocrx_word' id='word_1_656' title='bbox 1705 4972 1820 5008; x_wconf 86' lang='lat' dir='ltr'><strong>vero</strong></span> <span class='ocrx_word' id='word_1_657' title='bbox 1861 4957 2105 5014; x_wconf 82' lang='lat' dir='ltr'><strong>adversus</strong></span> 
     </span>
    </p>
   </div>
   <div class='ocr_carea' id='block_1_86' title="bbox 540 5029 2106 5110">
    <p class='ocr_par' dir='ltr' id='par_1_86' title="bbox 540 5029 2106 5110">
     <span class='ocr_line' id='line_1_86' title="bbox 540 5029 2106 5110; baseline 0.017 -34"><span class='ocrx_word' id='word_1_658' title='bbox 540 5042 770 5080; x_wconf 86' lang='lat' dir='ltr'><strong>carnem.</strong></span> <span class='ocrx_word' id='word_1_659' title='bbox 797 5029 927 5083; x_wconf 74' lang='lat' dir='ltr'><strong>Htvc</strong></span> <span class='ocrx_word' id='word_1_660' title='bbox 955 5034 1090 5087; x_wconf 88' lang='lat' dir='ltr'><strong>enim</strong></span> <span class='ocrx_word' id='word_1_661' title='bbox 1134 5037 1230 5091; x_wconf 88' lang='lat' dir='ltr'><strong>sibi</strong></span> <span class='ocrx_word' id='word_1_662' title='bbox 1258 5040 1473 5094; x_wconf 85' lang='lat' dir='ltr'><strong>ittviccnt</strong></span> <span class='ocrx_word' id='word_1_663' title='bbox 1523 5043 1879 5110; x_wconf 85' lang='lat' dir='ltr'><strong>adversantur,</strong></span> <span class='ocrx_word' id='word_1_664' title='bbox 1907 5057 1963 5100; x_wconf 83' lang='lat' dir='ltr'><strong>ut</strong></span> <span class='ocrx_word' id='word_1_665' title='bbox 2002 5065 2106 5103; x_wconf 87' lang='lat' dir='ltr'><strong>non</strong></span> 
     </span>
    </p>
   </div>
   <div class='ocr_carea' id='block_1_87' title="bbox 541 5117 2107 5200">
    <p class='ocr_par' dir='ltr' id='par_1_87' title="bbox 541 5117 2107 5200">
     <span class='ocr_line' id='line_1_87' title="bbox 541 5117 2107 5200; baseline 0.015 -34"><span class='ocrx_word' id='word_1_666' title='bbox 541 5130 603 5166; x_wconf 88' lang='lat' dir='ltr'><strong>ea</strong></span> <span class='ocrx_word' id='word_1_667' title='bbox 630 5131 744 5184; x_wconf 66' lang='lat' dir='ltr'><strong>quin</strong></span> <span class='ocrx_word' id='word_1_668' title='bbox 769 5117 921 5172; x_wconf 84' lang='lat' dir='ltr'><strong>vultis</strong></span> <span class='ocrx_word' id='word_1_669' title='bbox 947 5119 1174 5188; x_wconf 81' lang='lat' dir='ltr'><strong>faciatis.</strong></span> <span class='ocrx_word' id='word_1_670' title='bbox 1215 5124 1358 5182; x_wconf 89' lang='lat' dir='ltr'><strong>Duas</strong></span> <span class='ocrx_word' id='word_1_671' title='bbox 1386 5128 1528 5199; x_wconf 87' lang='lat' dir='ltr'><strong>leges</strong></span> <span class='ocrx_word' id='word_1_672' title='bbox 1572 5135 1838 5200; x_wconf 85' lang='lat' dir='ltr'><strong>proponit,</strong></span> <span class='ocrx_word' id='word_1_673' title='bbox 1863 5135 2002 5189; x_wconf 86' lang='lat' dir='ltr'><strong>sicut</strong></span> <span class='ocrx_word' id='word_1_674' title='bbox 2029 5135 2107 5189; x_wconf 89' lang='lat' dir='ltr'><strong>fa-</strong></span> 
     </span>
    </p>
   </div>
   <div class='ocr_carea' id='block_1_88' title="bbox 541 5202 2107 5288">
    <p class='ocr_par' dir='ltr' id='par_1_88' title="bbox 541 5202 2107 5288">
     <span class='ocr_line' id='line_1_88' title="bbox 541 5202 2107 5288; baseline 0.014 -31"><span class='ocrx_word' id='word_1_675' title='bbox 541 5202 615 5257; x_wconf 91' lang='lat' dir='ltr'><strong>cit</strong></span> <span class='ocrx_word' id='word_1_676' title='bbox 643 5206 774 5259; x_wconf 90' lang='lat' dir='ltr'><strong>etin</strong></span> <span class='ocrx_word' id='word_1_677' title='bbox 813 5207 1047 5277; x_wconf 83' lang='lat' dir='ltr'><strong>Epistola</strong></span> <span class='ocrx_word' id='word_1_678' title='bbox 1089 5213 1154 5268; x_wconf 92' lang='lat' dir='ltr'><strong>ad</strong></span> <span class='ocrx_word' id='word_1_679' title='bbox 1184 5215 1469 5283; x_wconf 73' lang='lat' dir='ltr'><strong>Romanos,</strong></span> <span class='ocrx_word' id='word_1_680' title='bbox 1501 5235 1619 5288; x_wconf 78' lang='lat' dir='ltr'><strong>quae</strong></span> <span class='ocrx_word' id='word_1_681' title='bbox 1659 5221 1883 5276; x_wconf 87' lang='lat' dir='ltr'><strong>invicem</strong></span> <span class='ocrx_word' id='word_1_682' title='bbox 1919 5224 2107 5279; x_wconf 91' lang='lat' dir='ltr'><strong>adver-</strong></span> 
     </span>
    </p>
   </div>
   <div class='ocr_carea' id='block_1_89' title="bbox 541 5300 2104 5380">
    <p class='ocr_par' dir='ltr' id='par_1_89' title="bbox 541 5300 2104 5380">
     <span class='ocr_line' id='line_1_89' title="bbox 541 5300 2104 5380; baseline 0.013 -35"><span class='ocrx_word' id='word_1_683' title='bbox 541 5304 749 5360; x_wconf 85' lang='lat' dir='ltr'><strong>santur,</strong></span> <span class='ocrx_word' id='word_1_684' title='bbox 797 5313 960 5353; x_wconf 89' lang='lat' dir='ltr'><strong>unam</strong></span> <span class='ocrx_word' id='word_1_685' title='bbox 1009 5300 1124 5368; x_wconf 88' lang='lat' dir='ltr'><strong>Dei,</strong></span> <span class='ocrx_word' id='word_1_686' title='bbox 1169 5305 1392 5360; x_wconf 86' lang='lat' dir='ltr'><strong>alteram</strong></span> <span class='ocrx_word' id='word_1_687' title='bbox 1441 5309 1688 5376; x_wconf 86' lang='lat' dir='ltr'><strong>peccati:</strong></span> <span class='ocrx_word' id='word_1_688' title='bbox 1721 5326 1839 5380; x_wconf 69' lang='lat' dir='ltr'><strong>qua:</strong></span> <span class='ocrx_word' id='word_1_689' title='bbox 1886 5313 2004 5367; x_wconf 89' lang='lat' dir='ltr'><strong>ideo</strong></span> <span class='ocrx_word' id='word_1_690' title='bbox 2051 5314 2104 5366; x_wconf 92' lang='lat' dir='ltr'><strong>in</strong></span> 
     </span>
    </p>
   </div>
   <div class='ocr_carea' id='block_1_90' title="bbox 539 5389 2108 5473">
    <p class='ocr_par' dir='ltr' id='par_1_90' title="bbox 539 5389 2108 5473">
     <span class='ocr_line' id='line_1_90' title="bbox 539 5389 2108 5473; baseline 0.011 -33"><span class='ocrx_word' id='word_1_691' title='bbox 539 5400 702 5440; x_wconf 91' lang='lat' dir='ltr'><strong>carne</strong></span> <span class='ocrx_word' id='word_1_692' title='bbox 727 5389 1077 5459; x_wconf 85' lang='lat' dir='ltr'><strong>signiﬁcatur,</strong></span> <span class='ocrx_word' id='word_1_693' title='bbox 1110 5397 1233 5466; x_wconf 87' lang='lat' dir='ltr'><strong>quia</strong></span> <span class='ocrx_word' id='word_1_694' title='bbox 1259 5398 1559 5454; x_wconf 89' lang='lat' dir='ltr'><strong>visibilibus</strong></span> <span class='ocrx_word' id='word_1_695' title='bbox 1579 5401 1892 5468; x_wconf 89' lang='lat' dir='ltr'><strong>oblectatur,</strong></span> <span class='ocrx_word' id='word_1_696' title='bbox 1918 5405 2108 5473; x_wconf 88' lang='lat' dir='ltr'><strong>cupida</strong></span> 
     </span>
    </p>
   </div>
   <div class='ocr_carea' id='block_1_91' title="bbox 539 5489 2106 5554">
    <p class='ocr_par' dir='ltr' id='par_1_91' title="bbox 539 5489 2106 5554">
     <span class='ocr_line' id='line_1_91' title="bbox 539 5489 2106 5554; baseline 0.014 -22"><span class='ocrx_word' id='word_1_697' title='bbox 539 5492 902 5550; x_wconf 82' lang='lat' dir='ltr'><strong>peccatorum,</strong></span> <span class='ocrx_word' id='word_1_698' title='bbox 935 5496 994 5542; x_wconf 92' lang='lat' dir='ltr'><strong>ut</strong></span> <span class='ocrx_word' id='word_1_699' title='bbox 1030 5489 1114 5543; x_wconf 92' lang='lat' dir='ltr'><strong>his</strong></span> <span class='ocrx_word' id='word_1_700' title='bbox 1151 5489 1251 5544; x_wconf 92' lang='lat' dir='ltr'><strong>sibi</strong></span> <span class='ocrx_word' id='word_1_701' title='bbox 1282 5491 1688 5550; x_wconf 90' lang='lat' dir='ltr'><strong>adversantibus</strong></span> <span class='ocrx_word' id='word_1_702' title='bbox 1713 5497 1920 5552; x_wconf 86' lang='lat' dir='ltr'><strong>medius</strong></span> <span class='ocrx_word' id='word_1_703' title='bbox 1947 5498 2106 5554; x_wconf 90' lang='lat' dir='ltr'><strong>homo</strong></span> 
     </span>
    </p>
   </div>
   <div class='ocr_carea' id='block_1_92' title="bbox 540 5577 2108 5656">
    <p class='ocr_par' dir='ltr' id='par_1_92' title="bbox 540 5577 2108 5656">
     <span class='ocr_line' id='line_1_92' title="bbox 540 5577 2108 5656; baseline 0.011 -32"><span class='ocrx_word' id='word_1_704' title='bbox 540 5586 648 5625; x_wconf 88' lang='lat' dir='ltr'><strong>non</strong></span> <span class='ocrx_word' id='word_1_705' title='bbox 683 5585 768 5637; x_wconf 88' lang='lat' dir='ltr'><strong>ea,</strong></span> <span class='ocrx_word' id='word_1_706' title='bbox 796 5591 914 5643; x_wconf 76' lang='lat' dir='ltr'><strong>quae</strong></span> <span class='ocrx_word' id='word_1_707' title='bbox 943 5577 1072 5642; x_wconf 91' lang='lat' dir='ltr'><strong>vult,</strong></span> <span class='ocrx_word' id='word_1_708' title='bbox 1117 5589 1254 5650; x_wconf 87' lang='lat' dir='ltr'><strong>agat.</strong></span> <span class='ocrx_word' id='word_1_709' title='bbox 1299 5581 1485 5635; x_wconf 83' lang='lat' dir='ltr'><strong>Divina</strong></span> <span class='ocrx_word' id='word_1_710' title='bbox 1523 5583 1665 5637; x_wconf 91' lang='lat' dir='ltr'><strong>enim</strong></span> <span class='ocrx_word' id='word_1_711' title='bbox 1695 5583 1780 5639; x_wconf 80' lang='lat' dir='ltr'><strong>lex</strong></span> <span class='ocrx_word' id='word_1_712' title='bbox 1807 5587 2001 5656; x_wconf 88' lang='lat' dir='ltr'><strong>premit</strong></span> <span class='ocrx_word' id='word_1_713' title='bbox 2051 5596 2108 5641; x_wconf 90' lang='lat' dir='ltr'><strong>et</strong></span> 
     </span>
    </p>
   </div>
   <div class='ocr_carea' id='block_1_93' title="bbox 543 5661 2103 5747">
    <p class='ocr_par' dir='ltr' id='par_1_93' title="bbox 543 5661 2103 5747">
     <span class='ocr_line' id='line_1_93' title="bbox 543 5661 2103 5747; baseline 0.012 -32"><span class='ocrx_word' id='word_1_714' title='bbox 543 5661 689 5734; x_wconf 82' lang='lat' dir='ltr'><strong>fugat</strong></span> <span class='ocrx_word' id='word_1_715' title='bbox 732 5665 903 5736; x_wconf 83' lang='lat' dir='ltr'><strong>legem</strong></span> <span class='ocrx_word' id='word_1_716' title='bbox 934 5671 1137 5737; x_wconf 88' lang='lat' dir='ltr'><strong>peccati</strong></span> <span class='ocrx_word' id='word_1_717' title='bbox 1183 5671 1468 5730; x_wconf 88' lang='lat' dir='ltr'><strong>consulens</strong></span> <span class='ocrx_word' id='word_1_718' title='bbox 1510 5675 1735 5732; x_wconf 91' lang='lat' dir='ltr'><strong>homini.</strong></span> <span class='ocrx_word' id='word_1_719' title='bbox 1767 5685 1825 5732; x_wconf 91' lang='lat' dir='ltr'><strong>ut</strong></span> <span class='ocrx_word' id='word_1_720' title='bbox 1867 5678 2103 5747; x_wconf 83' lang='lat' dir='ltr'><strong>vigorem</strong></span> 
     </span>
    </p>
   </div>
   <div class='ocr_carea' id='block_1_94' title="bbox 2207 3407 3786 3491">
    <p class='ocr_par' dir='ltr' id='par_1_94' title="bbox 2207 3407 3786 3491">
     <span class='ocr_line' id='line_1_94' title="bbox 2207 3407 3786 3491; baseline 0.009 -30"><span class='ocrx_word' id='word_1_721' title='bbox 2207 3407 2466 3465; x_wconf 67' lang='lat' dir='ltr'><strong>litteraave</strong></span> <span class='ocrx_word' id='word_1_722' title='bbox 2488 3412 2829 3476; x_wconf 89' lang='lat' dir='ltr'><strong>desiderium,</strong></span> <span class='ocrx_word' id='word_1_723' title='bbox 2849 3415 2944 3469; x_wconf 86' lang='lat' dir='ltr'><strong>sed</strong></span> <span class='ocrx_word' id='word_1_724' title='bbox 2967 3415 3169 3470; x_wconf 86' lang='lat' dir='ltr'><strong>fructus</strong></span> <span class='ocrx_word' id='word_1_725' title='bbox 3194 3427 3453 3474; x_wconf 87' lang='lat' dir='ltr'><strong>metentes</strong></span> <span class='ocrx_word' id='word_1_726' title='bbox 3477 3421 3786 3491; x_wconf 85' lang='lat' dir='ltr'><strong>intelligen-</strong></span> 
     </span>
    </p>
   </div>
   <div class='ocr_carea' id='block_1_95' title="bbox 2209 3505 3783 3582">
    <p class='ocr_par' dir='ltr' id='par_1_95' title="bbox 2209 3505 3783 3582">
     <span class='ocr_line' id='line_1_95' title="bbox 2209 3505 3783 3582; baseline 0.008 -24"><span class='ocrx_word' id='word_1_727' title='bbox 2209 3505 2296 3559; x_wconf 75' lang='lat' dir='ltr'><strong>tia:</strong></span> <span class='ocrx_word' id='word_1_728' title='bbox 2316 3506 2590 3576; x_wconf 81' lang='lat' dir='ltr'><strong>spiritalis.</strong></span> <span class='ocrx_word' id='word_1_729' title='bbox 2607 3509 2785 3563; x_wconf 88' lang='lat' dir='ltr'><strong>Tertia</strong></span> <span class='ocrx_word' id='word_1_730' title='bbox 2803 3525 3012 3578; x_wconf 89' lang='lat' dir='ltr'><strong>quoque</strong></span> <span class='ocrx_word' id='word_1_731' title='bbox 3029 3511 3396 3580; x_wconf 86' lang='lat' dir='ltr'><strong>interpretatio</strong></span> <span class='ocrx_word' id='word_1_732' title='bbox 3415 3530 3441 3566; x_wconf 94' lang='lat' dir='ltr'><strong>a</strong></span> <span class='ocrx_word' id='word_1_733' title='bbox 3457 3515 3783 3582; x_wconf 82' lang='lat' dir='ltr'><strong>quibusdam</strong></span> 
     </span>
    </p>
   </div>
   <div class='ocr_carea' id='block_1_96' title="bbox 2209 3593 3781 3668">
    <p class='ocr_par' dir='ltr' id='par_1_96' title="bbox 2209 3593 3781 3668">
     <span class='ocr_line' id='line_1_96' title="bbox 2209 3593 3781 3668; baseline 0.008 -21"><span class='ocrx_word' id='word_1_734' title='bbox 2209 3593 2260 3647; x_wconf 93' lang='lat' dir='ltr'><strong>in</strong></span> <span class='ocrx_word' id='word_1_735' title='bbox 2293 3595 2393 3648; x_wconf 91' lang='lat' dir='ltr'><strong>hoc</strong></span> <span class='ocrx_word' id='word_1_736' title='bbox 2437 3595 2556 3650; x_wconf 88' lang='lat' dir='ltr'><strong>loco</strong></span> <span class='ocrx_word' id='word_1_737' title='bbox 2595 3597 2737 3652; x_wconf 90' lang='lat' dir='ltr'><strong>dicta</strong></span> <span class='ocrx_word' id='word_1_738' title='bbox 2765 3606 2867 3663; x_wconf 90' lang='lat' dir='ltr'><strong>est,</strong></span> <span class='ocrx_word' id='word_1_739' title='bbox 2909 3599 3002 3652; x_wconf 87' lang='lat' dir='ltr'><strong>sed</strong></span> <span class='ocrx_word' id='word_1_740' title='bbox 3030 3614 3148 3668; x_wconf 75' lang='lat' dir='ltr'><strong>qua:</strong></span> <span class='ocrx_word' id='word_1_741' title='bbox 3171 3616 3277 3654; x_wconf 91' lang='lat' dir='ltr'><strong>non</strong></span> <span class='ocrx_word' id='word_1_742' title='bbox 3308 3602 3532 3656; x_wconf 91' lang='lat' dir='ltr'><strong>multum</strong></span> <span class='ocrx_word' id='word_1_743' title='bbox 3566 3604 3781 3659; x_wconf 86' lang='lat' dir='ltr'><strong>discre-</strong></span> 
     </span>
    </p>
   </div>
   <div class='ocr_carea' id='block_1_97' title="bbox 2206 3687 3786 3754">
    <p class='ocr_par' dir='ltr' id='par_1_97' title="bbox 2206 3687 3786 3754">
     <span class='ocr_line' id='line_1_97' title="bbox 2206 3687 3786 3754; baseline 0.008 -17"><span class='ocrx_word' id='word_1_744' title='bbox 2206 3693 2298 3754; x_wconf 90' lang='lat' dir='ltr'><strong>pat</strong></span> <span class='ocrx_word' id='word_1_745' title='bbox 2324 3700 2353 3738; x_wconf 92' lang='lat' dir='ltr'><strong>a</strong></span> <span class='ocrx_word' id='word_1_746' title='bbox 2383 3687 2634 3753; x_wconf 88' lang='lat' dir='ltr'><strong>secunda,</strong></span> <span class='ocrx_word' id='word_1_747' title='bbox 2663 3698 2724 3743; x_wconf 90' lang='lat' dir='ltr'><strong>ut</strong></span> <span class='ocrx_word' id='word_1_748' title='bbox 2756 3689 3076 3744; x_wconf 91' lang='lat' dir='ltr'><strong>desiderium</strong></span> <span class='ocrx_word' id='word_1_749' title='bbox 3115 3693 3296 3746; x_wconf 88' lang='lat' dir='ltr'><strong>carnis</strong></span> <span class='ocrx_word' id='word_1_750' title='bbox 3338 3693 3391 3746; x_wconf 88' lang='lat' dir='ltr'><strong>in</strong></span> <span class='ocrx_word' id='word_1_751' title='bbox 3421 3694 3504 3748; x_wconf 87' lang='lat' dir='ltr'><strong>his</strong></span> <span class='ocrx_word' id='word_1_752' title='bbox 3532 3706 3786 3750; x_wconf 75' lang='lat' dir='ltr'><strong>asserunt</strong></span> 
     </span>
    </p>
   </div>
   <div class='ocr_carea' id='block_1_98' title="bbox 2207 3777 3785 3856">
    <p class='ocr_par' dir='ltr' id='par_1_98' title="bbox 2207 3777 3785 3856">
     <span class='ocr_line' id='line_1_98' title="bbox 2207 3777 3785 3856; baseline 0.009 -28"><span class='ocrx_word' id='word_1_753' title='bbox 2207 3789 2348 3840; x_wconf 88' lang='lat' dir='ltr'><strong>esse,</strong></span> <span class='ocrx_word' id='word_1_754' title='bbox 2372 3777 2461 3845; x_wconf 90' lang='lat' dir='ltr'><strong>qui</strong></span> <span class='ocrx_word' id='word_1_755' title='bbox 2489 3779 2692 3846; x_wconf 89' lang='lat' dir='ltr'><strong>parvuli</strong></span> <span class='ocrx_word' id='word_1_756' title='bbox 2731 3780 2781 3832; x_wconf 96' lang='lat' dir='ltr'><strong>in</strong></span> <span class='ocrx_word' id='word_1_757' title='bbox 2818 3779 3032 3835; x_wconf 91' lang='lat' dir='ltr'><strong>Christo</strong></span> <span class='ocrx_word' id='word_1_758' title='bbox 3074 3791 3200 3837; x_wconf 91' lang='lat' dir='ltr'><strong>sunt</strong></span> <span class='ocrx_word' id='word_1_759' title='bbox 3230 3797 3245 3836; x_wconf 91' lang='lat'><strong>:</strong></span> <span class='ocrx_word' id='word_1_760' title='bbox 3277 3784 3382 3840; x_wconf 92' lang='lat' dir='ltr'><strong>iter</strong></span> <span class='ocrx_word' id='word_1_761' title='bbox 3415 3794 3592 3840; x_wconf 87' lang='lat' dir='ltr'><strong>autem</strong></span> <span class='ocrx_word' id='word_1_762' title='bbox 3619 3787 3785 3856; x_wconf 86' lang='lat' dir='ltr'><strong>spiri-</strong></span> 
     </span>
    </p>
   </div>
   <div class='ocr_carea' id='block_1_99' title="bbox 2209 3867 3784 3945">
    <p class='ocr_par' dir='ltr' id='par_1_99' title="bbox 2209 3867 3784 3945">
     <span class='ocr_line' id='line_1_99' title="bbox 2209 3867 3784 3945; baseline 0.01 -27"><span class='ocrx_word' id='word_1_763' title='bbox 2209 3873 2295 3920; x_wconf 89' lang='lat' dir='ltr'><strong>tus</strong></span> <span class='ocrx_word' id='word_1_764' title='bbox 2329 3867 2382 3920; x_wconf 95' lang='lat' dir='ltr'><strong>in</strong></span> <span class='ocrx_word' id='word_1_765' title='bbox 2414 3867 2665 3936; x_wconf 87' lang='lat' dir='ltr'><strong>perfectis</strong></span> <span class='ocrx_word' id='word_1_766' title='bbox 2708 3870 2858 3933; x_wconf 90' lang='lat' dir='ltr'><strong>viris,</strong></span> <span class='ocrx_word' id='word_1_767' title='bbox 2884 3878 2940 3925; x_wconf 89' lang='lat' dir='ltr'><strong>et</strong></span> <span class='ocrx_word' id='word_1_768' title='bbox 2980 3886 3100 3926; x_wconf 88' lang='lat' dir='ltr'><strong>esse</strong></span> <span class='ocrx_word' id='word_1_769' title='bbox 3145 3887 3359 3927; x_wconf 91' lang='lat' dir='ltr'><strong>sensum</strong></span> <span class='ocrx_word' id='word_1_770' title='bbox 3393 3875 3486 3928; x_wconf 91' lang='lat' dir='ltr'><strong>:ln</strong></span> <span class='ocrx_word' id='word_1_771' title='bbox 3512 3877 3784 3945; x_wconf 86' lang='lat' dir='ltr'><strong>gravitate</strong></span> 
     </span>
    </p>
   </div>
   <div class='ocr_carea' id='block_1_100' title="bbox 2209 3956 3786 4034">
    <p class='ocr_par' dir='ltr' id='par_1_100' title="bbox 2209 3956 3786 4034">
     <span class='ocr_line' id='line_1_100' title="bbox 2209 3956 3786 4034; baseline 0.01 -27"><span class='ocrx_word' id='word_1_772' title='bbox 2209 3956 2442 4024; x_wconf 89' lang='lat' dir='ltr'><strong>spiritus,</strong></span> <span class='ocrx_word' id='word_1_773' title='bbox 2475 3957 2526 4010; x_wconf 88' lang='lat' dir='ltr'><strong>id</strong></span> <span class='ocrx_word' id='word_1_774' title='bbox 2561 3966 2660 4021; x_wconf 91' lang='lat' dir='ltr'><strong>est,</strong></span> <span class='ocrx_word' id='word_1_775' title='bbox 2689 3959 2743 4012; x_wconf 91' lang='lat' dir='ltr'><strong>in</strong></span> <span class='ocrx_word' id='word_1_776' title='bbox 2777 3959 2966 4015; x_wconf 89' lang='lat' dir='ltr'><strong>itinere</strong></span> <span class='ocrx_word' id='word_1_777' title='bbox 2990 3962 3090 4014; x_wconf 89' lang='lat' dir='ltr'><strong>viri</strong></span> <span class='ocrx_word' id='word_1_778' title='bbox 3127 3964 3394 4018; x_wconf 88' lang='lat' dir='ltr'><strong>ambulate</strong></span> <span class='ocrx_word' id='word_1_779' title='bbox 3439 3966 3690 4034; x_wconf 87' lang='lat' dir='ltr'><strong>perfecti,</strong></span> <span class='ocrx_word' id='word_1_780' title='bbox 3725 3977 3786 4022; x_wconf 90' lang='lat' dir='ltr'><strong>et</strong></span> 
     </span>
    </p>
   </div>
   <div class='ocr_carea' id='block_1_101' title="bbox 2209 4045 3786 4120">
    <p class='ocr_par' dir='ltr' id='par_1_101' title="bbox 2209 4045 3786 4120">
     <span class='ocr_line' id='line_1_101' title="bbox 2209 4045 3786 4120; baseline 0.008 -21"><span class='ocrx_word' id='word_1_781' title='bbox 2209 4060 2314 4100; x_wconf 89' lang='lat' dir='ltr'><strong>non</strong></span> <span class='ocrx_word' id='word_1_782' title='bbox 2359 4045 2564 4101; x_wconf 87' lang='lat' dir='ltr'><strong>facietis</strong></span> <span class='ocrx_word' id='word_1_783' title='bbox 2592 4047 2855 4104; x_wconf 86' lang='lat' dir='ltr'><strong>desideria</strong></span> <span class='ocrx_word' id='word_1_784' title='bbox 2910 4051 3273 4120; x_wconf 86' lang='lat' dir='ltr'><strong>parvulorum.</strong></span> <span class='ocrx_word' id='word_1_785' title='bbox 3302 4051 3439 4108; x_wconf 88' lang='lat' dir='ltr'><strong>Caro</strong></span> <span class='ocrx_word' id='word_1_786' title='bbox 3473 4058 3611 4109; x_wconf 86' lang='lat' dir='ltr'><strong>enim</strong></span> <span class='ocrx_word' id='word_1_787' title='bbox 3655 4074 3786 4110; x_wconf 81' lang='lat' dir='ltr'><strong>con-</strong></span> 
     </span>
    </p>
   </div>
   <div class='ocr_carea' id='block_1_102' title="bbox 2208 4145 3780 4220">
    <p class='ocr_par' dir='ltr' id='par_1_102' title="bbox 2208 4145 3780 4220">
     <span class='ocr_line' id='line_1_102' title="bbox 2208 4145 3780 4220; baseline 0.008 -24"><span class='ocrx_word' id='word_1_788' title='bbox 2208 4145 2424 4215; x_wconf 79' lang='lat' dir='ltr'><strong>cupiscit</strong></span> <span class='ocrx_word' id='word_1_789' title='bbox 2459 4146 2705 4201; x_wconf 84' lang='lat' dir='ltr'><strong>adversus</strong></span> <span class='ocrx_word' id='word_1_790' title='bbox 2729 4149 2987 4218; x_wconf 82' lang='lat' dir='ltr'><strong>spiritum,</strong></span> <span class='ocrx_word' id='word_1_791' title='bbox 3015 4151 3227 4220; x_wconf 85' lang='lat' dir='ltr'><strong>spiritus</strong></span> <span class='ocrx_word' id='word_1_792' title='bbox 3267 4153 3512 4208; x_wconf 82' lang='lat' dir='ltr'><strong>adversus</strong></span> <span class='ocrx_word' id='word_1_793' title='bbox 3543 4171 3780 4209; x_wconf 79' lang='lat' dir='ltr'><strong>carnem.</strong></span> 
     </span>
    </p>
   </div>
   <div class='ocr_carea' id='block_1_103' title="bbox 2209 4233 3782 4316">
    <p class='ocr_par' dir='ltr' id='par_1_103' title="bbox 2209 4233 3782 4316">
     <span class='ocr_line' id='line_1_103' title="bbox 2209 4233 3782 4316; baseline 0.008 -28"><span class='ocrx_word' id='word_1_794' title='bbox 2209 4233 2339 4288; x_wconf 69' lang='lat' dir='ltr'><strong>flare</strong></span> <span class='ocrx_word' id='word_1_795' title='bbox 2376 4237 2512 4289; x_wconf 88' lang='lat' dir='ltr'><strong>enim</strong></span> <span class='ocrx_word' id='word_1_796' title='bbox 2551 4239 2765 4291; x_wconf 85' lang='lat' dir='ltr'><strong>invicem</strong></span> <span class='ocrx_word' id='word_1_797' title='bbox 2797 4240 3156 4306; x_wconf 85' lang='lat' dir='ltr'><strong>adversantur,</strong></span> <span class='ocrx_word' id='word_1_798' title='bbox 3203 4252 3257 4294; x_wconf 90' lang='lat' dir='ltr'><strong>ut</strong></span> <span class='ocrx_word' id='word_1_799' title='bbox 3287 4260 3411 4309; x_wconf 89' lang='lat' dir='ltr'><strong>non,</strong></span> <span class='ocrx_word' id='word_1_800' title='bbox 3455 4262 3782 4316; x_wconf 79' lang='lat' dir='ltr'><strong>qtuccunque</strong></span> 
     </span>
    </p>
   </div>
   <div class='ocr_carea' id='block_1_104' title="bbox 2208 4325 3781 4398">
    <p class='ocr_par' dir='ltr' id='par_1_104' title="bbox 2208 4325 3781 4398">
     <span class='ocr_line' id='line_1_104' title="bbox 2208 4325 3781 4398; baseline 0.01 -20"><span class='ocrx_word' id='word_1_801' title='bbox 2208 4325 2383 4387; x_wconf 86' lang='lat' dir='ltr'><strong>vultis,</strong></span> <span class='ocrx_word' id='word_1_802' title='bbox 2430 4326 2519 4380; x_wconf 85' lang='lat' dir='ltr'><strong>illa</strong></span> <span class='ocrx_word' id='word_1_803' title='bbox 2551 4325 2778 4395; x_wconf 82' lang='lat' dir='ltr'><strong>faciatis.</strong></span> <span class='ocrx_word' id='word_1_804' title='bbox 2816 4328 2953 4384; x_wconf 89' lang='lat' dir='ltr'><strong>Caro</strong></span> <span class='ocrx_word' id='word_1_805' title='bbox 2997 4333 3348 4398; x_wconf 69' lang='lat' dir='ltr'><strong>prwscntibus</strong></span> <span class='ocrx_word' id='word_1_806' title='bbox 3390 4335 3685 4390; x_wconf 89' lang='lat' dir='ltr'><strong>delectatur</strong></span> <span class='ocrx_word' id='word_1_807' title='bbox 3723 4349 3781 4392; x_wconf 88' lang='lat' dir='ltr'><strong>et</strong></span> 
     </span>
    </p>
   </div>
   <div class='ocr_carea' id='block_1_105' title="bbox 2209 4415 3781 4489">
    <p class='ocr_par' dir='ltr' id='par_1_105' title="bbox 2209 4415 3781 4489">
     <span class='ocr_line' id='line_1_105' title="bbox 2209 4415 3781 4489; baseline 0.01 -21"><span class='ocrx_word' id='word_1_808' title='bbox 2209 4415 2502 4471; x_wconf 88' lang='lat' dir='ltr'><strong>brevibus:</strong></span> <span class='ocrx_word' id='word_1_809' title='bbox 2547 4419 2766 4487; x_wconf 91' lang='lat' dir='ltr'><strong>spiritus</strong></span> <span class='ocrx_word' id='word_1_810' title='bbox 2813 4421 3082 4489; x_wconf 88' lang='lat' dir='ltr'><strong>perpetuis</strong></span> <span class='ocrx_word' id='word_1_811' title='bbox 3130 4433 3183 4478; x_wconf 92' lang='lat' dir='ltr'><strong>et</strong></span> <span class='ocrx_word' id='word_1_812' title='bbox 3232 4423 3443 4480; x_wconf 87' lang='lat' dir='ltr'><strong>futuris.</strong></span> <span class='ocrx_word' id='word_1_813' title='bbox 3481 4426 3627 4481; x_wconf 91' lang='lat' dir='ltr'><strong>lnter</strong></span> <span class='ocrx_word' id='word_1_814' title='bbox 3674 4429 3781 4484; x_wconf 88' lang='lat' dir='ltr'><strong>hoc</strong></span> 
     </span>
    </p>
   </div>
   <div class='ocr_carea' id='block_1_106' title="bbox 2204 4505 3780 4586">
    <p class='ocr_par' dir='ltr' id='par_1_106' title="bbox 2204 4505 3780 4586">
     <span class='ocr_line' id='line_1_106' title="bbox 2204 4505 3780 4586; baseline 0.011 -29"><span class='ocrx_word' id='word_1_815' title='bbox 2204 4505 2441 4575; x_wconf 90' lang='lat' dir='ltr'><strong>jurgium</strong></span> <span class='ocrx_word' id='word_1_816' title='bbox 2484 4509 2655 4562; x_wconf 86' lang='lat' dir='ltr'><strong>media</strong></span> <span class='ocrx_word' id='word_1_817' title='bbox 2687 4510 2864 4563; x_wconf 89' lang='lat' dir='ltr'><strong>anima</strong></span> <span class='ocrx_word' id='word_1_818' title='bbox 2909 4513 3172 4578; x_wconf 73' lang='lat' dir='ltr'><strong>consistit,</strong></span> <span class='ocrx_word' id='word_1_819' title='bbox 3217 4515 3418 4571; x_wconf 90' lang='lat' dir='ltr'><strong>habens</strong></span> <span class='ocrx_word' id='word_1_820' title='bbox 3471 4519 3684 4586; x_wconf 88' lang='lat' dir='ltr'><strong>quidem</strong></span> <span class='ocrx_word' id='word_1_821' title='bbox 3721 4521 3780 4574; x_wconf 92' lang='lat' dir='ltr'><strong>in</strong></span> 
     </span>
    </p>
   </div>
   <div class='ocr_carea' id='block_1_107' title="bbox 2210 4597 3779 4672">
    <p class='ocr_par' dir='ltr' id='par_1_107' title="bbox 2210 4597 3779 4672">
     <span class='ocr_line' id='line_1_107' title="bbox 2210 4597 3779 4672; baseline 0.013 -26"><span class='ocrx_word' id='word_1_822' title='bbox 2210 4608 2308 4647; x_wconf 86' lang='lat' dir='ltr'><strong>sua</strong></span> <span class='ocrx_word' id='word_1_823' title='bbox 2331 4602 2593 4662; x_wconf 89' lang='lat' dir='ltr'><strong>potestate</strong></span> <span class='ocrx_word' id='word_1_824' title='bbox 2617 4597 2814 4652; x_wconf 91' lang='lat' dir='ltr'><strong>bonum</strong></span> <span class='ocrx_word' id='word_1_825' title='bbox 2845 4609 2900 4654; x_wconf 89' lang='lat' dir='ltr'><strong>et</strong></span> <span class='ocrx_word' id='word_1_826' title='bbox 2932 4601 3151 4667; x_wconf 88' lang='lat' dir='ltr'><strong>malum,</strong></span> <span class='ocrx_word' id='word_1_827' title='bbox 3179 4604 3309 4658; x_wconf 85' lang='lat' dir='ltr'><strong>velle</strong></span> <span class='ocrx_word' id='word_1_828' title='bbox 3353 4607 3432 4660; x_wconf 87' lang='lat' dir='ltr'><strong>vel</strong></span> <span class='ocrx_word' id='word_1_829' title='bbox 3466 4609 3634 4672; x_wconf 89' lang='lat' dir='ltr'><strong>nolle,</strong></span> <span class='ocrx_word' id='word_1_830' title='bbox 3681 4613 3779 4665; x_wconf 91' lang='lat' dir='ltr'><strong>sed</strong></span> 
     </span>
    </p>
   </div>
   <div class='ocr_carea' id='block_1_108' title="bbox 2208 4684 3777 4768">
    <p class='ocr_par' dir='ltr' id='par_1_108' title="bbox 2208 4684 3777 4768">
     <span class='ocr_line' id='line_1_108' title="bbox 2208 4684 3777 4768; baseline 0.011 -33"><span class='ocrx_word' id='word_1_831' title='bbox 2208 4699 2314 4736; x_wconf 90' lang='lat' dir='ltr'><strong>non</strong></span> <span class='ocrx_word' id='word_1_832' title='bbox 2370 4684 2572 4740; x_wconf 87' lang='lat' dir='ltr'><strong>habens</strong></span> <span class='ocrx_word' id='word_1_833' title='bbox 2619 4687 2721 4742; x_wconf 94' lang='lat' dir='ltr'><strong>hoc</strong></span> <span class='ocrx_word' id='word_1_834' title='bbox 2762 4689 2936 4758; x_wconf 89' lang='lat' dir='ltr'><strong>ipsum</strong></span> <span class='ocrx_word' id='word_1_835' title='bbox 2986 4691 3120 4747; x_wconf 89' lang='lat' dir='ltr'><strong>velle</strong></span> <span class='ocrx_word' id='word_1_836' title='bbox 3156 4708 3218 4748; x_wconf 90' lang='lat' dir='ltr'><strong>ac</strong></span> <span class='ocrx_word' id='word_1_837' title='bbox 3254 4695 3392 4749; x_wconf 89' lang='lat' dir='ltr'><strong>nolle</strong></span> <span class='ocrx_word' id='word_1_838' title='bbox 3435 4707 3777 4768; x_wconf 85' lang='lat' dir='ltr'><strong>perpetuum,</strong></span> 
     </span>
    </p>
   </div>
   <div class='ocr_carea' id='block_1_109' title="bbox 2207 4774 3778 4860">
    <p class='ocr_par' dir='ltr' id='par_1_109' title="bbox 2207 4774 3778 4860">
     <span class='ocr_line' id='line_1_109' title="bbox 2207 4774 3778 4860; baseline 0.013 -35"><span class='ocrx_word' id='word_1_839' title='bbox 2207 4774 2328 4842; x_wconf 85' lang='lat' dir='ltr'><strong>quia</strong></span> <span class='ocrx_word' id='word_1_840' title='bbox 2362 4775 2477 4830; x_wconf 91' lang='lat' dir='ltr'><strong>ﬁeri</strong></span> <span class='ocrx_word' id='word_1_841' title='bbox 2507 4786 2698 4844; x_wconf 88' lang='lat' dir='ltr'><strong>potest,</strong></span> <span class='ocrx_word' id='word_1_842' title='bbox 2726 4787 2783 4833; x_wconf 95' lang='lat' dir='ltr'><strong>ut</strong></span> <span class='ocrx_word' id='word_1_843' title='bbox 2825 4796 2945 4834; x_wconf 90' lang='lat' dir='ltr'><strong>cum</strong></span> <span class='ocrx_word' id='word_1_844' title='bbox 2976 4784 3124 4836; x_wconf 88' lang='lat' dir='ltr'><strong>carni</strong></span> <span class='ocrx_word' id='word_1_845' title='bbox 3154 4789 3486 4841; x_wconf 90' lang='lat' dir='ltr'><strong>consenserit</strong></span> <span class='ocrx_word' id='word_1_846' title='bbox 3529 4798 3584 4842; x_wconf 92' lang='lat' dir='ltr'><strong>et</strong></span> <span class='ocrx_word' id='word_1_847' title='bbox 3611 4807 3778 4860; x_wconf 88' lang='lat' dir='ltr'><strong>opera</strong></span> 
     </span>
    </p>
   </div>
   <div class='ocr_carea' id='block_1_110' title="bbox 2206 4865 3779 4941">
    <p class='ocr_par' dir='ltr' id='par_1_110' title="bbox 2206 4865 3779 4941">
     <span class='ocr_line' id='line_1_110' title="bbox 2206 4865 3779 4941; baseline 0.011 -22"><span class='ocrx_word' id='word_1_848' title='bbox 2206 4865 2322 4934; x_wconf 86' lang='lat' dir='ltr'><strong>ejus</strong></span> <span class='ocrx_word' id='word_1_849' title='bbox 2353 4868 2560 4934; x_wconf 81' lang='lat' dir='ltr'><strong>fecerit,</strong></span> <span class='ocrx_word' id='word_1_850' title='bbox 2600 4886 2812 4925; x_wconf 90' lang='lat' dir='ltr'><strong>rursum</strong></span> <span class='ocrx_word' id='word_1_851' title='bbox 2854 4887 2951 4941; x_wconf 92' lang='lat' dir='ltr'><strong>per</strong></span> <span class='ocrx_word' id='word_1_852' title='bbox 2973 4875 3340 4941; x_wconf 72' lang='lat' dir='ltr'><strong>pmnitentiam</strong></span> <span class='ocrx_word' id='word_1_853' title='bbox 3377 4893 3435 4932; x_wconf 90' lang='lat' dir='ltr'><strong>se</strong></span> <span class='ocrx_word' id='word_1_854' title='bbox 3461 4881 3779 4938; x_wconf 86' lang='lat' dir='ltr'><strong>remordens</strong></span> 
     </span>
    </p>
   </div>
   <div class='ocr_carea' id='block_1_111' title="bbox 2208 4959 3780 5034">
    <p class='ocr_par' dir='ltr' id='par_1_111' title="bbox 2208 4959 3780 5034">
     <span class='ocr_line' id='line_1_111' title="bbox 2208 4959 3780 5034; baseline 0.012 -23"><span class='ocrx_word' id='word_1_855' title='bbox 2208 4959 2416 5026; x_wconf 89' lang='lat' dir='ltr'><strong>spiritui</strong></span> <span class='ocrx_word' id='word_1_856' title='bbox 2468 4962 2745 5030; x_wconf 89' lang='lat' dir='ltr'><strong>copuletur</strong></span> <span class='ocrx_word' id='word_1_857' title='bbox 2791 4971 2844 5018; x_wconf 92' lang='lat' dir='ltr'><strong>et</strong></span> <span class='ocrx_word' id='word_1_858' title='bbox 2888 4980 3047 5033; x_wconf 90' lang='lat' dir='ltr'><strong>opera</strong></span> <span class='ocrx_word' id='word_1_859' title='bbox 3099 4966 3214 5034; x_wconf 87' lang='lat' dir='ltr'><strong>ejus</strong></span> <span class='ocrx_word' id='word_1_860' title='bbox 3269 4969 3478 5025; x_wconf 68' lang='lat' dir='ltr'><strong>efficiat.</strong></span> <span class='ocrx_word' id='word_1_861' title='bbox 3529 4973 3643 5028; x_wconf 84' lang='lat' dir='ltr'><strong>Hoc</strong></span> <span class='ocrx_word' id='word_1_862' title='bbox 3693 4985 3780 5030; x_wconf 91' lang='lat' dir='ltr'><strong>est</strong></span> 
     </span>
    </p>
   </div>
   <div class='ocr_carea' id='block_1_112' title="bbox 2206 5051 3779 5124">
    <p class='ocr_par' dir='ltr' id='par_1_112' title="bbox 2206 5051 3779 5124">
     <span class='ocr_line' id='line_1_112' title="bbox 2206 5051 3779 5124; baseline 0.011 -24"><span class='ocrx_word' id='word_1_863' title='bbox 2206 5063 2334 5117; x_wconf 87' lang='lat' dir='ltr'><strong>ergo</strong></span> <span class='ocrx_word' id='word_1_864' title='bbox 2379 5051 2520 5117; x_wconf 91' lang='lat' dir='ltr'><strong>quod</strong></span> <span class='ocrx_word' id='word_1_865' title='bbox 2569 5051 2643 5105; x_wconf 92' lang='lat' dir='ltr'><strong>ait</strong></span> <span class='ocrx_word' id='word_1_866' title='bbox 2683 5069 2696 5105; x_wconf 93' lang='lat'>:</span> <span class='ocrx_word' id='word_1_867' title='bbox 2739 5051 2869 5106; x_wconf 75' lang='lat' dir='ltr'><strong>Iltec</strong></span> <span class='ocrx_word' id='word_1_868' title='bbox 2904 5055 3040 5107; x_wconf 88' lang='lat' dir='ltr'><strong>enim</strong></span> <span class='ocrx_word' id='word_1_869' title='bbox 3073 5056 3286 5111; x_wconf 87' lang='lat' dir='ltr'><strong>invicem</strong></span> <span class='ocrx_word' id='word_1_870' title='bbox 3325 5060 3682 5124; x_wconf 79' lang='lat' dir='ltr'><strong>adversantur,</strong></span> <span class='ocrx_word' id='word_1_871' title='bbox 3723 5065 3779 5119; x_wconf 92' lang='lat' dir='ltr'><strong>id</strong></span> 
     </span>
    </p>
   </div>
   <div class='ocr_carea' id='block_1_113' title="bbox 2205 5142 3778 5222">
    <p class='ocr_par' dir='ltr' id='par_1_113' title="bbox 2205 5142 3778 5222">
     <span class='ocr_line' id='line_1_113' title="bbox 2205 5142 3778 5222; baseline 0.01 -31"><span class='ocrx_word' id='word_1_872' title='bbox 2205 5148 2311 5202; x_wconf 90' lang='lat' dir='ltr'><strong>est,</strong></span> <span class='ocrx_word' id='word_1_873' title='bbox 2338 5154 2464 5194; x_wconf 88' lang='lat' dir='ltr'><strong>caro</strong></span> <span class='ocrx_word' id='word_1_874' title='bbox 2491 5150 2545 5195; x_wconf 92' lang='lat' dir='ltr'><strong>et</strong></span> <span class='ocrx_word' id='word_1_875' title='bbox 2570 5142 2808 5210; x_wconf 88' lang='lat' dir='ltr'><strong>spiritus,</strong></span> <span class='ocrx_word' id='word_1_876' title='bbox 2835 5153 2889 5195; x_wconf 86' lang='lat' dir='ltr'><strong>ut</strong></span> <span class='ocrx_word' id='word_1_877' title='bbox 2914 5161 3014 5197; x_wconf 88' lang='lat' dir='ltr'><strong>non</strong></span> <span class='ocrx_word' id='word_1_878' title='bbox 3036 5162 3352 5216; x_wconf 75' lang='lat' dir='ltr'><strong>quwcunque</strong></span> <span class='ocrx_word' id='word_1_879' title='bbox 3373 5151 3548 5216; x_wconf 77' lang='lat' dir='ltr'><strong>vultis,</strong></span> <span class='ocrx_word' id='word_1_880' title='bbox 3577 5153 3670 5205; x_wconf 89' lang='lat' dir='ltr'><strong>illa</strong></span> <span class='ocrx_word' id='word_1_881' title='bbox 3694 5153 3778 5222; x_wconf 80' lang='lat' dir='ltr'><strong>fa-</strong></span> 
     </span>
    </p>
   </div>
   <div class='ocr_carea' id='block_1_114' title="bbox 2207 5227 3774 5307">
    <p class='ocr_par' dir='ltr' id='par_1_114' title="bbox 2207 5227 3774 5307">
     <span class='ocr_line' id='line_1_114' title="bbox 2207 5227 3774 5307; baseline 0.011 -27"><span class='ocrx_word' id='word_1_882' title='bbox 2207 5227 2357 5280; x_wconf 87' lang='lat' dir='ltr'><strong>ciatis</strong></span> <span class='ocrx_word' id='word_1_883' title='bbox 2387 5241 2405 5279; x_wconf 91' lang='lat'><strong><em>:</em></strong></span> <span class='ocrx_word' id='word_1_884' title='bbox 2437 5245 2540 5283; x_wconf 93' lang='lat' dir='ltr'><strong>non</strong></span> <span class='ocrx_word' id='word_1_885' title='bbox 2583 5233 2723 5300; x_wconf 90' lang='lat' dir='ltr'><strong>quod</strong></span> <span class='ocrx_word' id='word_1_886' title='bbox 2755 5234 3024 5301; x_wconf 91' lang='lat' dir='ltr'><strong>proprium</strong></span> <span class='ocrx_word' id='word_1_887' title='bbox 3071 5238 3225 5291; x_wconf 91' lang='lat' dir='ltr'><strong>nobis</strong></span> <span class='ocrx_word' id='word_1_888' title='bbox 3251 5239 3429 5294; x_wconf 89' lang='lat' dir='ltr'><strong>tulerit</strong></span> <span class='ocrx_word' id='word_1_889' title='bbox 3467 5242 3774 5307; x_wconf 88' lang='lat' dir='ltr'><strong>arbitrium,</strong></span> 
     </span>
    </p>
   </div>
   <div class='ocr_carea' id='block_1_115' title="bbox 2208 5318 3774 5402">
    <p class='ocr_par' dir='ltr' id='par_1_115' title="bbox 2208 5318 3774 5402">
     <span class='ocr_line' id='line_1_115' title="bbox 2208 5318 3774 5402; baseline 0.011 -32"><span class='ocrx_word' id='word_1_890' title='bbox 2208 5332 2315 5386; x_wconf 92' lang='lat' dir='ltr'><strong>quo</strong></span> <span class='ocrx_word' id='word_1_891' title='bbox 2341 5318 2424 5372; x_wconf 86' lang='lat' dir='ltr'><strong>vel</strong></span> <span class='ocrx_word' id='word_1_892' title='bbox 2463 5322 2642 5386; x_wconf 91' lang='lat' dir='ltr'><strong>carni,</strong></span> <span class='ocrx_word' id='word_1_893' title='bbox 2689 5323 2773 5377; x_wconf 89' lang='lat' dir='ltr'><strong>vel</strong></span> <span class='ocrx_word' id='word_1_894' title='bbox 2809 5325 3016 5394; x_wconf 92' lang='lat' dir='ltr'><strong>spiritui</strong></span> <span class='ocrx_word' id='word_1_895' title='bbox 3068 5329 3449 5397; x_wconf 84' lang='lat' dir='ltr'><strong>asscntiamus,</strong></span> <span class='ocrx_word' id='word_1_896' title='bbox 3504 5333 3599 5386; x_wconf 90' lang='lat' dir='ltr'><strong>sed</strong></span> <span class='ocrx_word' id='word_1_897' title='bbox 3647 5335 3774 5402; x_wconf 86' lang='lat' dir='ltr'><strong>quia</strong></span> 
     </span>
    </p>
   </div>
   <div class='ocr_carea' id='block_1_116' title="bbox 2209 5408 3775 5494">
    <p class='ocr_par' dir='ltr' id='par_1_116' title="bbox 2209 5408 3775 5494">
     <span class='ocr_line' id='line_1_116' title="bbox 2209 5408 3775 5494; baseline 0.012 -34"><span class='ocrx_word' id='word_1_898' title='bbox 2209 5410 2348 5477; x_wconf 90' lang='lat' dir='ltr'><strong>quod</strong></span> <span class='ocrx_word' id='word_1_899' title='bbox 2378 5408 2604 5466; x_wconf 85' lang='lat' dir='ltr'><strong>facimus</strong></span> <span class='ocrx_word' id='word_1_900' title='bbox 2652 5429 2757 5466; x_wconf 91' lang='lat' dir='ltr'><strong>non</strong></span> <span class='ocrx_word' id='word_1_901' title='bbox 2805 5423 2886 5468; x_wconf 90' lang='lat' dir='ltr'><strong>est</strong></span> <span class='ocrx_word' id='word_1_902' title='bbox 2917 5426 3159 5471; x_wconf 88' lang='lat' dir='ltr'><strong>nostrum</strong></span> <span class='ocrx_word' id='word_1_903' title='bbox 3211 5422 3455 5489; x_wconf 87' lang='lat' dir='ltr'><strong>proprie,</strong></span> <span class='ocrx_word' id='word_1_904' title='bbox 3497 5423 3591 5478; x_wconf 88' lang='lat' dir='ltr'><strong>sed</strong></span> <span class='ocrx_word' id='word_1_905' title='bbox 3641 5439 3775 5494; x_wconf 90' lang='lat' dir='ltr'><strong>opus</strong></span> 
     </span>
    </p>
   </div>
   <div class='ocr_carea' id='block_1_117' title="bbox 2210 5499 3771 5577">
    <p class='ocr_par' dir='ltr' id='par_1_117' title="bbox 2210 5499 3771 5577">
     <span class='ocr_line' id='line_1_117' title="bbox 2210 5499 3771 5577; baseline 0.01 -25"><span class='ocrx_word' id='word_1_906' title='bbox 2210 5499 2382 5568; x_wconf 90' lang='lat' dir='ltr'><strong>ipsum</strong></span> <span class='ocrx_word' id='word_1_907' title='bbox 2406 5501 2488 5555; x_wconf 87' lang='lat' dir='ltr'><strong>vel</strong></span> <span class='ocrx_word' id='word_1_908' title='bbox 2537 5504 2705 5567; x_wconf 91' lang='lat' dir='ltr'><strong>carni,</strong></span> <span class='ocrx_word' id='word_1_909' title='bbox 2737 5504 2818 5559; x_wconf 88' lang='lat' dir='ltr'><strong>vel</strong></span> <span class='ocrx_word' id='word_1_910' title='bbox 2862 5506 3072 5574; x_wconf 90' lang='lat' dir='ltr'><strong>spiritui</strong></span> <span class='ocrx_word' id='word_1_911' title='bbox 3098 5509 3402 5577; x_wconf 88' lang='lat' dir='ltr'><strong>deputatur.</strong></span> <span class='ocrx_word' id='word_1_912' title='bbox 3429 5510 3666 5567; x_wconf 87' lang='lat' dir='ltr'><strong>Grandis</strong></span> <span class='ocrx_word' id='word_1_913' title='bbox 3692 5513 3771 5567; x_wconf 82' lang='lat' dir='ltr'><strong>la-</strong></span> 
     </span>
    </p>
   </div>
   <div class='ocr_carea' id='block_1_118' title="bbox 2209 5589 3774 5673">
    <p class='ocr_par' dir='ltr' id='par_1_118' title="bbox 2209 5589 3774 5673">
     <span class='ocr_line' id='line_1_118' title="bbox 2209 5589 3774 5673; baseline 0.011 -31"><span class='ocrx_word' id='word_1_914' title='bbox 2209 5589 2356 5644; x_wconf 89' lang='lat' dir='ltr'><strong>boris</strong></span> <span class='ocrx_word' id='word_1_915' title='bbox 2384 5597 2438 5644; x_wconf 91' lang='lat' dir='ltr'><strong>et</strong></span> <span class='ocrx_word' id='word_1_916' title='bbox 2456 5591 2831 5662; x_wconf 90' lang='lat' dir='ltr'><strong>disputationis</strong></span> <span class='ocrx_word' id='word_1_917' title='bbox 2846 5603 2929 5651; x_wconf 93' lang='lat' dir='ltr'><strong>est</strong></span> <span class='ocrx_word' id='word_1_918' title='bbox 2957 5596 3154 5663; x_wconf 68' lang='lat' dir='ltr'><strong>nimire,</strong></span> <span class='ocrx_word' id='word_1_919' title='bbox 3186 5601 3419 5656; x_wconf 89' lang='lat' dir='ltr'><strong>ostensis</strong></span> <span class='ocrx_word' id='word_1_920' title='bbox 3443 5603 3624 5656; x_wconf 88' lang='lat' dir='ltr'><strong>carnis</strong></span> <span class='ocrx_word' id='word_1_921' title='bbox 3648 5617 3774 5673; x_wconf 75' lang='lat' dir='ltr'><strong>ope-</strong></span> 
     </span>
    </p>
   </div>
   <div class='ocr_carea' id='block_1_119' title="bbox 2211 5677 3769 5760">
    <p class='ocr_par' dir='ltr' id='par_1_119' title="bbox 2211 5677 3769 5760">
     <span class='ocr_line' id='line_1_119' title="bbox 2211 5677 3769 5760; baseline 0.01 -30"><span class='ocrx_word' id='word_1_922' title='bbox 2211 5677 2358 5734; x_wconf 87' lang='lat' dir='ltr'><strong>ribus</strong></span> <span class='ocrx_word' id='word_1_923' title='bbox 2383 5687 2436 5737; x_wconf 85' lang='lat' dir='ltr'><strong>et</strong></span> <span class='ocrx_word' id='word_1_924' title='bbox 2463 5681 2700 5750; x_wconf 87' lang='lat' dir='ltr'><strong>spiritus,</strong></span> <span class='ocrx_word' id='word_1_925' title='bbox 2729 5684 2903 5741; x_wconf 86' lang='lat' dir='ltr'><strong>media</strong></span> <span class='ocrx_word' id='word_1_926' title='bbox 2932 5685 3108 5755; x_wconf 89' lang='lat' dir='ltr'><strong>aliqua</strong></span> <span class='ocrx_word' id='word_1_927' title='bbox 3143 5690 3400 5759; x_wconf 88' lang='lat' dir='ltr'><strong>reperire,</strong></span> <span class='ocrx_word' id='word_1_928' title='bbox 3430 5707 3548 5760; x_wconf 72' lang='lat' dir='ltr'><strong>quae</strong></span> <span class='ocrx_word' id='word_1_929' title='bbox 3576 5706 3679 5749; x_wconf 81' lang='lat' dir='ltr'><strong>nec</strong></span> <span class='ocrx_word' id='word_1_930' title='bbox 3703 5691 3769 5746; x_wconf 79' lang='lat' dir='ltr'><strong>ad</strong></span> 
     </span>
    </p>
   </div>
  </div>
