4022 6338
466 313 569 373 55!
1091 305 1156 362 Β.
1200 303 1451 361 BABANI
1489 301 1707 360 MAURI
1744 298 2059 356 ARCHIEP.
2100 294 2410 354 MOGUNT.
2448 290 2738 353 OPERUM
2772 289 2955 349 PARS
2988 288 3076 346 III.
3606 285 3717 344 352

466 423 677 481 caneris
702 420 947 492 legimus,
971 420 1223 491 spiritum
1244 418 1683 473 mansuetudinis.
1708 426 1764 473 et
1788 417 2034 487 spiritum
2063 419 2115 478 Α
2140 421 2267 468 tunc
2291 409 2565 481 perticitur
2584 408 2765 465 carnis
2788 406 3248 476 concupiscentia,
3276 418 3401 460 cum
3446 403 3719 459 consentit

471 517 617 581 ﬁdei,
637 513 729 570 sed
750 510 1066 582 simpliciter
1085 509 1304 579 spiritus
1322 507 1623 577 appellatur
1645 523 1659 560 :
1683 522 1801 577 quae
1823 506 2039 574 quidem

471 603 717 661 minutias
742 601 914 672 magis
939 599 995 653 in
1024 596 1213 653 Graeco
1237 612 1399 667 quam
1430 596 1487 650 in
1525 604 1707 650 nostra
1735 595 1914 667 lingua
1943 593 2042 649 ob-

2141 513 2198 560 et
2221 500 2443 573 spiritus
2471 502 2535 557 ad
2562 515 2728 571 opera
2751 498 2914 562 mala,
2938 507 2997 553 ut
3025 512 3131 552 non
3157 498 3503 566 concupiscat
3528 495 3721 550 adver-

2141 610 2234 650 sus
2260 593 2425 658 illam,
2448 592 2542 649 sed
2568 607 2691 647 eum
2719 589 2807 645 illa
2831 604 2847 642 :
2870 590 2949 645 sic
2969 595 3024 643 et
3046 588 3183 643 bona
3209 602 3396 658 opera.
3426 584 3561 641 Nam
3588 595 3722 643 tunc

473 703 726 761 servatae,
770 668 864 765 qui
886 690 1078 768 σᾶρθρα
1126 688 1344 761 penitus
1402 703 1509 743 non
1536 686 1818 751 habemus,
1858 685 2035 739 vider»
2141 685 2505 756 perficientur,
2537 680 2751 751 quando
2777 680 2850 734 ita
2876 679 3087 750 spiritui
3117 692 3244 734 caro
3274 668 3636 741 consenserit,
3658 685 3724 731 ut

475 795 565 839 tur
593 782 793 852 aliquid
827 778 1028 835 habere
1058 777 1336 832 momenti.
1376 776 1644 844 Quierltur
1672 776 1726 830 in
1758 776 1860 830 hoc
1904 775 2041 839 loco,

475 874 523 929 si
549 872 853 944 quicunque
877 868 1068 938 spiritu
1093 868 1322 931 ducitur,
1348 882 1454 921 non
1476 875 1557 922 est
1577 868 1676 922 sub
1697 866 1833 937 lege,
1863 874 2047 919 utrum

477 959 686 1033 Moyses
712 966 769 1013 et
795 958 1071 1028 prophetae
1107 956 1194 1011 vel
1217 956 1411 1026 spiritu
1434 957 1539 1010 acti
1567 957 1697 1021 sint,
1724 965 1781 1010 et
1806 956 1905 1010 sub
1930 955 2048 1027 lege

477 1050 742 1114 vixerint,
774 1056 918 1119 quoa
941 1047 1227 1119 Apostolus
1256 1053 1441 1119 negat,
1474 1054 1565 1100 aut
1597 1045 1858 1101 habentes
1885 1045 2047 1114 spiri-

478 1149 597 1196 tum
622 1139 722 1194 sub
746 1137 864 1208 lege
896 1151 1003 1191 non
1044 1135 1274 1199 fuerint,
1302 1134 1446 1207 quod
1472 1133 1758 1207 Apostolus
1786 1133 1876 1189 hic
1909 1132 2051 1186 aﬂlr—

481 1236 594 1284 mat
616 1247 631 1283 :
658 1236 750 1281 aut
771 1226 914 1297 quod
927 1234 1011 1282 est
1029 1224 1271 1289 tertium,
1285 1224 1386 1278 sub
1402 1222 1517 1292 lege
1538 1222 1780 1277 viventes
1804 1221 2052 1293 spiritum

480 1334 592 1373 non
636 1316 954 1381 habuerint,
980 1314 1125 1385 quod
1157 1314 1222 1368 de
1249 1312 1418 1367 tantis
1451 1312 1583 1367 viris
1627 1310 1779 1366 nefas
1815 1319 1899 1365 est
1935 1324 2056 1364 cre-

481 1410 631 1464 dere.
658 1406 743 1465 Ad
763 1405 905 1477 quod
926 1420 1024 1460 nos
1043 1403 1280 1463 breviter
1302 1400 1759 1472 respondebimus,
1781 1414 1886 1454 non
1912 1399 2054 1453 idem

478 1514 605 1554 esse
632 1499 734 1553 sub
761 1496 877 1568 lege
910 1511 1048 1562 esse,
1080 1504 1135 1550 et
1162 1508 1281 1549 esse
1305 1493 1460 1563 quasi
1486 1493 1586 1548 sub
1612 1491 1730 1563 lege
1746 1531 1762 1557 ,
1788 1490 2056 1562 quomodo

485 1605 595 1644 non
632 1589 862 1660 idipsum
895 1593 980 1642 est
1016 1587 1070 1642 in
1111 1584 1459 1642 similitudine
1486 1582 1666 1639 carnis
1691 1583 1898 1654 peccati
1925 1590 1979 1638 et
2001 1582 2057 1637 in

2145 775 2404 829 adversus
2426 788 2548 828 eum
2575 773 2738 826 etiam
2766 770 2883 840 ipsa
2904 785 3011 825 non
3040 768 3405 837 concupiscat.
3438 766 3553 821 Hoc
3576 766 3725 821 enim

2144 866 2410 931 volumus,
2438 880 2558 920 eum
2589 863 2973 934 perfectionem
3014 859 3239 931 iustitiae
3265 860 3723 928 concupiscimus.

2149 955 2438 1013 Verissime
2467 956 2663 1026 quippe
2689 968 2755 1009 ac
2789 952 3136 1007 veraeisslme
3161 951 3423 1020 scriptum
3454 957 3560 1013 est,
3602 964 3729 1003 caro

2148 1048 2464 1117 concupiscit
2504 1047 2758 1100 “adversus
2803 1044 3085 1114 spiritum,
3127 1052 3177 1096 et
3218 1042 3433 1112 spiritus
3475 1039 3731 1094 adversus

2149 1153 2392 1200 carnem;
2418 1135 2512 1190 sed
2532 1142 2739 1191 tantum
2762 1146 2982 1188 carnem
3005 1131 3125 1186 sine
3144 1131 3321 1185 anima
3347 1129 3736 1199 concupiscere

2150 1226 2280 1282 nihil
2309 1240 2463 1295 posse
2486 1233 2637 1296 puto,
2659 1223 2802 1293 quod
2824 1221 3003 1277 omnis
3026 1221 3213 1276 doctus
3237 1220 3591 1289 indoctusque
3622 1232 3735 1273 non

2152 1315 2394 1383 dubitet;
2423 1329 2486 1370 ae
2512 1329 2610 1385 per
2642 1314 2746 1368 hoc
2792 1312 2963 1382 ipsius
3001 1310 3454 1383 concupiscentiae
3498 1306 3740 1364 carnalis

2153 1420 2315 1461 causa
2343 1419 2451 1459 non
2476 1411 2560 1459 est
2581 1403 2637 1459 in
2662 1403 2843 1458 anima
2872 1401 3008 1468 sola,
3042 1402 3137 1457 sed
3165 1401 3335 1457 multo
3362 1401 3545 1456 minus
3566 1408 3654 1456 est
3680 1401 3739 1455 in

2156 1512 2320 1553 carne
2358 1496 2474 1552 sola
2497 1510 2513 1549 :
2533 1511 2602 1551 ex
2637 1504 2868 1565 utroque
2902 1494 3045 1550 enim
3077 1493 3170 1560 tit,
3196 1494 3399 1549 scilicet
3427 1508 3498 1549 ex
3529 1493 3739 1552 anima,

2156 1588 2301 1662 quod
2346 1587 2463 1643 sine
2509 1586 2600 1641 illa
2646 1585 2929 1641 delectatio
2981 1583 3125 1639 nulla
3174 1582 3406 1640 sentitur
3432 1601 3446 1638 :
3471 1599 3539 1639 ex
3571 1598 3744 1638 carne

482 1694 651 1738 carne
675 1693 794 1735 esse
818 1678 1045 1750 peccati.
1063 1675 1173 1732 Nec
1199 1676 1340 1732 idem
1362 1682 1519 1730 sonat
1546 1690 1706 1731 verus
1734 1687 1977 1744 serpens,
2005 1680 2060 1729 et
2161 1688 2360 1747 autem,
2392 1676 2533 1750 quod
2559 1680 2678 1735 sine
2715 1678 2805 1733 illa
2847 1676 3081 1732 carnalis
3114 1677 3399 1733 delectatio
3434 1692 3544 1732 ηοη
3574 1676 3747 1731 sena-

482 1770 614 1826 aerei
658 1767 948 1824 similitudo
988 1766 1274 1837 serpentis,
1304 1780 1463 1836 quem
1513 1763 1724 1836 Moyses
1772 1763 1828 1818 in
1875 1777 2060 1818 eremo
2085 1750 2135 1813 Β
2162 1778 2271 1825 tur.
2326 1768 2555 1825 Carnem
2604 1768 2787 1839 itaque
2814 1767 3284 1838 concupiscentem
3314 1767 3580 1821 adversus
3631 1765 3748 1832 spi-

484 1857 783 1929 suspendit.
805 1856 897 1915 Sic
938 1858 1103 1930 igitur
1128 1865 1183 1912 et
1205 1864 1422 1912 sanctos
1439 1855 1748 1926 prophetas,
1769 1862 1826 1909 et
1843 1852 2061 1925 Moysen
2160 1859 2326 1915 ritum
2379 1858 2508 1915 dicit
2544 1857 2853 1929 Apostolus,
2879 1856 3153 1913 carnalem
3191 1854 3379 1926 procul
3408 1854 3575 1910 dubio
3598 1854 3750 1908 dele-

485 1948 830 2006 ambulantes
850 1947 1066 2017 ερίτίιυν
1087 1954 1143 2002 ei
1169 1945 1361 2017 ερῑτίιιι
1382 1944 1649 2011 Viventes:
1669 1958 1777 1998 που
1802 1942 1901 1999 θυι)
1921 1942 2058 2014 ιεὸθο
2159 1949 2475 2017 elationem,
2506 1964 2667 2019 quam
2694 1946 2762 2005 de
2789 1962 2954 2003 carne
2975 1954 3031 2002 et
3055 1962 3176 2002 etim
3207 1961 3373 2002 carne
3394 1945 3625 2015 spiritus
3655 1945 3752 1998 ha-

486 2039 587 2098 sed
612 2039 767 2110 quasi
794 2039 893 2093 sub
922 2037 1038 2110 lege
1055 2036 1275 2103 vixisse,
1302 2044 1362 2091 ut
1386 2034 1489 2107 ipsi
1509 2033 1820 2090 viderentur
1845 2032 2049 2103 quidem

2158 2040 2272 2106 bet,
2307 2039 2719 2096 delectationem
2747 2052 2910 2109 quam
2949 2035 3095 2092 solus
3136 2035 3334 2092 habet:
3358 2035 3506 2092 solus
3547 2034 3755 2105 quippe

487 2144 613 2186 esse
639 2130 739 2185 sub
758 2128 908 2201 lese;
937 2126 1034 2184 sed
1057 2142 1172 2194 608.
1197 2126 1293 2199 qui
1315 2125 1414 2181 sub
1436 2124 1553 2196 lese
1574 2132 1748 2188 erant.
1778 2122 2062 2178 lucrifaoe-
2162 2132 2345 2198 habet,
2377 2131 2482 2187 nisi
2530 2129 2705 2196 fallor,
2733 2127 3056 2185 desiderium
3078 2167 3094 2193 ,
3125 2141 3233 2183 non
3268 2142 3393 2182 cum
3436 2125 3626 2181 carnis
3651 2140 3752 2179 vo-

491 2229 635 2287 rent,
659 2227 717 2275 et
741 2220 809 2274 ab
836 2217 1137 2274 humilitate
1167 2216 1360 2272 litterae
1382 2215 1451 2270 ad
1481 2214 1816 2270 altitudinem
1844 2213 2066 2285 spiritus
2162 2222 2390 2294 luptale,
2414 2222 2498 2278 vel
2521 2221 2817 2278 carnalium
2846 2235 3029 2276 rerum
3055 2219 3348 2290 cupiditate
3373 2218 3754 2280 oommislum,

490 2315 869 2383 Provocareut.
903 2306 1038 2364 Nam
1070 2316 1127 2363 et
1148 2306 1371 2371 Paulus.
1399 2305 1493 2376 qui
1523 2303 1723 2361 «Iudaeis
1747 2302 1963 2360 Judwus
1988 2302 2067 2357 fa—
2163 2331 2272 2387 quo
2301 2315 2570 2371 desiderat
2591 2322 2648 2369 et
2667 2311 2848 2369 deﬁcit
2874 2311 3055 2367 anima
3078 2310 3133 2365 in
3158 2310 3296 2364 atria
3327 2308 3540 2364 Domini
3571 2307 3753 2378 (Psal.

494 2410 620 2456 etus
652 2407 767 2466 est,
805 2407 863 2454 et
896 2399 1147 2455 omnibus
1181 2397 1391 2462 omnia,
1420 2404 1481 2451 ut
1514 2410 1704 2451 omnes
1730 2394 2049 2451 lucrifacere

2164 2402 2417 2474 unm).
2467 2401 2626 2458 Solus
2650 2401 2814 2456 habet
2840 2400 3002 2455 etiam
3039 2398 3189 2464 illud,
3219 2398 3287 2453 de
3315 2413 3423 2469 quo
3450 2399 3500 2453 ei
3526 2398 3755 2463 dicitur,

495 2491 551 2563 (ι
573 2489 698 2545 Cor.
721 2490 822 2560 Ix),
845 2505 949 2545 non
968 2490 1103 2545 dixit
1115 2489 1286 2558 factus
1314 2489 1408 2542 sub
1429 2487 1558 2558 lege,
1573 2486 1687 2551 sed,
1719 2484 1890 2555 factus
1916 2499 2047 2554 quas

2165 2494 2474 2565 Concupisti
2501 2493 2837 2565 sapientiam,
2864 2506 3021 2548 serva
3042 2491 3374 2553 mandatum,
3403 2496 3462 2543 et
3488 2488 3760 2544 Dominus

497 2577 596 2633 sub
623 2576 753 2648 lege,
778 2585 838 2632 ut
856 2575 1161 2632 ostenderet
1183 2591 1242 2632 se
1271 2591 1378 2631 non
1402 2574 1681 2630 veritatem
1702 2573 1858 2645 legis,
1884 2574 1978 2629 sed
1996 2572 2071 2627 si-
2165 2589 2370 2659 pmbe;
2401 2601 2521 2642 eam
2562 2584 2680 2641 tibi,
2716 2582 2852 2638 Nam
2888 2597 3012 2638 cum
3049 2580 3272 2650 θρετίιυε
3317 2579 3550 2649 impera;
3579 2594 3760 2633 mem.

498 2667 856 2726 militudinem
886 2666 1202 2723 custodisse.
1235 2666 1489 2721 Videmur
1516 2666 1672 2721 nobis
1696 2664 1921 2720 solvisse
1939 2679 2070 2734 pro-
2166 2678 2281 2734 bris
2305 2676 2569 2747 corporis,
2598 2682 2655 2730 ιιι
2694 2673 2821 2729 huic
2863 2671 3131 2728 desiderio
3175 2669 3436 2734 serviant,
3466 2684 3577 2738 quo
3604 2667 3762 2723 solus

502 2761 735 2832 positam
759 2761 1126 2831 quaestionem.
1160 2759 1268 2816 Sed
1288 2760 1415 2830 quid
1441 2759 1699 2815 faciemus
1719 2759 1785 2815 de
1803 2758 1897 2814 illo
1920 2756 2049 2814 Paul

2169 2767 2500 2834 accenditur,
2526 2765 2674 2821 velut
2702 2778 2828 2819 cum
2859 2761 3150 2818 assumitur
3176 2759 3376 2825 codex,
3403 2774 3527 2814 eum
3549 2756 3763 2828 aliquid

502 2849 736 2920 capitulo
749 2851 1008 2906 dicentis:
1030 2848 1161 2905 Cum
1183 2858 1356 2904 autem
1376 2850 1567 2904 venerit
1585 2846 1848 2917 plénitudo
1872 2857 2049 2919 tempo-

2170 2860 2448 2923 scribitur,
2479 2857 2692 2928 legitur,
2719 2854 3047 2926 disputatur,
3084 2852 3325 2917 auditur,
3355 2865 3479 2907 curn
3513 2848 3763 2914 denique

504 2941 599 3006 ris,
616 2940 754 2995 misit
774 2940 916 2995 Deus
936 2938 1135 2994 Filium
1153 2956 1306 2994 suum
1328 2938 1859 3011 factumexmuliere,
1875 2938 2074 3007 factum
2169 2950 2325 3022 panis
2368 2948 2632 3020 frangitur
2670 2945 2930 3003 esurienti
2969 2953 3024 3001 ει
3068 2952 3263 3000 cetera
3305 2942 3665 2998 humanitatis
3696 2956 3763 2997 ac

504 3030 601 3085 sub
624 3028 753 3101 lege,
775 3040 830 3084 ut
852 3046 959 3096 eos,
981 3032 1071 3101 qui
1084 3029 1178 3083 sub
1197 3029 1306 3100 lege
1320 3038 1490 3095 erant,
1515 3028 1827 3083 redimeret?
1847 3026 1905 3082 Si
1927 3027 2049 3082 enin

2172 3038 2555 3095 misericordia:
2597 3042 2921 3107 praestantur
2961 3031 3169 3099 cilicia,
3213 3032 3580 3089 obedientiam
3625 3046 3765 3087 eam

505 3121 752 3177 Christus
774 3122 873 3176 sub
900 3121 1015 3190 lege
1037 3119 1156 3185 fuit,
1174 3127 1229 3175 et
1255 3134 1362 3174 non
1390 3118 1541 3188 quasi
1564 3117 1662 3173 sub
1684 3117 1816 3189 lege,
1845 3124 1955 3171 tota
1983 3115 2074 3170 illa
2099 3085 2144 3150 ί)
2176 3128 2394 3184 exhibet
2414 3166 2431 3194 ,
2478 3141 2586 3181 non
2598 3085 3113 3194 rwncupiscemiam
3424 3120 3521 3176 His
3574 3085 3766 3189 iraque

505 3210 751 3280 superior
762 3209 1053 3279 disputatio
1064 3224 1233 3263 vacua
1255 3206 1365 3261 ﬁet.
1381 3207 1583 3262 Verum
1603 3215 1657 3261 et
1678 3207 1794 3261 hinc
1812 3205 2049 3276 oppositi

2176 3216 2483 3288 huiusmodi
2512 3214 2816 3278 desideriis,
2837 3212 3031 3273 auibus
3052 3210 3167 3266 sola
3190 3211 3369 3265 anima
3398 3209 3764 3278 concupiscit,

507 3299 574 3354 de
601 3313 700 3353 suo
728 3298 965 3353 solvetur
991 3297 1130 3352 loco.
1161 3296 1262 3365 Qui
1291 3296 1436 3352 enim
1459 3304 1743 3367 propterea
1777 3294 1950 3351 factus
1977 3296 2049 3350 sul

2178 3325 2299 3366 cum
2326 3309 2642 3365 adversatur
2673 3305 2898 3376 aliquid,
2928 3304 3071 3375 quod
3109 3304 3355 3359 eamdem
3402 3301 3641 3356 animam
3676 3315 3769 3355 se-

507 3386 626 3457 lege
646 3395 751 3450 est,
776 3393 835 3439 ut
855 3400 968 3449 eos,
993 3385 1082 3454 qui
1107 3392 1261 3439 erant
1283 3383 1384 3439 sub
1405 3383 1543 3454 lege,
1564 3384 1869 3459 redimeret,
1895 3385 2049 3454 utiqu

2176 3399 2413 3457 eundum
2456 3412 2673 3453 carnem
2698 3396 2961 3460 delectat,
2988 3401 3119 3450 tunc
3142 3393 3341 3448 dicitur
3374 3405 3504 3447 caro
3552 3405 3766 3446 concu-

507 3493 633 3533 eum
661 3485 805 3532 esset
833 3476 968 3532 liber
994 3493 1025 3531 a
1056 3476 1193 3546 lege,
1225 3476 1328 3548 legi
1357 3491 1416 3531 se
1444 3475 1676 3531 subdidit
1706 3475 1994 3540 voluntate,
2024 3490 2049 3531 e

2177 3491 2389 3562 piscere
2432 3487 2692 3543 adversus
2735 3485 2983 3556 spiritum
3011 3493 3067 3540 et
3091 3484 3313 3554 spiritus
3355 3483 3615 3539 adversus
3639 3496 3770 3535 car-

510 3566 681 3623 ιηυιιο
726 3575 848 3620 erat
890 3566 1056 3622 Palllo
1107 3566 1346 3632 liberior:
1376 3566 1468 3635 qui
1511 3582 1617 3621 "0“
1668 3566 1768 3620 sub
1814 3565 1950 3637 Ῑθεθν
1983 3565 2081 3620 sed
2179 3594 2322 3636 nem.
2358 3576 2511 3643 Quod
2534 3577 2578 3630 si
2600 3576 2813 3646 spiritu,
2839 3575 3033 3645 inquit,
3066 3574 3350 3639 ducimini,
3380 3588 3484 3630 non
3510 3572 3637 3626 estis
3662 3571 3767 3625 sub

510 3655 665 3726 quasi
696 3656 795 3711 sub
820 3654 937 3727 lege
964 3672 1022 3711 se
1061 3654 1224 3711 fuisse
1254 3664 1478 3710 testatus
1503 3663 1604 3710 est.
1638 3655 1705 3710 Et
1732 3657 1997 3726 quomodo
2025 3656 2081 3710 in
2181 3667 2309 3737 tege.
2351 3665 2539 3737 Magna
2586 3664 2719 3719 mihi
2748 3663 2960 3719 videtur
2987 3664 3234 3734 quaestio,
3261 3662 3389 3734 quid
3412 3662 3485 3717 sit
3510 3675 3631 3718 esse
3657 3661 3769 3717 sub

511 3759 727 3799 caenum
755 3752 811 3800 et
835 3744 1150 3800 barathrum
1179 3746 1367 3802 mortis
1392 3753 1611 3817 propter
1637 3763 1735 3802 nos
1771 3748 2079 3814 descendit,
2180 3754 2325 3827 lege,
2377 3755 2456 3810 sic
2503 3753 2953 3824 quemadmodum
2997 3753 3280 3823 Apostolus
3325 3753 3537 3827 culpat;
3584 3769 3772 3825 neque

511 3836 605 3906 qui
635 3837 921 3892 orabam!!!»
945 3837 1185 3893 dicentes
1209 3855 1222 3890 ε
1256 3836 1387 3903 Ωαίε
1414 3854 1495 3892 me
1521 3838 1756 3892 liberabit
1784 3839 1847 3893 de
1870 3855 2082 3910 corpore
2180 3845 2324 3900 enim
2358 3844 2462 3900 hoc
2491 3859 2615 3899 eum
2644 3852 2865 3914 propter
2903 3842 3391 3909 rircumcisionem,
3418 3851 3512 3897 aut
3550 3842 3644 3897 illa
3676 3858 3773 3898 ssc

512 3930 696 3982 mortis
717 3927 874 3998 hujus
892 3929 920 3984 2
947 3927 1123 4001 (Rom.
1156 3927 1251 4001 vn)
1282 3929 1356 3983 ita
1386 3937 1442 3984 et
1471 3944 1539 3985 ex
1567 3928 1789 3984 muliere
1817 3930 1963 3985 nasci
1992 3944 2084 3985 vo-
2180 3935 2406 4001 criticis,
2433 3949 2551 4005 quae
2581 3942 2706 3990 tunc
2748 3932 2888 3988 facta
2911 3948 2941 3987 a
2972 3933 3237 4003 patribus,
3261 3950 3407 3989 nunc
3430 3949 3461 3988 ε
3496 3933 3772 3991 (ζιιι-ίειίε-

514 4017 632 4085 luit,
661 4026 717 4073 et
739 4034 861 4075 esse
901 4021 1002 4075 sub
1034 4019 1166 4090 lege,
1200 4027 1257 4075 et
1288 4033 1411 4085 eos,
1433 4020 1524 4090 qui
1551 4028 1708 4074 erant
1732 4020 1842 4074 nati
1874 4020 1939 4076 de
1967 4035 2084 4074 mu-
2181 4028 2266 4083 nis
2292 4043 2400 4083 non
2437 4026 2591 4092 ﬁunt,
2621 4035 2676 4081 et
2704 4032 2900 4080 eaztera
2944 4006 3247 4095 huiusmodi
3273 4043 3285 4079 :
3311 4024 3407 4080 sed
3441 4025 3545 4080 hoc
3585 4024 3771 4094 ipsum

512 4107 645 4164 liere
690 4118 746 4165 et
786 4111 1040 4165 vivebant
1068 4111 1168 4166 sub
1197 4109 1333 4180 lege,
1363 4110 1614 4165 salvaret.
1647 4109 1830 4182 (Aug.)
1859 4109 2080 4180 Spiritu,
2182 4121 2368 4187 etiam,
2405 4119 2549 4189 quod
2596 4118 2679 4173 ιρι
2710 4117 2869 4183 dixit,
2905 4117 3031 4171 Νοη
3062 4118 3392 4188 concupisce;
3414 4134 3433 4171 ε
3455 4117 3599 4187 quod
3628 4115 3771 4170 [τηρ.

514 4203 714 4273 ίηίιυίιν
745 4204 1006 4258 ambula“
1038 4213 1087 4257 ετ
1109 4203 1551 4274 εοηεειρίεεεηείαε
1581 4202 1752 4256 cum“
1775 4218 1837 4256 ηε
1861 4202 2086 4272 Pellem-
2183 4226 2306 4265 mur
2349 4218 2497 4265 certe
2538 4208 2874 4265 Christianos
2919 4208 3229 4274 observare,
3264 4216 3426 4279 atque
3450 4208 3771 4279 evangelica

515 4296 653 4349 ritis.
686 4284 802 4348 Non
830 4295 927 4360 ait,
958 4293 1035 4348 Ne
1062 4293 1317 4358 feceritis,
1351 4294 1475 4363 quia
1498 4307 1594 4347 eas
1618 4307 1725 4347 non
1753 4293 1949 4348 habere
1977 4308 2083 4348 non
2183 4299 2418 4354 maxime
2464 4297 2819 4353 illustratione
2857 4297 3151 4368 praedicare
3181 4338 3197 4364 ,
3241 4297 3415 4369 legem
3458 4297 3591 4353 dicit
3642 4312 3773 4355 esse

515 4391 796 4454 poterant;
820 4382 935 4447 sed,
964 4398 1026 4437 ne
1047 4380 1363 4452 perfeceritis
1380 4421 1396 4446 ,
1426 4380 1479 4435 id
1505 4390 1588 4436 est
1616 4396 1684 4435 ne
1710 4396 1872 4451 opera
1898 4396 2049 4436 eorm

2148 4429 2162 4461 ι
2186 4402 2450 4458 sanctam,
2465 4400 2522 4448 et
2542 4391 2852 4447 mandatum
2882 4400 3127 4447 sanetum
3155 4401 3209 4446 et
3229 4391 3434 4461 justum
3458 4400 3514 4449 et
3539 4390 3767 4446 bonum.

516 4488 787 4530 consensu
815 4472 1109 4528 voluntatis
1137 4471 1420 4543 impleatis.
1448 4468 1600 4535 Quod
1628 4486 1756 4542 ergo
1779 4479 1861 4527 est
1885 4471 1951 4526 ad
1980 4470 2049 4526 ϐε

2148 4468 2159 4479 ’
2186 4483 2389 4539 Deinde
2410 4481 2682 4552 subiungit
2706 4499 2719 4535 :
2745 4481 2900 4547 Quod
2930 4497 3051 4550 ergo
3073 4480 3261 4534 bonum
3287 4491 3381 4547 est,
3413 4481 3540 4535 mihi
3566 4481 3771 4551 factum

517 4563 701 4618 latas:
736 4561 1193 4634 Concupiscentias
1235 4561 1409 4615 carnis
1466 4575 1530 4614 ne
1580 4559 1935 4631 perfeceritis,
1983 4560 2049 4617 ho

2186 4584 2259 4630 est
2284 4574 2466 4629 mors?
2489 4572 2658 4638 Absit,
2689 4573 2779 4627 sed
2800 4581 3090 4642 peccatum,
3107 4581 3163 4625 ut
3193 4580 3442 4642 appareat
3468 4580 3767 4640 peccatum,

517 4652 788 4708 contrario
834 4659 917 4707 est
956 4652 1024 4708 ad
1057 4651 1327 4707 Romanos
1351 4670 1364 4705 ε
1386 4648 1645 4721 Per/icere
1685 4662 1860 4708 autem
1896 4654 2086 4709 bonum
2184 4680 2277 4736 per
2307 4663 2498 4718 bonum
2533 4662 2660 4717 mihi
2691 4670 2960 4733 operatum
3000 4669 3077 4715 εει
3111 4670 3352 4727 mortem,
3378 4669 3436 4714 ut
3471 4661 3569 4729 βαι
3603 4676 3772 4729 ευρνα

517 4759 623 4797 non
645 4743 885 4807 invenio;
914 4743 1041 4813 quia
1071 4758 1170 4798 nec
1197 4742 1299 4798 illa:
1325 4741 1676 4813 perficiuntur
1700 4743 1753 4797 in
1774 4743 1935 4810 malo,
1955 4744 2088 4816 quo;
2186 4753 2400 4807 modum
2437 4760 2698 4823 peccator,
2721 4761 2814 4806 aut
2843 4762 3112 4822 peccatum
3135 4768 3227 4823 per
3258 4752 3563 4807 mandatum
3587 4750 3767 4824 (Rom.

517 4830 666 4887 niam
693 4831 772 4886 eis
793 4846 900 4887 non
926 4831 1133 4887 accedit
1155 4839 1354 4887 nostrae
1381 4830 1669 4887 voluntatis
1692 4847 1966 4899 assensus,
1988 4846 2089 4888 nec
2187 4841 2305 4913 vn).
2340 4815 2492 4908 Quod
2517 4815 2695 4896 autem
2730 4841 2821 4897 hic
2843 4815 2980 4896 dicit
3014 4815 3293 4911 peceatum
3320 4856 3419 4912 per
3450 4815 3771 4898 mandatum
3798 4815 3809 4825 ³

518 4928 703 4976 nostra
726 4920 975 4977 voluntas
991 4920 1268 4991 perficitur
1288 4921 1343 4976 in
1363 4921 1534 4988 bono,
1564 4922 1820 4993 quamdiu
1847 4921 2083 4989 illarum,
2189 4932 2306 4989 ﬁeri
2351 4946 2513 5003 supra
2562 4932 2801 4999 modum,
2851 4932 2955 4987 hoc
2995 4931 3161 4988 alibi;
3184 4930 3294 4986 Lex
3329 4932 3660 4997 subituram,
3706 4941 3771 4986 ut

519 5013 606 5070 cui
655 5027 761 5067 non
812 5012 1194 5078 consentimus,
1226 5022 1503 5084 permanet
1549 5023 1743 5068 motus.
1775 5009 1915 5066 Caro
1945 5012 2049 5067 enir

2188 5023 2477 5079 abundaret
2518 5024 2784 5079 delictum.
2819 5021 2923 5077 Ubi
2959 5033 3136 5078 autem
3177 5022 3423 5079 delictum
3458 5023 3767 5089 abundavit,

518 5100 835 5171 concupiscit
878 5102 1124 5157 adversus
1166 5102 1405 5173 ερίνὶιιιηι
1428 5142 1445 5168 ,
1486 5110 1535 5156 σε
1578 5102 1793 5171 ερὶνὶιιιι
1835 5098 2086 5156 adversm
2188 5112 2624 5182 superabundavit
2649 5113 2820 5182 gratia
2850 5108 3028 5183 (Rom.
3058 5110 3135 5183 v).
3180 5112 3247 5167 Et
3284 5112 3433 5178 alibi,
3460 5126 3583 5168 cum
3614 5127 3773 5184 sape

520 5206 749 5245 carnem.
781 5189 912 5245 Hcce
938 5191 1074 5246 enim
1116 5192 1330 5248 invicem
1372 5191 1716 5247 adversantur
1741 5190 1869 5255 sibi,
1898 5199 1951 5243 ut
1979 5205 2084 5245 non
2190 5200 2305 5255 rius
2329 5200 2395 5256 de
2425 5200 2824 5270 dispensatione
2854 5201 3042 5272 gratim
3083 5200 3427 5271 loqueretur,
3472 5200 3616 5272 quod
3645 5202 3769 5270 ipsa

521 5297 837 5353 qua'cuuque
862 5281 1038 5349 vultis,
1064 5281 1157 5338 illa
1186 5283 1416 5354 faciatis.
1439 5282 1572 5337 Cum
1599 5297 1728 5338 caro
1751 5282 2088 5352 concupiscit
2182 5288 2462 5361 justiﬁeet,
2485 5289 2629 5345 velut
2654 5291 2992 5362 interrogans
3015 5291 3094 5346 ait
3117 5309 3130 5345 :
3155 5291 3296 5356 Quid
3316 5307 3437 5363 ergo
3463 5291 3587 5346 lex?
3602 5300 3770 5362 atque

521 5374 779 5429 adversus
804 5374 1050 5445 spiritum
1089 5383 1144 5429 et
1188 5375 1410 5444 spiritus
1455 5373 1714 5428 adversus
1760 5388 2003 5437 curuum.
2030 5380 2089 5428 ut
2192 5379 2319 5436 huic
2349 5380 2757 5452 interrogationi
2792 5380 3048 5437 continuo
3093 5381 3405 5452 respondlt:
3434 5378 3769 5438 Ρνωνανὶςα-

522 5479 628 5520 non
678 5481 760 5529 ea,
788 5481 909 5535 quas
953 5465 1214 5529 volumus,
1245 5464 1535 5531 faciamus,
1565 5479 1665 5520 nec
1710 5465 1890 5520 carnis
1929 5463 2089 5534 perii-
2191 5471 2347 5524 tionis
2365 5471 2533 5541 gratia
2560 5471 2729 5540 posita
2755 5471 3028 5536 est,d0nec
3048 5472 3241 5527 veniret
3263 5472 3560 5537 semen,cui
3586 5488 3766 5544 repro-

484 5555 736 5615 ,ciuntur
782 5555 1248 5623 concupiscentize,
1273 5554 1521 5625 quamvis
1571 5552 1726 5622 fiant,
1755 5569 1854 5610 nec
1902 5562 2089 5609 nostra
2195 5559 2411 5613 missum
2454 5566 2552 5613 est.
2582 5557 2693 5613 llos
2720 5559 3101 5615 damnabiliter
3150 5561 3281 5617 dicit
3321 5576 3439 5619 esse
3483 5562 3585 5618 sub
3628 5562 3766 5634 lege,

522 5647 867 5720 perficiuntur
889 5649 1028 5705 bona
1075 5662 1260 5717 opera,
1291 5648 1535 5718 quamvis
1560 5649 1710 5707 fiant.
1753 5649 1905 5709 Sicut
1944 5649 2089 5707 enim
2194 5664 2329 5721 quos
2357 5666 2475 5708 reos
2504 5650 2631 5707 facit
2661 5649 2767 5716 les,
2798 5667 2903 5707 non
2946 5652 3229 5723 implentes
3272 5653 3474 5727 legem,
3504 5654 3633 5710 dum
3662 5668 3767 5710 non
