4022 6338
283 377 400 433 353

754 373 1297 433 ENARRATIONUM
1332 373 1400 428 IN
1436 373 1587 428 EPP.
1627 371 1846 428 EPlST.
1883 370 2014 428 LIB.
2053 371 2192 427 XVI.
2231 401 2300 412 —
2334 371 2402 426 IN
2439 371 2656 427 EPIST.
2692 373 2785 428 AD
2816 374 3047 431 GALA’I'

3417 383 3524 439 554

285 487 637 558 intelligendo
655 486 850 556 gratia:
873 485 1190 540 beneficium
1222 487 1290 539 ad
1331 483 1572 537 facienda
1602 483 1694 537 Dei
1719 497 1856 552 prte-
1885 485 1937 544 Α
1963 480 2235 551 corruptio
2258 483 2528 550 corporis,
2554 499 2673 553 qum
2701 495 2956 555 aggravat
2983 488 3236 558 animam,
3266 507 3374 549 non
3403 511 3530 565 pec-

286 589 470 648 cepta,
501 577 650 656 quasi
677 576 742 630 de
772 575 882 630 suis
910 575 1113 630 viribus
1157 576 1382 644 superba
1407 572 1637 627 elatione
1661 587 1864 641 prmsu-

285 677 448 720 munt
473 683 486 718 :
509 663 784 717 Plenitudo
811 666 949 717 enim
976 664 1101 734 legis
1130 664 1358 716 charitas
1383 662 1552 734 (Rom.
1577 667 1675 729 xu)
1702 679 1718 714 :
1741 663 1863 715 cha-

288 759 424 811 ritas
455 774 571 810 vero
605 756 696 808 Dei
721 755 916 824 diffusa
941 765 1015 810 est
1044 757 1102 809 in
1123 755 1363 808 cordibus
1391 755 1602 819 nostris,
1635 769 1740 807 non
1767 769 1864 823 per

287 846 560 914 nosipsos,
591 845 683 898 sed
727 859 819 912 per
868 843 1123 913 Spiritum
1171 851 1427 907 sanctum,
1455 845 1542 913 qui
1588 844 1744 897 datus
1789 853 1864 897 est

291 935 442 987 nobis
461 932 630 1003 (Rom.
651 932 726 1003 v).
751 932 840 986 Sic
867 947 996 1001 ergo
1026 932 1150 985 illud
1175 933 1316 1000 quod
1344 931 1429 986 lex
1459 931 1535 984 ait
1561 947 1574 986 :
1602 930 1724 984 Non
1741 946 1864 984 con-

289 1026 543 1093 cupisces,
575 1023 619 1077 si
646 1025 878 1077 humana
911 1022 1172 1092 fragilitas
1202 1022 1370 1092 gratia
1411 1021 1507 1076 Dei
1550 1018 1728 1088 adjuta
1758 1035 1862 1075 non

291 1112 480 1176 fuerit,
523 1113 622 1167 sub
652 1126 710 1166 se
740 1127 889 1166 reum
917 1119 1082 1176 tenet,
1108 1119 1162 1165 et
1190 1111 1655 1180 prazvaricatorem
1684 1111 1863 1181 potius

291 1203 536 1264 damnat,
563 1216 722 1272 quam
749 1201 940 1255 liberat
973 1209 1334 1270 peccatorem,
1365 1201 1579 1271 quando
1609 1199 1716 1265 illa,
1745 1216 1863 1270 qua:

290 1293 702 1363 signiﬁcationis
748 1309 908 1347 causa
959 1300 1224 1362 prtecepta
1269 1300 1392 1346 sunt
1433 1289 1792 1355 circumcisio,
1810 1297 1864 1344 et

292 1392 494 1437 caetera
536 1400 655 1454 qua:
690 1384 874 1454 gratia:
910 1379 1236 1436 revelatione
1287 1381 1450 1438 latius
1496 1381 1863 1435 innotescente

293 1491 517 1534 necesse
544 1475 719 1528 fuerat
743 1455 969 1535 aboleri,
985 1470 1282 1539 justificare
1305 1472 1572 1524 neminem
1591 1476 1860 1540 poterant,

291 1584 404 1624 non
433 1575 610 1620 tamen
641 1564 758 1617 ideo
803 1562 1012 1617 fuerant
1051 1570 1302 1629 tanquam
1337 1559 1596 1615 diabolica
1625 1547 1865 1630 gentium

290 1655 577 1724 sacrilegia
605 1651 884 1722 fugienda,
911 1651 1072 1704 etiam
1099 1667 1218 1705 cum
1248 1651 1362 1718 ipsa
1393 1657 1560 1719 gratia
1601 1648 1864 1717 inciperet

291 1745 548 1809 revelari,
577 1757 694 1813 qua:
721 1740 925 1794 umbris
952 1739 1147 1794 talibus
1177 1729 1743 1808 fuerat'przenuntiata,
1769 1736 1862 1790 sed

1963 573 2070 627 cati
2098 572 2257 640 primi
2293 583 2375 627 est
2412 589 2595 638 causa,
2619 576 2712 630 sed
2751 591 2941 645 paena;
2970 595 3068 634 nec
3106 598 3232 638 caro
3266 589 3529 656 corrupti-

1961 659 2084 713 bilis
2113 661 2468 728 peccatricem
2491 664 2723 717 animam
2743 705 2757 729 ,
2790 667 2881 720 sed
2904 667 3081 721 anima
3107 674 3373 738 peccatrix
3401 674 3532 732 fecit

1963 763 2081 803 esse
2136 750 2533 825 corruptibilem
2593 767 2846 820 carnem;
2896 770 2960 808 ex
3013 771 3119 824 qua
3186 763 3528 831 corruptione

1963 836 2143 891 carnis
2189 837 2314 892 licet
2353 840 2586 894 existant
2617 842 2860 909 quaedam
2891 843 3240 900 incitamenta
3276 843 3528 906 vitiorum

1962 934 2018 980 et
2060 926 2174 994 ipsa
2223 927 2488 983 desideria
2534 931 2748 995 vitiosa,
2800 947 2904 986 non
2952 942 3129 989 tamen
3181 939 3363 993 omnia
3405 941 3532 996 vitae

1963 1015 2158 1086 iniquae
2198 1017 2326 1071 vitia
2365 1019 2644 1074 tribuenda
2690 1031 2814 1076 sunt
2841 1037 3024 1088 carm,
3056 1040 3123 1078 ne
3153 1026 3219 1080 ab
3246 1027 3329 1082 his
3355 1031 3531 1084 omni-

1961 1106 2063 1162 bus
2107 1123 2396 1178 purgemus
2443 1110 2737 1177 diabolum,
2788 1113 2878 1180 qui
2928 1129 3034 1168 non
3082 1115 3242 1170 habet
3286 1133 3526 1175 carnem.

1961 1194 2092 1262 Quis
2117 1205 2294 1251 autem
2318 1197 2408 1252 illo
2430 1207 2512 1252 est
2535 1199 2837 1256 inimicior?
2862 1203 2989 1266 scis;
3021 1206 3141 1273 quis
3161 1209 3418 1265 adversus
3431 1227 3531 1266 nos

1961 1285 2364 1350 contentiosior,
2390 1287 2700 1354 animosior,
2728 1299 2783 1344 et
2809 1293 2978 1362 magis
3005 1296 3226 1350 aemulus
3261 1308 3420 1368 atque
3449 1301 3531 1354 in-

1961 1371 2116 1426 vidus
2156 1372 2458 1428 invenitur?
2498 1385 2553 1430 et
2600 1379 2713 1432 haec
2751 1383 2964 1447 omnia,
3015 1401 3134 1439 cum
3185 1387 3378 1442 habeat
3415 1391 3535 1446 sine

1962 1475 2144 1527 carne,
2166 1465 2431 1530 quomodo
2444 1474 2566 1520 sunt
2581 1467 2680 1521 ista
2703 1485 2866 1539 opera
2887 1474 3086 1539 carnis,
3107 1477 3208 1530 nisi
3233 1479 3355 1546 quia
3369 1495 3532 1549 opera

1963 1561 2087 1606 sunt
2134 1555 2384 1620 hominis,
2415 1572 2594 1626 quem,
2628 1560 2766 1614 sicut
2809 1561 2938 1626 dixi,
2967 1567 3181 1619 nomine
3217 1570 3395 1624 carnis
3436 1586 3534 1640 ap—

1959 1643 2157 1712 pellat?
2182 1643 2296 1698 Non
2330 1647 2472 1700 enim
2503 1649 2747 1706 habendo
2781 1667 3019 1718 carnem,
3044 1671 3201 1723 quam
3240 1674 3344 1712 non
3373 1661 3534 1714 habet

1962 1733 2234 1800 diabolus;
2263 1737 2354 1790 sed
2399 1738 2624 1794 vivendo
2670 1745 2964 1797 secundum
3013 1746 3266 1814 seipsnm,
3304 1750 3404 1804 hoc
3449 1760 3536 1804 est

290 1835 652 1906 permittenda
708 1831 924 1903 paulum
953 1831 1052 1895 eis,
1077 1829 1308 1884 maxime
1331 1844 1395 1882 ex
1425 1827 1514 1881 illo
1538 1827 1734 1898 populo
1777 1827 1864 1880 cui
1895 1819 1940 1878 B
1969 1825 2260 1879 secundum
2286 1827 2557 1883 hominem
2594 1831 2768 1887 factus
2793 1843 2876 1888 est
2902 1835 3092 1890 similis
3118 1837 3347 1892 diabolo.
3378 1839 3533 1909 (Hie-

287 1919 574 1990 venerant,
602 1930 786 1992 postea
817 1936 946 1975 vero
971 1928 1225 1988 tanquam
1254 1934 1372 1987 cum
1412 1917 1615 1971 honore
1657 1915 1863 1985 sepulta

291 2015 728 2075 sintChristianis
740 2013 987 2068 omnibus
1001 2007 1537 2080 irreprehensibiliter
1549 2009 1860 2062 deserenda.

363 2107 651 2176 Manifesta
681 2114 852 2157 autem
879 2111 998 2158 sunt
1026 2119 1182 2172 opera
1211 2102 1384 2155 carnis
1403 2140 1417 2165 ,
1444 2117 1560 2172 qua:
1593 2109 1712 2153 sunt
1755 2099 1864 2168 for-

291 2197 510 2259 nicatio,
535 2193 884 2260 immunditia,
916 2193 1146 2257 luxuria,
1176 2191 1433 2245 idolorum
1457 2189 1694 2256 servitus,
1718 2208 1866 2246 vene-

291 2287 442 2354 ﬁcia,
459 2285 766 2347 inimicitiis,
781 2284 1155 2347 contentiones,
1176 2280 1554 2348 cernulationes,
1574 2282 1686 2345 irae,
1712 2281 1860 2347 rixas,

291 2375 660 2440 dissensiones,
701 2382 875 2436 sectar,
921 2372 1158 2437 invidiae,
1204 2372 1484 2425 homicidia
1512 2411 1528 2437 ,
1571 2370 1860 2437 ebrietates,

291 2465 717 2527 comessationes,
741 2473 788 2516 et
813 2461 892 2516 his
919 2462 1133 2526 similia,
1165 2477 1279 2531 qua:
1307 2460 1532 2530 praedico
1563 2459 1703 2516 vobis
1729 2460 1862 2514 sicut

289 2557 540 2627 pra'dixi,
574 2557 820 2626 quoniam
861 2553 948 2624 qui
989 2553 1116 2606 talia
1145 2561 1327 2623 agunt,
1362 2568 1572 2622 regnum
1619 2552 1717 2606 Dei
1761 2568 1864 2606 non

291 2657 690 2717 consequentur.
723 2644 944 2716 (Ambr.)
968 2643 1092 2698 Haec
1113 2643 1291 2697 omnia
1320 2651 1373 2698 et
1399 2643 1482 2698 his
1510 2641 1705 2696 similia
1731 2641 1863 2712 legis

291 2735 504 2806 peccati
548 2734 786 2789 membra
835 2742 974 2799 sunt,
1008 2748 1125 2803 qua:
1153 2732 1438 2803 Apostolus
1480 2747 1642 2802 opera
1683 2730 1865 2785 carnis

290 2821 547 2894 appellat,
575 2822 698 2891 quia
727 2837 938 2876 errores
970 2821 1053 2875 isti
1081 2835 1145 2874 ex
1177 2821 1375 2875 mundo
1401 2827 1545 2884 sunt,
1570 2835 1638 2872 ex
1681 2833 1787 2888 quo
1809 2827 1864 2876 et

292 2931 445 2981 caro;
475 2915 649 2970 omnia
698 2929 927 2982 namque
967 2920 1185 2982 peccata
1226 2913 1292 2966 de
1331 2910 1459 2966 foris
1507 2910 1772 2974 oriuntur,
1797 2925 1864 2964 ex

287 3015 449 3074 parte
476 3005 675 3068 carnis,
706 3017 809 3056 non
838 3018 903 3057 ex
927 3009 1078 3072 parte
1103 3001 1343 3070 spiritus,
1370 2999 1486 3054 ideo
1507 3015 1611 3054 non
1633 2997 1862 3054 absurde

292 3111 461 3167 opera
487 3094 666 3150 carnis
691 3092 958 3147 dicuntur.
993 3091 1172 3162 (Aug.)
1202 3087 1368 3143 Totus
1395 3089 1494 3142 iste
1522 3086 1760 3157 epistola:
1786 3087 1865 3143 lo-

293 3165 397 3242 cus
432 3185 804 3241 consideratus
857 3181 1055 3252 poterit
1095 3182 1233 3236 hanc
1275 3179 1562 3234 dissolvere
1607 3179 1862 3248 qumstio—
1891 3165 1938 3230 C

293 3291 420 3330 nem
437 3315 452 3338 ,
482 3274 609 3343 quid
634 3273 702 3328 sit
729 3273 1016 3327 secundum
1043 3285 1260 3325 carnem
1286 3270 1486 3324 vivere.
1527 3268 1585 3323 In
1613 3270 1864 3340 operibus

291 3367 480 3422 carnis
505 3380 754 3435 namque,
796 3379 914 3434 qua:
957 3361 1239 3418 manifesta
1277 3376 1397 3417 esse
1436 3361 1668 3416 diximus
1695 3376 1866 3430 eaque

293 3463 716 3513 commemorata
746 3453 1036 3519 damnavit,
1067 3437 1172 3507 non
1198 3451 1284 3506 illa
1315 3459 1520 3506 tantum
1565 3452 1866 3506 invenimus

295 3563 418 3618 quae
447 3547 515 3600 ad
547 3541 870 3614 voluptatem
899 3543 1166 3614 pertinent
1203 3542 1403 3606 carnis,
1434 3542 1593 3597 sicuti
1626 3550 1726 3607 est,
1759 3540 1867 3596 for-

293 3638 523 3700 nicatio,
553 3633 906 3696 immunditia,
934 3633 1164 3697 luxuria,
1187 3631 1493 3696 ebrietates,
1520 3631 1868 3686 comessatio-

296 3743 399 3782 nes
421 3745 435 3780 :
459 3741 644 3784 verum
671 3724 830 3778 etiam
855 3721 939 3776 illa
955 3723 1148 3792 quibus
1168 3722 1332 3775 animi
1351 3721 1477 3775 vitia
1499 3721 1870 3796 demonstran-

297 3828 412 3883 tur,
441 3833 472 3872 a
493 3817 762 3886 voluptate
791 3815 968 3870 carnis
987 3813 1180 3892 aliena.
1206 3811 1338 3880 Quis
1359 3811 1502 3866 enim
1528 3811 1866 3878 servitutem,

295 3924 421 3978 qua:
449 3907 602 3962 idolis
646 3905 942 3970 exhibetur,
971 3903 1254 3967 veneficia,
1285 3902 1615 3968 inimicitias,
1643 3911 1868 3958 conten-

297 4001 494 4060 tiones,
527 3996 916 4074 animosigtes,
939 3994 1318 4059 dissensiones,
1341 3993 1591 4059 haereses,
1618 3992 1866 4059 invidias,

297 4105 408 4144 non
453 4089 629 4158 potius
659 4083 916 4153 intelligat
951 4085 1115 4139 animi
1141 4085 1272 4138 vitia
1311 4098 1430 4138 esse
1456 4099 1617 4153 quam
1643 4084 1868 4138 carnis?

297 4178 732 4252 quandoquidem
768 4177 882 4232 fieri
909 4185 1104 4247 potest,
1131 4185 1189 4230 ut
1226 4184 1445 4247 propter
1487 4173 1864 4241 idololatriam,

294 4277 385 4331 vel
411 4274 633 4330 haeresis
654 4272 876 4342 alicujus
900 4287 1157 4337 errorem,
1193 4287 1222 4325 a
1246 4271 1603 4340 voluptatibus
1625 4272 1868 4341 corporis

295 4377 650 4438 temperetur,
691 4374 747 4420 et
793 4374 970 4420 tamen
1021 4365 1182 4419 etiam
1227 4373 1354 4418 tunc
1395 4364 1576 4427 homo,
1621 4362 1867 4431 quamvis

296 4460 483 4516 carnis
527 4457 771 4512 libidines
806 4455 1082 4510 continere
1127 4461 1286 4524 atque
1323 4452 1573 4508 cohibere
1597 4452 1862 4515 videatur,

296 4549 596 4604 secundum
621 4561 836 4601 carnem
873 4544 1055 4600 vivere
1084 4544 1186 4598 hac
1227 4541 1517 4613 apostolica
1545 4541 1867 4596 auctoritate

297 4640 659 4706 convincitur,
692 4647 751 4694 ut
798 4639 850 4692 in
885 4653 949 4692 eo
988 4639 1127 4707 quod
1166 4637 1399 4698 abstinet
1438 4650 1469 4688 a
1507 4632 1868 4703 voluptatibus

297 4731 502 4794 carnis,
529 4729 849 4784 damnabilia
874 4743 1036 4798 Opera
1060 4728 1236 4782 carnis
1263 4740 1423 4796 agere
1451 4725 1865 4779 demonstretur.

298 4823 436 4889 Quis
479 4821 785 4876 inimicitias
820 4836 925 4876 non
965 4821 1015 4874 in
1059 4819 1237 4874 animo
1275 4819 1488 4881 habeat,
1517 4825 1610 4870 aut
1644 4815 1766 4884 quis
1794 4814 1868 4868 ita

296 4913 572 4982 loquatur,
605 4920 662 4963 ut
687 4909 905 4965 inimico
933 4924 1049 4974 suo,
1071 4908 1156 4962 vel
1200 4921 1357 4976 quem
1385 4914 1539 4975 putat
1560 4904 1864 4970 inimicum,

297 5005 470 5067 dicat,
490 5001 679 5055 Malam
696 5015 932 5065 carnem,
960 5016 1022 5054 ac
1051 5014 1155 5053 non
1183 4998 1360 5067 potius
1388 4995 1586 5051 malum
1603 4995 1866 5058 animum,

297 5095 472 5148 babes
501 5091 754 5144 adversus
783 5089 902 5142 me?
942 5088 1050 5142 Cur
1078 5102 1205 5156 ergo
1247 5087 1362 5140 haec
1391 5085 1569 5139 omnia
1598 5091 1652 5138 et
1686 5083 1770 5138 his
1795 5083 1868 5137 si-

297 5180 452 5238 milia
479 5182 666 5234 doctor
692 5179 924 5249 gentium
955 5177 1006 5230 in
1045 5175 1146 5230 fide
1172 5183 1225 5229 et
1255 5174 1478 5228 veritate
1499 5187 1661 5242 opera
1690 5175 1869 5227 carnis

299 5267 554 5338 appellat,
583 5267 686 5320 nisi
725 5265 863 5333 quod
903 5279 968 5318 eo
1001 5263 1284 5317 locutionis
1332 5264 1520 5325 moJo,
1547 5275 1653 5329 quo
1696 5267 1867 5314 totum

298 5357 639 5431 significatur
682 5371 713 5410 a
755 5364 928 5425 parte,
957 5355 1127 5423 ipsum
1181 5352 1450 5406 hominem
1495 5349 1608 5403 vult
1653 5349 1868 5404 nomine

298 5447 484 5503 carnis
529 5443 767 5513 intelligi.
807 5442 957 5508 Quod
985 5443 1030 5495 si
1060 5441 1179 5510 quis
1227 5440 1441 5508 quidem
1485 5439 1614 5493 dicit
1646 5453 1866 5492 carnem

298 5549 520 5591 causam
549 5547 664 5587 esse
687 5531 841 5586 malis
865 5531 1101 5585 moribus
1127 5543 1566 5598 quorumcunque
1590 5528 1864 5594 vitiorum,

301 5639 368 5678 eo
389 5623 532 5692 quod
561 5623 738 5676 anima
783 5637 942 5677 carne
969 5619 1158 5674 affecta
1189 5619 1268 5673 sic
1293 5618 1449 5682 vivit,
1480 5619 1721 5688 profecto
1745 5618 1866 5672 uni-

303 5729 518 5769 versam
561 5715 791 5770 hominis
841 5721 1082 5768 naturam
1129 5711 1408 5782 diligenter
1452 5711 1696 5767 advertit.
1734 5709 1866 5767 Nam

1966 1913 2105 1983 ron.)
2151 1913 2256 1968 Sed
2297 1925 2350 1970 et
2393 1917 2519 1973 illud
2564 1921 2854 1992 eleganter,
2885 1926 3026 1994 quod
3071 1926 3123 1980 in
3167 1943 3329 2006 carne
3371 1945 3534 1998 opera

1963 2002 2162 2070 posuit,
2186 2001 2395 2059 fructus
2438 2005 2492 2059 in
2533 2009 2725 2077 spiritu
2756 2029 2769 2063 :
2797 2012 2923 2080 quia
2972 2013 3099 2066 vitia
3147 2001 3199 2068 in
3248 2019 3536 2086 semetipsa

1963 2088 2224 2144 liniuntur
2263 2100 2318 2145 et
2355 2106 2614 2162 pereunt;
2643 2099 2872 2155 virtutes
2915 2099 3155 2171 frugibus
3191 2105 3453 2173 pullulant
3479 2116 3534 2163 et

1964 2179 2281 2236 redundant.
2319 2181 2396 2237 Ne
2423 2193 2671 2254 putemus
2698 2191 2890 2244 animm
2930 2192 3130 2247 nullum
3159 2210 3276 2250 esse
3305 2213 3460 2267 Opus,
3487 2198 3534 2253 si

1961 2271 2095 2326 vitia
2121 2274 2291 2341 carni,
2319 2276 2544 2334 virtutes
2569 2281 2780 2348 spiritui
2805 2278 3155 2354 deputentur;
3181 2289 3304 2357 quia
3331 2291 3534 2355 anima,

1962 2372 2023 2416 ut
2050 2379 2212 2433 supra
2257 2367 2512 2434 diximus,
2545 2370 2601 2423 in
2636 2372 2867 2440 quodam
2898 2377 3193 2432 meditullio
3235 2381 3408 2448 posita
3450 2383 3534 2436 vel

1962 2458 2111 2511 carni
2135 2458 2378 2530 jungitur
2408 2471 2464 2517 et
2489 2463 2686 2518 dicitur
2707 2466 2774 2520 de
2805 2482 2904 2522 ea:
2933 2468 3054 2524 Non
3085 2474 3398 2540 permanebit
3429 2477 3536 2544 spi-

1962 2547 2094 2600 ritus
2138 2563 2280 2602 meus
2315 2550 2368 2603 in
2397 2550 2692 2607 hominibus
2735 2555 2866 2619 istis,
2906 2557 3029 2626 quia
3075 2575 3196 2612 caro
3227 2572 3342 2614 sunt
3376 2561 3530 2634 (Gen.

1962 2639 2070 2711 vi);
2104 2640 2187 2694 vel
2214 2642 2424 2711 spiritui
2465 2644 2764 2714 cepulatur,
2795 2655 2848 2701 et
2872 2647 2926 2701 in
2956 2649 3178 2718 spiritus
3212 2653 3530 2708 vocabulum

1963 2728 2186 2792 transit;
2212 2730 2302 2798 qui
2329 2732 2464 2783 enim
2506 2731 2738 2786 adhwret
2785 2735 3008 2790 Domino
3046 2753 3180 2791 unus
3220 2741 3432 2809 spiritus
3456 2750 3533 2796 est

1965 2814 2014 2884 (1
2043 2812 2163 2868 Cor.
2189 2815 2284 2886 vn).
2319 2816 2557 2872 Primum
2589 2821 2774 2891 itaque
2797 2825 2976 2878 carnis
3007 2841 3142 2896 opus
3165 2836 3268 2892 est,
3297 2828 3533 2885 fornica-

1967 2905 2062 2958 tio.
2105 2904 2384 2960 Manifesta
2417 2908 2470 2961 in
2503 2911 2724 2966 exordio
2763 2915 2978 2982 posuit,
3009 2931 3075 2970 ne
3099 2917 3165 2971 de
3191 2919 3381 2973 mediis
3420 2936 3538 2974 am-

1963 2995 2228 3066 bigamus.
2263 2995 2428 3052 Omne
2452 2997 2594 3054 enim
2628 3003 2966 3074 quodcunque
2991 3005 3164 3072 fecerit
3191 3006 3366 3072 homo,
3386 3019 3535 3064 extra

1966 3079 2152 3155 corpus
2194 3097 2265 3141 est
2289 3099 2306 3137 :
2328 3088 2418 3158 qui
2446 3099 2619 3142 autem
2642 3091 2952 3160 fornicatur,
2983 3094 3037 3146 in
3067 3111 3222 3149 carne
3244 3112 3340 3150 sua
3360 3111 3538 3166 peccat

1969 3174 2176 3245 (Ibid).
2209 3175 2274 3232 Et
2302 3193 2405 3232 non
2429 3193 2616 3234 sumus
2635 3181 2824 3246 nostri,
2851 3182 3015 3252 empti
3035 3184 3180 3238 enim
3208 3199 3392 3241 sumus
3415 3202 3540 3256 pre-

1967 3265 2060 3331 tio,
2075 3265 2434 3337 glorificemus
2453 3276 2507 3323 et
2524 3279 2798 3339 portemus
2819 3271 2985 3327 Deum
3006 3273 3060 3327 in
3084 3289 3308 3344 corpore
3329 3285 3533 3333 nostro.

1964 3355 2021 3411 In
2044 3372 2108 3412 eo
2133 3356 2424 3414 fornicator
2441 3359 2660 3429 majoris
2680 3372 2760 3417 est
2783 3364 3042 3429 criminis,
3059 3367 3185 3434 quia
3208 3367 3343 3422 tollit
3369 3385 3537 3424 metu-

1964 3447 2064 3502 bra
2108 3445 2329 3513 Christi,
2353 3458 2409 3505 et
2459 3448 2587 3506 facit
2623 3467 2686 3507 ea
2717 3455 2957 3508 membra
3002 3457 3302 3512 meretricis
3339 3476 3352 3512 :
3381 3469 3540 3514 erunt

1966 3536 2161 3606 quippe
2201 3536 2305 3592 duo
2346 3538 2399 3592 in
2447 3553 2609 3595 carne
2649 3557 2776 3596 una.
2810 3543 2911 3610 Qui
2949 3559 3055 3599 non
3092 3557 3172 3600 est
3216 3546 3405 3612 fidelis,
3435 3565 3539 3605 nec

1967 3625 2139 3681 credit
2159 3626 2212 3680 in
2225 3626 2462 3695 Christo,
2484 3645 2580 3684 sua
2609 3633 2850 3688 membra
2877 3633 3006 3688 facit
3030 3637 3270 3692 membra
3295 3639 3541 3695 meretri-

1966 3714 2086 3769 cis:
2118 3717 2208 3786 qui
2240 3719 2410 3774 credit
2453 3729 2507 3774 et
2548 3721 2865 3789 fornicatur,
2898 3724 3095 3780 Christi
3127 3729 3366 3782 membra
3409 3728 3541 3785 facit

1968 3806 2208 3860 membra
2247 3809 2566 3865 meretricis.
2612 3811 2655 3864 E
2699 3815 2970 3868 contrario
3015 3815 3246 3873 infidelis
3286 3819 3339 3873 in
3364 3819 3537 3874 forni-

1967 3897 2177 3952 catione
2201 3913 2295 3953 sua
2324 3907 2508 3954 utrum
2535 3901 2699 3958 violet
2739 3919 2806 3957 an
2835 3904 3062 3960 aedificet
3088 3908 3341 3978 templum
3372 3911 3538 3978 idolo,

1967 3988 2176 4054 nescio;
2203 4003 2301 4058 per
2326 3989 2455 4044 vitia
2481 3991 2675 4060 quippe
2697 3993 2780 4048 vel
2801 3995 3034 4050 maxime
3059 3996 3328 4053 daemones
3356 4000 3538 4054 colun-

1967 4083 2074 4130 tur.
2102 4075 2214 4132 Hoc
2237 4094 2399 4132 unum
2422 4079 2554 4146 scio,
2583 4081 2725 4150 quod
2753 4084 2844 4152 qui
2869 4093 2989 4152 post
3016 4084 3172 4139 fidem
3200 4087 3397 4142 Christi
3423 4089 3536 4144 for-

1968 4167 2200 4233 nicatur,
2233 4168 2397 4223 violat
2425 4171 2679 4240 templum
2715 4174 2830 4228 Dei.
2866 4174 3169 4232 Secundum
3198 4194 3330 4249 Opus
3359 4182 3537 4237 carnis

1967 4255 2304 4312 immunditia
2351 4269 2710 4330 nuncupatur,
2746 4272 2801 4317 et
2828 4278 2947 4317 eam
2975 4279 3158 4319 comes
3199 4266 3409 4322 luxuria
3445 4283 3534 4324 se»

1965 4348 2168 4416 quitur.
2215 4347 2490 4413 Quomodo
2528 4351 2672 4406 enim
2722 4352 2775 4406 in
2828 4354 2995 4408 veteri
3046 4356 3161 4426 lege
3199 4357 3265 4412 de
3293 4356 3544 4414 nefandi.

1966 4436 2299 4501 criminibus,
2331 4452 2453 4506 quae
2498 4437 2549 4492 in
2594 4440 2804 4495 occulto
2849 4441 3002 4508 ﬁunt,
3048 4449 3105 4496 et
3145 4459 3208 4499 ea
3259 4447 3539 4502 nominare

1893 4509 1942 4568 Ῑ)
1969 4525 2333 4594 turpissimum
2365 4535 2468 4593 est,
2501 4543 2568 4583 ne
2599 4537 2654 4584 et
2699 4529 2926 4584 dicentis
2954 4546 3014 4585 os
3056 4541 3109 4586 et
3137 4548 3295 4588 aures
3321 4535 3540 4590 audien-

1967 4618 2098 4670 tium
2144 4616 2530 4685 polluerentur,
2568 4620 2890 4689 generaliter
2936 4619 3213 4690 Scriptura
3257 4623 3533 4693 complexa

1965 4715 2050 4762 est
2091 4707 2307 4762 dicens:
2344 4706 2672 4763 Verecundos
2717 4709 2822 4781 (vel
2866 4709 3168 4778 reverentes)
3193 4711 3348 4780 facite
3395 4713 3534 4780 ﬁlios

1968 4794 2139 4848 Israel
2166 4798 2230 4849 ab
2259 4797 2398 4849 omni
2420 4799 2748 4852 immunditia
2777 4798 2920 4869 (Leo.
2942 4799 3032 4870 xv)
3059 4817 3072 4853 :
3099 4802 3178 4854 sic
3207 4800 3261 4856 in
3290 4802 3391 4859 hoc
3419 4804 3536 4859 loco

1969 4895 2192 4941 caeteras
2219 4887 2672 4942 extraordinarius
2699 4888 3026 4958 voluptates,
3057 4889 3294 4960 ipsarum
3323 4909 3535 4964 quoque

1970 4989 2133 5044 opera
2155 4976 2481 5044 nuptiarum,
2499 4978 2543 5030 si
2567 4991 2670 5031 non
2692 4979 2993 5034 verecunde
3013 4988 3064 5034 et
3091 4996 3212 5035 cum
3235 4981 3534 5051 honestate,

1969 5062 2122 5132 quasi
2151 5063 2250 5116 sub
2276 5063 2444 5118 oculis
2465 5064 2559 5118 Dei
2591 5064 2754 5130 ﬁant,
2785 5074 2845 5120 ut
2872 5076 3078 5122 tantum
3117 5069 3303 5126 liberis
3337 5073 3537 5128 servia-

1968 5162 2080 5220 tur,
2108 5155 2498 5210 immunditiam
2529 5165 2581 5210 et
2614 5157 2878 5212 luxuriam
2907 5161 3225 5216 nominavit.
3275 5162 3534 5229 Quartum

1970 5250 2022 5304 in
2062 5249 2305 5318 catalogo
2329 5265 2552 5320 Operum
2574 5252 2773 5316 carnis,
2805 5251 3110 5307 idololatria
3156 5253 3330 5310 locum
3368 5263 3532 5311 tenet.

1973 5339 2073 5406 Qui
2098 5341 2240 5395 enim
2271 5357 2330 5396 se
2359 5341 2526 5396 semel
2555 5341 2776 5398 luxuria:
2816 5344 3180 5415 voluptatique
3207 5347 3534 5414 permiserit,

1972 5448 2078 5488 non
2093 5433 2308 5502 respicit
2323 5440 2636 5489 creatorem.
2661 5435 2806 5490 Alias
2827 5444 3003 5490 autem
3018 5437 3192 5491 omnis
3214 5437 3534 5502 idololatria,

1971 5524 2280 5590 festivitate,
2311 5526 2452 5596 gula,
2483 5535 2689 5593 ventre,
2717 5536 2771 5581 et
2812 5528 2896 5582 his
2945 5544 3064 5596 quae
3107 5527 3247 5584 infra
3292 5537 3534 5583 ventrem

1971 5625 2114 5682 sunt,
2146 5616 2460 5672 delectatur.
2495 5618 2560 5672 Et
2583 5634 2648 5673 ne
2688 5617 2908 5673 forsitan
2930 5619 3182 5674 veneficia
3207 5628 3260 5672 et
3281 5619 3536 5672 malefica:

1973 5719 2117 5765 artes
2146 5725 2248 5766 non
2277 5709 2584 5766 viderentur
2610 5710 2662 5766 in
2693 5709 2840 5766 Novo
2869 5711 3138 5779 prohibita
3169 5709 3532 5772 Testamento,
