4022 6338
486 425 592 484 355

1142 421 1202 476 Β.
1243 418 1497 474 RABANI
1534 416 1751 472 MAURI
1785 410 2107 469 ARCIIIEP.
2145 407 2454 464 MOGUNT.
2495 404 2778 462 OPERUM
2811 401 2991 459 PARS
3027 401 3113 458 ill.

3632 401 3747 457 556

488 539 618 612 ipsa:
665 552 874 609 quoque
921 535 1060 589 inter
1101 533 1282 589 carnis
1320 545 1484 601 opera
1529 527 1894 590 nominantur,
1927 522 2054 593 quia
2082 523 2137 582 Α
2159 517 2356 580 nalem,
2380 513 2602 612 artiﬁcis
2626 513 2693 612 ad
2719 512 2957 612 ejusdem
2979 512 3158 612 operis
3179 509 3480 612 frtiﬁcem.
3507 509 3748 611 Nonium

489 599 629 698 δ’τερε
671 599 892 694 magicis
937 622 1143 677 artibus
1189 628 1244 675 et
1286 599 1467 674 amare
1518 616 1729 672 miseris
1774 613 1956 669 evenit
2001 621 2058 667 et
2156 619 2317 677 quam
2343 605 2542 669 evenit,
2558 613 2617 658 ut
2646 603 2698 658 in
2731 602 3156 672 expositionibus
3179 599 3750 670 Scripturarurnoria-

489 692 680 772 amari.
727 692 1008 769 [inimicitia
1054 725 1294 781 quoque,
1327 724 1446 778 qua:
1472 715 1594 778 post
1616 703 1873 760 veneficia
1901 701 2060 773 poni-
2156 705 2245 752 tur
2281 693 2543 750 dissensio
2576 713 2588 747 :
2621 708 2652 748 e
2677 693 2886 762 quibus,
2914 692 3146 746 haereses
3175 703 3408 758 quoque,
3443 703 3562 758 quae
3599 702 3750 742 nunc

493 817 598 871 tur,
622 822 778 875 quem
809 806 1004 859 habeat
1033 811 1242 858 reatum
1270 799 1553 855 manifesto
1580 795 1791 852 crimini
1817 793 2060 862 subjecta

493 897 764 952 declarat:
793 901 1052 964 quantum
1095 893 1240 947 enim
1285 892 1338 946 in
1380 889 1532 944 nobis
1567 895 1666 951 est,
1699 885 1899 939 nullius
1941 898 2062 938 esse

494 988 753 1042 debemus
790 985 1030 1050 inimici,
1059 991 1114 1038 et
1146 998 1267 1039 cum
1313 981 1561 1036 omnibus
1605 979 1804 1034 habere
1847 990 2060 1045 pacem.

495 1079 645 1146 Quod
669 1079 714 1133 si
739 1079 1015 1147 loquentes
1039 1077 1321 1131 veritatem
1351 1074 1560 1142 aliquos
1585 1085 1857 1126 meremur
1885 1067 2065 1122 inimi-

497 1183 608 1228 cos,
651 1182 756 1219 non
791 1175 897 1218 tam
939 1179 1036 1218 nos
1067 1163 1266 1217 inimici
1311 1177 1496 1216 eorum
1543 1175 1746 1222 sumus,
1779 1171 1939 1228 quam
1986 1155 2064 1210 illi

497 1256 700 1310 inimici
743 1263 866 1309 sunt
895 1253 1156 1308 veritatis.
1194 1250 1324 1305 Nam
1370 1250 1510 1320 quod
1553 1250 1604 1304 in
1645 1246 1840 1302 Genesi
1871 1244 2068 1300 dicitur

499 1345 566 1397 ad
593 1343 862 1397 Abraham
887 1360 900 1394 :
926 1341 1177 1394 Inimicus
1191 1356 1278 1393 ero
1302 1337 1524 1392 inimicis
1547 1337 1667 1400 tuis,
1683 1345 1728 1389 et
1753 1333 2070 1387 adversabor

499 1432 891 1486 adversantibus
929 1431 1021 1484 tibi
1063 1427 1211 1500 (Gen.
1244 1427 1376 1497 xu),
1407 1429 1548 1481 sicut
1578 1441 1738 1495 supra
1769 1423 2071 1493 intelligen—

503 1522 629 1576 dum
671 1529 774 1586 est,
804 1537 908 1574 non
951 1529 1058 1573 tam
1104 1519 1373 1574 Abraham
1419 1517 1524 1570 illis
1571 1516 1847 1570 inimicum
1882 1513 2067 1579 fuisse,

505 1625 667 1680 quam
697 1610 816 1664 illos
841 1609 1126 1662 virtutibus
1147 1608 1376 1662 Abrahae
1399 1614 1453 1661 et
1475 1605 1739 1674 religioni,
1763 1619 1859 1675 per
1884 1619 2068 1673 quam,

507 1701 727 1755 calcatis
774 1699 948 1763 idolis,
985 1699 1255 1768 cognitum
1305 1697 1662 1751 venerabatur
1705 1696 1890 1749 Deum.
1939 1693 2074 1748 Illud

509 1805 748 1862 quoque,
783 1791 923 1860 quod
956 1790 1152 1861 populo
1182 1788 1486 1858 prtecipitur
1513 1786 1676 1841 Israel
1707 1785 1893 1857 (Num.
1921 1784 2072 1855 xxv),

509 1893 570 1936 ut
591 1883 712 1936 odio
738 1883 1081 1950 sempiterno,
1105 1889 1158 1934 et
1180 1880 1232 1933 in
1257 1887 1504 1949 posteros
1526 1876 1844 1931 transmissa
1867 1875 2073 1929 discor-

510 1975 618 2037 dia,
649 1972 849 2026 inimici
876 1972 983 2025 sint
1003 1970 1326 2034 Madiauazis,
1343 1969 1494 2038 quasi
1525 1969 1608 2022 his
1633 1965 1950 2034 dicitur,qui
1978 1965 2078 2020 sub

511 2062 792 2131 ptcdagogo
820 2067 996 2124 erant,
1023 2066 1078 2111 et
1117 2058 1169 2111 iu
1201 2056 1304 2110 alio
1333 2057 1449 2111 loco
1483 2053 1830 2109 merebantur
1855 2053 2077 2108 audire:

513 2151 647 2205 Odia
671 2151 800 2203 ltabe
839 2149 1106 2202 inimicum
1130 2156 1275 2200 tuum
1308 2143 1450 2216 (Leu.
1484 2143 1620 2215 xrx).
1655 2143 1761 2197 Aut
1788 2151 1936 2197 certe
1972 2156 2082 2196 non

513 2251 620 2295 tam
653 2255 1033 2311 personarum,
1065 2255 1226 2308 quam
1256 2253 1464 2292 morum
1491 2244 1574 2292 est
1615 2235 1751 2291 facta
1795 2235 2080 2300 dissensio,

512 2340 572 2388 ut
597 2332 864 2402 quomodo
905 2331 1046 2384 Deus
1075 2329 1279 2384 utiliter
1310 2329 1452 2384 inter
1479 2334 1783 2397 serpentem
1812 2334 1866 2378 et
1892 2324 2084 2379 mulie-

515 2431 628 2474 rem
669 2419 976 2474 inimicitias
1017 2418 1216 2488 posuit,
1243 2432 1310 2471 ne
1349 2415 1601 2470 amicitia:
1642 2429 1830 2469 eorum
1874 2413 2087 2470 inutiles

516 2515 698 2562 essent
726 2506 946 2568 homini,
979 2520 1078 2575 per
1112 2520 1248 2574 quas
1285 2503 1555 2574 projectus
1582 2510 1667 2558 est
1697 2503 1761 2557 de
1800 2501 2084 2572 paradiso:

518 2596 592 2650 ita
617 2603 672 2649 et
695 2596 746 2648 in
776 2594 1030 2648 lsraelitis
1054 2600 1109 2647 et
1132 2592 1435 2647 Madianzeis
1457 2592 1568 2646 vita
1596 2591 1768 2660 magis
1795 2591 2087 2656 dissimilis,

519 2698 681 2752 quam
712 2697 843 2753 gens
873 2697 978 2735 una
1007 2682 1260 2736 damnata
1291 2689 1391 2736 est.
1425 2680 1722 2751 Septimum
1752 2681 1927 2736 locum
1950 2681 2094 2736 inter

521 2771 703 2825 carnis
717 2785 878 2838 opera
893 2770 1148 2823 contentio
1164 2769 1420 2838 possidet,
1447 2770 1682 2838 quodam
1701 2770 1852 2837 quasi
1879 2778 2092 2824 sacrato

521 2867 578 2914 et
618 2858 875 2912 eminenti
923 2859 1064 2912 inter
1107 2857 1239 2911 vitia
1283 2872 1508 2912 numero
1547 2857 2092 2932 collocata._Set-vum

521 2958 694 3001 autem
715 2947 925 3000 Domini
946 2963 1050 3000 non
1073 2955 1273 3015 oportet
1302 2946 1489 3012 rixari,
1515 2947 1606 3000 sed
1626 2963 1734 3001 esse
1765 2957 2092 3000 mansuetum

521 3037 591 3090 ad
613 3052 808 3099 omnes,
851 3035 1128 3099 doctorem,
1163 3035 1533 3105 longanimem,
1559 3053 1678 3089 cum
1700 3035 2094 3090 mansuetudine

521 3128 835 3182 erudicntem
877 3127 1033 3179 etiam
1075 3143 1161 3180 eos
1208 3127 1295 3196 qui
1336 3143 1364 3180 e
1403 3127 1664 3180 contrario
1709 3127 1971 3196 disputant
2005 3123 2091 3197 (II

2159 786 2214 840 in
2238 785 2418 840 carnis
2456 798 2616 854 opere
2642 791 2934 854 ponuntur,
2961 781 3240 836 ebulliunt.
3273 779 3331 834 Si
3365 779 3510 832 enim
3535 780 3750 848 sapien-

2161 875 2235 928 tia
2261 873 2434 927 caruis
2469 873 2682 927 inimica
2711 881 2788 926 est
2815 870 2924 925 Deo
2949 869 3126 941 (Rom.
3149 869 3291 940 vin),
3322 869 3541 923 inimica
3562 876 3750 922 autem

2161 971 2288 1019 sunt
2326 963 2507 1020 omnia
2573 963 2822 1033 dogmata
2896 959 3146 1014 falsitatis
3199 959 3310 1012 Deo
3335 956 3745 1027 repugnantia),

2163 1058 2556 1121 consequenter
2586 1059 2640 1105 et
2668 1050 2902 1104 htcrcses
2926 1047 3159 1102 inimicae
3184 1046 3293 1101 Deo
3318 1046 3385 1100 ad
3412 1046 3598 1101 carnis
3621 1059 3755 1113 cpe—

2163 1156 2224 1196 ra
2272 1139 2598 1195 referuntur.
2627 1138 2861 1194 Haeresis
2907 1147 3086 1191 autem
3141 1135 3327 1191 Grazce
3376 1135 3446 1189 ab
3481 1134 3757 1189 electione

2166 1231 2383 1294 dicitur,
2426 1229 2568 1299 quod
2621 1228 2831 1283 scilicet
2874 1242 2993 1280 eam
3036 1225 3138 1280 sibi
3170 1223 3538 1293 unusquisque
3588 1222 3760 1294 eligat

2168 1318 2528 1388 discrplinam,
2557 1331 2719 1386 quam
2750 1323 2901 1386 putat
2945 1329 3063 1368 esse
3091 1308 3384 1367 meliorem.
3432 1311 3761 1380 Quicunque

2169 1409 2333 1479 igitur
2354 1408 2510 1462 aliter
2534 1406 2866 1478 Scripturam
2896 1405 3140 1473 intelligit
3167 1418 3328 1473 quam
3353 1418 3549 1458 sensus
3577 1403 3761 1458 sancti

2172 1496 2406 1568 Spiritus
2428 1496 2652 1567 flagitat,
2671 1511 2778 1565 quo
2811 1495 3115 1563 conscripta
3139 1505 3244 1557 est,
3267 1494 3392 1548 licet
3423 1494 3487 1548 de
3511 1492 3762 1547 Ecclesia

2171 1603 2277 1642 non
2305 1588 2620 1652 recesserit,
2650 1595 2829 1640 tamen
2865 1585 3148 1639 haereticus
3177 1583 3430 1653 appellari
3463 1590 3669 1652 potest,
3702 1590 3761 1636 et

2175 1678 2241 1732 de
2266 1677 2448 1732 carnis
2467 1676 2718 1746 operibus
2740 1682 2842 1738 est,
2864 1673 3066 1743 eligens
3096 1687 3213 1740 qua:
3242 1671 3425 1741 pejora
3456 1678 3603 1725 sunt.
3639 1669 3765 1723 Ha:-

2176 1779 2327 1820 reses
2347 1764 2590 1832 sequitur
2610 1763 2828 1823 invidia,
2851 1777 3011 1831 quam
3033 1777 3138 1815 non
3174 1768 3422 1828 putemus
3457 1759 3599 1813 idem
3641 1774 3768 1814 esse

2102 1872 2150 1930 Β
2175 1855 2319 1924 quod
2353 1855 2526 1910 zelum
2560 1873 2572 1907 :
2604 1855 2731 1924 quia
2756 1853 2903 1907 zelus
2932 1860 2986 1906 et
3022 1852 3075 1906 in
3105 1853 3300 1915 bonam
3331 1860 3543 1920 partem
3583 1853 3768 1921 accipi

2178 1955 2376 2016 potest,
2406 1962 2527 2001 cum
2550 1946 2672 2015 quis
2691 1945 2880 2000 nititur
2901 1959 2984 2007 ea,
3003 1959 3131 2012 quae
3159 1943 3381 1997 meliora
3419 1951 3566 2010 sunt,
3591 1960 3767 1998 aemu-

2179 2035 2302 2089 lari.
2333 2035 2536 2089 Invidia
2581 2051 2709 2091 vero
2735 2035 2908 2089 aliena
2949 2033 3205 2089 felicitate
3261 2042 3568 2102 torquetur,
3601 2041 3660 2088 et
3710 2034 3768 2088 in

2183 2126 2447 2196 duplicem
2475 2126 2739 2181 scinditur
2763 2125 3088 2195 passionem,
3121 2140 3242 2178 cum
3272 2133 3364 2178 aut
3391 2125 3504 2193 ipse
3554 2134 3641 2179 est
3669 2123 3774 2177 ali-

2183 2217 2304 2286 quis
2333 2217 2386 2270 in
2415 2231 2500 2281 eo,
2527 2216 2579 2270 in
2611 2230 2718 2284 quo
2743 2215 2906 2270 alium
2933 2230 3051 2269 esse
3081 2229 3184 2268 non
3209 2213 3339 2280 vult,
3371 2221 3462 2267 aut
3486 2214 3655 2267 alium
3687 2214 3776 2266 vi-

2185 2308 2318 2362 dens
2365 2323 2482 2362 esse
2529 2307 2828 2372 meliorem,
2881 2307 3027 2361 dolet
3052 2321 3109 2361 se
3136 2307 3186 2360 ei
3218 2323 3323 2361 non
3354 2321 3473 2362 esse
3508 2305 3778 2362 consimio

2187 2397 2311 2452 lem.
2337 2396 2566 2452 Pulchre
2609 2395 2825 2466 quidam
2867 2397 2933 2452 de
2964 2396 3250 2451 neotericis
3276 2394 3520 2450 Graecum
3547 2410 3776 2452 versum

2187 2485 2520 2541 transferens
2547 2485 2784 2556 elegiaco
2829 2493 3002 2540 metro
3027 2484 3094 2539 de
3141 2484 3341 2539 invidia
3377 2483 3504 2539 lusit
3530 2485 3726 2542 dicens
3761 2505 3774 2540 :

2367 2594 2557 2645 Iustius
2579 2595 2748 2643 invidia
2768 2593 2884 2644 nihil
2905 2601 2982 2644 est
3005 2605 3146 2656 :‘quae
3171 2594 3386 2654 protinus
3406 2594 3581 2655 ipsum,

2435 2658 2696 2705 Auctorem
2715 2657 2840 2706 rodit
2858 2658 3203 2716 excruciatque
3221 2657 3453 2704 animum.

2191 2757 2418 2830 Scripsit
2443 2768 2497 2815 et
2527 2759 2717 2814 beatus
2759 2759 3060 2830 Cyprianus
3087 2759 3280 2814 librum
3328 2759 3394 2814 de
3436 2758 3565 2814 Zelo
3597 2769 3654 2815 et
3687 2760 3780 2816 Li-

2191 2865 2320 2906 vore
2341 2849 2491 2905 valde
2510 2850 2772 2920 optimum
2799 2869 2812 2904 :
2839 2866 3000 2920 quem
3019 2851 3110 2919 qui
3133 2849 3341 2921 legerit,
3369 2863 3476 2903 non
3502 2850 3782 2905 dubitabit

2190 2956 2552 2998 annumerare
2573 2944 2826 3013 operibus
2851 2943 3032 2998 carnis
3058 2943 3330 2998 invidiam.
3357 2942 3502 2997 inter
3521 2944 3775 2998 invidum

2193 3040 2371 3086 autem
2401 3041 2456 3086 et
2479 3031 2800 3088 invidiosum
2824 3032 2927 3086 hoc
2956 3032 3199 3096 interest,
3239 3031 3381 3100 quod
3410 3031 3624 3086 invidus
3649 3033 3780 3088 feli-

2191 3121 2324 3177 ciori
2364 3121 2575 3176 invidus
2601 3132 2685 3177 est
2716 3120 2962 3194 [invidet]
2987 3138 3002 3188 ;
3027 3121 3323 3176 invidiosus
3349 3130 3431 3176 est
3455 3123 3546 3192 qui
3574 3124 3644 3176 ab
3669 3124 3782 3177 alio

527 3217 661 3272 Tim.
690 3217 783 3289 ιι).
827 3216 952 3284 Post
994 3217 1392 3272 contentionem
1435 3225 1623 3271 octava
1663 3217 1902 3272 succedit
1928 3232 2092 3272 acmir-
2119 3223 2164 3284 ρ
2193 3214 2398 3283 patitur
2449 3211 2724 3266 invidiam.
2771 3212 3031 3280 Quartum
3075 3213 3341 3268 decimum
3391 3213 3568 3268 locum
3630 3215 3784 3270 inter

525 3307 677 3372 latio,
705 3322 823 3376 qua:
846 3306 1033 3362 Graeco
1061 3321 1307 3362 sermone
1329 3308 1474 3372 ζῆλος
1495 3306 1886 3378 significantius
1915 3315 1970 3362 et
1993 3323 2092 3363 no-

529 3397 634 3450 tius
678 3396 992 3466 appellatur.
1026 3396 1142 3462 Quo
1173 3396 1386 3464 quidem
1418 3396 1579 3461 malo,
1616 3398 1796 3452 nescio
1835 3398 1954 3466 quis
1997 3413 2095 3454 no.

525 3493 697 3538 strum
727 3492 924 3538 careat.
951 3483 1119 3538 Zelati
1149 3492 1274 3538 sunt
1298 3485 1439 3539 enim
1469 3497 1524 3538 et
1549 3485 1872 3554 patriarchae
1897 3485 2094 3556 Joseph

527 3573 750 3627 fratrem
775 3587 931 3626 suum
963 3570 1114 3644 (Gen.
1147 3573 1389 3645 xxxvn);
1421 3583 1476 3629 et
1499 3574 1665 3629 Maria
1690 3583 1746 3630 et
1766 3574 1943 3629 Aaron
1970 3591 2096 3644 pro-

529 3666 719 3735 phetes
749 3664 843 3719 Dei
885 3673 941 3719 et
980 3665 1229 3720 sacerdos
1265 3673 1447 3719 contra
1485 3665 1702 3736 Moysen
1735 3665 1826 3718 tali
1847 3666 2096 3734 passione

528 3753 738 3823 decepti
763 3759 914 3808 sunt:
935 3753 989 3807 in
1019 3761 1221 3808 tantum
1250 3762 1308 3808 ut
1345 3753 1432 3808 illa
1459 3754 1525 3808 de
1544 3770 1649 3824 qua
1671 3752 1950 3822 Scriptura
1973 3770 2099 3810 nar-

533 3848 751 3895 raverat
776 3841 961 3896 dicens
986 3859 999 3894 :
1038 3839 1241 3894 Tollens
1268 3851 1440 3894 autent
1470 3840 1644 3895 Maria
1671 3843 1940 3910 prophetes
1965 3851 2098 3912 tym-

527 3948 745 4002 panum,
760 3939 814 3986 et
834 3941 1044 3995 caetera,
1065 3939 1251 4000 postea
1279 3941 1427 3986 extra
1450 3941 1626 3986 castra
1649 3930 1910 4002 projecta,
1936 3932 2098 4004 lepra:

529 4021 658 4076 vitio
677 4021 946 4076 sordidata
973 4021 1062 4087 sit,
1095 4029 1148 4075 et
1168 4021 1540 4090 pmuitentiam
1568 4021 1860 4090 longiorem
1891 4031 2098 4092 septem

529 4115 735 4168 dierum
757 4113 1094 4183 separatione
1116 4113 1404 4183 signaverit
1433 4111 1622 4183 (Num.
1647 4111 1768 4184 xu).
1799 4113 1882 4166 lra
1907 4113 2100 4168 deinde

531 4204 788 4268 succedit,
807 4217 924 4272 qua:
929 4203 1190 4271 justitiam
1207 4202 1301 4256 Dei
1318 4219 1417 4256 non
1431 4212 1672 4272 operatur
1685 4201 1824 4273 (Jac.
1842 4201 1901 4274 ι),
1919 4211 1974 4256 et
1986 4218 2102 4272 spe-

530 4294 644 4347 cies
675 4300 757 4346 est
779 4291 994 4346 furoris.
1030 4291 1176 4345 Inter
1205 4291 1538 4345 iracundiam
1564 4298 1742 4344 autem
1763 4298 1817 4344 et
1839 4291 1975 4344 iram
1998 4290 2101 4345 hoc

532 4382 774 4445 interest,
798 4381 938 4450 quod
962 4381 1248 4435 iracundus
1272 4395 1484 4448 semper
1506 4379 1776 4444 irascitur,
1807 4380 1976 4434 iratus
2003 4395 2100 4451 pro

535 4478 775 4538 tempore
813 4471 1132 4525 concitatur.
1175 4470 1242 4524 Et
1283 4469 1465 4523 nescio
1491 4468 1611 4536 quis
1659 4468 1832 4538 possit
1877 4485 2101 4541 regnum

2194 3302 2374 3357 carnis
2417 3317 2581 3372 opera
2615 3303 2848 3358 ebrietas
2885 3310 3068 3358 tenet:
3096 3302 3304 3357 Ebriosi
3327 3303 3523 3374 quippe
3552 3321 3781 3374 regnum

2193 3391 2293 3446 Dei
2335 3409 2440 3447 non
2483 3393 2813 3462 possidebunt
2865 3393 2918 3465 (1
2977 3392 3096 3448 Cor.
3128 3393 3223 3464 Vl).
3264 3393 3331 3448 Et
3379 3394 3640 3450 Dominus
3705 3397 3779 3451 ad

2195 3484 2515 3556 discipulos:
2539 3484 2750 3550 Cavete,
2775 3486 2870 3550 ait,
2894 3502 2956 3539 ne
2977 3484 3110 3554 forte
3132 3487 3580 3554 graventurcordu
3603 3502 3780 3543 vestra

2194 3575 2249 3628 in
2279 3575 2397 3629 vino
2448 3585 2496 3629 et
2525 3577 2742 3646 crapula
2780 3575 2929 3647 (Luc.
2961 3575 3097 3646 xxt).
3128 3574 3266 3630 Vino
3300 3577 3532 3631 hominis
3578 3593 3782 3633 sensus

2195 3664 2479 3729 evertitur,
2504 3666 2667 3734 pedes
2695 3672 2976 3730 corruunt,
3005 3679 3157 3719 mens
3179 3665 3410 3728 vacillat,
3453 3665 3622 3721 libido
3648 3683 3781 3722 suc-

2196 3755 2464 3810 cenditur.
2520 3754 2673 3810 Unde
2720 3755 3006 3825 Apostolus
3051 3755 3291 3809 clamitat
3334 3755 3446 3809 :Et
3480 3757 3677 3820 vinum,
3720 3759 3782 3811 iu

2193 3860 2296 3914 quo
2341 3855 2416 3898 est
2453 3841 2666 3898 luxuria
2698 3843 2914 3915 (Ephes.
2945 3845 3018 3914 v).
3054 3842 3224 3898 l-labet
3253 3845 3622 3915 unusquisque
3660 3862 3782 3901 sua:

2196 3933 2480 3990 sententia:
2505 3940 2848 4003 potestatem.
2874 3932 2986 4003 Ego
3009 3932 3321 4004 Apostolqm
3358 3949 3574 4004 sequor,
3611 3936 3665 3990 in
3693 3937 3783 3991 vi-

2198 4039 2267 4079 no
2311 4039 2430 4079 esse
2470 4024 2760 4087 luxuriam,
2807 4023 2860 4076 in
2885 4023 3010 4076 vino
3050 4022 3361 4077 ebrietatem
3397 4041 3409 4076 :
3449 4024 3781 4080 ebrietatem

2199 4121 2380 4167 autem
2408 4121 2462 4168 et
2498 4111 2766 4166 luxuriam
2794 4111 2935 4166 inter
2954 4112 3136 4166 carnis
3155 4127 3315 4182 opera
3345 4114 3632 4168 nominari.
3665 4114 3782 4169 Nec

2199 4203 2286 4258 ille
2321 4212 2501 4274 potest
2530 4219 2748 4274 negare,
2777 4203 2868 4272 qui
2896 4203 3095 4256 eisdem
3123 4205 3465 4272 passionibus
3517 4206 3780 4260 vincitur.

2198 4297 2266 4352 Et
2297 4299 2425 4352 licet
2468 4313 2554 4352 me
2581 4297 2797 4368 quidam
2828 4298 2879 4350 in
2917 4312 2983 4351 eo
3025 4293 3182 4362 liliro,
3227 4313 3386 4367 quem
3413 4299 3478 4354 de
3505 4299 3781 4353 servanda

2198 4387 2505 4457 virginitate
2525 4387 2839 4457 conscripsi,
2872 4387 3366 4456 reprehendendum
3389 4396 3598 4457 putent,
3629 4389 3780 4458 quod

2202 4477 2429 4532 dixerim
2469 4476 2890 4532 adolescentulus
2929 4477 3002 4530 ita
3045 4477 3229 4530 vinum
3265 4478 3461 4531 debere
3505 4477 3689 4548 fugere
3712 4486 3782 4532 ut

533 4560 627 4614 Dei
667 4560 972 4628 possidere,
1023 4574 1145 4614 cum
1192 4559 1238 4611 is
1289 4557 1381 4626 qui
1427 4557 1692 4622 irascitur,
1744 4567 2024 4628 separetur
2072 4576 2104 4616 a
2129 4556 2180 4616 D
2206 4581 2491 4628 venenum,
2517 4582 2621 4620 non
2651 4582 2736 4621 me
2765 4567 3040 4622 sententia:
3071 4567 3371 4636 ptenitebit.
3400 4565 3548 4636 Opus
3577 4570 3782 4639 quippe

533 4664 717 4717 regno.
763 4648 911 4702 Rixa:
935 4661 1167 4716 quoque,
1210 4661 1343 4714 quas
1373 4645 1516 4700 aliud
1541 4644 1715 4702 Grzcci
1738 4648 2104 4718 significanter

532 4738 745 4812 ἐριθείας
795 4746 1016 4800 vocant,
1084 4734 1344 4802 siquidem
1408 4735 1522 4788 rixa
1572 4735 1726 4810 μάχη
1786 4738 2003 4803 dicitur,
2069 4753 2102 4794 a

537 4845 702 4899 regno
777 4829 870 4882 Dei
936 4825 1244 4895 prohibent.
1320 4826 1414 4879 Est
1491 4835 1669 4882 autem
1726 4831 1931 4904 ἐριθεία,
1980 4845 2103 4885 cum

534 4918 654 4985 quis
687 4930 901 4984 semper
939 4913 1004 4967 ad
1039 4914 1510 4970 contradicendum
1543 4925 1782 4985 paratus,
1826 4919 2102 4975 stomacho

534 5007 830 5062 delectatur
851 5005 1044 5066 alieno.
1067 5016 1122 5060 et
1142 5007 1384 5063 muliebri
1396 5006 1576 5076 jurgio
1595 5009 1888 5074 contendit,
1909 5019 1962 5065 et
1982 5024 2102 5081 pro-

536 5104 696 5152 vocat
732 5094 1161 5149 contendentem.
1195 5095 1319 5151 Hzec
1349 5097 1454 5152 alio
1478 5096 1694 5152 nomine
1721 5099 1859 5166 apud
1883 5097 2102 5155 Graecos

537 5187 798 5260 φιλονεικία
841 5187 1154 5256 appellatur.
1186 5187 1296 5244 Nec
1331 5204 1435 5242 non
1473 5196 1528 5243 et
1557 5188 1916 5243 dissensiones
1937 5203 2103 5259 opera

539 5276 720 5332 carnis
742 5285 898 5344 sunt;
930 5294 1049 5333 cum
1077 5281 1197 5348 quis
1237 5295 1572 5350 nequaquam
1616 5279 1884 5349 perfectus
1910 5281 2098 5336 eodem

535 5380 698 5419 sensu
719 5373 772 5420 et
791 5367 977 5422 eadem
1000 5369 1262 5423 sententia
1290 5369 1426 5423 dicat
1448 5387 1459 5422 :
1479 5368 1591 5440 Ego
1607 5385 1720 5422 sum
1743 5367 1920 5436 Pauli,
1939 5379 1985 5423 et
2008 5385 2100 5438 ego

536 5455 743 5526 Apollo,
767 5466 813 5512 et
838 5474 930 5529 ego
955 5455 1161 5528 Cephtz,
1183 5469 1228 5513 et
1254 5477 1345 5530 ego
1366 5458 1577 5514 Christi.
1603 5458 1709 5514 Sed
1739 5467 1795 5514 et
1819 5460 2099 5514 domorum

537 5547 680 5601 inter
708 5563 767 5604 se
797 5549 911 5604 hac
935 5549 1122 5605 eadem
1169 5551 1431 5606 dissensio
1462 5551 1745 5622 reperitur,
1788 5552 1968 5606 mariti
2025 5552 2104 5606 vi-

537 5637 733 5695 delicet
769 5642 836 5696 ad
867 5655 1108 5706 uxorem,
1138 5644 1304 5713 patris
1340 5644 1406 5697 ad
1451 5643 1638 5704 filium,
1685 5641 1868 5697 fratris
1897 5644 1965 5697 ad
1997 5642 2105 5696 fra-

540 5740 702 5794 trem,
747 5733 990 5788 conservi
1019 5735 1084 5789 ad
1132 5749 1472 5798 conservrum,
1503 5733 1687 5787 militis
1710 5733 1774 5786 ad
1815 5734 2105 5788 contuber-

2205 4655 2280 4710 ibi
2314 4654 2486 4724 magis
2515 4654 2647 4720 vini,
2679 4670 2838 4723 quam
2863 4655 2955 4709 Dei
2983 4671 3012 4708 a
3059 4656 3214 4709 nobis
3241 4665 3492 4710 creatura
3517 4656 3780 4714 damnata

2206 4753 2292 4802 est
2322 4763 2336 4799 :
2368 4752 2422 4800 et
2446 4745 2716 4800 licentiam
2754 4745 2972 4800 tulimus
3009 4746 3203 4815 virgini
3230 4747 3446 4816 pr0prio
3478 4748 3656 4802 aetatis
3679 4764 3780 4804 ca-

2206 4835 2321 4890 lore
2349 4834 2608 4898 fervente,
2645 4849 2712 4889 ne
2755 4835 2853 4890 sub
2873 4835 3154 4889 occasione
3197 4851 3389 4904 parum
3415 4837 3631 4892 bibendi
3655 4839 3780 4908 plus

2206 4925 2417 4980 biberet
2443 4933 2497 4979 et
2519 4925 2750 4994 periret;
2792 4923 3026 4993 alioquin
3071 4924 3373 4978 sciebamus
3405 4925 3536 5003 etin
3569 4926 3776 4982 Christi

2207 5013 2467 5084 sanguine
2487 5013 2668 5066 vinum
2698 5011 3035 5078 consecrari;
3058 5011 3341 5066 Timotheo
3367 5011 3568 5077 vinum,
3597 5022 3657 5067 ut
3687 5014 3776 5068 bi-

2203 5102 2377 5166 beret,
2414 5101 2732 5170 imperatum
2766 5099 2817 5171 (ι
2851 5099 2983 5154 Tim.
3033 5099 3106 5172 v).
3143 5101 3392 5157 Ebrietas
3440 5111 3620 5158 autem
3663 5112 3774 5159 tam

2203 5203 2273 5246 ex
2317 5190 2442 5244 vino
2479 5205 2637 5258 quam
2684 5204 2749 5243 ex
2794 5189 3003 5244 caeteris
3040 5190 3254 5244 bibendi
3281 5190 3600 5260 generibus,
3655 5209 3774 5262 qua:

2207 5279 2357 5332 vario
2384 5279 2540 5333 modo
2585 5279 2960 5342 conficiuntur,
2993 5288 3168 5348 potest
3206 5281 3470 5346 accidere,
3499 5297 3566 5337 ex
3589 5298 3697 5353 quo
3720 5293 3775 5338 et

2208 5365 2274 5423 de
2301 5376 2488 5421 sancto
2513 5366 2708 5421 dicitur
2733 5383 2746 5417 :
2783 5365 2970 5420 Vinum
3000 5375 3048 5420 et
3083 5368 3301 5424 siceram
3328 5386 3432 5424 non
3459 5370 3591 5424 bibet
3617 5371 3770 5443 (Luc.

2206 5458 2247 5530 ι)
2278 5459 2486 5515 :sicera
2516 5458 2902 5527 interpretatur
2931 5457 3181 5512 ebrietas.
3224 5458 3291 5512 Et
3327 5475 3397 5515 ne
3433 5460 3555 5530 quis
3588 5460 3772 5514 vinum

2205 5565 2314 5606 non
2359 5549 2576 5614 bibens,
2625 5548 2769 5603 aliud
2813 5547 2914 5603 sibi
2955 5555 3166 5618 putaret
3210 5549 3519 5616 bibendum,
3557 5551 3770 5607 exclusa

2205 5641 2444 5698 causatio
2465 5647 2578 5705 est,
2609 5639 2734 5694 dum
2764 5653 2922 5694 omne
2957 5639 3100 5709 quod
3131 5639 3399 5696 inebriare
3426 5651 3620 5711 potest,
3652 5657 3771 5697 cum

2205 5733 2334 5792 vino
2360 5731 2561 5804 pariter
2597 5730 2857 5784 aufertur.
2887 5729 3084 5797 Quinta
3111 5731 3337 5798 decima,
3365 5748 3484 5801 quae
3511 5743 3566 5789 et
3595 5745 3770 5788 extre-
