4022 6338
214 332 325 389 ΞὸἹ

685 323 1236 384 ENARRATIONUM
1272 322 1340 378 ΙΝ
1378 321 1526 376 ΕΡΡ.
1563 316 1770 376 PAULI
1809 315 1940 371 LIB.
1983 313 2121 368 XVI.
2160 340 2231 354 -—
2268 310 2337 366 IN
2375 309 2591 366 EPIST.
2631 310 2723 366 AD
2757 309 3007 365 GALAT.

3274 364 3277 366 .
3364 305 3474 371 558

217 461 311 501 ma
340 445 483 499 inter
519 440 700 497 carnis
723 453 909 508 opera,
947 436 1272 492 comessatio
1317 442 1420 490 est.
1457 432 1800 488 Manducauit
1826 436 1878 494 A
1902 427 2213 499 pervenisse
2246 427 2313 481 ad
2342 425 2460 481 illos
2486 424 2798 495 Epistolam,
2821 439 2940 494 qua:
2969 424 3132 478 missa
3157 433 3239 479 est
3266 425 3332 479 ad
3369 423 3474 482 Co-

218 535 446 608 populus
473 543 524 587 et
561 532 710 597 bibit,
753 539 800 585 et
844 537 1184 584 surrexerunt
1225 527 1403 581 ludere
1447 525 1500 596 (Ι
1549 522 1671 579 Cor.
1725 539 1794 590 ι,

221 627 399 682 Exod.
422 624 617 694 xxxn).
648 622 872 692 Semper
905 619 1154 676 ebrietati
1201 615 1386 686 juncta
1433 615 1648 670 luxuria
1693 623 1794 669 est.

225 715 460 771 Pulchre
484 714 700 784 quidam
727 726 831 765 non
854 709 1102 780 ignobilis
1128 715 1329 772 orator,
1355 721 1474 760 cum
1497 705 1706 760 ebrium
1732 703 1799 759 de

227 819 418 859 somno
442 803 703 858 scriberet
725 800 1012 855 excitatum
1042 799 1119 851 ait
1148 814 1160 850 :
1192 795 1302 850 Nec
1327 795 1554 848 dormire
1596 793 1797 848 excita-

229 904 337 957 tus,
362 909 454 946 nec
480 889 690 961 uigilare
711 889 882 942 ebrius
905 896 1126 958 poterat.
1149 885 1262 952 Qua
1293 885 1560 940 sententia
1588 897 1801 953 expres-

228 985 301 1038 sit
341 981 738 1053 quodammodo
779 995 878 1034 nec
906 987 1176 1033 mortuum
1200 992 1324 1030 eum
1369 976 1553 1040 luisse,
1591 989 1691 1030 nec
1721 974 1800 1028 vi-

226 1089 377 1128 vum.
407 1071 650 1142 Longum
679 1077 796 1124 erat
825 1067 1072 1122 universa
1115 1065 1296 1120 carnis
1324 1080 1490 1135 opera
1517 1065 1798 1134 replicare,

224 1171 280 1216 et
307 1159 614 1230 catalogum
641 1159 820 1213 facere
841 1159 1112 1212 vitiorum.
1145 1155 1262 1210 Uno
1285 1155 1444 1225 igitur
1472 1155 1652 1208 omnia
1682 1168 1801 1208 ser-

225 1265 390 1305 mone
431 1247 694 1303 conclusit
722 1247 906 1302 dicens
937 1263 951 1298 :
981 1253 1030 1298 et
1063 1243 1143 1297 his
1171 1243 1386 1297 similia.
1435 1240 1802 1308 Quaz'utinam

229 1352 342 1395 tam
375 1339 531 1393 facile
553 1339 724 1391 vitare
749 1351 1050 1406 possemus,
1077 1350 1236 1404 quam
1259 1333 1415 1388 facile
1435 1331 1800 1402 intelligimus.

229 1429 499 1495 Prmdicu,
533 1429 726 1500 inquit,
773 1429 934 1493 vobis,
965 1429 1095 1481 sicut
1140 1426 1387 1496 prwdixi,
1436 1426 1683 1496 quoniam
1715 1425 1804 1496 qui

227 1520 362 1574 talia
385 1528 568 1590 agunt,
602 1535 814 1588 regnum
843 1517 940 1572 Dei
969 1535 1074 1571 non
1100 1525 1491 1586 consequentur.
1518 1514 1619 1570 Ubi
1648 1524 1806 1570 antea

226 1611 560 1681 prtedixerat
586 1627 600 1664 :
627 1608 750 1663 Non
779 1619 974 1680 regnet,
1003 1609 1195 1677 inquit,
1221 1617 1485 1679 peccatum
1513 1607 1568 1659 in
1598 1605 1806 1671 mortali

231 1710 402 1754 uestro
451 1715 665 1769 corpore
701 1699 770 1752 ad
799 1697 1138 1753 obediendum
1167 1695 1439 1750 desideriis
1467 1695 1580 1764 ejus
1626 1694 1804 1766 (Rom.

229 1789 334 1860 vr).
381 1788 670 1844 Peccatum
709 1803 898 1842 omnes
948 1789 1081 1843 istas
1123 1787 1330 1856 species
1367 1785 1558 1850 habet,
1600 1784 1656 1838 in
1694 1784 1810 1854 qui-

232 1878 338 1932 bus
373 1892 518 1932 nunc
555 1873 988 1932 discriminandis
1020 1876 1140 1945 plus
1176 1874 1422 1939 forsitan,
1457 1888 1619 1944 quam
1655 1887 1816 1943 opor-

234 1966 366 2032 tuit,
397 1966 671 2020 immorati
720 1979 926 2020 sumus.
972 1965 1115 2035 Ergo
1158 1964 1212 2017 in
1241 1978 1440 2026 anima,
1470 1962 1526 2016 in
1555 1977 1659 2030 qua
1691 1975 1816 2030 pee-

237 2065 423 2110 catum
455 2053 776 2123 regnaverit,
828 2069 934 2130 non
976 2061 1150 2123 potest
1175 2051 1271 2106 Dei
1299 2061 1524 2122 regnare
1569 2065 1812 2121 regnum.

246 2161 268 2193 c
300 2143 434 2209 Quae
463 2140 1196 2211 enimparticipatiojustititr
1238 2150 1292 2196 et
1345 2140 1646 2209 iniquitati?
1697 2154 1817 2208 qua:

240 2233 660 2288 communicatio
686 2232 791 2287 luci
811 2233 876 2287 ad
915 2231 1192 2287 tenebras?
1219 2232 1309 2300 qui
1347 2245 1641 2286 consensus
1663 2230 1819 2286 Chri-

241 2330 329 2376 sto
349 2336 474 2375 cum
490 2321 684 2374 Belial?
709 2341 729 2374 ›
764 2321 845 2393 (ΙΙ
872 2318 994 2375 Cor.
1016 2321 1195 2392 vr.)Et
1209 2329 1459 2391 putamus
1479 2336 1577 2376 nos
1596 2336 1819 2390 regnum

243 2414 346 2468 Dei
375 2413 650 2481 consequi,
682 2413 728 2467 si
756 2428 787 2466 a
817 2411 1172 2466 fornicatione
1217 2419 1274 2465 et
1302 2411 1600 2466 idololatria
1630 2419 1684 2464 et
1727 2423 1818 2463 ve-

243 2501 455 2558 neﬁciis
481 2503 744 2558 immunes
772 2502 972 2558 simus?
1001 2502 1139 2557 Ecce
1181 2502 1461 2557 inimicitia
1481 2544 1498 2570 ,
1526 2503 1816 2569 contentio,

245 2595 356 2662 ira,
386 2592 536 2664 ritur.
564 2592 1100 2664 dissensic,ebrietas
1125 2608 1339 2668 quoque
1372 2602 1427 2653 et
1464 2603 1677 2664 canora,
1702 2609 1821 2668 quae

245 2704 417 2760 parva
444 2689 858 2756 arbitrabamur,
873 2690 1158 2744 excludunt
1189 2705 1285 2744 nos
1315 2706 1346 2744 a
1372 2705 1538 2761 regno
1568 2691 1681 2744 Dei.
1709 2689 1821 2760 Nec

246 2779 421 2836 refert
447 2795 552 2834 uno
575 2779 695 2848 quis
717 2795 747 2832 a
769 2777 1098 2834 beatitudine
1119 2779 1454 2844 excludatur,
1471 2797 1538 2838 an
1559 2780 1818 2850 pluribus,

247 2884 377 2922 cum
406 2867 586 2921 omnia
615 2867 861 2922 similiter
888 2867 1196 2923 excludant.
1221 2867 1276 2922 ln
1303 2867 1509 2923 Latinis
1551 2870 1824 2924 codicibus

249 2960 578 3016 adulterium
620 2973 832 3027 quoque
859 2967 912 3014 et
949 2959 1292 3028 impudicitiae
1337 2968 1392 3015 et
1436 2961 1724 3015 homicidia
1767 2961 1824 3015 in

249 3052 358 3106 hoc
381 3052 625 3120 catalogo
647 3051 896 3105 vitiorum
925 3050 1124 3120 scripta
1159 3050 1481 3105 referuntur.
1513 3049 1620 3106 Sed
1645 3051 1821 3106 scien-

1838 1773 1884 1831 Β

252 3142 386 3194 dum
413 3155 518 3194 non
541 3140 660 3211 plus
696 3155 858 3209 quam
889 3140 1192 3209 quindecim
1233 3141 1413 3195 carnis
1440 3155 1602 3210 opera
1631 3157 1823 3196 nume—
1847 3173 1850 3178 -

255 3239 399 3294 rata,
439 3230 506 3284 de
538 3230 728 3298 quibus
755 3238 810 3284 et
840 3230 1204 3284 disseruimus.
1237 3229 1417 3302 (Aug.)
1445 3230 1623 3300 Agunt
1649 3240 1828 3285 autem

254 3321 396 3386 haec,
427 3320 517 3389 qui
558 3319 940 3390 cupiditatibus
969 3320 1273 3376 carnalibus
1309 3323 1708 3377 consentientes
1750 3321 1831 3376 fa-

255 3411 450 3466 cienda
477 3425 596 3464 esse
624 3411 942 3475 decernunt,
965 3410 1175 3464 etiamsi
1206 3411 1273 3465 ad
1302 3411 1628 3480 implendum
1661 3411 1831 3468 facul-

257 3512 342 3556 tas
394 3516 501 3555 non
531 3502 706 3555 datur.
756 3501 1020 3556 Caeterum
1070 3501 1161 3568 qui
1195 3508 1485 3572 tanguntur
1525 3501 1831 3572 hujusmodi

257 3595 514 3658 motibus,
555 3603 608 3646 et
642 3592 942 3648 immobiles
994 3602 1048 3647 et
1091 3594 1144 3647 in
1173 3592 1374 3661 majore
1411 3594 1675 3649 charitate
1703 3609 1834 3650 con-

257 3685 480 3749 sistunt,
509 3699 615 3738 non
647 3683 816 3736 solum
847 3698 952 3737 non
995 3683 1076 3738 eis
1110 3685 1427 3738 exhibentes
1452 3685 1692 3740 membra
1716 3700 1835 3740 cor-

247 3774 411 3841 poris
451 3773 516 3826 ad
551 3772 688 3827 male
717 3773 1068 3841 operandam,
1099 3775 1191 3828 sed
1219 3789 1395 3845 neque
1443 3785 1576 3829 nutu
1611 3790 1836 3831 consen-

260 3865 432 3919 sionis
458 3865 526 3918 ad
551 3863 910 3916 exhibendum
938 3864 1358 3931 consentientes,
1391 3881 1496 3918 non
1519 3867 1634 3920 haec
1647 3874 1835 3938 agunt,

260 3964 316 4010 et
363 3956 486 4010 ideo
515 3968 737 4023 regnum
791 3954 884 4007 Dei
929 3955 1297 4023 possidebunt.
1351 3955 1467 4010 Non
1529 3956 1674 4010 enim
1722 3956 1836 4026 jam

262 4054 457 4114 regnat
480 4055 759 4114 peccatum
795 4045 848 4098 in
879 4061 1064 4101 eorum
1107 4046 1320 4100 mortali
1341 4061 1590 4117 corpore,
1618 4051 1686 4102 ad
1711 4049 1839 4103 obc-

261 4137 522 4193 diendnm
549 4137 828 4192 desideriis
865 4137 1002 4206 ejus,
1035 4139 1280 4208 quamvis
1307 4139 1514 4194 habitet
1554 4139 1608 4193 in
1651 4154 1835 4195 eorum

263 4231 480 4285 mortali
507 4243 732 4298 corpore
757 4239 1060 4299 peccatum,
1090 4229 1324 4284 nondum
1373 4229 1612 4285 extincto
1636 4230 1837 4300 impetu

263 4320 669 4376 consuetudinis
689 4318 966 4384 naturalis,
1005 4333 1110 4388 qua
1150 4318 1447 4374 mortaliter
1476 4319 1588 4373 nati
1629 4335 1837 4386 sumus,

262 4419 318 4464 et
350 4409 583 4478 propria:
618 4409 742 4461 vitae
781 4416 993 4472 nostrae,
1029 4422 1151 4462 cum
1189 4416 1245 4462 et
1287 4423 1386 4462 nos
1413 4407 1512 4478 ipsi
1563 4409 1838 4479 peccando

262 4501 516 4553 auximus
549 4497 690 4566 quod
735 4498 802 4552 ab
837 4498 1044 4567 origine
1071 4498 1276 4567 peccati
1303 4498 1520 4552 humani
1547 4499 1842 4553 damnatio-

263 4589 458 4655 nisque
499 4587 858 4642 trahebamus.
897 4584 1053 4640 Aliud
1104 4593 1188 4641 est
1235 4587 1378 4641 enim
1422 4602 1528 4641 non
1578 4602 1839 4657 peccare;

263 4677 413 4730 aliud
449 4691 556 4731 non
586 4676 785 4731 habere
814 4684 1110 4745 peccatum.
1145 4675 1278 4730 Nam
1326 4677 1381 4730 in
1429 4693 1535 4748 quo
1562 4688 1842 4748 peccatum

262 4783 373 4820 non
406 4775 612 4836 regnat,
650 4781 756 4820 non
779 4774 984 4835 peccat,
1016 4766 1192 4832 idest,
1231 4766 1324 4835 qui
1360 4782 1467 4821 non
1516 4769 1698 4824 obedit
1747 4770 1843 4826 de-

263 4858 487 4913 sideriis
514 4855 648 4926 ejus.
679 4857 736 4911 In
759 4875 864 4928 quo
887 4867 1066 4913 autem
1087 4874 1194 4913 non
1214 4859 1454 4914 existunt
1481 4860 1702 4914 omnino
1742 4861 1844 4914 ista

265 4951 557 5015 desideria,
586 4965 692 5004 non
720 4950 888 5004 solum
916 4965 1018 5004 non
1047 4959 1259 5019 peccat,
1284 4952 1377 5006 sed
1401 4953 1564 5006 etiam
1596 4966 1703 5006 non
1747 4951 1842 5006 ha-

266 5039 358 5093 bet
385 5049 685 5108 peccatum.
714 5039 864 5105 Quod
911 5040 1121 5094 etiamsi
1167 5056 1229 5095 ex
1277 5041 1458 5096 multis
1504 5042 1749 5112 partibus
1787 5043 1842 5096 in

266 5128 375 5182 ista
407 5127 512 5180 vita
541 5129 711 5197 possit
739 5127 905 5192 ellici,
934 5144 1001 5182 ex
1030 5129 1175 5182 omni
1209 5138 1383 5184 tamen
1413 5139 1586 5200 parte,
1609 5145 1716 5186 non
1740 5131 1844 5186 nisi

268 5222 324 5274 in
349 5221 743 5276 resurrectione
765 5223 942 5276 carnis
979 5231 1138 5291 atque
1165 5225 1580 5280 commutatione
1625 5240 1847 5296 speran-

269 5311 400 5366 dum
430 5318 532 5365 est.
559 5310 744 5365 Potest
770 5320 949 5367 autem
983 5327 1199 5367 movere
1237 5314 1378 5383 quod
1426 5315 1518 5368 ait:
1551 5313 1680 5379 Qum
1729 5316 1846 5369 dico

269 5400 437 5465 vobis,
466 5400 601 5453 sicut
613 5401 838 5470 praedixi
860 5417 877 5456 :
899 5403 1146 5473 quoniam
1167 5405 1256 5473 qui
1277 5404 1406 5458 talia
1427 5415 1610 5475 agunt,
1637 5422 1850 5476 regnum

271 5491 373 5548 Dei
403 5507 506 5544 non
528 5492 882 5560 possidebunt,
907 5494 952 5548 si
982 5503 1272 5563 quteratur,
1306 5494 1398 5548 ubi
1445 5495 1544 5550 ista
1595 5497 1854 5566 praedixe-

272 5592 381 5649 rat,
412 5598 541 5638 nam
570 5583 627 5638 in
655 5583 755 5639 hac
791 5585 1027 5654 Epistola
1077 5601 1182 5641 non
1233 5586 1521 5641 invenitur.
1577 5587 1720 5657 Ergo
1763 5598 1857 5644 aut

273 5687 517 5743 prtesens
539 5682 858 5740 comesset,
882 5675 984 5728 hoc
1009 5675 1350 5743 prmdixerat,
1397 5684 1490 5730 aut
1518 5687 1854 5747 cognoverat,

1869 4457 1916 4516 D

1896 518 2145 573 rintbios.
2167 516 2244 572 lbi
2259 516 2400 572 enim
2423 517 2500 570 sic
2526 516 2602 568 ait
2633 533 2644 567 :
2683 509 2861 567 Nolite
2883 529 3060 567 errare
3081 527 3099 563 :
3126 529 3286 584 neque
3307 513 3474 582 {omi-

1897 617 2122 672 catores,
2147 622 2309 676 neque
2334 603 2488 659 idolis
2514 605 2811 666 servientes,
2840 619 3002 673 neque
3029 603 3276 667 adulteri,
3311 618 3473 672 neque

1896 695 2099 760 molles,
2129 710 2291 764 neque
2318 693 2671 748 masculorum
2701 693 3084 757 concubitores,
3110 708 3274 762 neque
3310 691 3479 761 fures,

1897 801 2059 855 neque
2083 785 2251 850 avari,
2282 799 2442 854 neque
2468 782 2678 847 ebriosi,
2709 797 2870 852 neque
2892 780 3156 845 maledici,
3185 795 3348 850 neque
3386 795 3478 832 ra-

1895 891 2048 946 paces
2072 891 2285 944 regnum
2305 873 2402 926 Dei
2423 871 2754 944 possidebunt
2803 870 2864 941 (1
2897 869 3018 924 Cor.
3045 869 3155 941 v1).
3216 869 3315 925 llic
3353 883 3482 937 ergo

1898 980 2021 1020 cum
2049 970 2422 1018 enumerasset
2444 976 2607 1031 opera
2633 959 2836 1025 carnis,
2867 959 3063 1029 quibus
3111 959 3352 1014 clausum
3394 965 3479 1012 est

1898 1067 2121 1123 regnum
2168 1051 2284 1116 Dei,
2315 1048 2542 1119 subjecit
2569 1049 2730 1105 etiam
2758 1061 2922 1118 opera
2948 1048 3166 1118 spiritus
3192 1048 3334 1117 quod
3377 1045 3484 1116 spi-

1899 1144 2036 1199 ritus
2064 1143 2268 1198 fructus
2286 1152 2461 1198 vocat.

1971 1239 2199 1294 Fructus
2226 1250 2400 1294 autent
2435 1239 2650 1309 spiritus
2676 1247 2749 1292 est
2777 1237 3028 1300 Charitas,
3061 1239 3336 1307 gaudium,
3356 1250 3484 1305 pax,

1900 1334 2290 1404 longanimitas,
2339 1333 2564 1399 bonitas,
2615 1332 2924 1402 benignitas,
2989 1331 3142 1398 ﬁdes,
3207 1328 3482 1397 modestia,

1901 1424 2174 1497 patientia,
2199 1425 2516 1478 continentia
2535 1440 2552 1477 :
2568 1423 2811 1477 adversus
2833 1421 3134 1492 hujusmodi
3156 1438 3259 1476 non
3285 1429 3357 1475 est
3380 1420 3483 1473 leas.

1907 1515 2008 1580 Qui
2028 1523 2202 1568 autem
2223 1522 2345 1568 sunt
2391 1509 2610 1577 Christi,
2658 1527 2868 1566 carnem
2913 1527 3064 1564 suam
3113 1509 3487 1578 cruciﬁxerunt

1905 1625 2023 1662 cum
2077 1607 2213 1660 vitiis
2268 1613 2316 1660 et
2365 1604 2791 1674 concupiscentiis
2846 1601 3116 1674 (Ambr.).
3195 1601 3308 1655 Non
3357 1599 3492 1654 dixit

1907 1714 2069 1769 opera
2110 1697 2332 1767 spiritus
2374 1696 2611 1750 Charitas
2635 1701 2738 1760 est,
2763 1693 2854 1748 sed
2877 1692 3084 1746 fructus
3109 1691 3348 1760 spiritus.
3381 1689 3492 1742 Lex

1911 1790 2056 1846 enim
2099 1789 2342 1858 spiritus,
2364 1787 2498 1852 haec,
2528 1801 2648 1855 quae
2675 1799 2839 1854 supra
2870 1783 3214 1848 memoravit,
3265 1779 3494 1834 fructiﬁ-

1914 1888 2025 1944 cat,
2063 1886 2123 1933 ut
2151 1894 2218 1932 ex
2243 1878 2328 1934 bis
2355 1877 2643 1931 haereditas
2691 1875 2840 1945 regni
2886 1873 3144 1929 cmlorum
3201 1877 3492 1940 qumratur.

1915 1969 2017 2037 Qui
2044 1969 2187 2024 enim
2212 1967 2428 2022 Christo
2455 1967 2632 2021 devoti
2654 1972 2800 2030 sunt,
2827 1964 2928 2019 hos
2967 1963 3098 2018 dicit
3126 1960 3392 2023 Cltristos,
3432 1957 3486 2012 id

1915 2072 2020 2128 est,
2044 2070 2257 2116 unctos.
2283 2059 2346 2114 lli
2383 2074 2624 2123 carnem,
2652 2058 2706 2112 id
2725 2065 2832 2122 est,
2859 2055 3118 2110 mundum
3146 2052 3492 2123 crucitigunt,

1917 2154 2133 2224 quando
2148 2153 2286 2216 haec,
2300 2166 2365 2205 ex
2383 2151 2578 2218 quibus
2593 2162 2808 2202 errores
2827 2145 3094 2210 oriuntur,
3115 2143 3496 2206 condemnant,

1918 2247 2059 2301 hunc
2088 2258 2304 2298 sensum
2330 2250 2384 2296 et
2407 2239 2640 2294 Joannes
2671 2238 2941 2308 apostolus
2983 2245 3200 2291 secutus
3243 2235 3320 2289 ait
3345 2252 3358 2287 :
3385 2232 3500 2287 Νο-

1917 2335 2007 2390 lite
2054 2335 2270 2405 diligere
2320 2334 2456 2386 hunc
2510 2331 2784 2391 mundum,
2828 2346 2990 2399 neque
3033 2345 3095 2382 ea
3129 2343 3244 2398 qua:
3295 2327 3348 2379 in
3401 2324 3498 2378 hoc

1917 2425 2112 2480 mundo
2135 2433 2278 2478 sunt.
2310 2421 2367 2478 Si
2390 2411 2704 2494 guis‘diligit
2729 2419 3004 2484 mundum,
3037 2433 3142 2471 non
3162 2425 3236 2470 est
3272 2413 3500 2468 charitas

1920 2514 2098 2569 Patris
2123 2514 2180 2567 in
2204 2512 2316 2578 illo,
2342 2513 2466 2583 quia
2499 2526 2647 2564 omne
2665 2508 2803 2580 quod
2831 2509 2886 2561 in
2911 2507 3007 2560 hoc
3029 2505 3222 2560 mundo
3244 2513 3340 2569 est,
3373 2519 3502 2556 con-

1931 2605 2247 2680 cupiscentia
2304 2602 2477 2660 carnis
2527 2609 2603 2658 est
2656 2609 2704 2655 et
2765 2597 3182 2670 concupiscentia
3234 2593 3504 2650 oculorum

1923 2698 1984 2776 (Ι
2007 2697 2168 2752 Joan.
2199 2700 2293 2766 ιι).
2321 2696 2422 2762 Qui
2452 2709 2579 2764 ergo
2615 2693 2892 2756 mundum,
2945 2698 3003 2745 et
3035 2688 3174 2757 quod
3205 2687 3258 2740 in
3305 2683 3506 2776 mundo

1921 2773 2026 2854 est,
2051 2802 2156 2841 non
2184 2783 2536 2854 concupiscit,
2575 2782 2664 2837 hic
2708 2793 2928 2836 carnem
2985 2775 3270 2846 cruciﬁgit.
3318 2773 3504 2842 Neque

1923 2880 2066 2934 enim
2097 2875 2309 2946 corpori
2335 2875 2567 2928 humano
2604 2873 2720 2927 haec
2752 2870 2886 2926 vitia
2936 2867 3254 2924 ascribenda
3279 2871 3421 2924 sunt,
3452 2863 3507 2918 id

1923 2975 2026 3033 est,
2043 2965 2362 3029 idololatria,
2378 2961 2656 3028 veneﬁcia,
2668 2962 2919 3023 haereses,
2939 2958 3173 3022 invidiae,
3191 2955 3506 3020 inimicitiae,

1927 3059 2042 3122 irae,
2069 3056 2200 3110 rixm
2220 3063 2276 3110 et
2305 3053 2463 3120 talia;
2497 3053 2591 3108 sed
2614 3051 2735 3107 ideo
2770 3049 3008 3106 carnalia
3057 3047 3328 3112 dicuntur,
3383 3045 3509 3114 quia

1929 3166 1992 3207 ex
2020 3157 2174 3221 parte
2207 3147 2392 3202 mundi
2418 3154 2563 3210 sunt,
2592 3146 2733 3200 sicut
2759 3157 2919 3212 supra
2945 3140 3262 3196 memoravi.
3292 3138 3502 3192 interea

1927 3259 2034 3298 non
2059 3239 2287 3308 amplius
2332 3251 2492 3308 quam
2514 3236 2700 3291 decem
2731 3248 2820 3290 res
2866 3232 3066 3302 posuit,
3111 3244 3246 3298 quas
3300 3227 3510 3282 fructus

1927 3331 2148 3402 spiritus
2172 3327 2524 3399 significat,ut
2551 3326 2604 3380 in
2632 3325 2714 3379 his
2733 3323 2912 3379 omnia
2935 3320 3243 3391 complexus
3267 3318 3514 3374 videatur

1928 3421 2223 3478 secundum
2279 3418 2490 3474 tabulas
2541 3415 2851 3471 testamenti
2894 3413 3008 3476 Dei,
3062 3412 3114 3466 in
3161 3410 3357 3481 quibus
3401 3423 3510 3462 non

1929 3511 2158 3580 amplius
2211 3523 2373 3579 quam
2421 3509 2604 3563 decem
2651 3506 2817 3560 verba
2891 3501 3266 3556 mandatorum
3316 3499 3508 3554 tradita

1929 3612 2076 3658 sunt.
2111 3597 2400 3672 (Hieron.)
2440 3597 2505 3652 Et
2535 3611 2656 3666 quae
2699 3595 2800 3648 alia
2853 3593 2994 3648 inter
3045 3589 3251 3645 fructus
3295 3588 3516 3657 spiritus

1931 3690 2115 3745 debuit
2140 3696 2322 3742 tenere
2345 3683 2761 3756 primatum,nisi
2780 3683 3036 3744 Charitas,
3083 3680 3200 3735 sine
3251 3693 3356 3747 qua
3404 3678 3513 3731 vir-

1933 3789 2073 3835 tutes
2099 3786 2306 3834 caeteras
2336 3792 2444 3831 non
2473 3783 2790 3846 reputantur
2816 3786 2936 3827 esse
2959 3773 3205 3835 virtutes,
3241 3778 3296 3823 et
3319 3781 3383 3822 ex
3406 3783 3512 3837 qua

1933 3877 2229 3925 nascuntur
2262 3867 2510 3920 universa
2536 3880 2658 3934 qua:
2686 3865 2826 3918 bona
2853 3869 3000 3926 sunt,
3044 3860 3308 3930 siquidem
3357 3869 3412 3913 et
3456 3859 3513 3911 in

1934 3963 2051 4032 lege
2080 3969 2136 4017 et
2163 3961 2216 4015 in
2247 3958 2536 4028 Evangelio
2563 3958 2676 4026 ipsa
2699 3956 2904 4011 obtinet
2940 3955 3304 4025 principatum
3336 3971 3349 4005 ε
3377 3952 3516 4006 Dili~

1934 4069 2020 4123 ges
2043 4050 2326 4105 Dominum
2349 4048 2518 4102 Deum
2543 4057 2690 4100 tuum
2708 4062 2772 4100 ea;
2794 4055 2899 4099 toto
2925 4044 3079 4099 corde
3108 4054 3218 4107 tuo,
3240 4053 3288 4096 et
3316 4058 3381 4096 ea;
3403 4051 3513 4095 tota

1935 4145 2113 4198 anima
2136 4153 2247 4208 tua,
2272 4150 2318 4196 et
2337 4156 2401 4194 ea:
2430 4147 2539 4193 tota
2564 4139 2748 4192 virtute
2769 4147 2885 4202 tua,
2913 4145 2962 4190 et
3009 4134 3190 4205 diliges
3221 4134 3516 4205 proximum

1937 4243 2083 4288 tuum
2134 4242 2386 4302 tanquam
2431 4229 2670 4300 teipsum.
2743 4226 2969 4294 Quantis
3011 4225 3168 4280 bonis
3204 4223 3404 4279 referta
3445 4223 3516 4277 sit

1939 4325 2194 4391 charitas,
2217 4333 2272 4379 et
2299 4337 2460 4392 supra
2508 4321 2743 4376 breviter
2783 4317 3218 4389 perstrinximus,
3265 4328 3322 4370 et
3373 4331 3518 4370 nunc

1941 4417 2026 4472 vel
2052 4431 2239 4487 parum
2267 4414 2470 4469 dixisse
2498 4410 2741 4478 sulIiciat,
2769 4412 2910 4481 quod
2937 4410 3150 4466 dilectio
3185 4424 3289 4464 non
3326 4406 3518 4477 quaerit

1941 4522 2060 4578 qua:
2083 4521 2180 4560 sua
2209 4511 2355 4568 sunt,
2382 4503 2474 4559 sed
2499 4519 2618 4573 qua:
2644 4502 2838 4557 aliena.
2872 4501 2938 4555 Et
2958 4499 3204 4570 quamvis
3246 4511 3344 4552 suo
3394 4496 3519 4566 quis

1942 4597 2076 4650 vitio
2104 4595 2355 4650 inimicus
2379 4594 2450 4650 sit
2472 4592 2734 4664 diligenti,
2759 4599 2814 4646 et
2838 4589 3282 4658 tranquillitatem
3307 4586 3426 4655 ejus
3450 4586 3518 4641 ad

1943 4691 2186 4746 odiorum
2211 4687 2404 4745 fluctus
2433 4687 2705 4744 concitare
2731 4685 2963 4746 nitatur;
3011 4691 3188 4736 tamen
3246 4679 3335 4736 ille
3385 4695 3518 4733 non-

1943 4798 2104 4854 quam
2129 4783 2396 4847 turbatur,
2421 4794 2694 4848 nunquam
2715 4786 3015 4833 creaturam
3039 4769 3132 4829 Dei
3154 4773 3278 4828 odio
3300 4772 3516 4841 dignam

1945 4872 2468 4930 aastimat:charitas
2491 4871 2635 4926 enim
2691 4868 2851 4938 operit
2901 4864 3285 4920 multitudinem
3335 4879 3517 4933 pecca-

1949 4974 2120 5019 torum
2174 4961 2225 5032 (I
2255 4959 2401 5016 Petr.
2428 4960 2535 5030 tv).
2567 4958 2701 5013 illud
2747 4971 2958 5026 quoque
3005 4955 3148 5025 quod
3181 4970 3210 5008 a
3241 4951 3522 5007 Salvatore

1951 5053 2184 5108 dicitur:
2217 5051 2340 5105 Non
2361 5057 2525 5120 potest
2559 5047 2716 5102 arbor
2753 5047 2884 5100 bona
2930 5045 3130 5114 fructus
3181 5043 3370 5112 aﬁ'erre
3408 5057 3521 5094 ma-

1951 5144 2050 5208 los,
2083 5157 2244 5212 neque
2270 5140 2427 5194 arbor
2453 5137 2594 5193 mala
2627 5136 2829 5206 [metus
2859 5137 3048 5206 alferre
3094 5136 3252 5188 bonos
3303 5131 3518 5203 (Matth.

1950 5229 2083 5302 vn),
2111 5245 2218 5284 non
2247 5237 2357 5282 tam
2378 5227 2445 5283 de
2473 5225 2794 5288 hominibus,
2825 5239 2984 5294 quam
3019 5223 3086 5277 de
3116 5222 3291 5277 fructu
3343 5220 3525 5275 carnis

1949 5327 2008 5378 et
2031 5316 2254 5386 spiritus
2280 5315 2512 5370 arbitror
2543 5314 2975 5385 pronuntiatum,
3003 5313 3125 5381 quia
3167 5326 3266 5366 nec
3304 5309 3525 5380 Spiritus

1953 5422 2187 5475 unquam
2217 5415 2397 5477 potest
2429 5421 2493 5461 ea
2520 5405 2672 5471 vitia,
2698 5418 2818 5475 quae
2853 5403 2906 5458 in
2927 5403 3108 5458 carnis
3135 5402 3387 5472 operibus
3425 5413 3524 5452 nu-

1954 5507 2159 5555 merata
2205 5505 2366 5563 sunt,
2415 5498 2594 5554 facere
2622 5509 2757 5553 :nec
2802 5511 2930 5551 caro
2972 5495 3057 5550 his
3103 5493 3382 5554 fructibus,
3431 5487 3524 5557 qui

1954 5587 2203 5642 oriuntur
2241 5587 2429 5658 spiritu
2473 5587 2790 5644 redundare.
2827 5587 3011 5641 Potest
3047 5591 3225 5639 autem
3267 5581 3400 5643 ﬁeri,
3431 5592 3527 5646 per

1959 5677 2338 5748 “eﬁlisentiam
2388 5677 2711 5748 possidentis
2737 5717 2752 5742 ,
2813 5684 2872 5730 ut
2931 5674 3150 5744 spiritus
3202 5670 3293 5739 qui
3345 5681 3524 5721 versa-
