4022 6338
524 381 630 438 559

1150 373 1214 427 Β.
1253 368 1506 426 RABANI
1546 363 1764 422 MAURI
1797 360 2114 418 ARCHIEP.
2155 357 2463 415 MOGUNT.
2501 354 2782 413 OPERUM
2827 354 3006 410 PARS
3041 352 3126 409 lli.

3659 345 3770 403 360

525 498 614 544 tur
636 487 690 541 in
711 483 926 540 homine
949 480 1154 535 fructus
1184 494 1289 532 non
1313 477 1505 531 haheat
1536 489 1662 528 suos
1687 490 1699 523 :
1729 478 1784 525 et
1810 484 1841 523 e
1865 479 2085 522 contra-
2113 471 2164 531 Α
2189 465 2442 528 affectus,
2488 465 2579 533 qui
2622 463 2742 519 fons
2783 464 2852 516 sit
2890 463 3202 516 utilitatum.
3243 458 3386 514 Inter
3423 456 3628 513 fructus
3657 458 3772 529 spi-

524 579 609 633 rio
633 589 760 630 caro
781 571 1033 641 operibus
1059 569 1170 622 suis
1205 563 1540 620 mortiﬁcatis
1583 574 1809 630 peccare
1837 557 2091 621 desistat;

524 684 633 723 non
659 677 837 720 tamen
860 663 947 716 illo
975 675 1141 728 usque
1164 658 1475 728 procedunt,
1506 664 1564 707 ut
1610 661 1665 707 et
1712 650 1952 720 neglecta
2008 663 2097 702 ar-

529 759 630 814 bor
657 756 905 825 spiritus,
931 765 1092 820 Opera
1125 749 1301 802 carnis
1347 745 1554 807 aﬁ'crat,
1612 750 1667 795 et
1714 740 1874 793 arbor
1918 737 2097 793 carnis

531 847 764 908 exculta,
794 845 999 897 fructus
1025 840 1286 911 germinet
1307 835 1590 904 spiritales.
1631 832 1686 885 in
1713 830 1945 885 secundo
1991 827 2098 896 spi-

534 936 766 990 ritalium
790 933 1055 986 fructuum
1076 928 1196 982 loco
1230 927 1477 997 gaudium
1515 922 1747 990 positum
1798 927 1898 981 est,
1957 916 2100 984 quod

536 1023 703 1078 Stoici
731 1034 963 1090 quoque,
990 1017 1082 1086 qui
1108 1017 1442 1085 distinguunt
1479 1013 1618 1066 inter
1645 1011 1808 1064 verba
1832 1007 2098 1071 subtilius,

537 1115 680 1168 aliud
715 1114 843 1182 quid
889 1125 1010 1164 esse
1046 1108 1314 1162 aestimant
1341 1120 1503 1174 quam
1537 1102 1796 1156 laetitiam.
1834 1099 2102 1154 Gaudium

537 1206 732 1275 quippe
761 1218 879 1258 esse
919 1202 1068 1254 aiunt
1102 1199 1385 1253 elationem
1429 1198 1592 1250 animi
1644 1211 1804 1264 super
1855 1194 1941 1250 his
1986 1208 2104 1262 qua:

537 1298 696 1365 digna
709 1304 834 1349 sunt
849 1292 1160 1348 exsultantis
1176 1309 1188 1342 :
1205 1289 1444 1344 lmtitiam
1461 1305 1588 1342 vero
1604 1289 1917 1344 effrenatam
1940 1285 2106 1340 animi

536 1387 854 1457 elationem,
883 1398 1002 1451 quae
1045 1381 1258 1434 modum
1302 1379 1535 1441 nesciat,
1583 1387 1638 1432 et
1666 1379 1720 1431 in
1766 1378 1848 1431 his
1896 1389 2108 1446 quoque

537 1492 660 1546 qua:
689 1475 816 1528 vitio
857 1474 966 1528 sint
993 1472 1172 1535 mista,
1201 1471 1432 1523 luatetnr.
1467 1469 1569 1522 Alii
1605 1484 1635 1521 e
1670 1465 1885 1538 regione
1932 1466 2109 1536 gaudii

542 1569 867 1636 voluptatem
894 1572 1098 1633 ponunt
1126 1581 1140 1616 :
1163 1578 1266 1616 non
1289 1563 1429 1616 hanc
1457 1577 1574 1630 qua:
1611 1577 1804 1630 corpus
1839 1561 1904 1614 ad
1931 1560 2108 1613 libidi—

541 1656 940 1714 nemconcitat,
975 1652 1381 1712 titillatsensus,
1407 1650 1544 1703 dulci
1571 1650 1843 1704 blanditur
1883 1647 2106 1711 affectu;

540 1747 634 1802 sed
672 1745 829 1798 aliam
867 1743 991 1798 huic
1013 1741 1294 1813 ὁμωνύμον,
1324 1755 1442 1810 qua:
1488 1741 1600 1794 sine
1651 1739 2012 1812 moderatione
2058 1745 2112 1791 et

2195 555 2330 610 ritus
2370 555 2656 625 septimum
2702 561 2757 607 et
2799 553 3149 607 sacratiorem
3198 548 3371 604 locum
3412 548 3548 604 ﬁdes
3588 551 3769 618 possi-

2195 644 2307 709 det,
2335 660 2453 714 qua:
2476 644 2636 698 etiam
2663 641 2791 695 alibi
2822 641 2964 695 inter
2997 649 3107 694 tres
3135 639 3384 708 ponitur,
3409 653 3564 707 Spes,
3604 638 3772 705 ﬁdes,

2197 735 2458 789 charitas.
2493 733 2603 788 Nec
2631 732 2827 786 mirum
2855 731 2900 784 si
2931 746 3055 799 spes
3078 731 3130 782 in
3155 731 3257 783 hoc
3281 728 3524 796 catalogo
3557 742 3662 781 non
3691 745 3777 783 re-

2199 824 2428 887 feratur,
2458 837 2576 876 cum
2611 821 2664 874 in
2693 819 2796 874 ﬁde
2827 818 2895 872 sit
2927 819 3069 886 quod
3109 828 3377 886 speratur,
3423 825 3478 870 et
3530 816 3603 869 ita
3653 832 3778 870 eam

2198 913 2487 984 Apostolus
2517 911 2583 964 ad
2609 909 2860 964 Hebraeos
2886 907 3138 962 scribens
3156 906 3376 961 deﬁniat
3416 922 3429 959 :
3472 905 3567 958 Est
3601 916 3780 959 autem

2201 1005 2331 1072 ﬁdes
2373 1001 2750 1072 sperandarum
2803 998 3092 1053 substantia
3143 1012 3355 1060 rerum,
3411 1007 3782 1065 argumentum

2203 1094 2421 1148 necdum
2437 1091 2815 1160 apparentium.
2833 1087 3105 1157 Siquidem
3123 1086 3174 1140 id
3191 1085 3332 1156 quod
3356 1101 3636 1154 speramus
3661 1101 3786 1140 esse

2203 1194 2508 1246 venturum,
2539 1189 2594 1235 et
2619 1180 2847 1234 necdum
2871 1187 2954 1233 est
2979 1179 3033 1232 in
3057 1176 3333 1247 prmsenti,
3382 1175 3486 1229 ﬁde
3532 1176 3786 1244 posside-

2205 1288 2346 1336 mus,
2380 1279 2656 1341 sperantes
2679 1283 2778 1322 nos
2808 1277 2992 1321 tenere
3024 1266 3164 1336 quod
3195 1265 3481 1319 credimus.
3507 1263 3788 1330 Qumritur

2207 1377 2454 1433 quoque,
2486 1359 2752 1429 quomodo
2793 1358 2926 1412 ﬁdes
2967 1357 3020 1410 in
3049 1357 3314 1411 charitate
3341 1355 3412 1410 sit
3451 1356 3652 1424 posita.
3683 1355 3789 1422 Qui

2209 1453 2400 1522 diligit,
2428 1463 2698 1518 nunquam
2740 1461 2798 1502 se
2838 1446 2955 1501 laedi
2992 1445 3242 1511 aestimat,
3290 1460 3565 1515 nunquam
3617 1445 3789 1508 aliud,

2210 1543 2315 1598 nisi
2343 1540 2486 1610 quod
2506 1539 2680 1609 diligit
2705 1546 2760 1592 et
2785 1536 3045 1608 diligitur,
3085 1536 3422 1605 suspicatur;
3454 1551 3579 1591 cum
3605 1544 3793 1590 autem

2210 1633 2426 1686 dilectio
2464 1629 2650 1700 procul
2695 1627 2948 1692 abfuerit,
2995 1635 3052 1680 et
3099 1626 3232 1680 ﬁdes
3276 1627 3481 1696 pariter
3525 1627 3776 1680 abscedit

2213 1723 2342 1777 Post
2395 1721 2556 1775 ﬁdem
2605 1718 2958 1772 mansuetudo
3007 1726 3341 1780 numeratur,
3391 1732 3510 1786 qua:
3561 1715 3795 1770 adversa

541 1839 650 1890 ullo
673 1837 864 1890 decore
885 1834 1077 1887 laetitiae
1102 1834 1152 1885 in
1181 1833 1286 1886 risu
1313 1832 1512 1884 cxaltat
1553 1845 1736 1886 vocem
1765 1845 1934 1883 suam.
1961 1828 2112 1896 Quod

2224 1823 2300 1869 est
2321 1815 2431 1879 iraa,
2463 1812 2616 1874 rixis,
2639 1809 3078 1873 dissensionibus,
3101 1817 3156 1862 et
3176 1823 3448 1878 nunquam
3465 1807 3531 1860 ad
3556 1807 3643 1860 sui
3668 1822 3797 1862 oon-

541 1929 587 1983 si
619 1943 802 1982 verum
833 1934 937 1990 cst,
982 1933 1036 1978 et
1079 1939 1264 1977 eorum
1306 1923 1446 1976 inter
1490 1924 1651 1976 verba
1689 1921 1960 1977 distinctio
2005 1933 2113 1974 non

546 2019 680 2073 fallit
698 2028 751 2072 et
777 2019 993 2079 fallitur,
1028 2016 1429 2070 consideremus
1455 2030 1521 2068 ne
1557 2013 1781 2068 forsitan
1815 2012 2016 2067 idcirco
2036 2011 2116 2065 di-

546 2120 692 2164 ctum
718 2109 788 2161 sit
811 2125 824 2159 :
855 2106 976 2159 Non
1000 2113 1074 2159 est
1094 2105 1318 2173 gaudere
1339 2103 1530 2172 impiis,
1554 2103 1678 2155 dicit
1702 2102 1954 2154 Dominus
1976 2099 2112 2170 (Isa.

547 2200 764 2268 vaut).
798 2196 968 2251 Simul
1009 2205 1186 2249 autem
1214 2202 1269 2248 et
1296 2193 1423 2245 illud
1456 2191 1771 2256 notandum,
1813 2191 1954 2260 quod
1997 2198 2137 2260 post,

548 2290 896 2344 dilectionem
957 2286 1206 2356 gaudium
1253 2283 1514 2352 sequitur.
1581 2282 1681 2348 Qui
1742 2282 1886 2336 enim
1949 2280 2121 2350 diligit

550 2379 876 2446 quempiam,
910 2391 1120 2444 semper
1167 2375 1217 2427 in
1263 2375 1378 2444 ejus
1416 2373 1668 2427 felicitate
1714 2373 1956 2435 laetatur;
1987 2380 2041 2424 et
2073 2371 2119 2425 si

550 2483 675 2522 eum
700 2466 891 2520 viderit
916 2465 1092 2532 aliquo
1130 2479 1312 2516 errore
1343 2465 1621 2531 deceptum
1667 2470 1722 2515 et
1778 2471 2119 2530 peccatorum

549 2557 758 2611 lubrico
779 2555 1096 2616 concidisse,
1125 2553 1327 2606 dolebit
1349 2553 1562 2622 quidem
1592 2559 1649 2606 et
1673 2565 1864 2605 eruere
1895 2549 2118 2604 festina-

556 2650 667 2712 bit;
697 2647 788 2701 sed
811 2661 916 2700 non
939 2645 1136 2715 poterit
1160 2643 1412 2712 gaudium
1435 2653 1647 2696 mutare
1675 2642 1912 2704 tristitia,
1946 2642 2120 2696 sciens

553 2740 756 2794 nullam
785 2737 1176 2792 rationabilium
1203 2743 1569 2790 creaturarum
1593 2736 1731 2805 apud
1752 2735 1918 2790 Deum
1945 2735 2124 2802 perire

552 2836 829 2897 perpetuo.
872 2827 1084 2880 Tertius
1107 2825 1313 2879 fructus
1363 2825 1612 2893 spiritus,
1655 2832 1739 2879 est
1785 2839 1909 2894 pax,
1947 2839 1977 2876 a
2016 2838 2123 2892 qua

558 2919 810 2974 Salomon
837 2933 1066 2988 quoque,
1099 2918 1188 2986 qui
1221 2917 1272 2969 in
1302 2925 1425 2986 typo
1460 2915 1659 2970 Christi
1687 2915 1992 2984 praecessit,
2021 2930 2121 2968 no-

560 3027 683 3066 men
709 3011 945 3080 accepit;
971 3017 1026 3064 et
1050 3009 1114 3062 de
1135 3007 1372 3062 Ecclesia
1396 3007 1674 3061 Psalmista
1699 3007 1846 3060 canit
1880 3024 1891 3058 :
1923 3004 2124 3058 Factus

559 3111 633 3154 est
650 3101 702 3153 in
724 3116 849 3170 pace
870 3099 1016 3152 locus
1035 3099 1148 3167 ejus
1170 3097 1339 3166 (Psal.
1355 3098 1544 3165 Lxxv);
1569 3105 1624 3150 et
1639 3097 1779 3149 inter
1798 3103 1920 3149 octo
1946 3095 2122 3148 Evas-

2217 1905 2383 1961 traria
2417 1911 2771 1975 provocatur,
2833 1916 2959 1956 vere
3003 1900 3068 1955 de
3116 1901 3255 1955 bona
3297 1899 3517 1969 spiritus
3574 1900 3797 1963 arbore,

2215 2001 2387 2055 bonos
2414 1998 2618 2052 fructus
2641 2005 2695 2049 et
2717 1995 3042 2066 germinans.
3087 1994 3191 2048 Per
3227 1995 3366 2048 hanc
3413 1993 3651 2048 famulus
3701 1994 3802 2048 Dei

2217 2091 2424 2161 Moyses
2485 2087 2848 2143 testimonium
2930 2086 3220 2156 Scriptura:
3280 2087 3478 2141 meruit
3521 2089 3799 2156 accipere,

2218 2181 2476 2237 dicentis:
2506 2179 2709 2250 Moyses
2755 2190 3055 2231 mansuetus
3099 2187 3209 2231 erat
3249 2177 3364 2247 plus
3412 2194 3572 2246 quam
3614 2193 3800 2230 omnes

2217 2273 2447 2326 homines
2478 2288 2632 2340 super
2660 2281 2849 2324 terram
2873 2269 3059 2340 (Num.
3086 2270 3206 2338 xit).
3238 2270 3411 2337 Super
3443 2278 3674 2334 terram,
3721 2271 3802 2323 in-

2221 2363 2367 2432 quit;
2399 2375 2559 2431 super
2583 2376 2676 2415 eos
2695 2361 2858 2426 enim,
2886 2361 2976 2430 qui
3006 2358 3142 2414 facie
3167 2361 3234 2414 ad
3275 2359 3466 2416 faciem
3507 2360 3684 2414 Deum
3731 2361 3807 2414 vi-

2221 2457 2451 2520 debant,
2481 2470 2601 2509 esse
2625 2471 2732 2509 non
2761 2463 3004 2524 poterat;
3029 2454 3153 2524 quia
3193 2454 3359 2508 multa
3387 2469 3526 2524 saepe
3557 2454 3804 2524 compel-

2219 2542 2380 2598 limur
2408 2557 2506 2612 per
2532 2544 2711 2598 carnis
2739 2542 2915 2597 facere
2953 2543 3340 2597 inﬁrmitatem.
3371 2541 3448 2598 De
3478 2543 3648 2598 David
3673 2559 3810 2613 quo-

2221 2648 2346 2702 que,
2369 2632 2494 2688 licet
2517 2632 2671 2686 multi
2701 2633 2767 2686 de
2792 2633 3017 2688 Domino
3043 2641 3229 2688 nostro
3257 2633 3526 2688 aestiment
3558 2635 3807 2704 prophe-

2224 2733 2414 2788 tatum,
2441 2725 2581 2794 quod
2604 2740 2702 2780 nos
2731 2725 2892 2779 etiam
2917 2741 3023 2780 non
3061 2739 3337 2796 negamus,
3387 2726 3624 2796 Spiritus
3679 2742 3810 2782 san-

2223 2827 2341 2870 ctus
2370 2817 2424 2871 in
2457 2826 2582 2887 typo
2615 2817 2824 2870 venturi
2849 2816 2993 2870 canit
3027 2834 3040 2868 :
3086 2817 3368 2882 Memento,
3409 2816 3654 2881 Domine,
3701 2817 3810 2870 Da-

2224 2912 2331 2976 vid,
2353 2921 2400 2965 et
2429 2912 2594 2966 omnis
2622 2911 3037 2965 mansuetudinis
3059 2911 3173 2979 ejus
3202 2908 3374 2981 (Psal.
3403 2910 3612 2980 cxxxt).
3636 2909 3809 2979 Cujus

2224 3001 2576 3054 mansuetudo
2607 3001 2863 3054 adversus
2903 2997 3051 3065 Saul,
3094 2999 3326 3054 Absalon
3363 3008 3418 3054 et
3466 2999 3672 3065 Semei,
3727 2999 3812 3054 vel

2226 3092 2456 3148 maxime
2479 3091 2704 3161 claruit”
2731 3108 2860 3147 cum
2873 3092 3009 3148 alius
3031 3107 3154 3148 eum
3177 3092 3338 3148 vellet
3363 3092 3643 3158 occidere;
3667 3093 3811 3149 alius

558 3190 680 3262 gelii
710 3188 1099 3245 benedictiones
1128 3186 1378 3244 scribitur
1409 3201 1422 3239 :
1457 3185 1602 3240 Beati
1622 3184 1848 3257 paciﬁci,
1876 3184 2121 3256 quoniam
2145 3153 2197 3220 θ
2227 3201 2313 3239 res
2335 3200 2500 3239 novas
2521 3184 2735 3238 molitus
2765 3183 3014 3238 fraudare
3057 3182 3284 3251 imperio
3319 3183 3617 3248 niteretur;
3667 3185 3812 3239 alius

559 3281 658 3348 ﬁlii
678 3280 774 3332 Dei
803 3281 1120 3357 vocabuntur
1149 3277 1359 3347 (Matth.
1392 3277 1466 3348 v).
1517 3277 1573 3330 ln
1599 3278 1774 3346 primo
1802 3277 1965 3330 etiam
1991 3275 2126 3330 Gra-

561 3371 723 3422 duuna
751 3368 955 3440 psalmo
990 3376 1242 3422 cantatur
1266 3387 1278 3420 :
1301 3367 1432 3420 Cum
1453 3368 1533 3420 his
1555 3367 1645 3438 qui
1691 3367 1906 3420 oderant
1945 3382 2125 3436 pacem

563 3474 706 3512 eram
734 3457 982 3526 paciﬁcus
1009 3455 1179 3527 (Psal.
1207 3457 1374 3527 cna).
1393 3457 1504 3511 Nec
1523 3466 1768 3527 putemus
1797 3471 1983 3526 pacem
2005 3463 2128 3509 tan-

567 3558 678 3601 tum
703 3548 756 3600 in
783 3561 849 3601 eo
877 3561 997 3600 esse
1017 3548 1382 3615 quaerendam,
1414 3548 1459 3601 si
1485 3563 1608 3602 cum
1646 3547 1751 3600 alio
1802 3562 1907 3601 non
1943 3543 2130 3616 jurge-

565 3653 686 3693 mur
716 3655 728 3690 :
757 3638 850 3692 sed
870 3645 997 3692 tunc
1016 3652 1120 3707 pax
1145 3637 1360 3702 Christi,
1389 3639 1489 3692 hoc
1507 3646 1609 3703 est,
1635 3636 1921 3692 haereditas
1943 3644 2128 3690 nostra

565 3729 842 3782 uobiscum
871 3735 972 3791 est,
1001 3729 1044 3781 si
1069 3727 1351 3796 tranquilla
1374 3743 1528 3782 mens
1576 3727 1738 3783 nullis
1789 3726 2130 3796 passionibus

561 3819 924 3888 perturbetur.
957 3816 1082 3871 Post
1106 3833 1291 3886 pacem
1315 3818 1558 3886 sequitur
1589 3817 1969 3886 longanimitas
2018 3817 2131 3870 sive

565 3909 840 3978 patientia,
879 3907 1004 3976 quia
1025 3917 1248 3975 utroque
1281 3909 1436 3961 modo
1463 3909 1808 3983 μακροθυμίαν
1850 3919 2132 3975 possumus

566 3999 930 4068 interpretari.
984 3997 1115 4051 Huic
1165 3997 1432 4052 contraria
1453 4005 1537 4050 est
1589 3995 2018 4065 pusillanimitas,
2066 3995 2132 4050 de

568 4104 673 4159 qua
715 4088 966 4143 scribitur
1009 4105 1022 4140 :
1069 4085 1448 4140 Pusillanimus
1495 4085 1814 4138 vehementer
1861 4083 2128 4152 insipiens.

569 4178 673 4243 Qui
701 4195 815 4232 vero
843 4179 1161 4247 patiensest,
1185 4185 1231 4229 et
1249 4177 1484 4228 universa
1503 4183 1784 4237 sustentat,
1810 4175 1886 4229 vir
1905 4174 2132 4243 sapiens.

568 4273 638 4326 Et
671 4287 790 4325 cum
840 4271 1069 4325 ὶπιτὰσιι
1112 4268 1332 4323 multum
1373 4269 1575 4336 sapiens
1619 4265 1936 4334 appellatur.
1987 4264 2132 4320 Utin

569 4360 879 4414 Proverbiis
917 4374 1129 4427 quoque
1181 4358 1440 4426 scriptum
1483 4363 1566 4410 est
1605 4374 1619 4409 :
1663 4355 2014 4425 Longanimus
2056 4355 2137 4409 vir

571 4450 764 4503 multus
790 4450 844 4502 in
865 4450 1158 4520 prudentia.
1184 4447 1494 4517 Benignitas
1529 4447 1692 4500 etiam
1736 4445 1848 4500 sive
1873 4446 2132 4512 suavitas,

570 4541 696 4610 quia
724 4539 864 4609 apud
893 4538 1108 4594 Graecos
1135 4540 1429 4613 χρηστότης
1461 4546 1743 4608 utrumque
1769 4547 1946 4604 sonat,
1968 4538 2138 4592 virtus

569 4641 654 4685 est
683 4632 838 4695 lenis,
886 4630 1098 4694 blanda,
1149 4630 1453 4699 tranquilla,
1493 4639 1546 4685 et
1592 4631 1830 4686 omnium
1878 4632 2140 4686 bonorum

574 4731 696 4790 apta
723 4724 1013 4786 consortio,
1047 4721 1280 4775 invitans
1301 4722 1367 4775 ad
1388 4721 1810 4778 familiaritatem
1839 4723 1943 4788 sui,
1967 4722 2140 4779 dulcis

571 4812 824 4880 alloquio,
855 4811 1428 4880 moribustemperata.
1460 4813 1695 4881 Denique
1718 4822 1774 4867 et
1795 4813 1935 4868 hanc
1971 4813 2138 4869 Stoici

573 4903 649 4956 ita
685 4901 944 4956 deﬁniunt
975 4919 988 4954 :
1029 4901 1340 4973 Bcnignitas
1365 4912 1448 4957 est
1466 4905 1636 4958 virtus
1661 4913 1849 4974 sponte
1877 4905 1942 4960 ad
1971 4905 2137 4961 bene-

573 4989 875 5044 faciendum
905 4990 1165 5059 exposita.
1199 4991 1313 5046 Non
1344 4993 1568 5047 multum
1595 4994 1808 5048 bonitas
1836 5010 1866 5048 a
1889 4996 2136 5066 benigni-

573 5085 683 5132 tate
707 5077 918 5132 diversa
940 5087 1042 5143 est,
1066 5081 1191 5148 quia
1213 5090 1266 5134 et
1295 5083 1408 5150 ipsa
1433 5082 1500 5135 ad
1526 5081 1968 5136 benefaciendum
1993 5082 2139 5135 vide-

573 5180 662 5225 tur
685 5171 943 5239 exposita.
975 5171 1081 5226 Sed
1116 5172 1168 5226 in
1212 5187 1276 5226 eo
1321 5171 1518 5235 differt,
1567 5173 1691 5239 quia
1725 5181 1902 5242 potest
1926 5173 2138 5227 bonitas

571 5277 692 5315 esse
720 5263 945 5327 tristior,
967 5270 1021 5316 et
1037 5261 1213 5315 fronte
1233 5262 1435 5314 severis
1464 5261 1700 5315 moribus
1717 5262 1976 5331 irrugata.
2001 5263 2136 5316 bene

572 5350 787 5420 quidem
823 5350 1003 5406 facere
1030 5361 1085 5406 et
1121 5358 1375 5419 praestare
1420 5350 1562 5418 quod
1599 5350 1854 5418 poscitur,
1905 5365 2009 5404 non
2058 5358 2138 5404 ta-

573 5455 693 5493 men
715 5441 892 5494 suavis
909 5455 1030 5494 esse
1059 5439 1350 5502 consortio,
1393 5446 1448 5492 et
1495 5453 1593 5492 sua
1642 5447 1865 5493 cunctos
1913 5440 2144 5495 invitare

571 5514 868 5585 dulcedine.
910 5530 1058 5583 Hanc
1077 5541 1286 5597 quoque
1310 5535 1601 5582 sectatores
1633 5527 1862 5584 Zenonis
1907 5531 1981 5584 ita
2011 5530 2146 5584 deﬁ-

573 5622 724 5674 niunt
761 5641 774 5674 :
801 5621 1021 5674 Bonitas
1050 5627 1134 5674 est
1170 5619 1340 5672 virtus
1369 5635 1487 5688 qua:
1519 5621 1690 5688 prosit
1735 5640 1745 5673 :
1784 5636 1850 5674 ex
1879 5637 1980 5691 qua
2008 5624 2152 5678 oria-

576 5719 662 5763 tur
697 5711 919 5774 utilitas;
980 5717 1074 5762 aut
1121 5709 1293 5764 virtus
1352 5717 1572 5778 propter
1635 5712 2008 5781 semetipsam;
2069 5713 2154 5768 vel

2224 3274 2428 3344 lapides
2456 3275 2509 3328 in
2533 3290 2654 3329 eum
2674 3273 2896 3342 iaciens,
2925 3282 2981 3327 et
3001 3273 3274 3344 pulverem
3301 3274 3566 3329 ventilans
3606 3273 3814 3329 clama-

2229 3374 2380 3420 retet
2402 3365 2604 3420 diceret
2630 3382 2642 3416 :
2671 3363 2951 3433 Egredere,
2979 3364 3237 3434 egredere,
3273 3365 3350 3418 uir
3375 3363 3636 3434 inique(I
3672 3364 3811 3435 Reg.

2228 3473 2319 3514 xu
2341 3467 2387 3511 et
2413 3473 2517 3525 seq.
2546 3474 2565 3523 ,-
2608 3455 2671 3509 II
2697 3454 2820 3526 Reg.
2863 3470 2952 3520 xv,
2983 3456 3120 3528 xvi).
3167 3455 3420 3510 Extrema
3469 3455 3812 3510 continentia

2229 3551 2283 3605 in
2313 3549 2574 3604 fructibus
2603 3548 2826 3618 spiritus
2849 3547 3144 3605 collocatur
3172 3566 3185 3600 :
3215 3563 3374 3618 quam
3401 3563 3508 3605 non
3543 3549 3722 3604 solum
3757 3550 3810 3604 in

2229 3642 2478 3697 castitate
2527 3641 2783 3695 debemus
2829 3643 3095 3710 accipere,
3137 3641 3231 3695 sed
3269 3641 3433 3696 etiam
3483 3641 3539 3695 in
3577 3642 3705 3696 cibo
3761 3650 3815 3696 et

2230 3741 2377 3804 potu,
2405 3733 2456 3786 in
2486 3731 2565 3785 ira
2589 3739 2802 3800 qquue
2833 3740 2888 3787 et
2939 3732 3222 3788 vexatione
3268 3732 3462 3787 mentis
3515 3741 3572 3787 et
3619 3733 3810 3810 detra-

2231 3820 2391 3875 hendi
2415 3819 2654 3874 libidine.
2696 3817 2842 3874 Inter
2864 3820 3180 3875 modestiam
3211 3828 3390 3876 autem
3416 3830 3474 3876 et
3518 3823 3812 3876 continen-

2231 3913 2361 3967 tiam
2381 3912 2484 3967 boc
2505 3911 2751 3977 interest,
2783 3911 2926 3982 quod
2971 3912 3228 3968 modestia
3277 3914 3329 3966 in
3373 3912 3505 3967 viris
3550 3913 3815 3982 perfectis

2232 4011 2332 4066 est,
2382 4009 2870 4071 consummataaque
2923 4001 3158 4066 virtutis,
3200 4002 3266 4057 de
3312 4001 3506 4071 quibus
3557 4001 3815 4056 Salvator

2234 4093 2309 4148 ait
2355 4111 2368 4146 :
2405 4091 2558 4146 Beati
2597 4094 2767 4159 mites,
2808 4094 3052 4162 quoniam
3085 4093 3185 4163 ipsi
3239 4093 3572 4164 possidebunt
3614 4104 3816 4147 terram
3855 4109 3868 4124 ·

2236 4183 2464 4254 (Matth.
2493 4182 2581 4253 v).
2645 4183 2710 4237 Et
2759 4183 2825 4237 de
2866 4198 2924 4237 se
2977 4183 3091 4252 ipso
3121 4200 3132 4236 :
3161 4183 3354 4236 Discite
3379 4201 3411 4237 a
3435 4199 3516 4236 me
3556 4183 3817 4252 quoniam

2233 4275 2372 4328 mitis
2395 4291 2509 4328 sum
2529 4284 2575 4327 et
2595 4273 2806 4328 humilis
2832 4275 2985 4328 corde
3033 4272 3256 4345 (Matth.
3285 4272 3395 4344 xt).
3461 4272 3816 4327 Continenti:

2236 4381 2365 4419 vero
2391 4365 2442 4418 in
2479 4363 2562 4418 via
2591 4365 2806 4433 quidem
2838 4363 3052 4418 virtutis
3076 4371 3188 4429 est,
3219 4363 3312 4418 sed
3351 4363 3576 4416 necdum
3610 4375 3812 4430 perve-

2239 4455 2319 4508 nit
2351 4454 2416 4508 ad
2447 4453 2650 4509 calcem
2675 4472 2689 4508 :
2720 4453 2844 4522 quia
2865 4453 3185 4523 cupiditates
3213 4453 3389 4506 adhuc
3423 4452 3476 4505 in
3522 4449 3660 4519 ejus,
3718 4450 3816 4518 qui

2243 4557 2300 4597 se
2329 4542 2597 4608 continet,
2640 4541 2967 4613 cogitatione
3005 4547 3327 4606 nascuntur,
3379 4547 3434 4594 et
3461 4540 3659 4594 mentis
3699 4538 3820 4608 pol-

2238 4633 2393 4688 luunt
2413 4633 2728 4704 principale,
2753 4633 2878 4688 licet
2901 4648 3006 4687 non
3029 4643 3302 4703 superent,
3325 4646 3425 4687 nec
3444 4633 3511 4686 ad
3535 4646 3671 4700 opus
3689 4646 3818 4700 per-

2239 4725 2456 4779 trahant
2479 4723 2824 4794 cogitantem.
2859 4721 2974 4777 Non
3003 4722 3173 4778 solum
3207 4731 3388 4776 autem
3423 4722 3476 4776 in
3505 4721 3815 4788 desideriis,

2237 4822 2294 4869 et
2313 4813 2604 4884 cupiditate
2640 4813 2971 4868 continentia
2993 4813 3296 4868 necessaria
3333 4821 3452 4878 est;
3501 4811 3597 4866 sed
3648 4812 3816 4867 etiam

2237 4903 2292 4958 in
2323 4905 2493 4958 tribus
2530 4904 2751 4974 reliquis
2791 4903 3300 4974 perturbationibus,
3350 4903 3532 4958 dolore
3583 4903 3816 4968 scilicet,

2239 4992 2422 5046 laetitia
2447 5000 2504 5046 et
2530 4993 2741 5047 timore.
2775 4991 3049 5046 Adversus
3089 4990 3392 5060 hujusmodi
3443 4989 3654 5046 fructus
3705 4989 3820 5060 spi-

2238 5082 2374 5134 ritus
2395 5095 2500 5134 non
2529 5089 2613 5135 est
2657 5081 2764 5136 lex.
2811 5080 2964 5134 Justo
3001 5082 3196 5151 quippe
3241 5081 3325 5135 lea:
3364 5098 3468 5136 non
3507 5090 3581 5136 est
3617 5082 3818 5150 posita,

2238 5167 2428 5237 iniquis
2455 5178 2623 5221 autem
2651 5179 2696 5221 et
2726 5185 2829 5222 non
2857 5167 3123 5235 subjectis,
3151 5169 3324 5239 impiis
3362 5179 3411 5223 et
3453 5170 3818 5239 peccatoribus

2240 5255 2303 5328 (I
2334 5256 2466 5309 Tim.
2499 5257 2576 5324 l).
2609 5257 2716 5312 Lex
2765 5259 2895 5312 mihi
2943 5260 3072 5312 dicit
3105 5279 3116 5312 :
3146 5280 3162 5310 ι
3192 5259 3307 5314 Νοη
3333 5261 3684 5325 adulterabis,
3708 5277 3817 5316 non

2240 5345 2474 5409 occides,
2498 5361 2601 5399 non
2629 5345 2818 5400 falsum
2849 5348 3209 5402 testimonium
3237 5349 3404 5412 dices,
3447 5365 3553 5404 non
3596 5349 3816 5404 frauda-

2242 5435 2458 5499 bis,non
2487 5435 2819 5490 desiderabis
2841 5436 3038 5502 aliena,
3066 5453 3172 5491 non
3193 5435 3478 5508 pejerabis,
3532 5453 3639 5493 non
3679 5437 3818 5492 fura-

2247 5523 2413 5578 beris.
2440 5543 2457 5574 ι
2495 5521 2552 5576 Si
2585 5524 2699 5578 ham
2727 5525 2904 5579 omnia
2929 5524 3103 5581 fructu
3130 5527 3185 5580 in
3209 5541 3295 5582 me
3309 5527 3530 5596 spiritus
3553 5528 3817 5581 charitate

2249 5622 2506 5684 regnante
2529 5629 2635 5668 non
2659 5614 2818 5680 facio,
2846 5615 3112 5684 superﬂua
3141 5616 3271 5671 mihi
3297 5626 3421 5671 sunt
3446 5624 3714 5686 praecepta
3743 5614 3819 5668 le-

2251 5716 2351 5785 gis.
2380 5715 2616 5785 Denique
2645 5725 2699 5773 et
2723 5718 2994 5788 sapientes
3022 5720 3208 5777 mundi
3241 5719 3307 5776 de
3330 5718 3690 5786 philosophia,
3739 5715 3822 5772 sic
