4022 6338
245 368 355 425 361

718 355 1263 416 ENARRATIONUM
1298 353 1365 409 IN
1399 352 1546 407 EPP.
1587 348 1787 406 PAULI
1827 345 1955 403 LIB.
1997 346 2136 401 XVI.
2175 377 2242 388 —
2279 346 2346 402 IN
2380 346 2596 403 EPIST.
2637 348 2728 403 AD
2762 345 3009 402 GALAT.

3383 346 3488 403 ωε

243 479 457 550 opinati
484 484 626 539 sunt,
658 483 717 527 ut
752 471 892 541 quod
921 471 1066 541 leges
1096 467 1308 537 publice
1355 463 1533 519 facere
1579 460 1825 517 homines
1850 461 1900 521 Α
1931 467 2121 514 timore
2182 459 2337 516 timet
2395 461 2678 528 adultera,
2738 476 2806 516 ne
2862 461 3197 516 custodiatur
3251 477 3280 513 a
3333 463 3484 546 viro,

241 572 577 624 necessitate
601 562 962 634 compellunt,
1000 562 1102 614 hoc
1129 557 1216 612 illa
1251 555 1570 626 persuadeat
1595 552 1707 607 ﬁeri
1737 565 1827 604 vo-

241 658 478 714 luntate.
507 654 709 728 (Aug.)
743 655 987 723 Regnent
1009 665 1140 720 ergo
1168 647 1440 718 spiritales
1487 644 1574 699 isti
1619 642 1826 696 fructus

243 747 302 801 in
355 745 592 805 homine,
627 743 680 796 in
719 756 826 812 quo
871 747 1092 808 peccata
1138 752 1242 790 non
1287 740 1558 804 regnant:
1601 735 1828 800 regnant

244 843 432 890 autem
469 834 574 888 ista
613 833 774 896 bona,
813 831 856 884 si
897 838 1105 882 tantum
1145 826 1413 882 delectant
1465 831 1525 877 ut
1580 822 1694 891 ipsa
1742 828 1825 872 te-

242 934 418 980 neant
443 924 680 978 animum
698 922 750 974 in
769 919 1174 981 tentationibus,
1203 929 1268 968 ne
1292 915 1344 968 in
1367 911 1572 983 peccati
1595 923 1827 965 consen-

245 1003 458 1070 sionem
485 1020 626 1066 ruat.
653 1009 805 1076 Quod
827 1008 970 1062 enim
997 1005 1225 1074 amplius
1253 1017 1351 1056 nos
1371 1000 1620 1064 delectat,
1638 1013 1830 1061 secun-

245 1105 382 1160 dum
405 1103 458 1156 id
477 1114 762 1170 operemur
785 1111 1006 1151 necesse
1027 1105 1133 1159 est,
1157 1103 1238 1158 ut,
1255 1092 1404 1146 verbi
1430 1091 1619 1160 gratia,
1638 1103 1830 1144 occur-

245 1195 323 1247 rit
353 1192 524 1245 forma
547 1189 803 1256 speciosa:
823 1185 1053 1248 feminae,
1070 1193 1125 1236 et
1144 1190 1321 1236 movet
1340 1181 1406 1234 ad
1419 1179 1830 1235 delectationem

244 1280 668 1336 fornicationis:
713 1278 806 1332 sed
847 1276 892 1329 si
926 1275 1044 1344 plus
1089 1272 1317 1327 delectat
1357 1269 1702 1340 pulchritudo
1739 1267 1830 1320 illa

247 1375 443 1428 intima
471 1380 525 1425 et
549 1370 760 1424 sincera
786 1367 994 1436 species
1017 1364 1281 1419 castitatis
1323 1377 1419 1431 per
1443 1361 1670 1432 gratiam
1711 1374 1832 1428 quae

246 1471 334 1518 est
376 1463 429 1516 in
467 1460 572 1514 ﬁde
607 1459 832 1520 Christi,
875 1456 1167 1512 secundum
1205 1455 1345 1508 hanc
1378 1453 1630 1515 vivimus,
1661 1460 1716 1506 et
1740 1467 1828 1506 se-

245 1554 488 1611 cundum
523 1552 664 1606 hanc
701 1565 1021 1621 operamur;
1059 1557 1138 1613 ut,
1163 1563 1270 1602 non
1320 1554 1576 1616 regnante
1624 1561 1679 1599 tn
1727 1559 1830 1600 no-

245 1643 337 1696 bis
397 1649 624 1711 peccato
681 1641 748 1694 ad
797 1639 1155 1694 obedientium
1204 1637 1483 1693 desideriis
1535 1636 1683 1705 ejus,
1736 1637 1830 1691 sed

248 1741 519 1802 regnante
560 1728 774 1798 justitia
821 1742 918 1798 per
965 1729 1287 1783 charitatem
1333 1741 1454 1780 cum
1500 1740 1691 1797 magna
1736 1725 1830 1780 de-

1927 565 2032 620 quo
2077 551 2232 606 timet
2263 561 2410 607 casta
2450 569 2516 606 ne
2563 553 2840 608 deseratur
2873 570 2885 606 :
2924 551 2998 606 illi
3039 553 3210 608 tristis
3243 561 3325 608 est
3354 569 3491 624 prte-

1926 640 2098 694 sentia
2131 641 2263 704 viri,
2303 643 2428 696 huic
2461 644 2724 697 absentia.
2772 642 2838 696 Et
2872 643 2993 698 ideo
3027 643 3190 698 timor
3231 643 3319 698 ille
3365 660 3489 700 cor-

1926 738 2114 799 ruptus
2173 738 2296 795 est,
2347 739 2404 785 et
2452 733 2682 787 transire
2738 749 2845 788 non
2893 733 3005 787 vult
3057 735 3159 789 hoc
3203 734 3496 789 smculum:

1927 821 2030 875 iste
2078 829 2256 876 autem
2311 832 2492 878 castus
2538 833 2816 892 permanet
2864 825 2918 880 in
2977 825 3228 880 steculum
3288 826 3490 881 saeculi.

1927 911 2004 965 De
2040 927 2146 980 quo
2180 913 2371 966 timore
2409 914 2647 984 cruciﬁgi
2681 922 2828 984 optat
2871 916 3129 985 propheta
3165 931 3286 970 cum
3319 915 3449 970 dicit
3480 935 3492 970 :

1929 1000 2141 1072 Con/iga
2162 1001 2320 1055 clavis
2343 1020 2373 1055 a
2398 1004 2578 1056 timore
2600 1013 2688 1057 tuo
2713 1021 2894 1058 carnes
2921 1023 3061 1060 meas
3089 1003 3260 1074 (Psal.
3281 1005 3492 1076 cxvm).

1926 1091 2033 1146 Ista
2064 1107 2195 1146 crux
2225 1101 2304 1146 est
2325 1134 2338 1156 ,
2369 1094 2435 1146 de
2465 1108 2569 1161 qua
2601 1094 2858 1150 Dominus
2892 1096 3022 1149 dicit
3054 1113 3066 1148 :
3109 1094 3254 1149 Tolle
3288 1113 3493 1150 crucem

1929 1191 2073 1235 tuam
2104 1191 2154 1234 et
2186 1198 2397 1253 sequere
2432 1199 2513 1236 me
2552 1183 2764 1253 (Marc.
2792 1201 2887 1239 vm
2913 1185 2950 1255 ).
2997 1183 3296 1257 [Hieron.]
3333 1185 3500 1255 Igitur

1929 1270 1974 1326 si
2021 1285 2248 1340 corpora
2297 1281 2480 1326 nostra
2530 1275 2772 1328 membra
2826 1273 3028 1328 Christi
3079 1284 3243 1339 sunt,
3300 1290 3494 1330 conse-

1928 1369 2157 1430 quenter
2203 1369 2257 1415 et
2312 1377 2439 1416 caro
2503 1373 2688 1417 nostra
2743 1379 2869 1418 caro
2916 1363 3118 1419 Christi
3167 1373 3284 1431 est,
3337 1381 3501 1436 quam

1929 1449 2314 1519 cruciﬁgimus,
2364 1451 2753 1507 mortiﬁcantes
2778 1469 2876 1523 per
2921 1468 3042 1508 eam
3088 1471 3251 1524 super
3300 1464 3498 1510 terram

1929 1535 2377 1606 fornicationem,
2431 1541 2858 1608 immunditiam,
2906 1545 3240 1615 passionem,
3289 1548 3502 1604 deside-

1930 1628 2070 1681 rium
2110 1629 2342 1694 malum,
2389 1637 2444 1684 et
2481 1632 2763 1686 avaritiam
2795 1651 2808 1686 :
2848 1644 2903 1688 et
2946 1635 3015 1690 de
3055 1637 3210 1692 nobis
3256 1637 3310 1692 in
3347 1637 3506 1694 laude

1930 1731 2073 1771 nunc
2112 1717 2348 1786 ponitur,
2394 1719 2483 1788 qui
2529 1719 2728 1775 Christi
2775 1720 2904 1776 Jesu
2950 1739 3170 1782 carnem
3216 1729 3502 1784 cruciﬁxe-

243 1793 580 1875 legmtione'
603 1793 866 1873 facian“;s
923 1816 1182 1886 quidquid
1246 1817 1299 1870 in
1350 1831 1412 1870 ea
1460 1816 1572 1870 Deo
1595 1793 1831 1886 ’ριπεινε
1859 1795 1908 1855 Β
1935 1793 2060 1860 runt
2098 1823 2221 1862 cum
2261 1809 2405 1864 vitiis
2445 1819 2499 1864 ct
2533 1812 3080 1881 concupiscentiis,et
3119 1831 3330 1886 semper
3370 1832 3509 1872 rnor-

247 1913 649 1983 cognoseimus.
701 1909 855 1976 Quod
901 1920 1080 1964 autem
1129 1908 1195 1962 de
1238 1909 1486 1963 castitate
1527 1917 1584 1962 et
1617 1907 1684 1961 de
1717 1906 1831 1960 for-

247 2004 524 2059 nicatione
559 2001 704 2065 disi,
744 2003 848 2056 hoc
879 2000 944 2054 de
980 1999 1191 2054 creteris
1225 1999 1448 2069 intelligi
1509 1997 1672 2052 volui.
1722 1995 1834 2050 Re-

249 2103 339 2150 cte
409 2094 572 2164 igitur
620 2091 968 2147 fornicationi
1013 2090 1301 2161 opponitur
1333 2089 1601 2154 Charitas,
1639 2088 1693 2141 in
1729 2101 1835 2156 qua

249 2184 368 2240 sola
433 2189 517 2237 est
575 2180 818 2237 custodia
883 2179 1169 2234 castitatis.
1239 2178 1593 2232 lmmunditiae
1656 2185 1836 2230 autem

247 2281 385 2330 sunt
437 2287 626 2327 omnes
685 2271 1150 2340 perturbationes,
1201 2268 1268 2323 de
1331 2268 1420 2322 illa
1481 2267 1838 2322 fornicatione

249 2371 564 2432 concepta,
618 2362 813 2430 quibus
863 2361 1114 2430 gaudium
1164 2357 1567 2426 tranquillitatis
1615 2357 1839 2426 opponi-

251 2469 365 2516 tur.
404 2457 674 2512 Idolorum
700 2464 878 2509 autem
907 2454 1166 2514 servitus,
1196 2450 1386 2506 ultima
1432 2449 1718 2504 fornicatio
1755 2457 1841 2504 est

251 2548 454 2602 anima:
471 2586 486 2610 ,
522 2553 742 2616 propter
787 2559 947 2612 quam
975 2543 1136 2596 etiam
1163 2539 1359 2593 bellum
1386 2539 1644 2593 adversus
1665 2537 1841 2591 Evan-

248 2638 455 2710 gelium
498 2650 618 2689 cum
646 2632 1006 2688 reconciliatis
1053 2631 1148 2684 Dei
1185 2627 1598 2683 furiosissimum
1633 2637 1841 2700 gestum

249 2735 339 2781 est
361 2767 377 2791 ,
410 2724 564 2793 cujus
593 2723 860 2792 reliquim,
889 2721 1135 2791 quamvis
1169 2719 1416 2774 contritae
1448 2717 1558 2772 sint
1584 2719 1673 2772 diu
1699 2760 1714 2784 ,
1757 2719 1846 2774 ad-

249 2818 364 2872 huc
412 2824 590 2869 tamen
628 2812 883 2867 recalent.
927 2809 1062 2864 Huic
1091 2811 1268 2877 itaque
1292 2823 1395 2878 pax
1425 2807 1694 2862 contraria
1729 2816 1839 2871 est,

250 2922 364 2976 qua
407 2903 817 2960 reconciliamur
853 2901 962 2956 Deo
983 2941 997 2965 ,
1037 2900 1332 2969 eademque
1359 2913 1493 2968 pace
1526 2899 1687 2952 etiam
1722 2912 1845 2952 cum

251 2998 570 3054 hominibus
605 2995 875 3050 custodita
894 3035 908 3058 ,
934 2992 1318 3048 veneﬁciorum
1340 3033 1355 3058 ,
1396 2991 1805 3046 inimicitiarum
1825 3031 1841 3056 ,

253 3086 709 3148 contentionum,
773 3084 1174 3138 :ernulationum
1202 3124 1216 3148 ,
1267 3084 1672 3139 animositatum
1731 3084 1843 3138 dis-

255 3179 682 3246 sensionumque
726 3175 856 3229 vitia
906 3184 1170 3229 sanantur
1216 3175 1268 3228 in
1318 3174 1516 3230 nobis:
1556 3183 1618 3228 ut
1661 3185 1840 3229 autem

256 3271 316 3324 in
383 3271 539 3332 aliis,
599 3269 741 3322 inter
801 3283 936 3336 quos
994 3268 1242 3332 vivimus,
1279 3268 1424 3336 justa
1471 3267 1841 3322 moderatione

257 3369 582 3423 tractentur,
609 3367 663 3414 et
701 3359 768 3414 ad
806 3359 1175 3413 sustinendum
1215 3359 1623 3428 longanimitas,
1675 3367 1729 3413 et
1775 3359 1844 3414 ad

257 3448 562 3504 curandum
600 3448 941 3518 benignitas,
979 3456 1034 3501 et
1072 3449 1140 3501 ad
1193 3447 1577 3517 ignoscendum
1626 3449 1842 3504 bonitas

258 3538 480 3593 militat.
519 3535 638 3591 lam
696 3553 825 3593 vero
873 3537 1172 3612 hteresibus
1209 3536 1375 3600 ﬁdes,
1428 3537 1641 3592 invidiae
1691 3553 1842 3591 man-

260 3627 532 3692 suetudo,
600 3627 953 3682 ebrietatibus
1013 3634 1068 3682 et
1125 3627 1606 3682 comessationibus
1664 3626 1841 3681 conti-

262 3717 455 3771 nentia
517 3715 830 3770 reluctatur.
884 3715 961 3770 Ne
1017 3716 1137 3785 quis
1203 3731 1332 3771 sane
1401 3716 1694 3771 arbitretur
1740 3717 1844 3772 hoc

261 3821 396 3885 esse
447 3806 738 3872 invidiam,
788 3806 932 3877 quod
977 3815 1062 3862 est
1108 3806 1416 3872 :emulatio;
1471 3807 1649 3861 vicina
1696 3807 1842 3862 enirn

262 3905 425 3962 sunt,
495 3906 550 3951 et
617 3906 839 3967 propter
897 3898 1063 3968 ipsam
1128 3897 1460 3951 vicinitatem
1527 3897 1843 3968 plerumque

264 3985 589 4040 utrumlibet
636 3986 830 4040 horum
880 4001 978 4055 pro
1030 3985 1230 4050 altero,
1286 3985 1370 4038 vel
1423 3985 1695 4040 aemulatio
1747 3999 1844 4054 pro

263 4074 504 4139 invidia,
546 4074 628 4128 vel
680 4074 877 4128 invidia
921 4090 1021 4144 pro
1065 4075 1405 4130 aemulatione
1453 4076 1688 4145 ponitur.
1737 4075 1845 4130 Sed

263 4168 393 4238 quia
448 4175 736 4236 utrumque
780 4167 868 4222 hic
915 4167 1048 4222 locis
1094 4168 1208 4221 suis
1255 4167 1457 4223 dictum
1503 4174 1614 4232 est,
1659 4167 1845 4236 utique

263 4251 672 4324 distinctionem
735 4253 802 4308 de
863 4253 1339 4325 nobisﬂagitant.
1390 4254 1525 4309 Nam
1574 4255 1843 4309 aemulatio

263 4353 348 4398 est
383 4344 539 4398 dolor
573 4343 772 4408 animi,
811 4360 931 4399 cum
965 4346 1104 4402 alius
1133 4347 1377 4416 pervenit
1412 4346 1478 4401 ad
1529 4363 1642 4402 rem
1679 4364 1841 4418 quam

262 4432 408 4497 duo,
453 4432 702 4502 pluresve
751 4435 1102 4504 appetebant,
1154 4446 1209 4492 et
1249 4437 1351 4492 nisi
1398 4439 1465 4492 ab
1508 4453 1614 4492 uno
1656 4439 1840 4494 haberi

264 4537 376 4574 non
420 4531 601 4590 potest
648 4541 660 4576 :
708 4523 866 4578 istam
912 4536 1067 4579 sanat
1108 4542 1248 4596 pax,
1295 4543 1401 4597 qua
1448 4527 1500 4582 id
1543 4539 1841 4598 appetrmus

265 4611 413 4680 quod
467 4627 656 4668 omnes
702 4615 792 4684 qui
845 4626 1123 4686 appetunt,
1153 4619 1196 4672 si
1247 4628 1634 4688 assequamur,
1678 4636 1844 4676 unum

264 4705 322 4758 in
377 4719 442 4758 eo
493 4705 646 4759 ﬁunt.
710 4705 914 4761 Invidia
962 4724 1090 4764 vero
1140 4709 1291 4765 dolor
1339 4710 1503 4764 animi
1554 4722 1668 4775 est,
1721 4728 1844 4767 cum

265 4794 526 4864 indignus
569 4794 783 4850 videtur
831 4797 1031 4866 aliquid
1081 4800 1336 4868 assequi,
1382 4800 1545 4854 etiam
1595 4802 1738 4871 quod
1788 4812 1846 4857 tu

265 4899 379 4938 non
440 4886 778 4954 appetebas:
825 4887 962 4942 hanc
1026 4897 1184 4942 sanat
1257 4890 1644 4954 mansuetudo,
1719 4907 1842 4946 cum

265 4974 503 5043 quisque
563 4974 915 5043 adjudicium
966 4977 1059 5032 Dei
1088 4993 1146 5033 se
1185 4993 1477 5043 revocans,
1508 4995 1612 5034 non
1643 4980 1847 5035 resistit

265 5063 535 5117 voluntati
572 5064 688 5134 ejus
725 5073 780 5119 et
816 5067 988 5136 magis
1010 5067 1060 5121 ei
1087 5069 1260 5124 credit
1299 5077 1442 5125 recte
1466 5068 1670 5124 factum
1692 5085 1840 5135 esse,

265 5172 436 5226 quam
484 5157 618 5222 sibi,
659 5159 802 5228 quod
836 5161 1061 5229 putabat
1104 5161 1400 5233 indignum.
1449 5161 1848 5218 Cruciﬁxerunt

265 5258 456 5305 autem
504 5267 725 5307 carnem
775 5268 928 5306 suam
976 5269 1100 5308 cum
1149 5255 1493 5324 passionibus
1540 5264 1595 5310 et
1641 5270 1844 5311 concu-

264 5339 590 5410 piscentiis,
628 5340 770 5395 sicut
803 5341 856 5395 in
895 5345 1350 5412 consequentibus
1384 5343 1548 5409 dicit,
1586 5360 1678 5414 qm
1725 5354 1854 5400 sunt

267 5431 326 5486 in
377 5430 598 5487 Christo
643 5433 792 5488 Jesu.
847 5434 1001 5490 Unde
1051 5445 1230 5490 autem
1281 5435 1694 5503 cruciﬁxerunt,
1747 5439 1852 5493 nisi

271 5523 470 5578 timore
512 5523 605 5578 illo
651 5533 800 5579 casto
843 5535 1195 5595 permanente
1241 5527 1295 5582 in
1338 5528 1590 5584 saeculum
1634 5531 1850 5596 saeculi,

269 5628 382 5683 quo
425 5629 678 5670 cavemus
719 5613 994 5672 offendere
1040 5617 1187 5672 illum
1214 5659 1227 5684 ,
1280 5634 1440 5688 quem
1491 5627 1602 5674 toto
1648 5622 1848 5684 corde,

273 5712 384 5757 tota
434 5707 611 5761 anima
636 5744 650 5767 ,
705 5713 813 5760 tota
854 5715 1032 5761 mente
1070 5707 1386 5778 diligimus?
1424 5708 1538 5763 Non
1575 5711 1718 5764 enim
1750 5712 1852 5767 hoe

675 5799 952 5862 Parnm"
987 5801 1187 5865 CXII.

1935 1895 2282 1952 tiﬁcationem
2316 1899 2441 1954 Iesu
2471 1901 2901 1958 circumferimus
2935 1905 2990 1957 in
3027 1920 3251 1974 corpore
3284 1916 3505 1972 nostro,

1934 1994 1995 2040 ut
2062 1993 2118 2041 et
2183 1997 2293 2042 vlta
2349 2003 2462 2057 ejus
2521 1991 2895 2048 manifestetur
2956 1994 3011 2050 in
3075 2012 3237 2052 carne
3296 2006 3503 2053 nostra.

1935 2075 2051 2131 Non
2113 2078 2310 2132 modici
2376 2088 2555 2135 autem
2615 2082 2815 2138 laboris
2859 2093 2972 2148 est,-
3015 2085 3095 2140 sic
3151 2086 3203 2140 in
3255 2087 3509 2156 praesenti

1938 2167 2134 2222 saeculo
2174 2168 2386 2234 vivere,
2425 2178 2486 2223 ut
2523 2169 2636 2238 jam
2679 2188 2823 2230 nunc
2868 2174 2979 2229 vita
3024 2172 3151 2229 Jesu
3199 2175 3511 2230 manifeste-

1941 2265 2027 2312 tur
2079 2258 2131 2311 in
2188 2273 2352 2314 carne
2407 2269 2612 2317 nostra.
2663 2263 2740 2318 Ita
2793 2265 2936 2320 enim
2973 2265 3409 2320 ‘viviﬁcabuntur
3457 2273 3514 2320 et

1940 2345 2189 2401 mortalia
2233 2364 2462 2419 corpora
2493 2361 2675 2407 nostra
2700 2367 2798 2422 per
2835 2354 3226 2410 inbabitantem
3265 2371 3320 2409 ιη
3357 2355 3512 2408 nobis

1941 2439 2210 2508 spiritum.
2248 2441 2393 2499 Pene
2427 2444 2626 2500 oblitus
2663 2459 2782 2500 sum
2819 2446 3282 2515 interpretationis
3321 2461 3514 2502 secune

1941 2529 2042 2585 dre.
2082 2531 2445 2588 Praedixeram
2489 2535 2631 2590 enim
2678 2536 2877 2601 omnia,
2929 2552 3048 2606 qua:
3089 2545 3407 2607 sequuntur,
3443 2538 3514 2602 ad

1941 2619 2112 2689 legent
2151 2629 2208 2675 et
2244 2622 2311 2676 ad
2346 2623 2811 2680 circumcisionem
2854 2640 2974 2680 esse
3022 2625 3324 2681 referenda.
3376 2625 3514 2680 Sen-

1944 2724 2037 2764 sus
2082 2711 2264 2778 itaque
2316 2713 2416 2766 iste
2459 2721 2542 2767 est
2572 2731 2584 2766 :
2620 2714 2679 2768 In
2725 2714 2922 2782 quibus
2969 2723 3050 2770 est
3094 2715 3301 2770 fructus
3350 2716 3513 2784 spiri-

1945 2792 2067 2862 tus,
2115 2799 2382 2865 charitas,
2423 2802 2675 2870 gaudium
2719 2811 2775 2858 et
2818 2803 3054 2872 reliqua,
3104 2805 3159 2859 hi
3201 2820 3514 2876 corpoream

1947 2887 2239 2959 Scriptura:
2288 2891 2730 2962 intelligentiam,
2772 2909 2892 2964 quae
2941 2910 3083 2950 nunc
3133 2911 3262 2951 caro
3313 2897 3516 2952 Christi

1947 2980 2267 3050 appellatur,
2313 2982 2702 3038 cruciﬁxerunt
2748 2999 2871 3040 cum
2921 2987 3262 3054 passionibus
3304 2988 3420 3057 ejus
3464 2997 3519 3044 et

1949 3071 2251 3138 desideriis,
2277 3089 2397 3144 quae
2421 3084 2683 3144 generant
2725 3077 2964 3146 parvulis
2988 3086 3150 3148 atque
3195 3079 3520 3137 lactantibus

1947 3161 2182 3218 fomenta
2212 3164 2486 3219 vitiorum.
2533 3167 2812 3222 Cruciﬁxit
2837 3168 2997 3223 talem
3024 3167 3225 3224 Christi
3265 3185 3516 3236 carnem,

1945 3256 2038 3326 qui
2066 3271 2172 3310 non
2201 3257 2354 3328 juxta
2380 3273 2602 3312 carnem
2631 3259 2870 3334 historiae
2895 3259 3110 3324 militat,
3144 3260 3237 3314 sed
3267 3261 3516 3329 spiritum

1947 3345 2216 3416 allegoriae
2272 3349 2518 3416 sequitur
2562 3350 2930 3419 praeviantem.
2988 3349 3209 3423 (Aug.)
3261 3351 3520 3423 Congruit

1945 3444 2144 3491 nostra:
2169 3437 2463 3505 devotioni,
2486 3449 2546 3493 ut
2579 3440 2669 3508 qui
2697 3441 2909 3495 Domini
2943 3441 3185 3496 cruciﬁxi
3211 3443 3516 3512 passionem

1939 3528 2051 3597 jam
2089 3531 2538 3601 prepinquantem
2568 3532 2887 3588 celebraturi
2916 3549 3122 3600 sumus,
3151 3535 3518 3604 reprimenda-

1947 3635 2066 3674 rum
2102 3621 2402 3675 carnalium
2433 3621 2761 3692 voluptatum
2785 3637 3002 3678 crucem
3035 3625 3191 3679 nobis
3213 3625 3314 3695 ipsi
3350 3625 3519 3680 facia-

1945 3725 2088 3775 mus,
2119 3710 2258 3765 sicut
2281 3711 2413 3765 dicit
2449 3711 2776 3780 Apostolus:
2809 3710 2913 3777 Qui
2941 3723 3116 3767 autem
3148 3711 3342 3768 C/m'sti
3375 3724 3518 3780 sunt,

1946 3817 2156 3854 carnem
2203 3802 2576 3869 cruci/iurum
2629 3818 2747 3854 cum
2794 3803 3122 3872 passionibus
3175 3814 3223 3858 et
3277 3807 3520 3876 concupi-

1947 3893 2178 3946 scentiis.
2217 3892 2274 3946 In
2321 3893 2424 3946 hac
2458 3893 2672 3960 quidem
2707 3907 2869 3948 cruce
2901 3909 2999 3964 per
3041 3903 3205 3948 totam
3245 3896 3404 3950 istam
3441 3898 3521 3951 vi-

1947 3988 2085 4045 tam,
2133 3996 2253 4050 qua:
2299 3981 2354 4034 in
2391 3982 2582 4036 mediis
2627 3982 3013 4037 tentationibus
3055 3983 3288 4049 ducitur,
3337 4001 3526 4056 perpe-

1948 4080 2040 4125 tuo
2085 4070 2245 4125 debet
2291 4072 2524 4140 pendere
2572 4070 2930 4126 Christianus.
2981 4073 3096 4128 Non
3146 4075 3286 4137 enim
3331 4085 3414 4130 est
3465 4078 3520 4132 in

1946 4160 2049 4215 hac
2093 4169 2237 4216 terra
2283 4169 2496 4230 tempus
2541 4161 2799 4216 evellendi
2849 4162 3061 4230 clavos,
3108 4165 3174 4219 de
3221 4166 3417 4234 quibus
3461 4166 3517 4222 in

1947 4251 2154 4321 psalmo
2197 4251 2436 4306 dicitur:
2471 4249 2683 4322 Con/iga
2725 4251 2885 4307 clavis
2927 4271 2960 4308 ιι
3001 4255 3186 4310 timore
3213 4265 3304 4310 tuo
3332 4273 3520 4312 carnes

1946 4360 2088 4398 meas
2118 4342 2136 4416 (
2161 4342 2307 4397 Psal.
2338 4343 2584 4417 cxvru):
2633 4359 2821 4399 carnes
2867 4353 2992 4400 sunt
3034 4345 3278 4402 carnales
3321 4361 3520 4404 concu-

1946 4434 2257 4504 piscentiae,
2309 4435 2443 4488 clavi
2489 4444 2614 4489 sunt
2655 4443 2920 4505 praecepta
2964 4433 3217 4503 iustitiae;
3265 4437 3352 4490 his
3397 4437 3515 4494 illas

1949 4528 2110 4581 timor
2154 4526 2250 4580 Dei
2295 4525 2542 4596 contigit,
2590 4527 2682 4596 qui
2731 4542 2831 4581 nos
2879 4527 2952 4580 illi
3000 4527 3387 4596 acceptabilem
3423 4529 3514 4587 hoc

1945 4619 2104 4673 stiam
2154 4619 2436 4688 cruciﬁgit.
2491 4618 2642 4674 Unde
2689 4618 2816 4673 item
2865 4618 2998 4672 dicit
3041 4617 3372 4688 Apostolus:
3405 4619 3514 4674 Ob-

1945 4725 2089 4762 secro
2118 4709 2292 4780 itaque
2318 4725 2403 4762 vos
2431 4725 2524 4778 per
2549 4707 2960 4762 misericordiam
2989 4707 3116 4774 Dei,
3147 4717 3203 4762 ut
3231 4710 3514 4765 exhibeatis

1945 4817 2164 4870 corpora
2200 4811 2370 4855 vestra
2424 4803 2651 4855 hostiam
2686 4801 2880 4866 vivam,
2929 4793 3194 4868 sanctam,
3239 4803 3346 4858 Dea
3395 4805 3514 4875 pla-

1947 4897 2142 4942 centem
2191 4887 2378 4959 (Rom.
2406 4905 2481 4943 xu
2507 4888 2546 4960 ).
2587 4919 2656 4928 —
2699 4888 2944 4961 [Greg.]
3001 4888 3104 4954 Qui
3147 4901 3318 4945 autem
3362 4902 3519 4958 sunt,

1950 4978 2140 5048 inquit,
2178 4977 2394 5046 Christi,
2429 4997 2636 5034 carnem
2671 4997 2821 5034 suam
2844 4981 3212 5050 cruciﬁxerunt
3239 4999 3357 5037 cum
3385 4985 3522 5039 vitii:

1949 5080 1998 5124 et
2041 5072 2488 5142 concupiscentiis.
2533 5071 2666 5126 Cum
2711 5072 2857 5126 vitiis
2899 5073 3094 5144 quippe
3139 5082 3193 5130 et
3235 5077 3523 5147 concupis-

1949 5165 2144 5220 centiis
2178 5179 2396 5219 carnem
2437 5155 2911 5234 cruciﬁgimus,‘si
2955 5165 3034 5220 sic
3076 5167 3253 5237 gulam
3299 5169 3528 5224 restrin-

1950 5255 2158 5326 gimus,
2208 5265 2268 5308 ut
2303 5253 2416 5322 jam
2465 5256 2531 5310 de
2578 5255 2759 5311 mundi
2804 5255 2970 5328 gloria
3018 5256 3154 5310 nihil
3195 5271 3525 5328 qureramus.

1953 5345 2088 5399 Nam
2130 5344 2219 5414 qui
2261 5359 2457 5414 corpus
2497 5354 2768 5410 macerat,
2811 5347 2907 5401 sed
2947 5346 3244 5403 honoribus
3276 5349 3526 5415 anhelat,

1953 5448 2166 5488 crucem
2208 5433 2357 5488 carni
2400 5434 2610 5500 intulit,
2651 5435 2746 5490 sed
2781 5435 2984 5491 mundo
3015 5451 3113 5507 per
3145 5438 3530 5508 concupiscen-

1955 5525 2086 5580 tiam
2134 5525 2289 5596 pejus
2335 5526 2498 5593 vivit,
2547 5527 2672 5597 quia
2717 5542 2859 5598 saape
2901 5543 2998 5598 per
3040 5529 3342 5584 sanctitatis
3387 5529 3526 5584 ima-

1953 5617 2132 5687 ginem
2181 5617 2357 5672 Iocum
2400 5619 2677 5688 regiminis
2717 5618 2964 5689 indignus
3003 5619 3324 5688 assequitur,
3369 5632 3528 5687 quem

1954 5709 2056 5764 nisi
2085 5707 2283 5778 aliquid
2313 5709 2365 5763 in
2393 5723 2450 5764 se
2475 5710 2690 5764 virtutis
2715 5709 3042 5772 ostenderit,
3073 5708 3219 5763 nullo
3250 5709 3529 5777 percipere

3015 5800 3090 5863 12
