4022 6338
527 383 633 442 365

1135 383 1195 442 Β.
1235 384 1485 440 uanam
1523 382 1742 442 nsum
1774 381 2092 440 ARCHIEP.
2134 381 2443 440 uocum.
2485 353 2769 440 oPERUM
2803 381 2984 442 pass
3017 385 3102 440 ιιι.

3666 384 3769 447 565

530 527 713 582 labore
756 530 1073 590 mereretur,
1117 522 1212 578 sed
1256 522 1480 590 transit,
1521 523 1666 592 quod
1709 520 2100 579 delectabiliter

2205 499 2382 570 aliqua
2432 508 2808 556 retractemus.
2863 499 3181 571 Opinionem
3225 500 3390 572 vulgi,
3445 510 3502 557 et
3557 492 3770 560 laudem

530 616 766 682 obtinet,
810 623 864 670 et
904 612 1210 684 poenaliter,
1255 613 1399 682 quod
1441 613 1705 682 sequitur,
1758 623 1954 669 manet.

1137 789 1362 847 CAPUT
1403 790 1492 846 Vl.

533 925 710 983 Monet
732 925 1009 996 Apostolus
1036 923 1254 996 Galatas
1279 923 1347 996 ad
1375 932 1608 996 mutuam
1639 922 2100 996 supper-tationem,

703 1005 753 1050 et
781 990 1055 1063 conﬁrmat
1084 994 1226 1047 dicta
1253 993 1319 1046 de
1345 993 1630 1046 cessatione
1658 990 1926 1061 legalium.

605 1124 669 1181 Si
712 1125 900 1195 spiritu
946 1123 1194 1188 vivimus,
1244 1121 1432 1192 spiritu
1481 1128 1530 1174 et
1584 1117 1926 1172 ambulemus.
1982 1116 2107 1170 Non

532 1217 817 1288 eﬁiciamur
871 1214 1043 1268 inanis
1095 1212 1276 1284 gloria:
1307 1211 1502 1281 cupidi,
1556 1209 1772 1264 invicem
1823 1224 2107 1278 provocan-

534 1317 644 1371 tes,
678 1307 894 1360 invicem
930 1303 1234 1358 invidentes.
1272 1300 1516 1372 (Δηὼ.)
1555 1299 1666 1354 Hoc
1703 1298 1863 1363 dicit,
1901 1297 2026 1367 quia
2061 1297 2109 1351 si

532 1397 671 1454 bene
706 1404 762 1451 et
803 1395 1026 1450 honeste
1067 1393 1328 1458 vivimus,
1383 1392 1555 1446 bonos
1605 1390 1861 1444 debemus
1909 1389 2110 1443 habere

533 1498 588 1544 et
636 1503 843 1553 mores;
893 1489 996 1544 hoc
1041 1494 1126 1540 est
1174 1485 1317 1539 enim
1361 1483 1553 1552 spiritu
1600 1496 1818 1547 Vivere,
1869 1486 2111 1534 inconta-

533 1584 792 1637 minatam
825 1583 990 1636 vitam
1030 1580 1256 1643 habere;
1301 1585 1356 1632 et
1395 1578 1473 1632 sic
1514 1575 1704 1646 spiritu
1735 1574 2108 1642 ambulamus,

535 1676 580 1731 si
629 1675 749 1746 paci
797 1673 1150 1737 studeamus;
1204 1671 1320 1726 haec
1373 1670 1517 1726 enim
1567 1669 1712 1740 parit
1767 1668 2107 1723 charitatem.

533 1765 713 1820 Inanis
762 1773 940 1819 autem
991 1763 1162 1835 gloria
1209 1770 1295 1818 cst
1341 1762 1482 1818 velle
1527 1762 1786 1826 vincere,
1837 1760 1930 1815 ubi
1976 1775 2113 1831 prte-

2199 587 2480 644 hominum
2526 587 2712 642 favore
2756 589 3061 658 quaesitam,
3108 589 3290 660 gloriae
3333 605 3533 646 nomen
3581 601 3772 660 sonat,

2201 677 2291 731 ubi
2335 677 2532 732 dicitur
2561 696 2574 732 :
2625 676 2814 732 Omnia
2842 689 3015 733 autem
3039 680 3276 749 faciunt,
3305 690 3358 734 ut
3386 682 3450 735 ab
3477 683 3776 737 hominibus

2201 763 2558 834 gloriﬁcentur
2583 763 2798 836 (Matth.
2825 766 2982 835 unt)
3007 783 3021 832 ;
3050 774 3101 820 et
3129 766 3254 822 alibi
3283 785 3297 821 :
3328 768 3603 832 Quomodo
3631 781 3777 840 pote-

2201 853 2295 906 stis
2319 854 2545 919 credere,
2569 853 2790 924 gloriam
2811 855 2876 908 ab
2900 856 3114 909 invicem
3133 857 3463 926 quaerentes?
3488 856 3671 927 (Joan.
3695 858 3774 928 v.)

2202 943 2372 999 Porro
2406 944 2459 998 in
2501 945 2697 999 bonam
2736 954 2944 1015 partem
2989 945 3044 999 in
3072 947 3262 1000 eodem
3292 946 3442 1011 loco,
3475 956 3522 1001 et
3553 947 3777 1017 gloriam

2204 1033 2268 1086 ab
2309 1049 2404 1098 eo,
2449 1034 2538 1104 qui
2581 1033 2725 1088 solus
2768 1043 2878 1101 est,
2919 1050 3022 1088 non
3065 1045 3384 1106 querentes,
3435 1050 3503 1090 ex
3545 1050 3656 1105 quo
3701 1037 3781 1090 in-

2207 1121 2496 1193 telligimus
2529 1123 2671 1178 idem
2710 1125 2934 1179 verbum
2966 1140 3109 1180 nunc
3143 1126 3399 1180 virtutem
3437 1127 3777 1198 signiﬁcare,

2207 1229 2350 1268 nunc
2397 1214 2609 1270 vitium.
2685 1215 2743 1269 Si
2795 1215 2864 1270 ab
2916 1215 3224 1272 hominibus
3275 1232 3459 1286 quaero
3513 1218 3778 1287 gloriam,

2207 1304 2398 1358 vitium
2438 1312 2562 1359 est:
2605 1304 2649 1359 si
2691 1319 2724 1358 a
2766 1295 2910 1371 Deo,
2941 1305 3116 1361 virtus
3160 1314 3265 1371 est,
3312 1307 3405 1376 qui
3452 1315 3507 1360 et
3553 1307 3620 1361 ad
3685 1322 3780 1361 ve-

2209 1408 2327 1448 ram
2371 1408 2470 1449 nos
2518 1393 2744 1464 gloriam
2790 1395 3108 1450 cohortatur
3147 1395 3333 1451 dicens
3379 1414 3394 1450 :
3440 1395 3547 1451 Eos
3599 1407 3781 1450 autem

2208 1481 2301 1552 qui
2353 1497 2434 1535 me
2481 1480 2776 1552 gloriﬁcent
2806 1519 2822 1547 ,
2875 1481 3178 1551 gloriﬁcatur
3229 1483 3304 1554 (1
3364 1483 3492 1553 Reg.
3549 1485 3656 1553 tt).
3711 1513 3785 1524 —

2211 1571 2432 1642 (Aug.)
2479 1570 2604 1625 Non
2646 1572 2951 1644 efﬁciamur,
2994 1567 3197 1642 inquit,
3246 1575 3419 1628 inanis
3459 1574 3644 1645 gloriae
3691 1591 3788 1629 cu-

2210 1662 2342 1732 pidi,
2404 1662 2622 1716 invicem
2681 1661 2992 1727 invidentes,
3037 1671 3087 1716 et
3143 1663 3360 1717 invicem
3420 1673 3781 1733 provocantes.

2213 1752 2441 1808 Prorsus
2467 1752 2752 1824 magniﬁce
2776 1759 2833 1807 et
2855 1753 3074 1809 omnino
3100 1753 3281 1809 divino
3317 1753 3526 1820 ordine,
3567 1762 3789 1824 postea-

534 1857 703 1910 niium
749 1869 856 1910 non
899 1861 1020 1919 est;
1051 1861 1109 1908 ut
1150 1853 1271 1922 quis
1307 1853 1543 1908 studium
1593 1866 1701 1906 non
1743 1851 1942 1906 habeat
1982 1865 2112 1906 con-
2136 1851 2185 1912 B
2211 1863 2374 1918 quam
2441 1863 2537 1904 eos
2594 1847 2850 1904 instruxit
2897 1848 3158 1904 adversus
3206 1847 3359 1916 illos,
3404 1862 3437 1901 a
3483 1848 3683 1918 quibus
3729 1849 3788 1903 in

536 1945 825 2011 tentionis,
885 1945 1064 2000 sciens
1119 1944 1244 2014 quia
1306 1943 1422 1998 haec
1495 1951 1754 2014 generant
1810 1940 2110 1997 discordias

536 2043 592 2090 ct
653 2034 820 2090 lites:
883 2032 1098 2088 Servum
1173 2041 1382 2098 autem,
1450 2031 1656 2101 inquit,
1723 2029 1936 2084 Domini
2006 2045 2110 2083 non

533 2107 730 2192 oportet
798 2122 1004 2193 litigare
1055 2120 1165 2192 (11
1211 2119 1345 2174 Tim.
1394 2118 1503 2192 ιι).
1553 2120 1715 2174 Bona:
1774 2119 1920 2174 enim
1984 2117 2112 2172 vitae

533 2213 746 2268 fructus
789 2212 968 2267 aridos
1014 2210 1163 2278 facit,
1204 2211 1438 2281 perdens
1477 2225 1628 2280 spem
1653 2209 1974 2281 promissam
2019 2221 2110 2263 ca-

534 2313 633 2359 sta:
673 2303 1100 2360 conversationis
1133 2321 1145 2356 :
1188 2303 1330 2358 bona
1367 2301 1513 2356 cnim
1552 2309 1608 2356 et
1649 2308 1797 2356 casta
1840 2299 1952 2354 vita
1995 2312 2110 2354 mo-

536 2396 685 2449 ribus
740 2394 977 2448 ornanda
1035 2401 1142 2457 est,
1181 2400 1236 2446 et
1288 2390 1660 2446 benevolentia
1713 2388 2106 2458 locupletanda.

535 2480 827 2553 (Hierom)
865 2500 883 2532 ε
917 2479 974 2534 Si
1005 2480 1233 2534 vivimus
1266 2479 1455 2549 Spiritu
1476 2517 1491 2544 ,
1526 2476 1737 2548 spiritui
1769 2476 2108 2544 obtempera.

534 2587 675 2627 mus.
713 2592 733 2624 ι
771 2570 997 2627 Utamur
1027 2571 1130 2626 hoc
1159 2569 1467 2624 testimonio
1487 2569 1746 2623 adversus
1777 2579 1870 2622 eos
1893 2566 1983 2635 qui
2013 2579 2110 2622 no-

527 2664 654 2720 lunt
693 2664 1006 2738 Scripturas
1042 2664 1356 2735 spiritaliter
1385 2662 1701 2732 intelligere.
1733 2661 1864 2729 Quis
1891 2668 1975 2716 est
2009 2675 2108 2716 au-

525 2766 646 2811 -tem
691 2757 784 2828 qui
822 2757 956 2812 vivit
995 2756 1219 2828 spiritu,
1275 2755 1377 2811 nisi
1420 2755 1766 2810 absconditus
1805 2753 1967 2809 homo
2007 2768 2109 2808 no-

519 2860 667 2918 ster,
715 2852 806 2922 qui
851 2859 906 2907 et
941 2850 1096 2920 juxta
1141 2865 1360 2907 carnem
1405 2849 1673 2905 interdum
1714 2847 1849 2903 solet
1888 2847 2111 2903 viveret

536 2941 640 2996 Sed
685 2955 806 2996 cum
831 2941 1023 3012 spiritu
1061 2941 1292 3006 vixerit,
1333 2939 1527 3010 spiritu
1572 2937 1812 2994 ambulat
1847 2953 2006 2994 :cum
2052 2939 2110 2992 in

534 3045 698 3085 carne
743 3029 977 3085 voluerit
1021 3029 1318 3095 ambulare,
1345 3030 1532 3084 vivens
1575 3037 1822 3082 mortuus
1870 3034 1972 3082 est.
2013 3025 2111 3081 Vir

533 3119 805 3188 perfectus
847 3120 904 3174 in
945 3119 1183 3184 Christo,
1215 3133 1429 3188 semper
1455 3116 1587 3171 vivit
1625 3117 1680 3170 in
1720 3115 1912 3186 Spiritu
1950 3115 2106 3186 :spi-

2210 1940 2528 1996 servitutem
2568 1937 2702 2010 legis
2749 1938 3166 2002 seducebantur,
3221 1938 3323 1994 hoc
3365 1937 3422 1993 in
3451 1939 3533 1993 eis
3587 1946 3788 2004 cavet,

2208 2046 2278 2087 ne
2326 2018 2701 2087 instructiores
2746 2029 2875 2086 lacti
2919 2039 2976 2085 et
3031 2030 3272 2086 volentes
3317 2027 3434 2099 jam
3497 2029 3791 2085 calumniis

2208 2122 2506 2179 carnalium
2535 2122 2887 2192 respondere,
2923 2121 3356 2177 contentionibus
3404 2122 3694 2187 studeant,
3735 2129 3792 2176 et

2209 2213 2447 2284 appetitu
2499 2211 2677 2267 inanis
2732 2211 2934 2282 gloriae,
2992 2212 3126 2283 legis
3180 2213 3436 2268 oneribus
3498 2227 3610 2266 non
3673 2227 3796 2267 ser-

2208 2305 2450 2369 vientes,
2497 2302 2651 2358 vanis
2689 2303 3075 2373 cupiditatibus
3111 2304 3370 2358 serviant.
3414 2302 3559 2358 Nihil
3600 2312 3792 2358 autem

2208 2396 2290 2452 sic
2330 2396 2526 2466 probat
2569 2393 2862 2465 spiritalem
2905 2395 3112 2460 virum,
3159 2408 3323 2463 quam
3365 2393 3576 2463 peccati
3621 2393 3792 2448 alieni

2207 2486 2478 2552 tractatio,
2507 2499 2630 2539 cum
2677 2483 3050 2539 liberationem
3095 2483 3214 2554 ejus
3261 2483 3439 2554 potius
3485 2497 3650 2553 quam
3705 2484 3793 2540 in-

2207 2577 2574 2644 sultationem,
2620 2577 2907 2648 potiusque
2945 2576 3142 2632 auxilia
3185 2592 3345 2647 quam
3389 2576 3635 2632 convicia
3679 2591 3797 2631 me-

2207 2667 2430 2732 ditatur,
2475 2678 2530 2724 et
2571 2676 2830 2738 quantum
2869 2666 3100 2723 facultas
3139 2667 3393 2722 tribuitur
3431 2666 3693 2736 suscipit;
3739 2675 3798 2722 et

2210 2759 2330 2815 ideo
2375 2758 2548 2814 dicit:
2577 2756 2825 2823 Fratres,
2865 2758 2959 2811 etsi
2993 2765 3385 2828 praeoccupatus
3433 2756 3593 2826 fuerit
3631 2757 3794 2810 homo

2209 2853 2262 2906 in
2277 2851 2456 2921 aliquo
2477 2849 2686 2915 delicto,
2707 2866 2814 2915 vos,
2845 2851 2934 2920 qui
2959 2849 3218 2919 spiritales
3245 2850 3386 2914 estis,
3412 2849 3658 2903 instruite
3691 2851 3796 2904 hu-

2200 2940 2436 3012 jusmodi
2464 2940 2519 2993 in
2539 2941 2723 3010 spiritu
2744 2938 2990 3005 lenitatis,
3012 2940 3343 2994 considerans
3367 2948 3416 2992 te
3437 2939 3630 3008 ipsum,
3647 2955 3718 2994 ne
3747 2949 3794 2994 et

2209 3041 2266 3085 tu
2291 3031 2501 3086 tenteris
2523 3044 2542 3083 :
2566 3029 2699 3084 alter
2721 3030 2935 3086 alterius
2951 3048 3108 3086 onera
3131 3041 3354 3101 portate.
3387 3029 3532 3085 Nihil
3549 3031 3700 3086 enim
3725 3031 3794 3086 ad

2207 3121 2632 3178 misericordiam
2658 3121 2736 3178 sic
2759 3121 3000 3188 inclinat,
3029 3137 3188 3191 quam
3213 3122 3414 3193 proprii
3445 3121 3672 3192 periculi
3702 3139 3794 3178 co-

533 3209 897 3276 rituiobedit,
945 3223 1218 3278 nunquam
1262 3209 1395 3262 vivit
1433 3208 1486 3262 in
1531 3222 1712 3262 carne.
1749 3207 1970 3275 Centra,
2016 3208 2106 3277 qui
2135 3195 2180 3259 C
2213 3211 2404 3282 gitatio
2444 3209 2560 3265 :ita
2601 3222 2697 3264 eos
2740 3223 2843 3264 nec
2887 3209 3074 3264 deesse
3118 3208 3286 3263 voluit
3326 3207 3556 3263 fratrum
3605 3226 3794 3267 corre-

539 3314 600 3354 se
647 3307 820 3354 totum
867 3299 1016 3354 carni
1055 3298 1290 3364 dederit,
1334 3305 1386 3352 et
1426 3297 1766 3366 passionibus
1804 3295 2103 3366 deputarit,

535 3397 810 3460 nunquam
855 3390 991 3444 vivit
1036 3390 1090 3443 in
1137 3390 1347 3459 spiritu.
1404 3389 1548 3442 inter
1594 3389 1692 3442 hos
1739 3387 1902 3442 medii
1951 3393 2101 3450 sunt,

535 3499 672 3556 quos
717 3498 816 3538 nec
857 3481 1128 3552 spiritales
1173 3495 1459 3551 possumus
1501 3479 1800 3550 appellare,
1847 3492 1947 3533 nec
1987 3493 2108 3533 car-

532 3575 711 3640 nales;
759 3575 853 3630 sed
886 3574 998 3644 qui,
1043 3574 1183 3628 inter
1221 3573 1447 3628 virtutes
1489 3582 1544 3627 et
1587 3572 1717 3626 vitia
1756 3571 2103 3639 ﬁuctuantes,

534 3682 678 3722 nunc
711 3665 779 3720 ad
811 3665 1035 3720 meliora
1063 3664 1413 3719 retrahuntur
1441 3671 1496 3719 et
1524 3664 1745 3734 spiritus
1769 3672 1895 3718 sunt
1919 3681 1934 3730 ;
1963 3679 2106 3719 nunc

535 3758 714 3814 carnis
737 3758 945 3813 lubrico
969 3757 1400 3826 supplantantur,
1430 3764 1482 3809 et
1511 3770 1638 3810 caro
1670 3762 1812 3808 sunt.
1838 3753 1963 3807 Non
2003 3754 2108 3824 efﬁ-

533 3848 740 3901 ciamur
779 3848 954 3901 inanis
997 3846 1178 3918 glorite
1221 3845 1429 3916 cupidi,
1474 3846 1688 3898 invicem
1734 3853 2104 3914 provocantes,

532 3937 750 3991 invicem
789 3936 1090 3990 invidentes.
1125 3935 1300 3991 Unum
1344 3935 1564 3990 verbum
1604 3935 1746 4004 apud
1779 3933 1995 3990 Graecos
2022 3954 2105 3989 κι-

530 4024 736 4092 νὸὂοξοι,
789 4025 950 4080 trium
999 4025 1285 4079 verborum
1335 4025 1562 4080 circuitu
1589 4024 1812 4079 Latinus
1836 4025 2106 4095 interpres

533 4118 822 4190 expressit.
869 4117 1108 4184 Quantas
1153 4126 1332 4171 autem
1403 4118 1598 4172 habeat
1642 4116 1983 4172 deﬁnitiones
2049 4122 2106 4170 et

533 4208 922 4280 signiﬁcantius
961 4207 1164 4278 gloria,
1206 4217 1262 4261 et
1303 4207 1746 4278 philosophorum
1802 4207 2105 4262 innumera-

531 4302 668 4357 biles
714 4301 874 4368 libri,
927 4314 982 4356 et
1029 4300 1306 4356 Ciceronis
1356 4301 1460 4354 duo
1512 4301 1821 4366 volumina,
1873 4316 1994 4372 quae
2037 4301 2104 4356 de

533 4391 702 4461 gloria
753 4390 1002 4460 scripsit,
1061 4390 1260 4446 indicio
1325 4399 1468 4444 sunt.
1529 4388 1727 4444 Verum
1781 4404 1917 4458 nos,
1976 4392 2101 4462 quia

535 4499 643 4538 non
689 4483 973 4538 verborum
1015 4481 1386 4554 etymologias,
1410 4483 1504 4536 sed
1546 4481 1838 4552 Scriptum
1883 4499 2099 4539 sensum

531 4573 800 4629 disserere
843 4588 1122 4637 conamur,
1171 4572 1245 4626 ita
1291 4571 1434 4625 hunc
1477 4571 1650 4626 locum
1694 4588 1816 4628 cum
1860 4576 2099 4645 superio-

532 4664 682 4720 ribus
709 4663 1117 4734 copulabimus:
1153 4659 1210 4715 Si
1238 4662 1428 4732 spiritu
1456 4663 1702 4728 vivimus,
1749 4664 1961 4736 spiritui
2000 4668 2098 4723 ob-

530 4760 927 4822 temperemus,
971 4763 1310 4819 nequaquam
1350 4765 1449 4820 per
1486 4750 1658 4824 legem
1679 4793 1692 4818 ,
1724 4754 1817 4809 sed
1847 4769 1948 4825 per
1972 4757 2100 4811 cha—

532 4842 749 4898 ritatem
781 4840 936 4895 nobis
974 4839 1206 4894 invicem
1234 4841 1570 4896 servientes:
1603 4859 1709 4898 non
1733 4844 1993 4900 debemus
2033 4845 2099 4901 de

533 4932 934 5002 Scripturarum
976 4931 1421 5001 interpretatione
1481 4935 1842 5002 contendere,
1909 4945 1965 4992 et
2025 4938 2102 4994 di-

531 5037 657 5080 cere
683 5041 696 5077 :
719 5023 1066 5080 Circumcisio
1090 5024 1281 5080 melior
1307 5034 1408 5081 est.
1456 5026 1589 5090 Non,
1641 5029 1732 5084 sed
1759 5032 2095 5102 praeputium.

531 5113 933 5170 Contemnenda
973 5116 1218 5183 historia,
1261 5126 1316 5172 et
1353 5118 1608 5188 allegoria
1649 5122 1958 5191 sequenda,
1991 5124 2100 5179 imo

531 5205 784 5273 allegoria
829 5223 965 5261 vana
1007 5215 1117 5274 est,
1165 5215 1219 5262 et
1259 5210 1590 5277 umbratica,
1643 5220 1699 5266 et
1750 5213 1909 5268 nullis
1955 5216 2097 5269 veri-

534 5293 665 5348 tatis
705 5293 837 5350 l'ulta
880 5295 1168 5352 radicibus.
1215 5296 1364 5353 Unde
1404 5300 1585 5354 evenit
1624 5309 1683 5354 ut
1727 5301 1954 5355 invicem
2002 5317 2098 5356 na—

532 5390 754 5437 scantur
783 5384 1013 5439 invidia}.
1048 5404 1067 5437 ι
1099 5385 1394 5442 Excludere
1426 5390 1570 5443 enim
1591 5429 1606 5456 ,
1634 5390 1738 5456 ait,
1769 5405 1865 5445 vos
1892 5391 2092 5456 volunt,

531 5479 590 5527 ut
617 5472 737 5529 illos
760 5475 1115 5543 aemulemini,
1153 5497 1172 5530 ι
1204 5493 1311 5534 non
1358 5489 1469 5534 tam
1515 5481 1797 5536 veritatem
1838 5481 1971 5554 legis
2009 5498 2101 5538 vo-

531 5560 704 5621 lentias
752 5567 980 5636 docere,
1031 5584 1192 5639 quam
1238 5570 1476 5626 vincere.
1527 5569 1606 5626 Ne
1656 5581 1837 5626 autem
1885 5572 2100 5643 penitus

530 5658 753 5712 verbum
817 5657 997 5730 gloria:
1054 5660 1530 5729 prtetermittamus
1606 5660 1899 5726 intactum,
1973 5676 2100 5718 suas

531 5748 860 5822 phibsophis
923 5752 1149 5820 ineptias
1219 5751 1624 5821 relinquentes,
1682 5752 1747 5806 de
1805 5751 2099 5822 Scripturis

2207 3301 2410 3372 ptioni,
2465 3315 2568 3356 nec
2611 3300 2830 3355 studere
2875 3299 3179 3354 certamini.
3224 3299 3374 3354 Multi
3422 3300 3568 3354 enim
3613 3303 3794 3358 homi—

2207 3408 2306 3449 nes
2357 3408 2481 3448 cum
2522 3407 2554 3446 a
2593 3406 2782 3447 somno
2821 3391 3145 3456 excitantur,
3175 3390 3385 3462 litigare
3429 3392 3655 3458 volunt;
3698 3405 3794 3449 aut

2208 3499 2398 3538 rursus
2429 3483 2686 3548 dormire,
2723 3496 2846 3537 cum
2882 3481 3092 3552 litigare
3129 3481 3502 3551 prohibentur.
3537 3482 3653 3537 Pax
3695 3485 3795 3556 igi-

2205 3582 2295 3630 tur
2340 3584 2395 3631 et
2439 3574 2655 3630 dilectio
2702 3581 2756 3629 et
2796 3574 3098 3629 communis
3143 3573 3370 3642 periculi
3422 3573 3686 3644 cogitatio
3739 3578 3792 3630 in

2205 3669 2367 3722 corde
2391 3674 2713 3722 reservetur.
2740 3665 2928 3720 Modus
2950 3673 3128 3721 autem
3153 3663 3437 3730 sermonis,
3463 3665 3578 3718 sive
3606 3665 3794 3721 acrius

2206 3761 2319 3815 sive
2367 3757 2618 3814 blandius
2665 3755 2992 3828 proferatur,
3043 3757 3182 3812 sicut
3228 3755 3374 3811 salus
3425 3754 3570 3826 ejus,
3622 3772 3789 3826 quem

2205 3850 2465 3919 corrigis,
2505 3849 2719 3902 videtur
2760 3847 3066 3917 postulare,
3108 3845 3470 3900 moderandus
3511 3854 3616 3900 est.
3650 3845 3788 3902 Nam

2204 3945 2258 3994 ct
2307 3937 2416 3993 alio
2476 3937 2594 3992 loco
2653 3935 2784 3991 dicit
2831 3935 2932 4006 (II
2965 3933 3100 3988 Tim.
3144 3934 3276 4004 u):
3329 3932 3548 3989 Servum
3607 3945 3787 3990 autem

2205 4026 2401 4083 Christi
2422 4027 2629 4098 litigare
2657 4042 2760 4080 non
2790 4033 3005 4095 oportet,
3031 4024 3121 4078 sed
3145 4024 3318 4078 mitem
3344 4039 3455 4078 esse
3481 4022 3552 4077 ad
3581 4039 3786 4091 omnes,

2202 4117 2508 4184 docibilem,
2533 4117 2832 4188 patientem.
2873 4115 2941 4169 Et
2979 4130 3048 4170 ne
3088 4114 3374 4184 quisquam
3414 4128 3481 4168 ex
3523 4127 3590 4168 eo
3630 4123 3787 4182 putet

2207 4209 2529 4264 cessandum
2565 4206 2668 4262 sibi
2707 4221 2826 4261 esse
2861 4220 2890 4260 a
2931 4204 3269 4274 correptione
3297 4203 3500 4258 erroris
3533 4203 3781 4268 alterius,

2207 4301 2330 4356 inde
2376 4298 2685 4369 adjungitur
2711 4315 2724 4352 :
2755 4296 2822 4351 In
2873 4297 3123 4351 modestia
3163 4295 3524 4365 corripientem
3571 4295 3784 4351 diversa

2202 4390 2500 4444 sentientes.
2530 4387 2809 4454 Quomodo
2854 4387 2907 4440 in
2957 4385 3256 4440 modestia?
3300 4385 3568 4454 quomodo
3614 4386 3785 4440 corri-

2203 4479 2484 4550 pientem?
2532 4479 2634 4532 nisi
2681 4491 2804 4532 cum
2854 4476 3126 4530 lenitatem
3175 4474 3336 4531 corde
3380 4475 3682 4532 retinemus
3731 4485 3790 4532 et

2204 4568 2437 4638 aliquam
2476 4566 2853 4622 medicamenti
2888 4565 3237 4620 acrimoniam
3275 4567 3439 4621 verbo
3484 4565 3784 4636 correptio-

2204 4659 2289 4714 nis
2318 4657 2667 4728 aspergimus.
2701 4655 2812 4710 Nec
2851 4654 3009 4709 aliter
3035 4653 3404 4723 accipiendum
3430 4653 3608 4718 video,
3638 4655 3782 4725 quod

2206 4749 2258 4803 in
2305 4748 2545 4818 Epistola
2589 4748 2823 4820 positum
2864 4756 2996 4803 ‘est:
3048 4745 3292 4802 Prwdica
3340 4747 3588 4812 verbum,
3641 4749 3781 4804 insta

2204 4847 2521 4909 opportune,
2569 4839 2894 4910 importune,
2941 4853 3137 4908 argue,
3180 4837 3422 4904 hortare,
3469 4839 3684 4910 increpa
3725 4841 3781 4893 in

2206 4939 2346 4992 omni
2375 4937 2772 5009 longanimitate
2797 4947 2844 4991 et
2871 4936 3111 4990 doctrina
3140 4935 3238 5009 (ΙΙ
3268 4936 3402 4990 Tim.
3435 4935 3548 5008 tv).
3577 4937 3781 5008 Impor-

2209 5029 2409 5083 tunitas
2433 5029 2575 5082 enim
2604 5027 2991 5098 Opportunitati
3019 5027 3205 5096 utique
3231 5027 3504 5082 contraria
3533 5035 3621 5082 est
3643 5069 3658 5094 ,
3687 5044 3781 5084 ne—

2205 5136 2311 5190 que
2335 5121 2554 5174 omnino
2585 5119 2748 5174 ullum
2784 5119 3232 5174 medicamentum
3269 5126 3455 5184 sanat,
3491 5118 3599 5173 nisi
3635 5119 3779 5190 quod

2204 5221 2504 5281 opportune
2539 5211 2866 5264 adhibueris.
2916 5207 3234 5279 Quanquam
3278 5217 3334 5264 et
3375 5208 3454 5264 sic
3487 5209 3663 5280 possit
3698 5209 3778 5264 di-

2203 5301 2430 5371 stingui,
2479 5302 2615 5354 insta
2651 5309 2967 5369 opportune,
3014 5307 3074 5353 ut
3121 5298 3259 5354 alius
3292 5313 3482 5354 sensus
3517 5297 3590 5353 sit
3629 5317 3642 5352 :
3679 5300 3780 5352 im-

2201 5401 2421 5462 portune
2464 5407 2623 5460 argue
2641 5431 2656 5456 ,
2683 5391 2876 5446 deinde
2900 5399 3092 5446 cmtera
3118 5397 3469 5445 contexuntur
3499 5407 3513 5444 :
3541 5391 3772 5455 hortare,

2200 5483 2408 5551 increpa
2439 5498 2555 5534 cum
2585 5482 2725 5535 omni
2759 5481 3152 5552 longanimitate
3176 5490 3222 5534 et
3252 5481 3489 5534 doctrina
3508 5520 3524 5546 ,
3555 5487 3617 5534 ut
3648 5488 3773 5535 tunc

2198 5581 2530 5643 opportunus
2570 5573 2845 5638 sentiaris,
2896 5587 3020 5628 cum
3055 5573 3228 5628 instas
3265 5570 3611 5637 aediﬁcando,
3653 5585 3772 5626 cum

2200 5673 2378 5720 autem
2425 5665 2690 5730 destruis,
2734 5665 3038 5736 arguendo,
3085 5681 3194 5722 non
3233 5679 3394 5722 cures
3430 5664 3645 5720 etiamsi
3675 5664 3771 5718 im-

2199 5762 2461 5825 portunus
2488 5753 2742 5820 videaris,
2769 5755 2816 5810 si
2856 5755 2957 5810 hoc
2993 5763 3076 5812 est
3117 5755 3312 5812 talibus
3349 5755 3715 5826 importunum
3754 5768 3767 5803 :
