4022 6338
526 347 635 405 πτ

1164 348 1228 404 Β.
1248 347 1526 432 .RABANI
1561 346 1782 408 MAURI
1818 346 2136 408 ARCHIEP.
2177 349 2488 410 MOGUNT.
2528 350 2814 414 OPERUM
2850 353 3033 416 PARS
3068 357 3156 420 Ill.

3692 364 3809 425 368

526 457 817 549 desideriis
860 472 959 531 per
1005 457 1194 516 illicita
1243 468 1600 532 corrumpat:
1650 476 1720 516 ne
1763 461 1845 516 ira
1893 475 2118 532 exaspe-
2142 465 2190 526 Α
2220 463 2575 535 caligantibus
2611 476 2772 524 aatate
2794 470 2990 539 oculis,
3008 472 3077 528 ad
3098 472 3325 530 videnda
3344 472 3502 549 longe
3522 484 3643 545 post
3670 491 3813 533 ven-

525 562 646 621 ret,
705 562 763 610 et
808 548 992 624 'usque
1040 552 1107 608 ad
1157 552 1535 624 proferendam
1592 552 1973 610 contumeliam
2032 553 2115 608 in-

522 641 772 700 ﬂammet
803 656 818 697 :
854 658 923 698 ne
968 641 1169 697 invidia
1218 642 1494 707 mordeat,
1546 650 1603 697 et
1648 640 1841 697 alienis
1886 639 2115 697 felicita-

523 734 673 792 tibus
690 734 905 801 aemula,
930 748 1026 789 sua
1057 748 1117 788 se
1156 732 1274 788 face
1302 741 1583 788 consumat
1611 750 1624 786 :
1656 747 1725 786 ne
1763 732 2115 787 immoderate

521 826 761 900 linguam
790 826 1088 897 loquacitas
1113 826 1415 896 protrahat,
1431 840 1660 896 eamque
1681 840 1852 896 usque
1873 826 1938 880 ad
1963 825 2118 881 lasci-

519 919 665 974 viam
687 917 1095 973 obtrectationis
1114 917 1372 972 extendat
1397 935 1410 971 :
1436 931 1505 971 ne
1531 916 1714 971 odium
1742 915 1945 970 malitia
1967 915 2115 970 exci-

521 1019 621 1078 tet,
643 1021 698 1067 et
716 1025 780 1067 os
806 1025 978 1081 usque
1006 1011 1073 1065 ad
1082 1009 1321 1079 jaculum
1348 1008 1739 1063 maledictionis
1766 1007 1961 1062 irritet.
1977 1006 2117 1060 Rur-

520 1117 641 1158 sum
663 1118 787 1158 cum
803 1102 1026 1173 cogitat,
1043 1110 1105 1155 ut
1125 1116 1189 1154 ea
1215 1099 1370 1155 alteri
1384 1098 1569 1164 faciat,
1591 1113 1712 1170 quae
1733 1098 1846 1168 ipse
1868 1098 1971 1153 sibi
1997 1096 2115 1151 fieri

519 1193 590 1248 ab
614 1191 785 1248 altero
804 1199 1108 1262 exspectat,
1124 1198 1317 1262 pensat
1330 1190 1607 1255 nimirum,
1626 1198 1689 1243 ut
1708 1188 1864 1243 malis
1886 1187 2046 1254 bona,
2061 1196 2117 1243 et

516 1284 677 1341 bonis
708 1283 930 1339 meliora
957 1283 1303 1353 respondeat,
1330 1289 1392 1337 ut
1423 1297 1551 1352 erga
1573 1296 1834 1353 procaces
1863 1296 2117 1338 mansue-

517 1373 761 1431 tudinem
806 1372 1230 1444 lcnganimitatis
1267 1371 1566 1427 exhibeat:
1598 1380 1658 1425 ιιι
1702 1371 1921 1426 malitiae
1964 1380 2116 1442 peste

516 1460 899 1534 languentibus
938 1460 1167 1532 gratiam
1196 1458 1555 1531 benignitatis
1594 1460 1888 1530 impendat,
1914 1468 1976 1514 ut
2007 1460 2119 1515 dis-

519 1552 714 1609 cordes
742 1567 877 1624 pace
896 1552 1072 1618 uniat,
1110 1560 1170 1606 ut
1198 1551 1494 1607 concordes
1523 1551 1590 1607 ad
1619 1551 2114 1622 concupiscentiam

520 1661 666 1702 verae
693 1645 844 1716 pacis
874 1645 1142 1710 aceingat,
1179 1651 1240 1698 ut
1282 1644 1649 1715 indigentibus
1678 1643 1988 1700 necessaria
2023 1643 2121 1698 tri-

518 1736 674 1802 buat,
723 1744 783 1791 ut
825 1736 1134 1792 errantibus
1175 1735 1319 1790 viam
1374 1736 1712 1791 rectitudinis
1745 1737 2019 1801 ostendat,
2054 1742 2116 1790 ut

2216 560 2337 609 tura
2367 555 2616 613 dilatavit
2669 557 2821 631 (Gen.
2866 562 3060 634 xxvn).
3112 562 3239 619 Haec
3266 562 3433 620 Jacoh
3460 567 3719 638 compulit
3753 577 3817 624 et

2216 646 2472 702 amissum
2501 649 2701 704 bonum
2750 650 2917 705 ﬁlium
2956 653 3264 709 medullitus
3310 670 3548 725 gemere,
3584 665 3639 711 et
3682 672 3820 728 pra-

2214 750 2404 791 vorum
2434 737 2665 794 ﬁliorum
2694 743 3038 811 praesentiam
3072 743 3311 811 subjecta
3342 745 3647 801 humilitate
3676 748 3816 804 tole-

2215 841 2340 882 rare
2373 826 2525 900 (Gen.
2574 832 2805 901 xxxvii).
2856 831 2981 889 ilzrc
3015 832 3213 903 Ioseph
3254 836 3436 891 docuit
3475 852 3506 889 a
3546 834 3820 894 fratribus

2214 921 2598 985 venundatum,
2644 931 2699 977 et
2743 922 2991 978 libertate
3037 925 3203 979 animi
3243 924 3474 981 infracta
3523 928 3813 983 servitium

2213 1011 2444 1080 perpeti,
2473 1019 2529 1065 et
2578 1012 2782 1068 eisdem
2828 1021 2953 1083 post
2992 1013 3251 1071 fratribus
3278 1025 3457 1072 mente
3502 1033 3612 1072 non
3664 1018 3815 1073 elata

2214 1090 2508 1172 principari
2542 1102 2694 1175 (Gen.
2724 1119 2834 1158 xui
2872 1114 2920 1158 et
2950 1106 3137 1177 καφ).
3178 1106 3303 1161 Haec
3336 1106 3578 1178 Moysen,
3628 1110 3813 1166 delin-

2213 1199 2416 1260 quente
2441 1190 2655 1261 populo,
2681 1200 2737 1248 et
2762 1208 2934 1264 usque
2960 1194 3028 1249 ad
3060 1195 3375 1264 petitionem
3396 1212 3508 1251 sua:
3536 1198 3732 1253 mortis
3752 1201 3813 1254 in

2214 1280 2469 1350 precibus
2510 1282 2801 1352 prostravit
2858 1282 2948 1354 (In
2967 1280 3168 1356 Exod.)
3201 1302 3214 1338 :
3257 1285 3336 1340 sic
3357 1300 3575 1357 quoque
3614 1287 3687 1341 ad
3730 1288 3817 1343 in-

2216 1368 2589 1425 terfectionem
2630 1370 2809 1441 populi
2848 1387 2946 1443 per
2989 1372 3091 1427 zeli
3133 1374 3370 1429 studium
3415 1377 3614 1441 erexit,
3654 1385 3717 1431 ut
3754 1387 3815 1431 et

2213 1475 2314 1531 pro
2362 1470 2620 1531 pereunte
2658 1463 2817 1533 plebe
2847 1479 2969 1519 sese
2993 1466 3151 1520 morti
3178 1465 3461 1536 obiiceret,
3507 1475 3565 1523 et
3611 1478 3811 1524 contra

2213 1560 2528 1621 peccantem
2594 1553 2843 1622 protinus
2886 1554 3006 1608 vice
3064 1554 3163 1609 Dei
3214 1555 3502 1613 irascentis
3564 1558 3811 1614 saeviret.

2215 1638 2346 1695 Hzec
2373 1640 2609 1696 Phincos
2636 1642 2917 1697 brachium
2948 1643 3001 1697 in
3029 1644 3289 1700 ultionem
3318 1646 3664 1716 peccantium
3691 1662 3816 1703 ere-

2218 1729 2320 1794 xit,
2352 1738 2413 1783 ut
2435 1739 2654 1800 arrepto
2682 1730 2859 1801 gladio
2893 1744 3151 1789 coeuntes
3192 1734 3560 1805 transfigeret,
3587 1745 3643 1790 et
3668 1738 3809 1792 iram

513 1827 743 1884 amictus
782 1829 949 1884 verbo
980 1836 1036 1883 et
1064 1824 1440 1896 compassione
1468 1827 1720 1893 muleeat,
1762 1836 1823 1883 ut
1845 1842 2107 1883 accensos
2134 1823 2182 1884 Β
2211 1819 2423 1875 Domini
2442 1821 2619 1876 iratus
2644 1822 2981 1895 placarel(N
2986 1841 3092 1879 um.
3108 1834 3261 1897 xxv).
3288 1826 3413 1882 Haec
3432 1825 3600 1883 Josue
3619 1829 3816 1901 explo-

513 1919 570 1975 in
617 1919 777 1990 hujus
815 1918 1003 1974 mundi
1047 1917 1329 1973 desideriis
1376 1918 1743 1990 increpatione
1792 1918 2103 1989 restringat,

512 2019 574 2066 ut
623 2010 798 2066 minas
846 2009 1148 2080 potentium
1179 2008 1587 2064 ratiocinatione
1631 2010 1864 2080 mitiget,
1910 2017 1970 2063 ut
2010 2023 2107 2077 op-

511 2112 825 2171 pressorum
875 2099 1179 2171 angustias,
1208 2106 1467 2173 quantum
1505 2098 1781 2168 praevalet,
1809 2098 2058 2154 sublevet
2089 2116 2102 2151 :

512 2198 574 2243 ut
603 2188 738 2245 foris
767 2189 1146 2245 resistentibus
1195 2197 1433 2260 opponat
1458 2189 1810 2259 patientiam;
1847 2196 1909 2243 ut
1960 2189 2108 2244 intus

512 2280 950 2350 superbientibus
974 2279 1233 2335 exhibeat
1280 2294 1403 2334 cum
1441 2279 1701 2349 patientia
1731 2278 2102 2346 disciplinam;

513 2381 577 2427 ut
623 2387 751 2443 erga
803 2380 987 2429 errata
1034 2372 1373 2429 subditorum
1410 2372 1490 2427 sic
1534 2372 1892 2427 mansuetudo
1931 2370 2107 2427 zelum

512 2470 803 2532 temperet,
849 2470 1190 2532 quatenus-a
1233 2461 1457 2530 iustitia!
1483 2462 1665 2518 studio
1702 2478 1811 2518 non
1840 2471 2103 2519 enervet:

515 2554 597 2608 sic
621 2553 687 2607 ad
717 2552 976 2608 ultionem
1008 2552 1155 2607 zelus
1178 2551 1409 2618 ferveat,
1426 2567 1505 2608 ne
1532 2561 1711 2608 tamen
1731 2553 1948 2623 pietatis
1974 2553 2110 2608 limi-

517 2654 629 2700 tem
661 2644 919 2701 fervcndo
955 2645 1334 2710 transcendat;
1363 2653 1422 2700 ut
1452 2646 1693 2713 ingratos
1737 2645 2015 2701 beneflciis
2038 2646 2108 2701 ad

515 2752 758 2793 amorem
789 2736 1066 2808 provecet,
1096 2745 1158 2792 ut
1187 2745 1371 2808 gratos
1418 2752 1662 2808 quosque
1697 2738 2013 2794 ministeriis
2050 2739 2107 2795 in

514 2845 704 2886 amore
738 2837 956 2903 servet,
998 2836 1060 2884 ut
1112 2829 1480 2900 proximorum
1538 2830 1700 2895 mala,
1751 2845 1873 2885 cum
1933 2830 2108 2886 corri-

513 2934 643 2990 gere
692 2935 802 2975 non
827 2919 993 2985 valet,
1017 2928 1216 2984 taceat,
1272 2927 1437 2990 utque
1467 2934 1591 2975 cum
1636 2920 1834 2991 corrigi
1882 2919 2110 2990 loquen-

512 3013 586 3069 do
634 3019 882 3084 possunt,
923 3000 1197 3066 silentium
1227 3026 1553 3067 consensum
1576 3025 1698 3066 esse
1726 3010 2104 3081 pertimescat;

510 3090 676 3161 utsic
716 3120 801 3167 ea,
834 3118 955 3174 quae
1003 3112 1166 3168 tacet,
1199 3102 1415 3168 toleret,
1465 3117 1535 3156 ne
1584 3109 1766 3157 tamen
1816 3102 1872 3157 in
1925 3101 2108 3157 animo

2210 1920 2447 1967 ratorem
2478 1912 2681 1978 docuit,
2710 1908 2770 1967 u‘t
2800 1921 2855 1967 et
2880 1914 3030 1983 prius
3058 1924 3247 1972 contra
3292 1915 3613 1988 falsiloquos
3658 1919 3814 1975 cives

2209 2003 2491 2058 veritatem
2546 2002 2716 2058 verbo
2762 2003 3113 2071 defenderet,
3162 2012 3219 2059 et
3266 2005 3409 2061 hanc
3456 2009 3813 2076 postmodum

2207 2092 2387 2164 gladio
2406 2100 2596 2149 contra
2617 2092 2802 2148 hostes
2821 2089 3080 2165 allegaret
3103 2092 3289 2165 (Iosue
3318 2110 3356 2150 ιι
3378 2106 3425 2148 et
3450 2096 3645 2168 seqq)
3681 2095 3813 2153 Hac

2209 2184 2431 2242 Samuel
2470 2195 2528 2241 et
2568 2185 2624 2241 in
2652 2185 2959 2256 principatu
2992 2185 3252 2240 humilem
3278 2186 3528 2256 praebuit,
3560 2195 3620 2242 et
3662 2188 3811 2244 inte-

2207 2291 2363 2346 grum
2394 2278 2449 2332 in
2478 2275 2778 2345 dejectione
2803 2275 3061 2341 servavit,
3089 2275 3179 2345 qui
3227 2293 3351 2331 cum
3380 2290 3813 2349 persequentem

2208 2385 2265 2425 se
2299 2369 2510 2439 plebem
2538 2370 2810 2438 diligeret,
2862 2368 2977 2439 ipse
3014 2368 3116 2424 sibi
3148 2371 3520 2453 testimonium
3567 2371 3813 2438 exstitit,

2206 2461 2333 2530 quia
2361 2461 2596 2527 culmen,
2619 2478 2687 2518 ex
2712 2479 2822 2533 quo
2839 2463 3083 2532 deiectus
3102 2476 3204 2532 est,
3222 2482 3329 2522 non
3353 2469 3556 2523 amavit
3585 2466 3637 2539 (1
3676 2467 3811 2539 Reg.

2207 2553 2324 2624 ιιι).
2366 2551 2491 2608 Haec
2524 2554 2694 2608 David
2735 2565 2864 2610 ante
2893 2557 3136 2627 iniquum
3166 2573 3349 2628 regem
3402 2569 3457 2613 et
3494 2558 3815 2614 humilitate

2207 2643 2501 2698 commovit
2525 2645 2594 2699 ad
2627 2643 2830 2716 fugam,
2861 2656 2917 2702 et
2941 2657 3142 2717 pietate
3194 2649 3423 2719 replevit
3463 2650 3530 2704 ad
3560 2650 3810 2716 veniam,

2206 2734 2298 2804 qui
2340 2745 2747 2804 persecutorem
2798 2753 2954 2792 suum
2997 2748 3052 2793 et
3086 2739 3328 2795 timendo
3366 2740 3503 2810 fugit
3530 2747 3594 2793 ut
3623 2740 3809 2795 domi-

2207 2839 2359 2891 num,
2386 2834 2442 2881 et
2482 2836 2660 2882 tamen
2690 2843 2812 2887 cum
2840 2837 3162 2899 potestatem
3184 2828 3413 2886 feriendi
3441 2830 3667 2900 reperit,
3702 2845 3811 2886 non

2207 2917 2426 2986 agnovit
2454 2917 2734 2972 inimicum
2771 2918 2821 2990 (I
2846 2918 2973 2990 Reg.
3004 2934 3129 2973 xxiv
3155 2930 3205 2974 et
3233 2919 3402 2989 alibi).
3436 2918 3567 2973 Haec
3588 2918 3811 2974 Natban

2207 3017 2260 3064 et
2281 3019 2471 3064 contra
2492 3019 2808 3080 peccantem
2832 3028 3013 3083 regem
3034 3013 3087 3067 in
3108 3013 3487 3068 auctoritatem
3506 3011 3703 3066 libera:
3732 3012 3811 3066 in-

2207 3100 2537 3171 crepationis
2567 3103 2807 3171 sustulit,
2837 3113 2893 3159 et
2915 3120 3041 3160 eum
3086 3105 3231 3178 regis
3265 3100 3418 3175 culpa
3466 3106 3713 3171 deesset,
3756 3104 3811 3160 iu

509 3196 664 3253 virus
700 3195 903 3251 doloris
928 3194 1195 3261 occultet;
1222 3201 1281 3247 ut
1319 3193 1399 3248 sic
1424 3191 1703 3248 malevolis
1735 3207 1931 3248 munus
1957 3192 2108 3247 beni-
2135 3184 2183 3246 C
2213 3193 2475 3263 petitione
2531 3192 2807 3248 humiliter
2861 3196 3053 3249 stravit
3083 3194 3167 3267 (ΙΙ
3193 3194 3321 3266 Reg.
3362 3211 3439 3249 xu
3467 3195 3628 3267 seq.).
3682 3194 3811 3252 ﬁxe

511 3285 734 3359 guitatis
756 3286 1030 3350 exhibeat,
1058 3299 1127 3340 ne
1154 3300 1335 3339 tamen
1358 3298 1456 3354 per
1476 3284 1707 3355 gratiam
1735 3300 1766 3339 a
1801 3283 1925 3354 jure
1946 3284 2106 3339 recti-

512 3376 715 3430 tudinis
749 3375 995 3439 excedat,
1032 3384 1093 3428 ut
1117 3382 1312 3428 cuncta
1356 3374 1636 3442 proximis,
1677 3389 1798 3445 quae
1825 3375 2104 3444 przevalet,

510 3463 814 3535 impendat,
858 3462 954 3520 sed
980 3462 1096 3518 haec
1143 3461 1503 3533 impendendo
1536 3478 1645 3517 non
1668 3471 1896 3529 tumeat,
1924 3469 1983 3517 ut
2025 3463 2107 3517 sic

512 3554 568 3609 in
600 3555 782 3621 bonis,
810 3568 930 3624 qua:
973 3553 1213 3618 exhibet,
1248 3550 1474 3607 tumoris
1507 3552 1863 3622 przecipitium
1892 3560 2104 3621 paveat,

514 3658 584 3699 ne
636 3652 817 3700 tamen
853 3659 884 3699 a
931 3643 1060 3699 boni
1100 3643 1361 3699 exercitio
1394 3650 1697 3713 torpescat;
1748 3651 1809 3698 ut
1853 3643 1958 3708 sic,
1988 3658 2111 3725 quae

511 3734 778 3809 possidet,
806 3737 1028 3802 tribuat,
1051 3746 1318 3808 quatenus
1346 3744 1547 3807 quanta
1573 3737 1646 3791 sit
1676 3734 1899 3806 largitas
1928 3749 2109 3815 remu-

511 3829 759 3887 nerantis
784 3830 1058 3886 attendat:
1084 3844 1151 3884 ne
1165 3843 1288 3884 cum
1320 3836 1533 3883 terrena
1547 3826 1796 3898 largitur,
1824 3843 1974 3883 suam
1987 3827 2110 3897 plus

513 3938 680 3996 quam
720 3937 943 3979 necesse
988 3930 1072 3979 est
1097 3922 1332 3994 inopiam
1375 3922 1596 3994 cogitet,
1632 3930 1689 3977 et
1734 3921 1787 3976 in
1837 3920 2110 3978 oblatione

510 4016 755 4073 muneris
816 4015 1105 4073 hilaritatis
1153 4015 1335 4073 lumen
1385 4015 1604 4070 tristitia
1647 4016 1920 4072 obscuret.
1965 4013 2111 4071 Bene

511 4108 738 4180 ergo'lex
752 4107 852 4164 Dei
876 4107 1152 4178 multiplex
1176 4108 1392 4175 dicitur,
1409 4109 1539 4178 quia
1566 4108 1823 4164 nimirum
1852 4123 1976 4164 cum
2002 4121 2109 4162 una

510 4205 809 4275 eademque
866 4202 936 4259 sit
978 4202 1240 4269 charitas,
1302 4202 1349 4256 si
1408 4210 1644 4257 mentem
1685 4201 1841 4271 plene
1881 4200 2107 4271 ceperit,

512 4298 659 4353 hanc
703 4296 771 4352 ad
832 4296 1117 4351 innumera
1165 4310 1330 4367 opera
1382 4294 1789 4349 multiformiter
1841 4294 2106 4349 accendit.

511 4384 679 4456 Citius
705 4385 1074 4442 diversitatem
1102 4385 1342 4439 breviter
1367 4383 1743 4453 exprimimus,
1785 4382 1829 4438 si
1880 4382 1934 4438 in
1995 4382 2107 4438 ele-

511 4477 618 4534 ctis
647 4476 879 4549 singulis
923 4476 1065 4533 bona
1102 4475 1246 4529 illius
1274 4472 1688 4546 perstringendo
1737 4489 2103 4531 numeremus.

2205 3298 2304 3354 per
2335 3283 2528 3338 Isaiam
2579 3286 2879 3339 nuditatem
2923 3285 3108 3340 carnis
3157 3284 3211 3339 in
3256 3284 3646 3355 praedicatione
3704 3302 3811 3341 non

2206 3375 2424 3430 erubuit
2457 3373 2604 3445 (lca.
2646 3375 2776 3446 xx),
2812 3382 2868 3429 et
2899 3374 3162 3430 subducto
3196 3373 3402 3430 carnali
3433 3374 3712 3430 velamine
3745 3374 3812 3430 ad

2207 3468 2463 3540 mysteria
2496 3483 2727 3540 superna
2765 3470 3087 3539 penetravit.
3125 3468 3250 3524 Haec
3287 3468 3459 3523 Etiam
3480 3510 3496 3536 ,
3530 3471 3663 3540 quia
3697 3469 3811 3526 fer-

2207 3560 2356 3615 voris
2382 3559 2498 3616 zelo
2525 3562 2705 3616 vivere
2727 3560 3044 3630 spiritaliter
3077 3560 3281 3626 docuit,
3304 3561 3371 3617 ad
3402 3561 3565 3615 vitam
3590 3576 3813 3634 quoque

2208 3660 2266 3707 et
2290 3650 2650 3723 corporaliter
2676 3652 2943 3708 abstraxit
2971 3651 3024 3724 (1
3042 3651 3075 3705 γ
3104 3650 3229 3724 Reg.
3254 3652 3339 3725 ιι).
3372 3652 3501 3708 Haec
3527 3652 3810 3720 Eliszeum,

2208 3743 2335 3814 quia
2370 3732 2687 3814 magistrum
2741 3742 2965 3813 diligere
3012 3742 3330 3813 simpliciter
3376 3743 3639 3810 instituit,
3690 3759 3809 3799 ma-

2209 3835 2363 3904 gistri
2410 3835 2604 3905 spiritu
2647 3833 2933 3904 dupliciter
2971 3834 3210 3905 implevit
3244 3833 3457 3908 (Ibid)
3508 3834 3617 3891 Per
3665 3835 3813 3891 hanc

2209 3926 2489 3992 Jeremias,
2516 3942 2585 3982 ne
2615 3927 2671 3982 in
2696 3926 2990 3998 )Egyptnm
3027 3927 3253 3998 populus
3303 3929 3685 3991 descenderet.
3731 3942 3812 3984 re-

2210 4017 2378 4084 stitit;
2402 4017 2494 4073 sed
2514 4026 2693 4073 tamen
2715 4026 2771 4071 et
2792 4017 3164 4073 inobcdientes
3178 4016 3423 4090 diligens,
3444 4033 3554 4088 quo
3583 4018 3814 4074 descen-

2211 4109 2341 4164 dere
2386 4108 2661 4180 prohibuit
2711 4118 2767 4165 et
2804 4109 2920 4179 ipse
2966 4108 3246 4164 descendit
3295 4108 3430 4180 (lar.
3470 4107 3629 4172 xui).
3683 4107 3813 4163 Hec

2210 4202 2577 4269 Ezechielem,
2632 4202 2759 4274 quia
2799 4204 2951 4274 prius
2987 4217 3017 4256 a
3069 4202 3303 4257 terrenis
3346 4200 3631 4257 desider.is
3683 4217 3809 4258 sus-

2212 4297 2355 4362 tulit,
2410 4305 2532 4368 post
2590 4312 2687 4367 per
2726 4296 3036 4351 cincinnum
3078 4295 3272 4365 capitis
3321 4294 3374 4350 in
3405 4310 3534 4350 aere
3585 4294 3809 4351 libravit

2212 4386 2427 4461 (Exeo/1.
2473 4388 2610 4458 vni).
2642 4385 2768 4443 Haec
2797 4388 2851 4443 in
2881 4386 3137 4452 Danielc,
3168 4386 3295 4457 quia
3317 4403 3346 4441 a
3384 4386 3549 4458 regiis
3575 4388 3809 4457 dapibus

2210 4478 2389 4550 gulam
2429 4480 2784 4550 compescuit,
2839 4479 2889 4534 ei
2937 4486 2992 4535 et
3038 4479 3390 4535 esurientium
3430 4494 3530 4534 ora
3588 4479 3809 4536 leonum

511 4565 639 4625 limo
664 4545 897 4639 namque
924 4582 1023 4638 per
1052 4564 1186 4620 Abel
1215 4571 1271 4617 et
1311 4561 1484 4618 electa
1506 4545 1617 4617 Deo
1639 4578 1864 4620 munera
1890 4564 2104 4629 obtulit,
2133 4545 2185 4606 D
2211 4545 2405 4623 clausit
2434 4545 2596 4639 (Dan.
2638 4568 2770 4643 xiv).
2801 4567 2928 4623 llaec
2954 4568 3125 4624 tribus
3153 4568 3367 4640 pueris,
3401 4569 3528 4639 quia
3560 4568 3618 4624 in
3650 4580 3808 4625 tran-

512 4669 571 4716 et
593 4659 776 4716 fratris
798 4658 922 4714 odia
941 4671 1045 4711 non
1065 4651 1383 4710 reluctando
1400 4651 1651 4708 toleravit
1678 4650 1830 4725 (Gen.
1856 4654 1953 4726 tv).
1984 4646 2110 4709 Haec

511 4751 701 4808 Enoch
755 4758 812 4806 et
858 4750 1001 4804 inter
1048 4744 1297 4801 homines
1327 4744 1511 4799 vivere
1549 4743 1867 4816 spiritaliter
1905 4744 2110 4811 docuit,

510 4853 567 4901 et
613 4842 681 4899 ad
721 4839 1003 4898 sublimem
1032 4837 1200 4909 vitam
1245 4835 1314 4891 ab
1340 4835 1655 4895 hominibus
1699 4837 1866 4892 etiam
1924 4851 2114 4909 corpo-

514 4933 699 4990 raliter
727 4929 991 4987 abstraxit
1021 4908 1173 5000 (Cen.
1218 4927 1294 5000 v).
1346 4927 1472 4984 llzec
1518 4927 1653 4994 Noe,
1683 4928 1953 5000 despectis
1998 4908 2116 4986 om-

512 5028 697 5091 nibus,
723 5022 898 5080 solum
931 5022 1041 5078 Deo
1086 5021 1403 5093 placabilem
1435 5022 1691 5088 ostendit,
1722 5032 1888 5093 atque
1936 5023 1989 5078 in
2020 5039 2108 5081 ar-

511 5133 593 5174 cae
627 5114 889 5171 fabricam
924 5114 1104 5169 studio
1129 5112 1268 5185 longi
1301 5113 1504 5169 laboris
1537 5114 1802 5180 exercuit,
1823 5122 1879 5168 et
1905 5115 2107 5170 mundo

512 5207 856 5283 superstitem
899 5206 989 5279 pio
1032 5220 1199 5277 opere
1223 5206 1527 5262 exercendo
1550 5205 1790 5261 servavit
1822 5203 1976 5279 (Gen.
2005 5207 2103 5279 vi).

513 5301 643 5357 Haec
690 5314 789 5372 per
820 5296 946 5354 Sem
975 5304 1033 5352 et
1074 5295 1307 5368 Japheth
1351 5296 1628 5353 humiliter
1662 5298 1966 5354 verecunda
2008 5314 2107 5370 pa-

514 5393 618 5450 tris
641 5390 881 5457 erubuit,
910 5397 965 5445 et
989 5386 1295 5460 superjecto
1315 5388 1493 5444 dorsis
1515 5388 1702 5459 pallio,
1726 5405 1812 5455 ea,
1838 5406 1958 5461 qua:
1997 5404 2105 5447 non

512 5485 752 5552 videbat,
783 5482 1067 5541 abscondit
1087 5478 1241 5555 (Gen.
1272 5481 1371 5554 ix).
1401 5481 1527 5538 Haec
1552 5482 1782 5538 Abrahae
1802 5483 2104 5548 dexteram,

515 5578 643 5653 quia
684 5576 753 5632 ad
796 5583 1027 5633 mortem
1056 5572 1153 5629 lilii
1190 5572 1493 5631 obediendo
1524 5572 1740 5639 extulit,
1771 5573 1915 5629 hunc
1937 5573 2107 5646 prolis

514 5673 836 5735 innmuerte,
851 5669 1101 5742 gentium
1145 5676 1364 5740 patrem
1412 5664 1540 5722 fecit
1578 5665 1735 5738 (Gen.
1777 5666 1938 5738 χχιι).
1981 5666 2107 5723 llaec

512 5763 663 5823 hac
692 5769 954 5828 mentem,
999 5759 1128 5831 quia
1180 5772 1397 5831 semper
1443 5756 1512 5813 ad
1539 5756 1862 5814 munditiam
1910 5758 2104 5828 tenuit,

2211 4661 2479 4732 quillitate
2510 4662 2702 4732 positis
2750 4661 3001 4716 incendia
3031 4661 3288 4716 vitiorum
3317 4661 3578 4727 subdidit,
3630 4662 3810 4717 tribo-

2212 4752 2429 4808 lationis
2459 4762 2702 4824 tempore
2749 4761 2804 4806 et
2841 4750 3087 4807 flammas
3140 4753 3194 4807 in
3236 4751 3457 4807 fornace
3483 4755 3815 4824 temperavit

2215 4842 2377 4913 (Dan.
2432 4845 2538 4916 ιιι).
2592 4842 2718 4898 llaec
2746 4844 2801 4898 in
2827 4842 2988 4899 Petro
3025 4852 3082 4898 et
3116 4844 3279 4900 minis
3310 4845 3630 4900 terrentium
3658 4848 3815 4917 prin-

2215 4937 2396 5007 cipum
2443 4936 2657 4992 fortiter
2692 4935 2910 5001 restitit,
2939 4944 2993 4991 et
3042 4936 3095 4990 in
3145 4936 3559 4991 circumcisione
3594 4938 3817 4993 submo-

2210 5029 2387 5084 venda
2440 5027 2711 5082 minorum
2764 5024 2928 5081 verba
2977 5026 3256 5082 humiliter
3307 5026 3512 5082 audivit
3546 5025 3687 5099 (Act.
3730 5029 3809 5099 v).

2210 5120 2337 5176 llam
2384 5121 2439 5175 in
2484 5119 2650 5175 Paulo
2697 5126 2753 5173 et
2793 5133 2984 5174 manus
3023 5117 3467 5189 persequentium
3526 5117 3810 5172 humiliter

2209 5211 2450 5283 pertulit,
2483 5220 2538 5267 et
2571 5220 2747 5267 tamen
2781 5211 2833 5265 in
2864 5210 3293 5266 circumcisionis
3314 5212 3536 5280 negotio
3558 5207 3718 5279 longe
3746 5221 3808 5265 se

2210 5303 2434 5374 imparis
2447 5301 2648 5374 prioris
2672 5317 2891 5358 sensum
2920 5304 3187 5357 audenter
3209 5300 3510 5371 increpavit
3527 5300 3668 5373 (Act.
3687 5299 3802 5371 xv).

2210 5395 2485 5466 Multiplcx
2513 5409 2640 5466 ergo
2659 5395 2763 5451 ista
2792 5395 2874 5450 lex
2898 5394 2993 5450 Dei
3008 5404 3111 5460 est,
3126 5409 3246 5465 quae
3265 5393 3493 5466 singulis
3512 5410 3695 5450 rerum
3714 5410 3803 5448 ar-

2211 5484 2389 5546 ticulis
2406 5504 2511 5543 non
2526 5496 2835 5559 permutata
2849 5488 3120 5560 congruit,
3134 5497 3190 5542 et
3203 5488 3383 5543 causis
3396 5503 3455 5542 se
3468 5486 3805 5542 variantibus

2209 5595 2318 5636 non
2339 5579 2546 5634 variata
2572 5580 2867 5651 eonjungit.
2897 5578 3097 5652 (Hier.)
3130 5578 3321 5635 Sciens
3340 5578 3542 5634 Paulus
3564 5577 3682 5647 ejus
3704 5577 3805 5632 Dei

2208 5685 2330 5729 esse
2361 5684 2421 5727 se
2458 5669 2745 5737 cultorem,
2774 5671 2868 5741 qui
2894 5670 3060 5727 nollet
3086 5680 3316 5727 mortem
3345 5668 3674 5741 peccatoris,
3703 5666 3802 5723 sed

2208 5762 2606 5835 paenitentiam,
2620 5770 2675 5818 et
2688 5771 2916 5835 excepta
2934 5761 3224 5830 Trinitatc,
3236 5774 3454 5820 omnem
3466 5767 3800 5820 creaturam
