4022 6338
264 370 380 430 369

736 361 1287 421 ENARRATIONUM
1327 360 1395 418 IN
1433 361 1585 418 EPP.
1632 358 1843 416 PAULI
1875 356 2009 415 LIB.
2052 356 2194 413 XVI.
2232 385 2304 396 --
2335 354 2404 411 ΙΝ
2438 355 2658 413 EPIST.
2697 355 2790 411 AD
2825 355 3078 413 GALAT.

3410 326 3550 414 .m

264 484 402 541 licet
426 497 535 538 non
562 485 771 552 peccet,
796 484 976 532 tamen
995 490 1156 547 posse
1180 489 1429 547 peccare,
1453 488 1575 528 eum
1621 484 1860 565 quoque,
1888 476 1940 537 Α
1965 477 2021 525 et
2063 477 2120 524 tu
2145 467 2341 533 cadas;
2366 466 2484 531 sed,
2512 483 2575 521 ne
2618 476 2669 521 et
2711 476 2769 520 tu
2796 467 3028 522 tenteris.
3058 467 3212 524 Vinci
3240 468 3438 540 quippe
3466 468 3553 527 vel

261 576 363 647 qui
393 572 650 646 spiritalis
680 578 785 634 est,
837 569 1158 626 cohortatur
1185 568 1269 623 sui
1308 568 1522 632 timore,
1545 581 1612 621 ne
1648 572 1856 635 peccet,

260 679 489 720 manum
508 661 786 733 porrigere
802 660 1100 715 corruenti.
1117 658 1413 730 Etpulehre
1425 666 1860 728 praeoccupatum

260 757 321 810 in
356 754 555 810 delicto
597 752 867 809 hominem
912 762 1089 813 vocat,
1119 752 1210 820 qui
1239 751 1374 805 mori
1401 749 1592 820 possit,
1624 764 1693 803 ex
1742 748 1860 818 ipso

258 845 489 903 nomine
512 842 858 913 fragilitatem
883 839 1213 896 conditionis
1233 839 1549 905 ostendens,
1584 847 1645 894 ut
1667 838 1860 908 dignus

259 936 339 993 sit
366 935 547 997 venia,
570 934 683 1003 qui,
713 933 856 988 velut
878 934 1041 989 homo
1067 947 1257 988 errore
1286 933 1541 1002 deceptus
1568 939 1624 987 et
1644 945 1859 987 mersus

261 1024 323 1079 in
352 1026 685 1095 voraginem,
716 1022 954 1093 seipsum
1000 1022 1118 1076 sine
1145 1020 1345 1097 auxilio
1370 1028 1427 1076 et
1465 1018 1714 1088 adjutore
1741 1018 1855 1074 eri-

258 1129 398 1187 gere
417 1130 523 1169 non
548 1114 738 1184 possit.
774 1112 1011 1183 Spiritali
1039 1121 1221 1168 autem
1250 1128 1358 1168 non
1392 1112 1612 1167 additur
1653 1111 1856 1166 homo:

256 1207 362 1262 sed
415 1206 570 1277 quasi
624 1204 736 1260 Deo
785 1204 1118 1275 praecipitur,
1150 1212 1210 1258 ut
1260 1204 1537 1258 hominem
1580 1217 1860 1272 pratoccu-

256 1306 450 1367 patum
480 1297 534 1351 in
577 1295 778 1353 delicto
807 1294 1058 1359 instruat,
1088 1295 1225 1359 sive,
1252 1303 1313 1348 ut
1337 1293 1529 1348 melius
1549 1292 1778 1348 habetur
1803 1293 1860 1348 in

256 1388 475 1453 Gnaeo,
516 1385 765 1457 perficiat
786 1386 844 1440 in
879 1385 1067 1455 spiritu
1104 1383 1356 1439 lenitatis.
1398 1382 1503 1450 Qui
1526 1391 1707 1437 autem
1733 1396 1863 1451 per-

257 1476 449 1533 ﬁcitur
476 1491 582 1531 non
611 1475 663 1530 ei
702 1475 899 1530 desunt
948 1475 1222 1538 universa,
1250 1473 1346 1528 sed
1368 1471 1567 1541 aliqua.
1617 1470 1860 1541 Denique

252 1567 305 1621 si
346 1582 457 1622 non
503 1566 741 1637 peccatis
776 1562 1042 1635 pluribus,
1076 1563 1173 1618 sed
1204 1562 1335 1617 vitio
1374 1560 1555 1631 aliquo
1581 1575 1859 1631 pratoccu-

252 1668 423 1730 palus
464 1658 687 1721 erravit,
736 1655 977 1711 lenitatis
1036 1654 1286 1726 spiritum
1328 1662 1384 1710 et
1423 1650 1860 1708 mansuetudinis

253 1751 313 1804 in
369 1750 711 1807 correctione
750 1747 1027 1821 peccantis
1069 1744 1330 1819 spiritalis
1354 1745 1629 1810 adhibeat,
1661 1759 1731 1799 ne
1779 1744 1856 1800 ri-

1964 559 2205 629 vineere,
2245 572 2631 628 nonnunquam
2670 558 2726 612 in
2756 566 2940 614 nostra
2975 566 3059 614 est
3109 567 3375 638 potestate
3405 579 3419 615 :
3446 575 3553 619 cm-

1960 659 2137 709 terum
2180 649 2400 718 tentari,
2437 649 2492 705 in
2544 658 2814 721 potestate
2863 651 3119 708 tentantis
3158 663 3242 708 est
3271 670 3286 708 :
3313 653 3358 709 si
3402 652 3550 710 enim

1960 744 2212 800 Salvator
2242 750 2505 817 tentatus
2528 754 2632 810 est,
2679 744 2801 814 quis
2835 752 3015 815 potest
3053 759 3174 800 esse
3202 759 3426 801 securus
3466 746 3556 803 in—

1961 843 2226 890 tentatum
2254 850 2313 890 se
2341 835 2468 890 vitae
2492 833 2651 903 hujus
2684 835 2855 890 maria
2878 834 3153 913 transire?
3203 834 3307 903 Qui
3360 843 3556 908 putant

1959 923 2183 979 Paulum
2209 923 2366 993 juxta
2396 923 2756 979 humilitatem
2784 932 2966 980 etnon
3006 939 3134 979 vere
3148 925 3359 997 dixisse
3385 944 3398 980 :
3432 925 3553 981 Etsi

1960 996 2230 1085 imperitus
2274 1031 2530 1079 sermone,
2562 1030 2666 1069 non
2711 1023 2887 1069 tamen
2916 1016 3135 1071 scientia
3165 1014 3251 1087 (Il
3282 996 3417 1072 Cor.
3450 1018 3552 1089 st),

1961 1106 2250 1163 defendant
2302 1104 2463 1175 hujus
2502 1105 2604 1161 loci
2641 1107 3104 1177 consequentiam.
3133 1105 3327 1161 Debuit
3353 1108 3555 1179 quippe

1959 1199 2258 1255 secundum
2302 1198 2551 1273 ordinem
2580 1198 2761 1254 dicere
2797 1217 2809 1253 :
2847 1197 2970 1264 Vos,
3000 1200 3092 1269 qui
3117 1199 3381 1271 spiritales
3402 1201 3550 1266 estis,

1959 1292 2200 1348 instruite
2235 1290 2539 1361 Itujusmodi
2570 1291 2625 1344 in
2649 1291 2837 1361 spiritu
2866 1289 3115 1355 lenitatis,
3143 1289 3551 1347 considerantes

1959 1382 2336 1452 vosmetipsos,
2374 1396 2444 1437 ne
2472 1387 2526 1436 et
2563 1393 2661 1435 vos
2687 1379 2985 1446 tentemini,
3014 1387 3071 1435 et
3102 1395 3210 1436 non
3257 1379 3450 1451 plurali
3471 1380 3555 1436 iu-

1960 1473 2103 1530 ferre
2132 1489 2418 1530 numerum
2459 1473 2808 1546 singularem.
2863 1474 3122 1531 Hebraeus
3154 1456 3414 1547 igitur'ex
3443 1473 3551 1532 He-

1959 1567 2120 1622 braeis
2140 1575 2195 1623 et
2223 1567 2313 1637 qui
2344 1567 2568 1638 essetin
2606 1565 2893 1622 vernaculo
2915 1580 3165 1623 sermone
3182 1566 3548 1640 doctissimus,

1958 1656 2257 1729 profundos
2284 1672 2497 1721 sensus,
2525 1656 2703 1713 aliena
2738 1657 2920 1729 lingua
2971 1657 3277 1726 exprimere
3316 1673 3424 1717 non
3458 1672 3552 1715 va-

1961 1752 2130 1818 lebat;
2149 1767 2251 1808 nec
2271 1753 2499 1808 curabat
2521 1740 2936 1824 magnopere‘de
2957 1751 3156 1818 verbis,
3180 1766 3304 1807 cum
3326 1766 3548 1809 sensum

251 1843 437 1914 gidus,
492 1856 563 1899 ne
587 1844 757 1899 iratus
770 1850 826 1897 et
854 1842 1027 1897 tristis
1052 1841 1326 1910 corrigere
1350 1840 1532 1909 cupiat
1556 1844 1847 1904 errantem,
1880 1830 1927 1890 B
1956 1843 2178 1899 haberet
2206 1843 2263 1898 in
2302 1852 2436 1900 ωιο,

250 1936 353 1991 sed
400 1944 656 2005 provocet
680 1949 802 1988 eum
834 1919 1104 2002 spondens
1132 1931 1385 1996 salutem,
1415 1929 1627 1985 veniam
1671 1944 1859 1999 repro-

250 2024 753 2083 mittens:Christi
803 2024 1169 2079 testimonium
1214 2022 1472 2093 proferat,
1506 2021 1654 2090 quod
1705 2020 1857 2092 gravi

249 2116 396 2190 legis
419 2125 473 2171 et
496 2124 841 2187 peccatorum
865 2128 1031 2171 onere
1054 2116 1362 2184 depressos,
1395 2113 1463 2168 ad
1480 2113 1670 2184 jugum
1698 2127 1855 2167 suum

250 2224 447 2275 suave,
474 2217 530 2264 et
560 2208 680 2263 leve
704 2208 899 2263 invitet
919 2223 1057 2265 onus
1086 2225 1099 2261 :
1134 2215 1193 2261 ut
1218 2207 1447 2273 discant,
1484 2192 1609 2276 quia
1636 2206 1856 2263 humilis

252 2300 333 2356 sit
352 2310 411 2356 et
437 2301 678 2365 mitis,et
699 2307 1012 2355 mansuetus
1033 2299 1197 2354 corde
1226 2307 1280 2355 et
1305 2299 1584 2355 inveniant
1612 2299 1855 2368 requiem

244 2390 541 2445 animabus
562 2391 675 2445 suis
694 2388 909 2460 (Matth.
940 2382 1037 2453 x1).
1066 2389 1407 2446 Utamurhoc
1433 2390 1740 2445 testimonio
1760 2390 1856 2445 ad-

254 2495 484 2535 versum
513 2480 819 2546 haereticos,
846 2480 960 2551 qui,
990 2481 1326 2537 diversarum
1354 2482 1618 2554 ﬁngentes
1644 2478 1865 2538 fabulas

247 2582 597 2637 naturarum,
629 2574 779 2627 aiunt
797 2572 1093 2643 spiritalem
1122 2573 1319 2629 bonam
1347 2588 1469 2630 esse
1497 2574 1770 2641 arborem,
1800 2582 1856 2630 et

246 2677 366 2716 non
395 2662 567 2718 malos
609 2662 806 2719 aderre
842 2665 1069 2720 fructus.
1094 2664 1235 2721 Ecce
1258 2664 1568 2734 Apostolus,
1617 2663 1771 2735 cujus
1799 2674 1857 2722 et

244 2753 358 2824 ipsi
407 2755 789 2809 auctoritatem
857 2764 1176 2825 sequuntur,
1230 2756 1362 2813 dicit
1415 2771 1512 2812 eos
1561 2757 1655 2826 qui
1696 2757 1858 2828 spiri—

245 2841 395 2898 tales
429 2852 558 2899 sunt
599 2858 759 2913 posse
804 2858 1058 2914 peccare,
1091 2844 1138 2900 si
1180 2859 1281 2915 per
1305 2844 1648 2902 altitudinem
1678 2844 1857 2902 cordis

244 2934 337 2989 sui
366 2933 622 2989 inflentur
643 2942 703 2989 et
743 2943 1032 2991 corruant:
1057 2936 1201 3006 quod
1226 2944 1282 2991 et
1323 2951 1422 2992 nos
1464 2952 1681 3007 quoque
1715 2935 1855 2993 fate-

244 3040 400 3089 mur,
416 3033 471 3078 et
488 3027 700 3099 χθζκοὺ,
718 3024 991 3095 spiritales
1006 3024 1145 3091 fieri,
1161 3025 1207 3080 si
1227 3025 1295 3080 ad
1311 3025 1534 3080 meliora
1556 3033 1853 3080 vertantur.

245 3118 467 3189 Opponi
494 3110 667 3173 nobis
698 3126 879 3188 potest
904 3117 1054 3184 illud,
1101 3117 1246 3187 quod
1275 3117 1342 3174 ad
1379 3116 1692 3173 Corinthios
1721 3117 1857 3173 scri-

2031 1935 2172 1991 Nam
2195 1937 2239 1991 si
2256 1937 2375 2007 quis
2400 1938 2668 1992 existimat
2694 1953 2749 1992 se
2776 1936 2977 2009 aliquid
3002 1953 3134 2004 esse,
3157 1952 3274 1991 cum
3303 1934 3433 1993 nihil
3459 1942 3548 2002 stt,

1956 2029 2065 2100 ipse
2084 2045 2140 2084 se
2164 2028 2381 2083 seducit.
2416 2027 2561 2100 Opus
2583 2039 2759 2084 autem
2775 2045 2930 2084 suum
2952 2027 3129 2099 probet
3169 2027 3547 2098 unusquisque,

1956 2131 2004 2175 et
2026 2121 2101 2175 sic
2141 2120 2198 2173 in
2229 2120 2503 2189 semetipso
2529 2128 2732 2174 tantum
2758 2119 2982 2191 gloriam
3016 2118 3245 2184 habebit,
3272 2129 3319 2173 et
3359 2135 3465 2173 non
3494 2121 3551 2173 its

1956 2209 2142 2265 altera.
2171 2210 2376 2282 (Amb.)
2391 2211 2591 2266 Verum
2605 2221 2709 2278 est,
2735 2226 2834 2267 nec
2845 2210 2976 2267 latet
2989 2224 3340 2281 quemquam,
3364 2208 3491 2280 quia
3505 2209 3554 2265 si

1956 2312 2110 2357 actus
2139 2311 2355 2358 nostros
2373 2312 2430 2358 et
2451 2313 2688 2358 mentem
2707 2303 3139 2368 consideremus,
3154 2302 3314 2358 nullis
3337 2317 3435 2357 nos
3454 2318 3553 2357 an-

1956 2391 2283 2461 teponimus,
2323 2401 2378 2447 et
2405 2407 2504 2447 nec
2540 2390 2699 2448 facile
2729 2407 3056 2463 quemquam
3077 2390 3386 2461 judicamus
3414 2408 3429 2444 :
3458 2391 3553 2461 qui

1956 2490 2138 2537 autem
2187 2480 2464 2537 extollitur
2488 2521 2504 2549 ,
2549 2482 2705 2552 quasi
2752 2481 2957 2552 aliquid
3000 2484 3104 2549 sit,
3138 2492 3333 2537 errat:
3371 2482 3548 2537 nescit

1956 2573 2100 2629 enim
2151 2573 2279 2643 quia
2329 2573 2396 2628 de
2443 2573 2751 2628 humilitate
2774 2571 3065 2629 crescitnr.
3101 2570 3277 2626 Verba
3303 2573 3450 2627 enim
3496 2580 3554 2628 et

1957 2673 2109 2735 gesta
2152 2664 2456 2721 Salvatoris
2481 2674 2608 2721 ante
2630 2664 2819 2721 oculos
2846 2680 2952 2720 non
2982 2664 3168 2731 habet,
3195 2664 3289 2735 qui
3315 2681 3438 2720 cum
3481 2665 3554 2720 sit

1956 2754 2196 2812 omnium
2231 2754 2514 2820 Dominus,
2552 2754 2858 2810 humiliavit
2896 2769 2976 2820 se,
3024 2762 3083 2809 ut
3123 2754 3282 2809 nobis
3318 2752 3553 2811 formam

1958 2846 2132 2911 daret,
2172 2844 2303 2915 quid
2351 2844 2505 2914 sequi
2549 2843 2889 2911 deberemus,
2940 2844 2989 2900 si
3029 2858 3276 2901 crescere
3304 2843 3552 2909 velimus,

1957 2943 2017 2991 et
2054 2935 2102 2990 si
2144 2950 2246 2990 nos
2295 2935 2648 3006 eriget-emus,
2683 2933 3089 3000 inclinareniur,
3122 2935 3265 3003 quod
3294 2934 3424 2990 facit
3451 2935 3555 2990 im-

1956 3024 2151 3096 peritia
2182 3024 2365 3080 cordis
2391 3023 2583 3090 inllati,
2607 3031 2667 3078 ut
2687 3024 2830 3095 apud
2854 3023 3102 3080 homines
3125 3025 3555 3083 commendatior

1959 3115 2227 3171 videatur.
2261 3113 2538 3184 Spernens
2564 3113 2712 3169 enim
2759 3122 2816 3168 et
2861 3113 3163 3186 despiciens
3212 3122 3555 3184 peccatores,

247 3186 599 3274 bitur:Quid
636 3186 921 3262 vultian
951 3207 1094 3277 virga
1111 3186 1312 3263 neniam
1337 3206 1406 3260 ad
1434 3222 1543 3272 vos,
1567 3223 1636 3260 an
1661 3205 1715 3260 iu
1731 3206 1855 3261 cha—
1882 3186 1928 3250 (ἶ
1955 3206 2159 3277 justum
2189 3221 2248 3260 se
2274 3204 2447 3261 videri
2490 3204 2789 3272 contendit,
2838 3206 2977 3260 sicut
3016 3213 3072 3261 et
3118 3205 3424 3262 Pharisaaus
3463 3205 3554 3263 ille

247 3300 411 3353 ritate
427 3308 483 3352 et
503 3298 691 3368 spiritu
714 3296 1175 3351 mansuetudinis?
1196 3295 1245 3368 (1
1271 3293 1395 3351 Cor.
1412 3296 1510 3367 tv.)
1526 3295 1583 3350 Si
1606 3296 1751 3350 enim
1781 3294 1854 3351 ibi

246 3390 320 3445 ad
347 3398 632 3461 pecatores
652 3404 759 3443 non
783 3388 1045 3459 inspirittt
1063 3387 1507 3452 mansuetudinis,
1533 3387 1626 3443 sed
1641 3387 1693 3441 in
1708 3387 1856 3458 virga

247 3481 447 3535 venire
474 3495 536 3535 se
553 3480 986 3551 dicit,qnomodo
1016 3495 1162 3535 nunc
1190 3478 1296 3534 illis
1323 3479 1417 3549 qui
1442 3478 1497 3532 in
1526 3477 1709 3549 aliquo
1737 3493 1859 3553 pec-

249 3582 383 3629 cato
404 3573 670 3645 pneventi
698 3572 930 3638 fuerint,
958 3587 1065 3627 non
1095 3572 1302 3644 virgam
1327 3570 1571 3637 adhibet,
1603 3571 1701 3627 sed
1743 3570 1855 3643 spi-

252 3665 425 3719 ritum
450 3662 925 3721 mansuetudinis?
957 3663 1160 3718 Verum
1190 3663 1261 3717 ibi
1292 3662 1358 3717 ad
1386 3677 1481 3717 eos
1509 3661 1730 3729 dicitur,
1762 3660 1857 3731 qui

248 3768 384 3829 post
408 3766 688 3829 peccatum
728 3772 835 3812 non
875 3758 1174 3813 sentientes
1216 3770 1458 3811 errorem
1482 3770 1637 3810 suum
1659 3795 1675 3820 ,
1705 3754 1858 3811 nole-

248 3847 389 3903 bant
410 3844 709 3916 majoribus
729 3845 909 3911 subdi,
934 3855 988 3900 et
1014 3844 1336 3916 poenitentia
1360 3843 1580 3915 corrigi.
1606 3843 1709 3900 Ubi
1731 3859 1860 3900 vero

250 3947 521 4009 peccator
544 3936 853 4008 intelligens
894 3936 1090 3991 vulnus
1129 3950 1308 4001 suum,
1348 3933 1519 3990 tradit
1554 3934 1763 3989 medico
1800 3949 1860 3990 se

248 4032 587 4096 curandum,
622 4031 695 4086 ibi
733 4046 839 4087 non
868 4041 955 4088 est
980 4031 1131 4102 virga
1152 4032 1477 4096 necessaria,
1513 4031 1609 4086 sed
1636 4031 1861 4102 spiritus

253 4121 526 4176 lenitatis.
559 4119 671 4175 Sed
697 4128 753 4176 et
792 4121 921 4176 illud
949 4120 1091 4177 forte
1140 4130 1434 4192 quaeratur,
1476 4122 1620 4191 quod
1650 4122 1694 4177 si
1733 4137 1861 4192 pro-

251 4220 446 4281 pterea
462 4210 733 4266 instruere
758 4212 882 4281 quis
902 4211 1095 4267 debeat
1121 4223 1463 4283 peccatorcm
1489 4213 1540 4267 in
1563 4213 1754 4283 spiritu
1782 4213 1859 4270 le—

252 4302 450 4357 nitatis
477 4342 493 4368 ,
514 4302 641 4372 quia
670 4303 977 4358 consideret
995 4319 1075 4370 se,
1100 4318 1169 4359 ne
1195 4311 1252 4359 et
1287 4304 1402 4375 ipse
1430 4313 1695 4373 tentetur;
1733 4321 1861 4375 ergo

245 4396 459 4466 justus,
486 4396 579 4465 qui
601 4396 668 4450 de
687 4411 783 4451 sua
806 4405 990 4452 certus
1009 4405 1093 4451 est
1113 4406 1312 4463 mente,
1327 4397 1420 4466 qui
1446 4397 1551 4453 scit
1568 4412 1673 4453 non
1702 4412 1862 4468 posse

256 4499 321 4540 se
348 4485 485 4549 labi,
505 4501 611 4540 non
637 4485 907 4542 instruere
929 4486 1088 4542 debet
1113 4496 1449 4557 peccatorem
1479 4489 1533 4543 in
1567 4487 1760 4559 spiritu
1784 4488 1862 4544 le-

1958 3310 2120 3367 quem
2166 3295 2427 3351 Dominus
2452 3294 2674 3351 denotat
2711 3295 2862 3368 (Luc.
2904 3278 3081 3369 XVIII):
3128 3294 3385 3367 Nunquid
3439 3312 3553 3354 non

1960 3403 2087 3444 vere
2113 3388 2201 3447 hic
2226 3388 2507 3458 imperitus
2547 3397 2649 3455 est,
2683 3389 2774 3460 qui
2801 3389 3085 3459 praesentis
3114 3388 3301 3461 gloria:
3328 3390 3556 3462 cupidus

1959 3479 2082 3535 est?
2131 3477 2385 3549 Nunquid
2439 3494 2550 3535 non
2598 3492 2724 3534 vere
2775 3480 2842 3535 de
2888 3479 3089 3535 futuris
3121 3480 3408 3550 desperat,
3456 3481 3556 3553 qui

1961 3572 2507 3643 mercedemjustitia:
2531 3572 2585 3627 in
2606 3572 2864 3643 praesenti
2883 3573 2999 3628 vult
3018 3573 3317 3651 consequi?
3337 3560 3555 3649 Quare?

1962 3662 2098 3730 Quia
2127 3678 2232 3717 non
2258 3675 2342 3718 est
2361 3661 2541 3732 justus
2564 3664 2618 3718 iu
2642 3678 2828 3732 opere,
2852 3664 2947 3719 sed
2972 3680 3069 3735 per
3092 3663 3362 3721 fallaciam
3392 3664 3554 3735 fingit

1955 3750 2241 3821 justitiam.
2266 3750 2369 3818 Qui
2391 3754 2535 3807 enim
2559 3751 2670 3807 vult
2676 3751 2859 3821 justus
2880 3768 3020 3820 esse,
3037 3754 3265 3810 alterum
3286 3755 3388 3812 sibi
3412 3745 3580 3827 pm?

1960 3842 2133 3912 ponit,
2168 3849 2229 3896 ut
2274 3856 2405 3897 vere
2452 3842 2632 3913 justus
2677 3843 2767 3898 sit.
2823 3842 3201 3915 Unusquisque
3234 3845 3383 3901 enim
3428 3845 3553 3917 plus

1962 3934 2104 3989 mala
2139 3950 2237 3990 sua
2266 3936 2403 4001 scit,
2436 3951 2598 4005 quam
2627 3935 2867 3991 alterius.
2904 3952 2924 3987 ‹
2972 3936 3352 4008 Unusquisque
3394 3954 3553 3995 suam

1963 4024 2234 4080 sarcinam
2263 4025 2523 4094 portabit.
2554 4044 2574 4077 ι
2594 4024 2677 4080 Ad
2707 4034 3041 4096 postremum
3066 4028 3173 4103 hoc
3198 4026 3367 4084 voluit
3394 4029 3553 4085 inno-

1963 4124 2173 4193 tescere
2195 4115 2462 4187 superbis,
2495 4116 2621 4187 quia
2652 4112 2777 4172 'non
2805 4117 3188 4189 coinquinatur
3228 4119 3352 4189 quis
3376 4120 3561 4179 alieno

1961 4215 2209 4279 peccato,
2233 4208 2526 4264 dummodo
2556 4208 2859 4275 dissentiat,
2887 4220 2949 4267 ut
2974 4225 3136 4267 nemo
3163 4220 3415 4269 vereatur
3432 4214 3557 4285 jun-

1963 4316 2090 4374 gere
2114 4317 2175 4358 se
2199 4302 2489 4373 peccatori,
2515 4310 2610 4357 aut
2636 4302 2982 4360 accedentem
3002 4305 3070 4360 ad
3100 4319 3159 4361 se
3184 4306 3478 4377 suscipere,
3494 4318 3557 4364 ut

1962 4410 2085 4451 eum
2116 4393 2375 4449 lucretur.
2418 4393 2561 4450 Nam
2587 4395 2635 4450 si
2664 4396 2781 4466 quis
2811 4396 3072 4451 existimat
3107 4412 3163 4451 se
3189 4414 3302 4452 esse
3325 4397 3551 4473 aliquid,

1964 4503 2083 4541 cum
2105 4486 2237 4540 nihil
2265 4487 2352 4550 sit,
2385 4502 2441 4541 se
2464 4486 2634 4558 ipsum
2656 4488 2878 4542 seducit.
2909 4486 3179 4560 (Hieron)
3205 4487 3264 4544 Si
3293 4489 3416 4559 quis
3444 4504 3553 4546 non

258 4574 491 4630 uitatis?
509 4575 591 4630 Ad
610 4576 755 4644 quod
779 4576 1046 4632 dicimus:
1070 4577 1138 4632 Et
1159 4578 1204 4633 si
1228 4577 1421 4634 vicerit
1441 4578 1644 4649 justus,
1678 4581 1858 4636 sciens
1882 4577 1937 4641 D
1959 4575 2075 4631 vult
2118 4591 2286 4632 onera
2312 4575 2487 4632 aliena
2518 4585 2754 4648 portare,
2785 4587 2841 4632 et
2864 4576 3252 4633 immisericors
3285 4592 3387 4634 suo
3432 4586 3554 4639 tan-

259 4676 475 4738 quanto
522 4667 709 4723 labore
758 4670 1113 4740 superaverit,
1156 4670 1330 4741 magis
1354 4671 1601 4741 peccanli
1650 4671 1861 4726 veniam

260 4758 550 4830 largietur.
591 4757 727 4813 Nam
769 4768 826 4814 et
873 4759 1120 4815 Salvator
1155 4771 1441 4832 propterea
1479 4769 1715 4817 tentatus
1758 4770 1864 4829 est,

257 4860 428 4919 juxta
462 4849 646 4904 omnia
671 4850 829 4905 nobis
850 4850 1045 4905 similis
1070 4850 1275 4922 absque
1296 4859 1519 4923 peccato
1543 4850 1731 4924 (Hebr.
1762 4852 1863 4923 ιν),

262 4947 329 4996 ut
353 4939 531 5010 possit
556 4939 790 5010 compati
819 4949 874 4995 et
898 4940 1182 4996 coudolere
1204 4940 1611 4997 inﬁrmitatibus
1638 4942 1865 5009 nostris,

261 5043 370 5087 suo
390 5030 585 5086 doctus
610 5030 876 5102 exemplo,
894 5045 1057 5101 quam
1080 5030 1311 5089 difﬁcilis
1340 5032 1411 5087 sit
1436 5031 1491 5086 in
1519 5046 1682 5087 carne
1697 5033 1865 5089 victo-

265 5121 373 5178 ria.
409 5120 468 5175 Si
510 5122 634 5191 quis
676 5122 827 5193 virgo
862 5122 932 5176 ad
975 5131 1248 5177 senectam
1286 5137 1455 5193 usque
1480 5124 1862 5194 permanserit,

264 5213 518 5284 ignoscat
541 5213 610 5280 ei,
641 5214 735 5284 qui
758 5214 1134 5271 adolescentia:
1163 5216 1431 5286 quondam
1474 5215 1653 5272 calore
1700 5217 1861 5274 dece-

263 5312 400 5377 ptus
426 5311 534 5369 est,
559 5304 739 5359 sciens
767 5306 986 5374 quantis
1003 5305 1406 5361 difﬁcultatibus
1428 5306 1570 5361 illam
1591 5308 1868 5364 transierit

264 5402 512 5452 atatem.
541 5393 603 5450 Si
628 5395 752 5464 quis
792 5411 892 5466 pro
916 5397 1152 5453 nominis
1189 5396 1530 5455 confessione
1567 5400 1863 5468 cruciatus,

268 5487 439 5543 alium
482 5488 536 5542 in
583 5488 865 5559 tormentis
904 5488 1105 5544 viderit
1125 5487 1287 5568 (idem
1315 5490 1605 5562 denegare,
1648 5506 1866 5563 compa-

270 5574 444 5633 iiatur
470 5577 784 5634 vulneribus
810 5580 1103 5649 negatoris,
1127 5587 1183 5636 et
1202 5595 1310 5635 non
1337 5589 1448 5635 tam
1482 5581 1632 5636 illum
1660 5583 1863 5639 victum

270 5687 437 5742 quam
491 5686 553 5728 se
594 5671 793 5727 vicisse
847 5673 1096 5729 miretur.
1144 5671 1421 5730 Cautelam
1465 5689 1680 5746 quoque
1726 5674 1861 5731 scri-

272 5763 457 5820 bentis
485 5762 768 5830 attendite,
792 5764 920 5835 quia
948 5779 1057 5821 non
1084 5764 1308 5821 dixerit:
1326 5763 1687 5824 Considerans
1706 5774 1778 5834 te,
1801 5782 1869 5823 ne
1902 5846 1910 5855 ι

1964 4678 2079 4725 tum
2130 4685 2297 4740 opere
2327 4676 2381 4725 et
2424 4670 2624 4725 virtute
2659 4676 2948 4726 contentus
2994 4677 3095 4734 est,
3142 4683 3252 4751 non
3306 4684 3557 4740 quaerens

1964 4776 2083 4831 quae
2122 4760 2299 4816 aliena
2350 4768 2494 4824 sunt,
2525 4759 2621 4816 sed
2667 4776 2789 4831 qua:
2816 4774 2931 4824 sua,
2951 4760 3070 4816 .hoc
3096 4769 3199 4827 est,
3230 4762 3314 4818 sui
3344 4769 3555 4820 tantum

1966 4859 2199 4917 amator,
2229 4859 2286 4906 et
2311 4865 2419 4905 non
2448 4850 2613 4906 etiam
2638 4851 2762 4917 Dei,
2790 4852 2905 4921 ipse
2925 4866 2984 4907 se
3008 4852 3239 4908 seducit.
3262 4852 3559 4925 Dupliciter

1969 4952 2169 4998 autems
2201 4941 2302 5012 legi
2343 4948 2525 5012 potest
2550 4949 2713 5013 atque
2751 4941 3047 5013 distingui:
3087 4942 3203 5010 Vel,
3224 4945 3419 5021 siquis
3443 4947 3561 5003 exi-

1964 5036 2143 5090 stimat
2184 5050 2239 5088 se
2267 5050 2376 5088 esse
2422 5032 2643 5104 aliquid,
2667 5049 2787 5087 cum
2821 5033 2954 5089 nihil
2993 5036 3083 5102 sit,
3126 5036 3210 5092 vel
3236 5036 3331 5103 ita,
3362 5038 3409 5092 si
3435 5038 3554 5108 quis

1965 5125 2230 5181 existimat
2273 5139 2330 5178 se
2372 5140 2484 5178 esse
2528 5122 2750 5194 aliquid,
2778 5132 2838 5177 ut
2861 5132 3049 5195 postea
3078 5125 3395 5194 inferamus,
3435 5143 3555 5182 cum

1967 5214 2100 5272 nihil
2127 5215 2225 5280 sit,
2268 5214 2379 5285 ipse
2407 5231 2461 5269 se
2487 5212 2706 5268 seducit.
2753 5213 2822 5271 Et
2860 5215 3038 5288 magis
3086 5216 3140 5272 in
3172 5217 3365 5276 Grteeo
3388 5232 3556 5290 quam

1967 5308 2024 5364 in
2071 5306 2266 5363 Latino
2302 5313 2524 5360 resonat
2548 5306 2652 5361 ista
2676 5303 2957 5362 distantia.
3012 5307 3220 5365 Prioris
3243 5304 3552 5366 diStinctio-

1970 5397 2055 5452 nis
2101 5395 2191 5452 hic
2218 5409 2408 5451 sensus
2452 5403 2564 5452 est:
2595 5394 2695 5464 Qui
2746 5396 3030 5468 sealiquid
3081 5398 3358 5455 existimat
3408 5413 3551 5465 esse,

1968 5496 2025 5545 et
2061 5488 2196 5543 nihil
2220 5494 2324 5553 est,
2347 5487 2462 5557 ipse
2499 5501 2559 5543 se
2583 5487 2800 5559 decipit.
2860 5487 3142 5546 Secundus
3174 5505 3368 5546 sensus
3393 5489 3557 5547 altior

1970 5585 2074 5645 est,
2110 5584 2164 5633 et
2190 5576 2282 5647 qui
2320 5576 2475 5633 nobis
2501 5577 2675 5649 magis
2717 5577 2931 5650 placet-
2964 5577 3023 5634 Si
3045 5579 3168 5650 quis
3193 5578 3469 5635 existimat
3493 5593 3557 5657 se

1970 5684 2094 5727 esse
2148 5667 2367 5739 aliquid,
2421 5668 2476 5722 in
2503 5682 2570 5725 eo
2597 5669 2741 5740 quod
2791 5685 2850 5725 se
2876 5676 3029 5743 putat
3052 5683 3174 5725 esse
3217 5666 3442 5747 aliquid,
3500 5675 3557 5725 et

1972 5778 2080 5821 non
2127 5776 2194 5819 ex
2225 5760 2511 5819 clementia
2561 5760 2615 5817 in
2660 5761 2984 5833 proximum.
3023 5760 3115 5817 sed
3144 5775 3215 5821 ex
3252 5775 3350 5815 suo
3388 5771 3558 5831 opere

4013 2458 4015 2543 ι

4013 2594 4015 2679 f

4014 2772 4015 2831 ψ
