4022 6338
308 337 428 398 373

785 333 1332 394 ENARRATIONUM
1367 335 1433 391 ΙΝ
1471 335 1618 392 EPP.
1656 334 1862 392 PAULI
1900 331 2029 390 LIB.
2070 332 2210 389 XVI.
2248 361 2322 374 —
2353 331 2422 386 IN
2461 330 2677 386 EPIST.
2717 332 2810 386 AD
2847 331 3099 389 GALAT.

3468 331 3571 387 574

310 466 439 523 quae
483 451 562 506 ita
597 450 840 521 putabat,
865 449 932 504 de
960 449 1330 518 corporalibus
1376 450 1577 504 divitiis
1602 449 1837 504 locutum
1864 462 1878 499 :
1911 450 1958 508 Α
1987 443 2191 516 grando
2210 440 2494 507 contrivit;
2529 440 2789 504 redditus,
2820 441 2910 510 qui
2937 454 3056 494 esse
3076 447 3324 509 poterant
3345 441 3570 508 tributa,

309 541 379 601 Si
407 544 542 600 bona
569 542 862 612 accepimus
886 541 950 594 de
977 557 1136 594 manu
1157 540 1368 596 Domini
1393 539 1534 613 (Job.
1568 539 1660 612 lt);
1691 547 1746 594 et
1775 553 1892 593 rur—

307 651 438 692 sum
494 634 562 690 de
612 634 877 705 angustiis
926 642 983 688 et
1025 634 1295 703 pressuris
1327 640 1383 688 et
1417 632 1744 697 tentationc,
1775 645 1895 700 quae

308 723 602 778 victoriam
623 721 804 777 {erant
829 739 842 775 :
868 720 1044 787 Quare
1063 721 1204 776 mala
1226 738 1329 777 non
1359 721 1706 775 sustineamus
1724 720 1749 774 2
1768 733 1892 774 cum

309 811 503 880 utique
527 809 668 865 mala
697 818 753 864 et
775 811 938 875 bona,
965 825 1075 865 non
1103 810 1159 864 in
1183 809 1380 865 divitiis
1405 817 1460 864 et
1479 808 1768 880 pressuris,
1799 807 1896 864 sed

311 900 371 955 in
401 900 692 956 virtutibus
719 909 990 970 ponantur
1029 907 1084 954 et
1119 898 1266 954 vitiis
1304 917 1317 953 :
1349 908 1409 954 ut
1438 899 1617 970 justus
1657 897 1894 967 loquitur

309 990 368 1045 in
381 990 623 1061 psalmo:
640 989 772 1055 Quis
790 1001 866 1045 est
879 991 1032 1045 homo
1053 991 1141 1060 qui
1171 989 1274 1045 vult
1297 990 1473 1056 vitam,
1493 998 1542 1044 et
1566 990 1705 1060 cupit
1723 988 1893 1043 videre

307 1082 426 1136 dies
463 1081 661 1136 bonos?
689 1078 915 1136 Prohibe
953 1080 1186 1152 linguam
1223 1090 1365 1135 tuam
1421 1097 1454 1136 α
1483 1082 1642 1146 malo,
1667 1089 1715 1135 et
1753 1080 1895 1135 labia

311 1182 410 1227 tua
430 1189 495 1227 ne
521 1172 804 1244 loquantur
828 1172 1008 1228 dolum
1033 1187 1051 1225 :
1075 1173 1277 1228 declina
1298 1191 1331 1228 a
1356 1173 1497 1228 male
1522 1182 1570 1227 et
1595 1173 1679 1243 fac
1706 1173 1897 1227 bonum

309 1259 493 1332 (Psal.
517 1279 689 1318 χχχιιι
721 1271 770 1318 et
793 1263 978 1335 seqq.).
1011 1263 1234 1333 Proprie
1257 1264 1458 1319 malum
1485 1264 1687 1324 dicitur
1705 1305 1722 1331 ,
1752 1264 1896 1335 quod

308 1351 595 1406 vitandum
620 1360 704 1408 est
733 1369 748 1406 :
778 1352 1004 1419 bonum,
1037 1352 1180 1422 quod
1209 1351 1392 1408 facere
1422 1352 1700 1410 debemus.
1737 1354 1898 1409 Dives

306 1457 530 1513 quoque
565 1443 653 1498 ille
673 1443 728 1500 in
755 1443 1066 1514 Evangelio,
1096 1444 1189 1515 qui
1225 1444 1356 1500 mali
1380 1453 1436 1500 et
1459 1445 1588 1502 boni
1613 1445 1895 1501 scientiam

307 1549 422 1588 non
462 1533 717 1600 habebat,
743 1541 890 1590 recte
919 1550 1168 1605 agrorum
1219 1537 1525 1591 ubertatem
1565 1537 1707 1592 bona
1753 1535 1897 1590 arbi-

305 1623 582 1690 trabatur,
616 1625 802 1680 dicens
827 1643 842 1682 :
867 1625 1078 1691 Anima,
1111 1625 1268 1680 habes
1295 1627 1428 1682 bona
1454 1627 1624 1697 posita
1649 1627 1703 1680 in
1729 1642 1896 1681 annos

306 1714 530 1779 multos,
556 1715 776 1785 quiesce,
809 1714 1036 1781 comede,
1069 1714 1202 1782 bibe,
1227 1714 1406 1772 lunare
1457 1715 1610 1788 (Luc.
1655 1714 1791 1786 xu);
1839 1723 1896 1769 et

1994 540 2326 604 rapuerunt;
2377 545 2484 586 non
2533 530 2708 585 habeo
2757 530 2900 584 unde
2956 529 3189 584 tribuam
3225 529 3368 600 quod
3406 529 3568 598 jube-

1994 633 2100 689 tur,
2132 623 2368 695 adjecit:
2401 621 2581 677 Nolite
2607 637 2806 688 errare,
2834 620 2974 675 Deus
3005 637 3109 675 non
3129 621 3400 677 irridetur.
3432 620 3570 689 Scit,

1993 713 2186 784 inquit,
2217 713 2384 769 corda
2428 720 2630 779 vestra,
2656 726 2765 766 non
2809 711 3020 781 ignorat
3045 710 3349 766 facultates.
3389 710 3570 766 Excu-

1995 804 2134 859 satio
2154 802 2464 859 verisimilis
2498 802 2770 858 hominem
2805 808 2982 871 potest
3008 808 3297 870 utcumque
3323 799 3564 870 placare,

2000 894 2170 948 Deum
2196 907 2304 948 non
2327 899 2508 962 potest
2535 890 2722 946 fallere
2751 908 2764 944 :
2797 898 2852 945 et
2901 888 3061 945 simul
3088 889 3402 944 cohortatur
3420 888 3570 944 adid

1999 984 2144 1053 quod
2167 989 2493 1053 praeceptum
2519 988 2602 1036 est
2626 979 3008 1044 exhibendum,
3039 992 3224 1033 semen
3256 977 3568 1044 nominans,

1995 1089 2065 1130 ne
2104 1081 2257 1144 putet
2291 1072 2594 1144 perditum,
2654 1071 2798 1142 quod
2845 1069 3203 1140 multiplicato
3252 1067 3438 1147 fenore
3475 1083 3565 1124 re-

1994 1175 2246 1238 cepturus
2264 1173 2366 1222 est.
2394 1165 2479 1220 Ad
2499 1164 2806 1220 Corinthios
2827 1177 3040 1232 quoque
3077 1161 3343 1216 rationem
3375 1161 3485 1216 dati
3511 1167 3568 1217 et

1996 1258 2228 1328 accepti,
2260 1257 2420 1313 simili
2457 1255 2638 1312 docuit
2669 1252 2911 1322 exemplo
2941 1270 2955 1306 :
2994 1251 3100 1317 Qui
3127 1267 3282 1322 parce
3325 1250 3568 1317 seminat,

1995 1364 2149 1419 parce
2194 1355 2245 1403 et
2287 1354 2487 1401 metet:
2521 1355 2570 1400 et
2624 1345 2713 1416 qui
2752 1344 2970 1398 seminat
3017 1343 3072 1396 in
3104 1341 3478 1405 benedictione,
3506 1333 3594 1394 de~

1995 1439 2348 1494 benedictione
2383 1447 2434 1494 et
2473 1445 2649 1492 metet.
2681 1434 3049 1505 Unusquisque
3084 1434 3219 1488 sicut
3251 1433 3571 1503 propositum

1996 1530 2148 1584 habet
2176 1531 2234 1585 in
2260 1529 2433 1593 corde,
2459 1543 2564 1581 non
2585 1541 2650 1581 ex
2673 1525 2906 1590 tristitia,
2927 1533 3018 1578 aut
3039 1539 3104 1578 ea:
3125 1523 3465 1577 necessitate:
3490 1523 3572 1575 hi-

1997 1619 2160 1674 larem
2179 1619 2316 1673 enim
2336 1619 2572 1673 datorem
2595 1615 2766 1686 diligit
2793 1614 2956 1668 Deus.
2991 1611 3038 1685 (1
3047 1613 3071 1666 Ι
3090 1611 3212 1667 Cor.
3232 1611 3415 1682 tx.)—-
3431 1611 3574 1677 Quo-

1999 1712 2142 1764 niam
2162 1711 2252 1782 qui
2281 1709 2501 1765 seminat
2527 1708 2581 1761 in
2612 1722 2769 1760 carne
2799 1721 2897 1760 sua
2915 1744 2932 1771 ,
2969 1704 3033 1758 de
3059 1719 3215 1757 carne
3255 1711 3408 1756 metet
3456 1717 3573 1756 cor-

306 1803 474 1869 alius,
513 1804 604 1874 qui
635 1803 856 1873 jacebat
903 1805 957 1859 in
1003 1819 1241 1874 purpura
1283 1815 1340 1861 et
1381 1806 1589 1863 deliciis
1617 1805 1890 1872 allluebat,
1921 1790 1970 1850 Β
1999 1803 2289 1873 ruptionem
2315 1815 2336 1854 :
2363 1801 2450 1872 qui
2479 1807 2653 1852 autem
2687 1797 2908 1853 seminat
2953 1798 3004 1850 ir
3044 1797 3253 1867 spiritu,
3285 1795 3350 1848 de
3385 1795 3572 1865 spiritu

308 1896 465 1950 audit
492 1896 633 1966 apud
678 1895 882 1952 inferos
909 1897 976 1952 ab
1003 1897 1276 1951 Abraham
1305 1917 1318 1951 :
1354 1897 1612 1969 Recepisti
1653 1899 1789 1954 bona
1836 1901 1894 1954 in

305 1987 418 2040 vita
461 1995 552 2040 tua
601 1984 752 2055 (Luc.
797 1986 930 2059 xvr).
978 1987 1110 2042 illud
1139 2003 1352 2058 quoque
1379 1989 1802 2056 attendendum,
1825 2005 1894 2045 ne

306 2074 454 2134 forte
477 2075 580 2132 hoc
620 2077 794 2146 possit
817 2077 1076 2148 intelligi,
1107 2079 1222 2133 dari
1253 2079 1528 2150 discipulis
1557 2082 1892 2148 mandatum,

304 2171 370 2222 ut
389 2164 489 2227 eis,
520 2165 612 2238 qui
640 2180 700 2220 se
719 2165 1012 2230 instruunt,
1040 2169 1265 2223 verbum
1287 2165 1706 2237 communicent,
1731 2171 1892 2226 obse-

305 2263 584 2326 qnantur,
629 2255 831 2312 dociles
883 2257 1180 2328 facilesque
1233 2274 1293 2314 se
1346 2261 1655 2330 praebeant,
1700 2263 1756 2317 in
1809 2263 1896 2319 his

307 2355 496 2402 tamen
533 2363 652 2417 quae
692 2347 832 2402 bona
879 2357 1024 2414 sunt,
1055 2364 1174 2418 quae
1215 2350 1475 2420 spiritalia
1503 2359 1558 2406 et
1583 2367 1688 2406 non
1719 2352 1892 2408 haere-

307 2437 421 2492 tica
435 2437 520 2490 vel
532 2435 558 2491 J
566 2438 751 2493 udaiea
765 2439 1032 2508 pravitate
1055 2454 1328 2509 perversa.
1352 2440 1527 2496 Nolite
1539 2459 1736 2509 errare,
1751 2442 1894 2498 Deus

303 2541 422 2581 non
442 2526 710 2582 irridetur.
737 2528 970 2600 (Ambr.)
1002 2529 1215 2586 Nemini
1244 2532 1464 2586 dubium
1486 2542 1570 2588 est
1595 2533 1708 2588 Deo
1731 2534 1896 2605 impo-

305 2622 522 2673 stnram
549 2617 666 2673 ﬁeri
693 2634 798 2675 non
826 2636 1004 2692 posse,
1028 2623 1120 2678 sed
1146 2623 1248 2679 hoc
1273 2625 1343 2680 ab
1371 2638 1438 2681 eo
1457 2641 1895 2697 unumquemque

305 2708 602 2778 consequi,
632 2709 773 2778 quod
811 2718 1071 2765 meretur.
1117 2711 1250 2777 Quae
1277 2715 1414 2767 enim
1441 2716 1772 2769 seminaverit
1801 2716 1895 2770 ho-

307 2815 422 2864 mo,
445 2799 556 2853 hare
581 2808 630 2854 et
651 2809 826 2854 metet.
855 2800 1116 2866 Quoniam
1142 2803 1231 2871 qui
1257 2805 1479 2860 seminat
1507 2805 1560 2859 in
1584 2821 1742 2860 carne
1773 2822 1891 2873 sua,

305 2886 378 2940 de
411 2903 568 2941 carne
609 2896 656 2942 et
700 2897 850 2942 metet
881 2891 1282 2960 corruptionem.
1340 2891 1441 2947 Hic
1463 2893 1700 2948 carnalia
1740 2895 1892 2960 vitia,

299 2993 434 3052 quae
467 2978 522 3038 in
565 2994 727 3034 carne
763 2979 972 3034 admitti
1017 2980 1214 3048 solent,
1244 2981 1542 3052 signiﬁcat,
1587 2992 1651 3039 ut
1693 2985 1788 3055 qui
1838 2985 1893 3040 in

304 3087 536 3128 carnem
567 3087 718 3130 suam
752 3075 1087 3144 corruperit,
1116 3075 1252 3130 sciat
1297 3089 1357 3131 se
1381 3076 1699 3146 corruptelae
1745 3076 1894 3132 futu-

1994 1901 2144 1948 metet
2182 1893 2341 1946 vitam
2381 1899 2652 1945 aeternam.
2703 1887 2875 1942 Omne
2921 1887 3062 1956 quod
3102 1885 3372 1955 loquimur
3395 1926 3410 1950 ,
3459 1885 3573 1955 agi-

1992 1999 2134 2049 mus,
2167 1984 2488 2055 cogitamus,
2517 1981 2575 2036 in
2618 1981 2827 2036 duobus
2857 1979 3156 2033 seminatur
3182 1977 3358 2048 agris,
3403 1990 3570 2032 carne

1992 2083 2048 2130 et
2076 2075 2290 2145 spiritu.
2324 2072 2384 2129 Si
2410 2074 2557 2128 bona
2585 2079 2732 2138 sunt,
2775 2085 2894 2139 qua:
2939 2069 3005 2124 de
3034 2083 3220 2133 manu,
3259 2081 3374 2132 ore,
3407 2064 3573 2121 corde

1993 2173 2334 2236 promuntur,
2383 2164 2647 2219 seminata
2689 2162 2745 2216 in
2769 2160 2986 2230 spiritu,
3024 2160 3149 2213 vita:
3194 2165 3410 2212 atternte
3455 2155 3569 2210 fru-

1994 2257 2169 2314 ctibus
2190 2254 2593 2312 redundabunt:
2625 2253 2670 2309 si
2693 2252 2852 2318 mala,
2875 2251 2944 2306 ab
2967 2265 3098 2320 agro
3116 2249 3296 2304 carnis
3324 2257 3569 2316 excepta,

1994 2348 2356 2419 corruptionis
2395 2347 2550 2404 nobis
2582 2353 2820 2418 segetem
2845 2342 3202 2415 pullulabunt.
3232 2341 3400 2396 Aliter
3426 2353 3441 2393 :
3467 2338 3572 2406 Qui

1995 2441 2166 2514 legem
2211 2440 2504 2497 carnaliter
2559 2438 2829 2511 intelligit,
2862 2436 3310 2508 repromissiones
3354 2445 3573 2503 quoque

1995 2533 2240 2590 carnales
2279 2541 2336 2588 et
2380 2547 2500 2604 quae
2543 2531 2596 2586 in
2619 2530 2876 2601 praesenti
2916 2529 3114 2584 saeculo
3149 2536 3570 2596 corrumpuntur

1995 2633 2274 2695 exspectat
2299 2639 2314 2678 :
2349 2624 2442 2694 qui
2469 2632 2650 2678 autem
2675 2620 2934 2692 spiritalis
2961 2621 3174 2675 auditor
3199 2626 3304 2684 est,
3337 2617 3572 2672 seminat

1995 2717 2052 2772 in
2074 2718 2287 2787 spiritu,
2316 2725 2371 2772 et
2399 2717 2467 2772 de
2499 2715 2691 2787 spiritu
2729 2722 2898 2770 metet
2941 2714 3106 2768 vitam
3157 2713 3566 2782 sempiternam.

1997 2806 2220 2879 (Ambn)
2244 2806 2370 2862 Haec
2393 2813 2478 2862 est
2510 2805 2657 2861 enim
2685 2813 2886 2860 aeterna
2916 2804 3050 2869 vita,
3081 2803 3262 2857 vivere
3292 2802 3410 2856 sine
3450 2815 3570 2872 poe-

1998 2912 2088 2964 na,
2119 2905 2175 2952 et
2196 2895 2395 2952 habere
2435 2895 2682 2966 gloriam.
2719 2893 2854 2948 Nam
2885 2895 2930 2948 si
2969 2893 3059 2948 hic
3089 2894 3158 2948 ad
3197 2907 3436 2963 praesens
3480 2891 3573 2961 qui

1998 2986 2050 3040 in
2078 2985 2436 3041 sollicitudine
2481 2991 2585 3050 est,
2615 2992 2778 3055 negat
2811 2998 2871 3038 se
2909 2983 3118 3048 vivere;
3148 2990 3349 3050 quanto
3375 2983 3571 3052 magis,

1999 3075 2092 3130 ubi
2137 3075 2339 3130 alienus
2381 3089 2413 3128 a
2460 3074 2594 3140 Deo,
2643 3073 2842 3144 ignem,
2891 3079 3260 3141 tortoremque
3295 3071 3573 3140 patietur?

309 3177 436 3218 rum
483 3162 795 3219 obnoxium.
835 3138 1147 3234 Corrumpit
1185 3175 1369 3220 autem
1419 3138 1639 3237 corp-us,
1667 3167 1759 3238 qui
1809 3168 1893 3223 in-
1921 3138 1966 3201 Ο
1997 3163 2204 3219 Bonum
2229 3171 2402 3218 autem
2425 3138 2799 3232 facientes'non
2822 3160 3126 3229 deﬁciamus
3149 3138 3418 3230 {tempore
3430 3159 3574 3218 enim

303 3267 574 3309 concessa
597 3256 893 3324 praesumit.
920 3255 1022 3322 Qui
1050 3266 1224 3312 autem
1251 3259 1580 3315 seminaverit
1605 3261 1663 3316 in
1685 3261 1892 3332 spiritu,

305 3345 378 3399 de
431 3345 624 3414 spiritu
651 3355 804 3400 metet
843 3347 1001 3401 vitam
1055 3357 1324 3404 (sternam.
1380 3350 1562 3424 (Aug.)
1594 3352 1896 3408 Seminatio

308 3435 369 3490 in
397 3436 593 3505 spiritu
622 3447 725 3503 est,
753 3453 821 3493 ex
843 3439 947 3494 ﬁde
975 3454 1100 3495 eum
1127 3441 1394 3497 cbaritate
1419 3444 1624 3500 servire
1646 3445 1894 3516 iustitiae,

307 3533 374 3580 et
403 3541 510 3580 non
536 3527 756 3582 obedire
801 3527 1085 3584 desideriis
1111 3533 1340 3602 peccati,
1367 3537 1614 3604 quamvis
1653 3537 1720 3592 de
1755 3552 1898 3594 mor-

310 3615 410 3676 tali
434 3631 600 3673 carne
624 3618 982 3674 existentibus
1007 3637 1020 3675 :
1060 3621 1252 3676 messis
1291 3631 1470 3678 autem
1501 3625 1626 3680 vitte
1657 3636 1893 3692 aeternae,

312 3723 448 3763 cum
466 3709 686 3764 inimica
713 3711 1005 3767 novissima
1033 3712 1344 3768 destruetur
1366 3731 1534 3782 mors,
1561 3725 1617 3771 et
1647 3717 1898 3774 absorbe-

317 3785 474 3854 bitur
496 3801 720 3857 mortale
755 3817 786 3856 a
811 3803 922 3857 vita
963 3811 1020 3859 et
1047 3805 1395 3875 corruptibile
1427 3807 1531 3862 hoc
1577 3808 1765 3864 induet
1811 3809 1894 3864 in-

312 3891 718 3960 corruptionem
757 3891 810 3963 (Ι
838 3891 962 3947 Cor.
993 3892 1104 3966 xv).
1133 3894 1194 3948 In
1222 3905 1324 3950 hoc
1347 3909 1479 3966 ergo
1501 3897 1664 3952 tertio
1703 3897 1895 3968 gradu,

313 3996 432 4049 quo
485 3982 585 4036 sub
634 3983 809 4053 gratia
857 3999 1076 4051 sumus,
1136 3985 1465 4042 seminamus
1511 3987 1566 4041 in
1619 3987 1892 4058 lacrymis,

313 4084 443 4124 cum
465 4071 706 4127 existunt
751 4073 1016 4129 desideria
1046 4073 1113 4129 de
1151 4074 1370 4130 animali
1405 4089 1631 4146 corpore
1658 4091 1673 4138 ξ
1703 4077 1898 4148 quibus

313 4174 430 4214 non
459 4163 846 4218 consentiendo
876 4163 1182 4230 renitimur,
1213 4165 1352 4220 utin
1388 4167 1585 4236 gaudio
1609 4175 1894 4234 metamus,

313 4266 447 4306 cum
477 4252 642 4307 etiam
682 4253 972 4311 reformato
1007 4270 1254 4326 corpore,
1285 4271 1352 4313 ex
1400 4259 1546 4314 nulla
1603 4268 1758 4329 parte
1799 4260 1898 4315 ho-

315 4339 484 4394 minis
511 4339 618 4394 ulla
655 4357 754 4397 nos
788 4343 1097 4398 sollicitabit
1124 4345 1402 4412 molestia,
1433 4345 1666 4402 ullumve
1717 4355 1896 4402 tenta~

1993 3271 2091 3310 suo
2117 3263 2366 3309 metemus
2408 3269 2510 3308 non
2546 3252 2861 3322 deﬁcientes.
2887 3251 3000 3306 Hoc
3029 3250 3161 3306 dicit
3187 3250 3314 3320 quia
3343 3251 3437 3319 qui
3467 3250 3577 3305 for-

1997 3343 2068 3400 tis
2096 3343 2202 3398 erit
2232 3344 2298 3398 ad
2318 3343 2711 3408 seminandum,
2735 3341 2894 3396 fortis
2925 3339 3030 3395 erit
3052 3349 3108 3394 et
3133 3340 3200 3394 ad
3239 3339 3570 3404 metendum,

1996 3434 2052 3489 id
2072 3442 2176 3499 est,
2205 3432 2283 3488 sic
2327 3431 2578 3502 recipiet,
2607 3430 2876 3502 quomodo
2924 3429 3071 3485 facit.
3129 3429 3254 3484 [deo
3296 3437 3573 3499 promptos

1997 3537 2097 3577 nos
2121 3523 2190 3576 ad
2224 3519 2676 3578 benefaciendum-
2713 3535 2834 3576 esse
2862 3521 3141 3585 hortatur,
3171 3535 3270 3576 nec
3294 3519 3570 3575 fastidium

1996 3611 2110 3681 pati
2141 3610 2368 3677 debere,
2418 3625 2639 3668 securos
2677 3611 2804 3679 quia
2845 3625 2946 3680 pro
2972 3610 3154 3680 parvis
3200 3625 3394 3682 magna
3431 3611 3572 3666 reci-

1997 3703 2237 3772 piemus,
2265 3711 2320 3758 et
2350 3717 2450 3774 pro
2485 3701 2714 3758 terrenis
2747 3709 2978 3767 aeterna,
3025 3709 3267 3770 tempore
3303 3715 3410 3769 quo
3449 3714 3571 3769 pro-

1999 3793 2148 3848 misit
2172 3793 2334 3848 Deus.
2379 3790 2648 3864 (Hierom)
2681 3790 2885 3845 Bonum
2910 3800 3107 3856 autem,
3148 3790 3347 3860 inquit,
3377 3790 3577 3859 facien-

2000 3892 2074 3941 tes
2100 3923 2116 3950 ,
2172 3899 2275 3937 non
2325 3882 2627 3950 deﬁciamus
2650 3919 2666 3946 ,
2724 3889 2952 3949 tempore
2998 3881 3138 3935 enim
3185 3897 3284 3935 suo
3331 3889 3578 3936 metemus

2001 3992 2107 4030 non
2153 3974 2473 4042 deﬁcientes.
2523 3973 2850 4028 Cohortatur
2893 3987 2985 4027 eos
3016 3975 3085 4027 ad
3112 3973 3347 4028 studium
3389 3987 3572 4042 perse-

1998 4068 2277 4134 verantiae,
2309 4067 2402 4139 qui
2456 4067 2512 4121 in
2555 4067 2660 4122 hac
2710 4066 2822 4120 vita
2873 4067 3176 4121 mercedem
3225 4066 3354 4120 boni
3397 4067 3578 4134 operis

1997 4165 2334 4229 exslieclant,
2381 4157 2686 4212 nescientes
2733 4157 2856 4226 quia
2914 4155 3052 4212 sicut
3089 4155 3142 4210 in
3195 4156 3405 4212 semine
3432 4154 3578 4209 aliud

1998 4249 2244 4315 sationis,
2275 4247 2417 4303 aliud
2441 4247 2633 4303 messis
2668 4255 2753 4302 est
2777 4257 2986 4317 tempus
3011 4261 3027 4300 :
3055 4246 3132 4302 sic
3159 4255 3215 4301 et
3246 4245 3300 4300 in
3320 4245 3571 4316 praesenti

1997 4341 2108 4398 vita
2137 4341 2392 4397 sementis
2419 4349 2504 4397 cst
2531 4354 2694 4411 opera
2724 4340 3040 4413 [sementem
3061 4355 3183 4395 esse
3213 4338 3425 4410 Opera],
3451 4353 3572 4407 quae

316 4429 484 4484 tionis
505 4431 822 4499 periculum.
854 4433 1084 4505 (Ambr.)
1124 4433 1296 4490 Homo
1325 4433 1662 4492 Christianus
1700 4437 1895 4508 spiritu
1928 4475 1975 4536 Β
2000 4449 2144 4490 nunc
2171 4438 2258 4490 vel
2289 4434 2344 4489 in
2367 4434 2578 4503 spiritu,
2608 4432 2693 4488 vel
2723 4433 2778 4488 in
2801 4448 2965 4489 carne
2995 4439 3270 4486 metantur
3298 4448 3310 4484 :
3338 4445 3570 4485 messem

315 4524 538 4572 constat
553 4527 607 4572 et
625 4533 791 4574 carne
815 4541 828 4574 :
853 4523 1015 4577 homo
1034 4523 1179 4577 enim
1200 4523 1266 4577 ad
1291 4526 1748 4594 comparationem
1771 4527 1896 4598 Spi-

315 4605 462 4661 ritus
485 4608 658 4662 sancti
681 4624 807 4664 caro
827 4619 926 4665 est.
958 4609 1089 4675 Cum
1120 4627 1247 4682 ergo
1269 4613 1480 4682 spiritui
1504 4616 1594 4670 dat
1615 4631 1896 4672 assensum

315 4697 582 4752 cohibens
607 4713 666 4753 se
697 4699 766 4756 ab
807 4699 893 4753 his
925 4715 1045 4770 qua:
1096 4702 1367 4756 contraria
1407 4711 1551 4769 sunt,
1580 4705 1895 4775 spiritaliter

317 4788 585 4853 seminat,
622 4796 684 4844 ut
726 4790 899 4858 possit
944 4799 1148 4845 metere
1196 4791 1361 4845 vitam
1399 4801 1675 4848 aeternam.
1725 4795 1897 4851 Testi-

322 4883 510 4937 monio
562 4884 705 4938 enim
748 4883 971 4953 spiritus
1024 4883 1222 4954 accipit
1269 4885 1726 4940 immortalitatem
1775 4885 1894 4942 loco

317 4973 608 5029 mercedis.
656 4973 808 5028 Sicut
859 4973 1006 5028 enim
1053 4974 1144 5042 qui
1195 4974 1495 5043 corrumpit
1542 4976 1901 5033 dehonestans

317 5079 521 5135 corpus
548 5080 724 5132 suum,
756 5079 864 5124 non
889 5065 958 5120 ad
983 5063 1360 5130 mtcrnitatem,
1393 5065 1486 5120 sed
1513 5066 1578 5119 ad
1600 5067 1902 5137 corruptio-

316 5169 445 5212 nem
473 5156 801 5226 pertinebit:
837 5155 912 5210 ita
939 5163 996 5220 et
1044 5155 1136 5226 qui
1189 5156 1675 5212 ineontaminatum
1703 5172 1764 5214 se
1804 5174 1901 5214 cu-

319 5245 510 5309 stodit,
545 5245 711 5299 vitam
750 5252 1009 5300 aeternam
1045 5254 1422 5316 consequetur.
1463 5244 1658 5311 Nolite,
1703 5248 1897 5319 inquit,

317 5349 524 5399 errare,
549 5333 687 5388 Deus
708 5350 812 5388 non
827 5334 1095 5388 irridetur.
1130 5333 1260 5400 Quae
1281 5335 1418 5389 enim
1445 5337 1773 5391 seminaverit
1803 5335 1898 5390 ho-

320 5439 432 5486 mo,
447 5422 557 5476 hare
582 5431 629 5476 et
652 5433 821 5482 metet.
849 5423 1118 5494 (Hieron.)
1141 5423 1443 5479 Przevidens
1465 5425 1656 5495 spiritu
1673 5441 1788 5492 eos,
1804 5425 1899 5496 qui

322 5516 607 5581 docentur,
633 5523 690 5570 et
707 5515 904 5571 debent
932 5515 1202 5586 magistris
1223 5525 1467 5586 sumptus
1491 5526 1545 5571 et
1561 5517 1686 5572 vitae
1711 5531 1899 5573 neces-

322 5605 472 5662 saria
515 5606 848 5672 ministrare,
878 5622 1038 5676 posse
1080 5607 1372 5662 obtendere
1428 5616 1799 5678 paupertatem
1846 5616 1902 5664 et

325 5699 511 5756 dicere
537 5717 550 5754 :
581 5699 725 5770 Ager
746 5715 898 5756 meus
923 5701 1026 5757 hoc
1053 5712 1194 5770 anno
1217 5699 1360 5766 aruit
1385 5700 1659 5767 siccitate;
1691 5701 1903 5757 vincam

2001 4543 2132 4583 vero
2179 4542 2401 4598 operum
2443 4525 2684 4580 futurum
2714 4525 2977 4594 judicium
3001 4565 3018 4592 ,
3071 4533 3125 4580 et
3170 4539 3269 4594 pro
3313 4523 3572 4592 qualitate

1999 4619 2084 4673 vel
2108 4619 2422 4674 diversitate
2461 4617 2716 4672 sementis
2743 4617 2984 4671 diversas
3016 4629 3116 4669 nos
3155 4612 3334 4669 facere
3361 4628 3571 4672 messu-

2001 4721 2112 4772 ras,
2133 4706 2488 4762 centesimum
2511 4711 2568 4758 et
2585 4704 3000 4773 sexagesimum,
3024 4710 3080 4758 et
3101 4702 3432 4758 tricesimum
3461 4701 3576 4759 fru-

2000 4805 2168 4863 ctum,
2198 4812 2360 4868 quam
2387 4804 2624 4867 segetem
2658 4809 2817 4850 nemo
2842 4801 3021 4863 potest
3042 4801 3247 4848 metere
3277 4791 3532 4847 deﬁciens
3560 4805 3574 4844 :

2002 4887 2106 4952 Qui
2131 4887 2269 4940 enim
2296 4885 2690 4957 perseveraverit
2712 4901 2872 4954 usque
2895 4884 2950 4940 in
2971 4886 3148 4954 ﬁnem,
3169 4887 3254 4941 hic
3277 4886 3450 4940 salvus
3477 4886 3576 4940 erit

2003 4975 2216 5048 (Matth.
2246 4975 2323 5048 ι).
2353 4975 2420 5030 Ει
2445 4976 2499 5029 in
2519 4975 2623 5030 alio
2639 4973 2785 5032 loco:
2807 4994 2825 5026 ‹
2844 4983 2980 5041 esto,
3005 4977 3101 5042 ait,
3115 4991 3224 5031 non
3245 4976 3520 5042 deficiens,
3552 4995 3572 5028 ι

2002 5065 2158 5135 quale
2179 5074 2260 5121 est
2276 5066 2488 5120 autem?
2509 5072 2568 5120 ut
2589 5080 2712 5120 cum
2731 5075 3043 5134 peccatores
3064 5067 3304 5136 quotidie
3337 5065 3393 5120 in
3420 5065 3581 5122 malis

2001 5156 2254 5226 operibus
2279 5161 2598 5225 augeantur,
2615 5168 2714 5208 nos
2726 5153 2781 5208 in
2804 5153 2947 5209 bono
2960 5155 3419 5225 operclassemur.
3435 5153 3580 5225 Ergo

2003 5246 2128 5300 dum
2169 5253 2369 5314 tempus
2404 5243 2685 5310 habemus,
2728 5261 2999 5315 operemur
3041 5245 3231 5298 bonum
3269 5251 3343 5309 ad,
3380 5259 3577 5301 omnes.

2004 5335 2262 5407 (Ambr.)
2295 5335 2535 5392 Gentiles
2567 5344 2778 5406 tempus
2806 5337 3009 5390 habent
3037 5336 3293 5405 cperandi
3325 5335 3526 5390 malum
3563 5351 3576 5388 :

2004 5427 2251 5482 homines
2271 5426 2414 5481 enim
2436 5426 2552 5482 sine
2571 5425 2701 5490 Deo,
2721 5428 2989 5496 quomodo
3013 5434 3235 5497 possunt
3253 5413 3463 5498 opTerari
3484 5427 3582 5481 bo-

2005 5517 2168 5572 num?
2187 5515 2476 5570 Christiani
2501 5524 2678 5571 autem
2701 5515 2846 5580 facti,
2871 5523 3082 5586 tempus
3100 5513 3580 5584 habent-operandi

2007 5608 2205 5663 bonum
2225 5606 2292 5661 ad
2313 5621 2498 5660 omnes
2516 5605 2782 5670 homines,
2797 5612 2856 5659 ut
2879 5613 2997 5674 post
3011 5611 3284 5674 acceptam
3305 5603 3467 5658 ﬁdem
3487 5603 3583 5657 bo—

2010 5713 2137 5754 num
2167 5711 2301 5769 opus
2325 5696 2571 5769 proﬁciat
2595 5696 2840 5760 mercedi,
2859 5696 3157 5766 promissae.
3175 5693 3410 5764 Tempus
3435 5691 3580 5748 enim
