4022 6338
471 267 578 326 5ῗὸ

1074 274 1135 329 Β.
1177 273 1430 330 RABANI
1469 277 1687 334 MAURI
1724 278 2043 336 ARCHIEP.
2080 279 2388 338 MOGUNT.
2430 280 2714 341 OPERUM
2747 284 2926 342 PARS
2959 285 3045 342 ill.

3608 293 3725 350 3.76

466 383 674 438 idcirco
699 385 1016 440 conceditur
1041 387 1163 441 vita:
1181 427 1196 454 ,
1233 397 1293 441 ut
1309 387 1420 458 jam
1442 388 1586 457 juste
1619 403 1918 455 versemur,
1945 405 2042 444 ex-
2071 392 2123 450 Α
2149 389 2283 460 lege,
2312 391 2427 446 sine
2450 393 2758 464 Evangelia,
2789 395 2905 449 sine
2943 395 3241 452 Salvataris
3271 405 3325 452 et
3357 400 3731 469 apostolorum

467 471 703 542 emplum
717 474 909 528 dantes
921 476 1190 544 gentibus.
1207 477 1440 532 Maxime
1454 487 1628 532 autem
1649 480 1718 532 ad
1737 481 2045 536 domesticas

465 561 612 630 ﬁdei.
631 561 812 632 (Aug.)
831 562 977 629 Quas
988 580 1108 619 eum
1129 569 1452 622 credendum
1473 577 1575 632 est,
1591 569 1692 623 nisi
1709 571 2045 626 Christianos

468 651 810 742 signiﬁcare:
830 653 1090 709 Omnibus
1111 657 1252 710 enim
1276 674 1338 727 pa
1349 659 1390 711 ri
1411 658 1696 714 dilectione
1713 660 1819 713 vita
1845 670 2044 715 aeterna

467 741 700 808 optanda
723 741 808 796 est
833 758 847 796 :
883 744 977 798 sed
1006 759 1110 798 non
1137 747 1386 802 omnibus
1409 749 1594 801 eadem
1631 759 1856 818 possunt
1887 751 2042 804 exhi-

468 828 586 882 beri
613 830 916 886 dilectionis
944 832 1136 888 oﬁicia.
1158 836 1382 906 (.Llinbr.)
1405 836 1600 892 Verum
1624 849 1728 904 est,
1763 840 1886 908 quia
1915 840 2045 895 faci-

467 918 631 974 liores
657 931 709 975 et
727 925 1104 992 propensiores
1125 927 1176 979 in
1201 927 1342 980 bona
1364 929 1513 982 circa
1531 929 1724 985 fratres
1744 946 1864 994 esse
1887 931 2044 986 debe-

469 1025 620 1065 mus:
641 1013 766 1081 quia
791 1014 1223 1090 invicemsumus
1244 1019 1503 1071 membra.
1525 1018 1790 1091 (Ilierori.)
1808 1021 2045 1090 Tempus

467 1104 749 1170 sementis,
779 1113 837 1158 ut
880 1107 1134 1172 diximus,
1169 1116 1376 1176 tempus
1419 1117 1501 1162 est
1527 1126 1782 1179 praesens,
1836 1120 1888 1166 et
1932 1112 2044 1165 vita

462 1208 626 1263 quam
657 1196 944 1250 currimus.
993 1196 1051 1250 ln
1097 1197 1199 1252 hac
1243 1197 1369 1252 licet
1416 1200 1574 1254 nobis
1625 1201 1766 1270 quod
1796 1201 2042 1256 valumus

465 1285 762 1350 seminare;
797 1301 918 1340 cum
958 1288 1056 1340 ista
1087 1288 1196 1341 vita
1227 1290 1521 1354 transierit,
1548 1292 1804 1360 operandi
1833 1302 2041 1362 tempus

466 1373 761 1429 auferetur.
825 1375 973 1431 Unde
1000 1385 1054 1431 et
1103 1377 1350 1434 Salvator
1395 1380 1469 1432 ait
1507 1397 1520 1432 :
1559 1381 1885 1450 Operamini,
1916 1383 2041 1436 dum

461 1464 573 1518 dies
593 1473 701 1517 est:
725 1465 888 1519 veniet
909 1482 1034 1531 nox,
1056 1469 1266 1537 quando
1283 1469 1401 1537 jam
1425 1468 1600 1522 nullus
1624 1471 1809 1540 poterit
1836 1471 2042 1540 operari

465 1551 647 1624 (Joan.
677 1554 776 1625 rx).
810 1555 974 1612 Ortus
1001 1567 1086 1611 est
1119 1558 1275 1612 nobis
1303 1559 1398 1612 Dei
1429 1575 1638 1626 sermo,
1663 1561 1742 1615 sol
1787 1577 1965 1626 verus,
1989 1572 2043 1616 et

463 1657 800 1716 congregatae
844 1659 969 1702 sunt
994 1649 1181 1704 bestia:
1222 1651 1276 1704 in
1304 1651 1499 1706 cubilia
1527 1669 1622 1706 sua
1650 1671 1661 1705 :
1685 1655 2042 1722 procedamus

2146 482 2412 548 doctrina,
2436 486 2754 540 naturaliter
2791 487 2929 540 dixit
2959 497 3013 542 et
3040 486 3202 553 fecit,
3227 490 3354 558 quid
3384 506 3482 546 nos
3511 503 3733 562 oportet

2145 571 2359 638 facere,
2390 574 2444 628 in
2481 591 2710 643 quorum
2739 577 3246 633 condemnationem
3290 581 3452 636 habet
3498 592 3554 636 et
3581 583 3730 639 Juno

2146 665 2386 720 univiras
2429 675 2484 720 et
2530 669 2692 722 Vesta
2741 669 3013 738 virgines,
3078 679 3134 724 et
3189 672 3294 724 alia
3358 673 3499 727 idola
3550 675 3732 730 conti-

2143 759 2370 811 nentes?
2403 758 2596 813 Beatus
2629 759 2862 814 Joannes
2924 761 3285 832 Evangelista,
3340 780 3462 818 cum
3525 766 3731 834 Ephesi

2144 856 2448 901 moraretur
2501 864 2668 918 usque
2719 851 2786 903 ad
2839 851 3080 904 ultimam
3123 862 3496 916 senectutem,
3528 864 3581 908 et
3631 856 3730 910 vix

2144 939 2284 992 inter
2320 938 2704 1008 discipularum
2753 956 2944 996 manus
2973 944 3040 996 ad
3080 943 3362 996 ecclesiam
3393 944 3728 1009 deferretur,

2143 1043 2243 1080 nec
2277 1037 2460 1096 posset
2503 1029 2554 1081 in
2589 1029 2741 1096 plura
2791 1047 2974 1086 vocem
3018 1033 3181 1086 verba
3226 1044 3553 1099 contexere,
3589 1037 3730 1090 nihil

2143 1114 2283 1168 aliud
2323 1129 2420 1182 per
2465 1116 2702 1182 singulas
2747 1119 2955 1174 solebat
2999 1121 3244 1190 proferre
3290 1123 3572 1188 collectas,
3618 1126 3731 1181 nisi

2141 1205 2277 1259 hoc:
2313 1203 2518 1268 Filiali,
2537 1206 2737 1274 diligite
2763 1207 3094 1262 alterutrum.
3116 1211 3354 1266 Tandem
3384 1213 3637 1283 discipuli
3673 1221 3733 1269 et

2141 1291 2358 1355 fratres,
2382 1293 2475 1363 qui
2503 1295 2745 1359 aderant,
2781 1297 2936 1350 tmdio
2968 1296 3168 1363 affecti,
3198 1302 3343 1370 quod
3365 1301 3555 1356 eadem
3581 1318 3732 1356 scm-

2141 1398 2237 1452 per
2261 1383 2529 1449 audirent,
2555 1386 2807 1444 dixerunt
2831 1404 2844 1440 :
2880 1385 3153 1456 Magister,
3179 1405 3348 1459 quare
3373 1407 3587 1461 semper
3620 1393 3732 1447 hoc

2142 1474 2414 1543 loqueris?
2445 1475 2546 1541 Qui
2571 1476 2848 1544 respondit
2873 1477 3090 1546 dignam
3123 1478 3328 1534 Joanne
3355 1483 3682 1537 sententiam
3710 1497 3726 1536 :

2143 1563 2281 1628 Quia
2307 1575 2619 1636 praeceptum
2653 1566 2861 1620 Domini
2905 1577 2999 1631 est,
3026 1578 3073 1622 et
3101 1571 3146 1623 si
3175 1571 3343 1624 solum
3372 1573 3487 1639 ﬁat,
3513 1575 3727 1642 sufficit.

2143 1655 2258 1710 Hoc
2309 1665 2530 1726 propter
2578 1671 2814 1726 praesens
2863 1659 3103 1726 Apastoli
3136 1661 3446 1714 mandatum
3481 1679 3494 1714 :
3528 1661 3730 1729 Opere-

463 1745 524 1789 ut
554 1737 798 1792 homines
836 1741 904 1794 ad
933 1755 1070 1810 opus
1097 1749 1364 1807 nostrum,
1392 1751 1446 1796 et
1475 1759 1645 1812 usque
1663 1745 1736 1816 ad
1759 1761 2039 1814 vesperam
2073 1729 2120 1789 Β
2147 1764 2265 1801 mur
2301 1747 2490 1801 bonum
2526 1748 2594 1802 ad
2630 1765 2825 1815 omnes,
2856 1750 3081 1804 maxime
3115 1761 3288 1805 autem
3314 1752 3383 1805 ad
3412 1752 3730 1807 domesticos

461 1827 788 1895 laboremus,
817 1831 958 1886 sicut
989 1833 1227 1903 mystice
1275 1835 1486 1889 canitur
1539 1836 1595 1890 in
1644 1837 1850 1905 psalmo
1886 1856 1899 1891 :
1935 1837 2040 1891 Po-

460 1921 612 1974 suisti
641 1921 876 1976 tenebras
906 1933 952 1976 et
990 1923 1132 1993 facta
1161 1934 1236 1978 est
1265 1941 1388 1978 nox.
1417 1924 1482 1979 In
1507 1926 1621 1995 ipsa
1651 1927 2039 1996 pertransibunt

459 2013 635 2066 bestiw
685 2012 853 2079 silvia,
881 2013 1045 2067 catuli
1092 2013 1299 2068 leonum
1346 2017 1624 2085 rugientes,
1667 2027 1723 2070 ut
1755 2018 1962 2086 rapiant
1990 2027 2039 2072 et

459 2112 697 2173 quierant
725 2121 755 2156 α
785 2102 890 2156 Deo
919 2121 1089 2158 escam
1115 2103 1234 2158 sibi.
1269 2103 1429 2158 Ortus
1464 2115 1538 2159 est
1563 2105 1643 2159 sol
1671 2117 1717 2160 et
1742 2109 2039 2177 congregati

459 2201 606 2258 sunt,
627 2203 674 2246 et
697 2194 751 2246 in
770 2194 1024 2248 cubilibus
1046 2196 1154 2250 suis
1181 2196 1523 2249 dormierunt.
1545 2195 1858 2266 Egredietur
1884 2199 2038 2252 homo

461 2285 529 2337 ad
572 2300 704 2354 opus
747 2301 902 2340 suum
946 2296 992 2341 et
1037 2287 1107 2340 ad
1146 2303 1302 2356 opera
1350 2304 1448 2342 sua
1478 2305 1640 2362 usque
1673 2288 1743 2342 ad
1777 2306 2038 2356 vesperam

459 2374 632 2444 (Psal.
665 2378 805 2448 CIII).
835 2377 960 2433 Sive
1005 2388 1346 2450 aegrotamus,
1374 2381 1490 2436 sive
1539 2382 1656 2436 sani
1702 2397 1911 2446 sumus,
1943 2383 2040 2436 hu-

461 2468 636 2534 miles,
686 2471 769 2525 vel
833 2479 1100 2542 patentes,
1157 2489 1451 2546 pauperes,
1505 2475 1718 2542 divites,
1754 2475 2035 2544 ignobiles,

460 2561 749 2628 honorati,
803 2566 1106 2619 esurientes
1151 2573 1312 2635 atque
1375 2574 1691 2632 vescentes,
1749 2568 1928 2622 omnia
1983 2567 2038 2620 in

459 2654 681 2710 nomine
728 2655 938 2710 Domini
965 2672 1087 2712 cum
1118 2657 1377 2727 patientia
1409 2667 1464 2713 et
1508 2659 1911 2728 azquauimitate
1961 2657 2052 2712 fa-'

459 2745 688 2811 ciamus,
716 2757 770 2802 et
795 2749 1105 2819 implebitur
1135 2750 1187 2803 in
1219 2749 1374 2804 nobis
1424 2749 1572 2816 illud,
1601 2751 1744 2820 quod
1774 2751 2037 2820 scriptum

459 2848 544 2896 est
568 2858 580 2892 :
607 2839 952 2910 Diligentibus
978 2850 1158 2896 autem
1191 2841 1474 2896 Dominum
1494 2843 1668 2896 omnia
1691 2851 2040 2910 cooperantur

456 2931 514 2985 in
535 2930 745 2984 bonum.
768 2930 850 2986 Ira
873 2931 988 3000 ipsa
1013 2940 1068 2986 et
1093 2923 1283 2996 libido,
1307 2942 1361 2986 et
1384 2932 1595 3001 injuria.
1623 2946 1742 3001 quae
1767 2930 2041 2985 desiderat

461 3019 743 3082 ultionem,
777 3021 822 3074 si
881 3037 968 3076 me
1013 3020 1279 3076 refrenem
1320 3040 1332 3074 :
1380 3022 1423 3075 si
1472 3030 1691 3092 prapter
1736 3021 1904 3075 Deun
1961 3029 2040 3074 ta-

460 3126 634 3191 ceamd
663 3112 707 3166 si
737 3127 834 3180 per
860 3113 1100 3182 singulas
1128 3113 1506 3168 commotionis
1531 3114 1746 3168 aculeos
1770 3121 1825 3168 et
1854 3113 2038 3168 incen-

460 3201 570 3257 tiva
625 3202 899 3268 vitiorum,
931 3203 1023 3256 Dei
1073 3202 1304 3271 desuper
1343 3217 1428 3255 me
1476 3203 1712 3257 videntis
1761 3201 2036 3266 recorder,

462 3295 597 3348 ﬁunt
660 3294 792 3348 mihi
840 3294 1055 3348 occasio
1111 3294 1530 3362 triumphorum.
1571 3293 1648 3347 Ne
1693 3294 1935 3348 dicamus
1985 3293 2039 3346 in

462 3386 741 3457 largiendo
760 3404 772 3440 :
789 3385 881 3442 ille
907 3398 989 3441 est
1008 3387 1236 3452 amicus,
1253 3388 1397 3441 hunc
1418 3387 1598 3441 nescio
1619 3406 1629 3440 :
1651 3387 1739 3441 hic
1760 3387 1918 3441 debet
1943 3401 2036 3440 ac-

461 3477 796 3548 cipere,iste
827 3481 1121 3534 contemni.
1161 3479 1440 3534 imitemur
1492 3479 1708 3535 Patrem
1767 3489 2036 3546 nostrum,

458 3570 550 3640 qui
587 3570 749 3625 solem
793 3567 950 3626 suum
990 3572 1119 3625 oriri
1150 3572 1278 3640 facit
1317 3589 1471 3640 super
1506 3571 1663 3625 bonos
1697 3582 1744 3624 et
1775 3571 1962 3634 malos,
1990 3580 2039 3625 et

460 3657 594 3728 pluit
616 3677 772 3730 super
785 3661 960 3730 justas
990 3671 1037 3716 et
1059 3661 1284 3731 injustas
1307 3660 1498 3732 (Math.
1518 3661 1594 3729 v).
1613 3661 1754 3716 Fons
1782 3661 2040 3716 bonitatis

462 3751 713 3806 omnibus
744 3760 892 3820 patet
921 3771 933 3806 :
966 3768 1155 3808 servus
1177 3763 1232 3808 et
1260 3754 1411 3818 liber,
1438 3753 1676 3823 plebeius
1708 3761 1763 3807 et
1800 3767 1916 3818 rex,
1960 3752 2041 3807 di—

461 3854 557 3894 ves
584 3849 639 3894 et
664 3856 888 3910 pauper,
930 3858 997 3897 ex
1031 3857 1096 3897 eo
1134 3842 1384 3898 similiter
1409 3841 1616 3896 bibunt.
1644 3841 1886 3896 Lucerna
1917 3856 2041 3896 cum

460 3945 687 3987 accensa
740 3932 901 3988 fuerit
944 3934 998 3988 in
1030 3934 1210 3998 domo,
1238 3935 1488 3990 omnibus
1520 3935 1662 3990 lucet
1699 3933 1981 4003 aequaliter
2022 3949 2036 3986 :

458 4021 601 4091 quod
645 4021 690 4076 si
730 4022 783 4076 in
829 4031 1052 4077 cunctas
1098 4023 1466 4078 indifferenter
1509 4023 1850 4078 liberalitatis
1885 4019 2040 4074 frena

459 4111 744 4177 laxantur,
778 4119 981 4180 quanto
1029 4112 1201 4182 magis
1251 4113 1305 4167 in
1335 4114 1664 4168 domesticos
1706 4113 1854 4177 ﬁdei,
1894 4110 2038 4166 etin

458 4199 816 4267 Christianas,
859 4202 950 4271 qui
1000 4205 1248 4256 eumdem
1296 4203 1495 4258 habent
1539 4212 1770 4273 patrem,
1801 4201 2040 4271 ejusdem

464 4297 710 4367 magistri
747 4296 1100 4366 appellatione
1130 4297 1455 4351 censentur?
1482 4296 1708 4352 Videtur
1736 4298 1866 4352 mihi
1893 4297 2040 4352 locus

463 4389 567 4443 iste
611 4404 771 4458 posse
818 4395 872 4443 et
901 4389 1266 4458 superioribus
1308 4390 1604 4454 cohaerere,
1630 4397 1692 4443 ut
1716 4389 2039 4444 domesticas

459 4478 584 4534 ﬁdei
630 4481 918 4550 magistras
946 4480 1206 4543 nominet,
1240 4479 1436 4548 quibus
1481 4494 1641 4550 supra
1687 4479 1887 4544 omnia,
1916 4495 2036 4549 quae

457 4581 718 4651 putantur
745 4573 906 4638 bona,
931 4574 999 4627 ab
1048 4573 1385 4627 auditoribus
1442 4572 1554 4627 suis
1593 4571 1831 4640 iusserat
1870 4573 2034 4626 mini-

459 4663 642 4717 strari.
669 4662 839 4718 Breve
870 4673 953 4718 est
980 4662 1103 4716 vitae
1133 4661 1290 4717 istius
1320 4661 1673 4716 curriculum.
1701 4660 1813 4716 Hoc
1860 4662 2036 4730 ipsum

461 4754 604 4823 quod
679 4752 904 4824 loquarf,
971 4754 1114 4823 quod
1173 4752 1350 4819 dicto,
1418 4754 1564 4822 quod
1621 4751 1830 4814 scribo,
1893 4751 2070 4821 quod?

461 4841 720 4908 eruenda,
756 4843 900 4911 quod
945 4843 1160 4912 relego,
1200 4843 1266 4898 de
1311 4851 1550 4911 tempore
1594 4851 1726 4894 meo
1759 4840 1893 4894 mihi
1945 4847 2039 4895 aut

460 4935 686 4999 crescit,
715 4941 808 4989 aut
837 4933 1062 5004 deperit.
1097 4935 1267 4999 Titus,
1297 4927 1440 4988 ﬁlius
1464 4927 1811 5000 Vespasiani,
1851 4933 1941 5002 qui
1982 4932 2038 4986 in

459 5023 716 5078 ultionem
733 5023 997 5079 Dominici
1020 5024 1316 5094 sanguinis,
1335 5021 1608 5078 subversis
1628 5019 2037 5092 Hierosolymis,
2069 5055 2078 5065 -

461 5116 690 5170 Romam
735 5117 908 5172 victor
952 5117 1228 5188 ingressus
1263 5109 1379 5180 est,
1425 5122 1591 5169 tantae
1635 5113 1837 5168 dicitur
1875 5115 2040 5170 fuisse

460 5206 738 5272 bonitatis,
781 5215 840 5261 ut
873 5223 995 5263 cum
1041 5205 1274 5276 quadam
1304 5214 1462 5259 nocte
1489 5219 1614 5259 sero
1642 5205 2036 5270 recordaretur,

462 5299 518 5353 in
546 5312 722 5363 amna,
747 5299 891 5369 quod
915 5299 990 5352 nil
1014 5298 1139 5352 boni
1169 5297 1254 5351 die
1291 5296 1377 5350 illa
1401 5295 1651 5363 fecisset,
1680 5297 1879 5351 dixerit
1905 5297 2041 5350 ami-
2064 5337 2066 5339 ›

463 5390 574 5444 cis:
609 5387 782 5443 Hodie
826 5389 962 5443 diem
1005 5387 1230 5458 perdidi.
1261 5385 1370 5441 Nos
1410 5394 1660 5456 putamus
1705 5402 1811 5441 non
1864 5388 2041 5455 perire

463 5480 621 5536 nobis
669 5479 895 5545 horam,
937 5479 1116 5544 diem,
1165 5469 1469 5542 momenta,
1529 5485 1773 5547 tempus,
1817 5484 2037 5543 aetates,

465 5588 586 5630 cum
627 5575 864 5630 otiosum
901 5572 1127 5628 verbum
1171 5570 1464 5640 loquimur,
1496 5585 1593 5640 pro
1641 5583 1748 5639 qua
1779 5568 2041 5624 reddituri

467 5679 655 5720 sumus
685 5665 951 5720 rationem
983 5662 1037 5716 in
1065 5661 1153 5717 die
1175 5659 1383 5730 iudicii.
1415 5659 1568 5726 Quod
1595 5659 1639 5714 si
1671 5660 1773 5714 hoc
1803 5659 1890 5714 ille
1924 5659 2042 5714 sine

2141 1838 2287 1907 ﬁdei.

2221 1926 2400 1982 Videte
2439 1929 2680 2000 qualibus
2729 1929 2915 1985 litteris
2961 1931 3146 2002 scripsi
3193 1933 3355 1986 vobis
3390 1949 3504 1987 mea
3535 1950 3726 1987 manu.

2143 2016 2346 2088 (Amb.)
2376 2017 2594 2096 Obediri
2625 2019 2740 2073 vult
2767 2020 2965 2075 litteris
2992 2023 3095 2076 his.
3130 2023 3230 2077 Ubi
3261 2024 3402 2078 enim
3426 2023 3728 2095 olographa

2141 2125 2334 2164 manus
2379 2118 2482 2174 est,
2512 2110 2703 2164 falsum
2749 2112 2854 2166 dici
2903 2129 3009 2166 non
3059 2123 3273 2183 potest;
3308 2131 3378 2170 ne
3421 2116 3560 2171 forte
3611 2119 3728 2172 cir-

2141 2200 2409 2254 cumventi
2463 2208 2786 2255 excusarent
2814 2202 2880 2256 de
2931 2202 3199 2272 Epistola,
3232 2206 3384 2273 quasi
3445 2214 3537 2259 aut
3585 2205 3731 2261 falsa

2140 2298 2314 2354 esset,
2360 2299 2452 2344 aut
2496 2306 2604 2344 non
2648 2298 2791 2344 esset
2830 2290 3103 2360 Apastali,
3145 2294 3390 2349 nolentes
3429 2310 3488 2349 se
3532 2311 3731 2364 repre-

2139 2380 2321 2434 hendi.
2347 2379 2614 2450 (Hieron)
2643 2380 2707 2434 Hi
2733 2383 2825 2450 qui
2853 2383 3166 2438 circumcidi
3193 2384 3412 2439 Galatas
3441 2385 3724 2450 volebant,

2139 2470 2625 2525 disseminaverant
2685 2472 2789 2526 alia
2837 2472 3058 2527 Paulum
3109 2474 3322 2540 facere,
3374 2477 3478 2531 alia
3527 2479 3731 2547 praedi-

2140 2577 2288 2628 care,
2314 2569 2369 2617 et
2407 2578 2562 2617 suum
2593 2577 2754 2632 opere
2793 2555 3069 2620 destruere
3103 2581 3428 2632 sermonem,
3457 2569 3599 2638 quod
3627 2571 3730 2638 qui

2139 2653 2310 2724 legem
2353 2663 2621 2708 assereret
2649 2653 2926 2720 abolitam,
2977 2655 3088 2724 ipse
3139 2657 3468 2712 inveniretur
3497 2659 3548 2711 in
3583 2658 3725 2728 lege.

2140 2741 2290 2796 Hanc
2314 2743 2642 2813 opinionem,
2667 2744 2792 2812 quia
2819 2760 2925 2798 non
2966 2755 3179 2814 poterat
3208 2747 3404 2802 Paulus
3439 2749 3581 2818 apud
3604 2763 3728 2802 am-

2141 2850 2237 2890 nes
2271 2851 2509 2905 praesens
2546 2839 2880 2902 subvertere,
2928 2840 3311 2907 prohibebatur
3352 2842 3550 2911 quippe
3598 2842 3726 2895 vin-

2139 2929 2306 2992 culis,
2343 2944 2463 2998 quae
2525 2929 2596 2982 ob
2635 2928 2835 2984 Christi
2899 2933 3214 3002 martyrium
3262 2934 3584 2998 sustinebat,
3635 2949 3728 2988 se-

2142 3020 2314 3090 ipsum
2347 3035 2442 3088 per
2467 3021 2673 3076 litteras
2705 3032 3077 3090 repraesentat.
3106 3023 3172 3076 Et
3205 3039 3274 3079 ne
3309 3024 3484 3094 aliqua
3516 3039 3725 3094 suppa-

2141 3113 2260 3167 sita:
2303 3113 2558 3182 Epistula:
2589 3113 2822 3181 suspicio
2852 3125 3196 3179 nasceretur,
3244 3115 3311 3170 ab
3343 3115 3444 3170 hac
3480 3115 3599 3170 loco
3630 3131 3726 3170 us-

2138 3219 2242 3273 que
2270 3205 2338 3258 ad
2376 3204 2536 3258 ﬁnem
2586 3219 2744 3258 manu
2776 3219 2873 3258 sua
2904 3204 3018 3273 ipse
3045 3207 3392 3276 perscripsit,
3427 3207 3728 3262 ostendens

2140 3296 2416 3364 superiora
2465 3297 2532 3350 ab
2564 3296 2670 3350 alio
2699 3305 2942 3350 exarata.
2975 3295 3126 3364 Quod
3152 3306 3329 3352 autem
3371 3299 3473 3352 sub
3502 3297 3726 3353 nomine

2141 3386 2257 3454 ejus
2303 3403 2333 3440 a
2385 3387 2535 3442 falsis
2589 3387 2902 3443 doctoribus
2951 3388 3202 3458 Epistola:
3240 3389 3602 3450 mitterentur,
3643 3389 3718 3443 ad

2142 3479 2650 3537 Thessalanicenses
2675 3496 2890 3550 quoque
2921 3481 3252 3536 demonstrat
3290 3480 3574 3535 scribens:
3609 3479 3722 3532 Ro-

2140 3587 2324 3640 gamus
2375 3580 2547 3623 autem
2605 3587 2714 3635 vos,
2767 3570 2978 3639 fratres,
3027 3586 3120 3639 per
3176 3569 3450 3623 aduentum
3509 3567 3727 3620 Domini

2141 3661 2304 3712 nostri
2331 3660 2460 3713 Jesu
2483 3659 2678 3713 Christi
2717 3669 2765 3713 et
2813 3659 3002 3713 nostra:
3057 3659 3464 3728 congregationis
3514 3658 3568 3710 in
3591 3656 3731 3727 idip-

2141 3766 2277 3815 sum,
2301 3760 2356 3803 ut
2381 3766 2485 3803 non
2511 3751 2612 3804 cito
2632 3749 2941 3804 moveamini
2962 3767 2993 3802 a
3016 3743 3182 3803 vestro
3206 3766 3378 3811 sensu,
3409 3764 3501 3801 nec
3522 3757 3727 3800 terrea-

2140 3837 2290 3902 mini,
2319 3855 2480 3909 neque
2498 3855 2590 3908 per
2609 3838 2880 3907 spiritum,
2908 3856 3069 3908 neque
3109 3855 3203 3908 per
3226 3852 3533 3896 sermonem,
3558 3852 3728 3904 neque

2140 3943 2234 3998 per
2265 3927 2816 3998 epistolam'tanquam
2857 3945 2949 3998 per
2975 3945 3068 3982 nos
3097 3930 3333 3992 missam,
3368 3925 3518 3996 quasi
3565 3925 3725 3979 instet

2142 4023 2252 4077 dies
2278 4023 2510 4086 Domini,
2544 4040 2606 4076 ne
2628 4024 2743 4093 quis
2765 4040 2849 4076 vos
2872 4023 3084 4078 διάπλεαι
3113 4023 3218 4076 ulla
3244 4022 3396 4074 modo
3421 4019 3504 4091 (11
3538 4019 3722 4073 Thess.

2143 4115 2224 4186 ιι).
2263 4115 2330 4169 Et
2359 4125 2417 4168 ut
2462 4123 2628 4168 totam
2677 4113 2971 4182 Epistolam
3019 4100 3179 4183 quam
3226 4111 3492 4173 mittebat,
3543 4111 3724 4178 suspi-

2143 4209 2296 4264 cione
2316 4215 2531 4263 erueret
2557 4206 2825 4270 falsitatis,
2854 4221 3011 4260 manu
3035 4221 3131 4258 sua
3156 4205 3209 4258 in
3246 4204 3348 4256 line
3371 4201 3719 4268 subscripsit,

2143 4301 2326 4356 dicens
2357 4317 2369 4352 :
2404 4297 2667 4353 Salutatio
2697 4314 2810 4351 mea
2841 4313 3000 4350 manu
3025 4293 3206 4359 Pauli,
3246 4293 3382 4364 quod
3407 4302 3480 4346 est
3510 4292 3719 4360 signum

2143 4391 2196 4446 in
2223 4390 2364 4444 omni
2408 4388 2667 4458 Epirtola,
2701 4389 2775 4441 ita
2812 4387 2979 4440 scribo
3017 4401 3035 4439 :
3065 4381 3250 4438 Gratia
3297 4383 3508 4436 Domini
3554 4383 3722 4434 nostri

2143 4482 2270 4536 Jesu
2321 4479 2512 4534 Christi
2562 4497 2680 4533 cum
2736 4479 2972 4532 omnibus
3030 4477 3190 4530 vobis.
3245 4475 3326 4528 Ad
3373 4472 3722 4528 Calossenses

2143 4573 2326 4637 etiam,
2369 4587 2502 4641 quas
2543 4572 2838 4626 dictaverat
2880 4569 3108 4632 litteras,
3141 4583 3300 4621 manu
3331 4581 3427 4621 sua
3469 4564 3723 4620 similiter

2144 4664 2452 4718 subnotavit
2490 4681 2505 4716 :
2557 4661 2821 4717 Salutatio
2859 4678 2974 4715 mea
3024 4677 3183 4714 manu
3213 4657 3372 4712 Pauli
3402 4673 3420 4709 :
3471 4673 3723 4711 memores

2146 4765 2303 4810 estote
2338 4754 2663 4810 vinculorum
2693 4769 2924 4808 meorum
2974 4751 3198 4838 gColoss.
3238 4751 3334 4819 iv).
3388 4749 3453 4802 Et
3497 4748 3725 4801 ubicun-

2146 4847 2482 4916 qr:e,_,sciebat
2511 4843 2674 4899 falsas
2694 4845 2884 4899 adesse
2919 4845 3185 4902 doctores.
3220 4841 3313 4910 qui
3359 4847 3581 4910 possent
3625 4853 3724 4908 per

2147 4936 2388 5006 Apastoli
2451 4934 2827 4989 auctoritatem
2889 4948 3028 4987 nova
3085 4933 3334 5001 dogmata
3403 4929 3676 4983 seminare
3703 4968 3718 4992 ,

2149 5027 2446 5098 Epistolam
2500 5041 2665 5081 manu
2715 5023 3356 5096 propriasubscribebat.
3389 5020 3634 5087 Denique
3672 5025 3725 5072 et

2147 5118 2212 5172 ad
2240 5117 2545 5172 Corinthios
2575 5116 2837 5178 scribens,
2867 5115 2921 5168 in
2975 5115 3171 5183 quibus
3223 5119 3380 5167 erant
3425 5110 3722 5164 schismata

2147 5215 2204 5262 et
2237 5207 2493 5270 haereses,
2520 5219 2843 5273 unoquoque
2891 5205 3101 5258 dicente
3129 5221 3140 5256 :
3181 5201 3291 5272 Ego
3319 5217 3433 5254 sum
3466 5196 3648 5261 Pauli,
3677 5205 3723 5249 et

2146 5312 2238 5368 ego
2269 5296 2473 5365 Apollo,
2504 5312 2595 5366 ego
2625 5304 2799 5348 autem
2825 5292 3032 5364 Cephce,
3065 5292 3357 5363 Epistolam
3421 5303 3574 5343 suam
3636 5285 3721 5340 tali

2144 5389 2494 5443 annotatione
2548 5387 2822 5455 signavit:
2869 5384 3133 5442 Salutatio
3173 5400 3286 5437 mea
3339 5396 3498 5435 manu
3549 5376 3721 5431 Pauli.

2145 5477 2204 5534 Si
2227 5479 2342 5549 quis
2366 5494 2468 5531 non
2494 5487 2640 5530 amat
2665 5477 2945 5530 Dominum
2968 5474 3004 5528 Ι
3009 5492 3156 5528 esum
3186 5472 3476 5533 Christum,
3503 5469 3568 5522 sit
3591 5483 3720 5520 ana-

2144 5569 2338 5632 thema,
2395 5567 2722 5629 maranatha,
2762 5573 2865 5621 etc.
2901 5563 2955 5636 (1
2993 5564 3114 5619 Cor.
3159 5563 3293 5633 xvr).
3347 5561 3578 5630 Propter
3623 5556 3722 5610 hoc

2146 5659 2307 5729 igitur
2337 5657 2521 5713 volens
2546 5672 2762 5713 omnem
2800 5657 3139 5713 occasionem
3176 5654 3326 5709 falsis
3370 5649 3585 5705 auferre
3633 5645 3722 5700 da-
