4022 6338
225 359 339 418 3Ἱ7

694 352 1250 413 ENARRATIONUM
1284 355 1354 411 1N
1389 354 1539 411 EPP.
1577 353 1783 411 PAULI
1821 353 1952 411 LIB.
1994 354 2138 414 XVI.
2174 385 2248 399 —
2280 356 2351 412 IN
2386 355 2604 414 EPIST.
2644 356 2738 413 AD
2772 356 3029 415 GALAT.

3409 356 3514 417 378

223 470 498 535 ctorlbus,
525 468 619 539 qui
649 474 707 524 et
736 466 959 524 Galatas
984 482 1018 522 a
1063 466 1294 523 veritate
1321 465 1596 538 Evangelii
1624 465 1819 536 depra-
1844 468 1893 529 A
1923 467 2004 524 sic
2042 467 2374 540 intelligant,
2421 468 2548 538 quia
2590 448 2915 525 ludebantur
2954 469 3102 524 velut
3128 468 3277 525 stulti
3314 479 3370 526 et
3410 470 3512 528 hc-

221 570 455 627 varant,
485 559 648 615 linem
678 558 920 630 epistola:
945 572 1139 614 manus
1160 572 1270 613 sure
1297 557 1647 612 annotatione
1672 571 1822 611 com-

218 652 401 725 plevit
450 650 676 707 dicens:
723 649 901 705 Videte
927 649 1171 722 qualibus
1199 649 1384 704 litteris
1419 649 1605 718 scripsi
1653 649 1819 716 vobis,

221 760 335 800 non
364 760 477 816 quo
503 741 952 810 gran.les1itter:e
978 741 1198 806 fuerint,
1226 742 1327 797 hoc
1352 741 1548 810 quippe
1565 739 1821 796 inGrzrco

219 846 388 892 sonat
416 837 661 896 πηλίκοις,
694 834 788 889 sed
815 833 960 903 quod
1014 849 1125 889 sum
1154 848 1346 888 manus
1369 839 1552 887 essent
1587 831 1667 887 eis
1693 839 1820 886 nota

219 924 482 995 vestigia,
532 931 623 987 ut,
669 923 794 977 dum
825 921 1125 977 litterarum
1164 922 1344 992 apices
1391 930 1817 993 recognoscant,

219 1014 406 1085 ipsum
435 1028 494 1069 se
518 1022 772 1084 putarent
803 1011 1018 1075 videre,
1046 1012 1136 1082 qui
1166 1011 1474 1082 scripserat.
1510 1010 1820 1081 Quicunque

220 1103 409 1159 uolunt
424 1103 639 1175 placere
661 1103 714 1156 in
740 1119 917 1165 carne,
949 1103 1004 1155 hi
1030 1110 1216 1172 cogunt
1246 1119 1332 1156 eos
1353 1101 1677 1164 circumcidi,
1701 1110 1820 1155 tan-

219 1203 340 1249 tum
378 1204 435 1248 ut
481 1192 654 1248 crucis
693 1190 888 1246 Christi
931 1193 1340 1264 persecutionem
1389 1208 1492 1246 non
1520 1191 1813 1262 patiantur.

217 1282 501 1356 (Hieron)
549 1281 811 1353 Superius
866 1284 1103 1336 ostendit
1151 1296 1216 1336 ex
1246 1296 1354 1352 quo
1385 1281 1503 1335 loco
1540 1296 1637 1335 sua
1683 1280 1819 1335 scri-

214 1374 398 1445 pserit
447 1387 637 1435 manu,
681 1386 824 1425 nunc
864 1371 992 1440 quid
1040 1371 1321 1441 scripserit
1360 1370 1603 1439 t‘epliCat.
1650 1369 1815 1426 Caius

213 1461 408 1519 Caesar
435 1470 492 1518 et
514 1460 843 1517 Octavianus
868 1461 1162 1532 Augustus,
1187 1470 1241 1514 et
1263 1460 1511 1517 Tiberius
1532 1476 1816 1516 successor

213 1553 452 1624 Augusti
477 1551 626 1622 leges
649 1550 1147 1622 promulgaverunt,
1179 1559 1239 1605 ut
1281 1549 1472 1617 Jndzei,
1514 1552 1609 1622 qui
1655 1558 1817 1605 erant

214 1645 273 1701 in
298 1653 418 1700 toto
463 1644 692 1699 Romani
740 1643 953 1712 imperii
1001 1642 1132 1698 orbe
1160 1644 1411 1713 dispersi,
1453 1642 1673 1713 proprio
1706 1643 1812 1697 ritu

212 1735 489 1796 viverent,
516 1741 574 1788 et
601 1732 790 1803 patriis
817 1731 1158 1788 ca:remoniis
1195 1732 1548 1787 deservirem.
1575 1731 1811 1799 Quicun-

1921 559 2092 626 betes,
2129 561 2197 615 de
2235 575 2464 631 quorum
2512 557 2786 615 doloribus
2827 559 3210 633 gloriarentur.
3249 558 3381 614 Mihi
3413 575 3515 620 att-

1922 660 2023 704 tem
2048 649 2182 704 absit
2208 649 2460 721 gloriari,
2503 650 2604 704 nisi
2642 651 2698 704 in
2735 667 2889 705 cruce
2922 649 3136 705 Domini
3183 651 3348 704 nostri
3378 649 3511 709 Iesu

1921 740 2137 806 Christi,
2163 758 2258 812 per
2284 757 2437 813 quem
2472 741 2601 795 mihi
2630 743 2859 796 mundus
2889 741 3176 811 cruciﬁxus
3204 750 3301 808 est,
3338 751 3385 797 et
3413 757 3512 814 ego

1920 831 2134 886 mundo.
2162 832 2347 905 (Aug.)
2381 831 2609 888 Mundus
2653 834 2783 888 mihi
2834 833 3128 889 cruciﬁxus
3153 842 3255 899 est,
3300 833 3401 911 ait,
3436 843 3499 891 ut

1920 940 2008 979 me
2033 939 2137 979 non
2165 933 2376 988 teneat;
2404 933 2458 979 et
2474 939 2573 996 ego
2598 926 2816 991 mundo,
2840 933 2900 980 nt
2920 940 3041 981 eum
3068 940 3171 981 non
3202 934 3434 991 teneam,
3452 926 3507 982 id

1918 1022 2028 1079 est,
2058 1022 2117 1068 ut
2139 1029 2314 1083 neque
2344 1014 2574 1069 mundus
2612 1013 2742 1069 mihi
2770 1030 2964 1070 nocere
2986 1014 3179 1086 possit,
3207 1029 3381 1084 neque
3402 1029 3504 1087 ego

1919 1105 1987 1160 de
2007 1105 2205 1160 mundo
2233 1104 2433 1174 aliquid
2459 1119 2671 1173 cupiam
2698 1120 2712 1159 :
2739 1106 2830 1174 qui
2862 1114 3042 1160 autem
3071 1105 3124 1159 in
3158 1119 3320 1160 cruce
3345 1103 3506 1159 Chri-

1918 1195 1987 1251 sti
2010 1194 2288 1266 gloriatur,
2317 1209 2421 1248 non
2454 1195 2570 1249 vult
2598 1193 2812 1263 placere
2842 1195 2895 1249 in
2930 1209 3126 1258 carne,
3174 1194 3300 1263 quia
3329 1207 3509 1264 perse-

1917 1286 2164 1341 cutiones
2206 1284 2507 1341 carnalium
2542 1300 2654 1339 non
2696 1285 2866 1349 timet,
2895 1300 3030 1356 quas
3070 1284 3238 1355 prior,
3274 1292 3335 1339 ut
3385 1298 3508 1339 cru-

1917 1376 2245 1447 cifigeretur,
2278 1375 2365 1429 ille
2402 1375 2677 1440 sustinuit,
2705 1384 2764 1430 nt
2786 1376 3013 1447 vestigia
3043 1391 3139 1430 sua
3168 1373 3508 1431 sectantibus

1915 1469 2182 1540 praeberet
2227 1468 2553 1537 exemplum.
2609 1467 2808 1540 (Antb.)
2863 1467 3142 1536 Quomodo
3174 1472 3509 1539 pseutloapo-

1915 1559 2040 1615 stoli
2086 1559 2462 1614 tribulationes
2518 1573 2617 1629 pro
2677 1559 2895 1615 nomine
2919 1557 3121 1614 Christi
3174 1558 3331 1629 quasi
3367 1556 3506 1615 nihil

1914 1651 2225 1719 profuturas
2255 1664 2355 1720 per
2382 1649 2690 1721 hypocrisin
2723 1649 3095 1715 redimebant,
3120 1649 3506 1704 erubescentes

1914 1738 1968 1794 in
1998 1740 2115 1806 his;
2157 1740 2233 1795 ita
2264 1748 2318 1795 et
2347 1739 2638 1810 Apostolus
2668 1740 3004 1812 gloriabatur
3054 1739 3121 1795 de
3169 1738 3277 1805 his,
3326 1739 3506 1795 sciens

213 1839 327 1896 que
356 1824 521 1894 igitur
552 1822 906 1879 circumcisus
938 1830 1078 1887 erat,
1127 1820 1256 1878 licet
1303 1822 1358 1876 in
1384 1822 1661 1877 Christum
1691 1838 1811 1877 cre-
1843 1815 1888 1875 B
1915 1845 2166 1902 magnam
2209 1845 2309 1900 pro
2351 1830 2470 1885 istis
2521 1829 2638 1886 fore
2682 1830 3019 1895 mercedem,
3046 1828 3506 1897 quemadmodum

215 1917 397 1982 deret,
427 1914 585 1986 quasi
603 1912 821 1969 Judreus
864 1912 1213 1968 habebatura
1237 1913 1488 1984 gentibus
1515 1930 1527 1966 :
1560 1911 1654 1982 qui
1679 1927 1808 1968 vero

213 2006 425 2077 absque
471 2005 885 2062 circumcisione
926 2019 987 2060 se
1036 2019 1143 2059 non
1195 2019 1318 2060 esse
1362 2002 1607 2059 Judaeum
1660 2018 1804 2073 prte-

211 2097 372 2169 putio
415 2095 773 2167 prmferebat,
823 2095 1292 2164 persccutionibus
1357 2102 1468 2149 tam
1526 2093 1809 2163 gentilium

212 2204 386 2259 quam
428 2186 738 2244 Judteorum
777 2184 940 2249 fiebat
968 2185 1254 2241 obnoxius.
1296 2184 1407 2240 Has
1432 2184 1599 2257 igitur
1624 2197 1809 2254 perse-

210 2279 500 2341 cutiones,
544 2278 636 2343 hi,
686 2276 779 2347 qui
821 2275 1044 2332 Galatas
1095 2276 1486 2346 depravarant,
1534 2274 1808 2330 declinare

212 2375 526 2444 cupientes,
549 2372 1015 2428 circumcisionent
1046 2386 1145 2441 pro
1180 2368 1493 2425 defensione
1532 2368 1809 2440 discipulis

211 2464 644 2535 persuadebant,
695 2477 856 2533 quam
902 2478 1047 2517 nunc
1089 2460 1382 2533 Apostolus
1425 2458 1807 2516 conﬁdentiam

213 2559 277 2614 in
307 2573 480 2614 carne
510 2566 683 2620 vocat,
715 2557 858 2629 quod
885 2558 1112 2623 scilicet,
1167 2565 1275 2611 tam
1336 2555 1646 2628 gentilibus,
1670 2569 1808 2625 quos

214 2650 512 2713 timebant,
555 2666 719 2721 quam
770 2649 999 2717 Jud:eis,
1024 2650 1220 2721 quibus
1264 2648 1515 2703 volebant
1555 2648 1803 2718 placere,

214 2741 693 2798 circumcisionem
721 2741 775 2798 in
802 2743 1178 2813 persecutione
1222 2747 1617 2812 prteponerent.
1670 2737 1807 2793 Nam

216 2851 323 2890 nec
350 2834 523 2890 Judaei
554 2836 801 2906 persequi
847 2851 943 2892 eos
968 2843 1251 2906 poterant,
1280 2847 1381 2888 nec
1406 2832 1649 2902 gentiles,
1672 2847 1808 2901 qnos

214 2924 482 2980 videbant
526 2932 582 2979 et
624 2925 927 2997 proselytos
974 2922 1389 2987 circumcidere,
1412 2930 1465 2976 et
1492 2922 1639 2991 ipsos
1674 2921 1808 2989 legis

215 3026 493 3087 praecepta
524 3030 763 3070 servare.
799 3010 996 3086 (Amb.)
1029 3014 1084 3069 ln
1117 3029 1282 3069 carne
1316 3012 1552 3085 placere,
1578 3013 1811 3069 homini-

213 3111 324 3165 bus
360 3107 569 3179 placere
604 3106 889 3180 signiﬁcat.
932 3105 1004 3163 Ut
1031 3106 1173 3162 enim
1203 3104 1403 3162 ludatis
1432 3105 1681 3177 propitiis
1706 3114 1800 3160 aut

214 3217 329 3257 non
360 3176 599 3257 infensis
635 3176 908 3268 viverent,
936 3217 1072 3272 quos
1125 3202 1605 3274 pseudoapostolos
1652 3201 1803 3266 dicit,
1835 3176 1880 3239 Ο
1912 3192 2146 3246 mundus
2221 3190 2345 3256 ille.
2403 3190 2469 3245 de
2534 3204 2643 3260 quo
2703 3188 2953 3245 Salvator
3019 3188 3098 3243 ait

214 3294 299 3349 sic
347 3292 626 3349 Christum
662 3294 1058 3364 praedicabant,
1094 3303 1234 3350 utet
1274 3295 1444 3366 legem
1487 3294 1805 3350 servandam

214 3385 525 3440 docerent:
573 3386 716 3455 quod
767 3385 1057 3454 Apostolus
1112 3400 1387 3455 nunquam
1435 3385 1659 3449 metuit,
1711 3385 1807 3440 sed

214 3483 554 3532 constanter.
584 3475 727 3544 quod
771 3491 958 3531 verum
999 3484 1102 3543 est,
1140 3491 1247 3532 non
1294 3477 1481 3541 tacuit,
1514 3485 1569 3531 et
1598 3475 1721 3540 sibi,
1751 3483 1809 3530 et

214 3565 307 3621 his
362 3565 656 3636 providens
689 3581 826 3636 quos
854 3568 1100 3622 docebat.
1133 3566 1409 3636 Denique:
1448 3565 1580 3636 Ego,
1608 3565 1803 3636 inquit,

212 3670 323 3708 non
353 3653 527 3708 solum
548 3653 724 3723 ligari,
754 3655 844 3709 sed
872 3664 919 3708 et
942 3655 1075 3709 mori
1103 3655 1157 3708 in
1188 3654 1552 3724 Hierosolyma
1587 3663 1807 3725 paratus

206 3761 370 3808 sum,
391 3761 485 3814 pro
525 3747 732 3802 nomine
768 3747 979 3802 Domini
1010 3747 1139 3803 Jesu
1161 3747 1357 3802 Christi
1395 3746 1534 3819 (Act.
1574 3749 1711 3817 ut).
1734 3776 1807 3787 -—

209 3832 491 3905 (Hierom)
533 3836 714 3909 Neque
740 3840 877 3893 enim
906 3838 997 3909 qui
1023 3839 1475 3897 circumciduntur
1520 3838 1681 3907 legent
1713 3854 1805 3891 cu-

208 3927 479 3993 stodiunt,
503 3927 592 3982 sed
621 3927 798 3984 volunt
830 3946 914 3985 vos
942 3930 1267 3995 circumcidi,
1292 3939 1349 3983 ut
1374 3930 1428 3983 in
1459 3944 1615 3983 carne
1639 3937 1806 3982 vestra

209 4016 529 4088 glorientur.
574 4018 800 4090 Propter
826 4020 1220 4086 infirmitatem,
1246 4020 1441 4089 inquit,
1482 4018 1684 4082 carnis,
1718 4017 1805 4073 lex

210 4106 429 4177 impleri
460 4123 567 4163 non
597 4117 791 4187 potest.
840 4109 993 4166 Unde
1030 4118 1085 4165 et
1112 4108 1281 4165 Judaei
1331 4116 1601 4179 pnecepta
1632 4108 1806 4179 magis

212 4197 501 4253 hominum
549 4209 606 4254 et
637 4201 946 4269 doctrinas,
988 4217 1154 4271 quam
1194 4201 1287 4257 Dei
1329 4202 1581 4257 mandata
1619 4210 1806 4257 custo-

211 4289 391 4357 diunt,
416 4306 595 4363 neque
616 4294 949 4364 corporalem
974 4293 1236 4351 facientes
1256 4295 1449 4364 legem,
1475 4294 1805 4364 impossibile

212 4382 417 4452 quippe
446 4392 533 4437 est
557 4400 570 4435 :
597 4398 771 4453 neque
792 4385 1112 4455 spiritalem,
1145 4401 1306 4456 quam
1334 4401 1440 4441 non
1474 4386 1800 4457 intelligunt.

1911 1928 1968 1974 et
1990 1919 2285 1989 coapostoli
2314 1917 2450 1988 ejus,
2476 1918 2618 1974 sicut
2637 1919 2899 1988 scriptum
2923 1926 3007 1973 est
3033 1917 3087 1971 in
3117 1916 3344 1972 Actibus
3374 1931 3508 1986 apo-

1910 2008 2171 2065 stolorum
2201 2026 2214 2062 :
2249 2009 2429 2074 Tunc,
2468 2010 2675 2081 inquit,
2706 2010 2831 2065 czesi
2877 2011 3115 2064 exierunt
3160 2006 3391 2077 apostoli
3436 2006 3503 2062 de

1911 2098 2153 2164 concilio,
2184 2098 2469 2169 gaudentes
2493 2100 2618 2169 quia
2648 2099 2794 2171 digni
2826 2099 2988 2153 habiti
3021 2110 3141 2153 sunt
3160 2114 3255 2168 pro
3292 2097 3500 2152 nomine

1911 2189 2106 2245 Christi
2131 2189 2498 2245 contumeliam
2516 2189 2787 2261 puti(Act.
2825 2189 2900 2262 v).
2943 2187 3108 2258 Cujus
3149 2204 3278 2259 ergo
3323 2186 3503 2243 omnis

1910 2296 2035 2353 spes
2065 2281 2118 2335 in
2141 2280 2358 2337 Christo
2383 2288 2488 2346 est,
2523 2281 2609 2335 hic
2636 2281 2900 2353 gloriatur
2926 2281 2982 2335 in
3007 2294 3170 2335 cruce
3195 2280 3335 2351 ejus,
3369 2278 3500 2335 huic

1909 2383 1965 2427 et
2014 2372 2247 2427 mundus
2302 2371 2594 2427 crucilixns
2637 2380 2757 2437 est,
2805 2380 2987 2426 certus
3035 2384 3277 2424 amorem
3324 2366 3504 2423 crucis

1909 2461 2111 2519 Christi
2149 2463 2317 2517 vitam
2381 2477 2547 2518 esse:
2592 2464 2776 2518 mundi
2832 2478 2962 2518 vero
3013 2477 3251 2518 amorem
3306 2475 3500 2531 parere

1908 2563 2160 2610 mortem.
2221 2553 2513 2626 (Hierom)
2569 2553 2729 2611 Solus
2776 2563 2954 2626 potest
3013 2554 3069 2609 in
3132 2567 3296 2608 cruce
3345 2551 3503 2609 Chri-

1909 2647 1979 2702 sti
2032 2646 2272 2718 gloriari,
2331 2646 2423 2715 qui
2489 2646 2628 2701 tollit
2673 2662 2793 2702 eam
2851 2654 2908 2702 et
2966 2645 3215 2715 sequitur
3252 2643 3502 2699 Salvato—

1910 2753 2025 2792 rem
2059 2778 2076 2803 ,
2131 2737 2223 2806 qui
2267 2735 2537 2791 cruciﬁxit
2589 2751 2809 2793 carnem
2860 2751 3010 2791 suam
3068 2750 3190 2790 cum
3245 2732 3393 2788 vitiis
3444 2738 3500 2787 et

1910 2826 2383 2897 concupiscentiis,
2427 2827 2520 2896 qui
2571 2836 2818 2881 mortuus
2869 2835 2953 2881 est
3012 2825 3233 2888 mundo,
3273 2833 3330 2879 et
3388 2837 3499 2877 non

1909 2914 2305 2986 contemplatur
2378 2929 2443 2969 ea
2515 2929 2635 2984 qua:
2689 2915 2983 2980 videntur,
3051 2913 3146 2969 sed
3213 2928 3336 2981 qua:
3390 2927 3501 2967 non

1910 3006 2203 3071 videntur;
2246 3004 2438 3060 videns
2494 3004 2752 3059 mundum
2828 3003 3147 3059 cruciﬁxum
3207 3010 3262 3057 et
3326 3013 3503 3057 trans-

1910 3105 2130 3154 euntem
2199 3096 2429 3167 figuram
2501 3096 2640 3167 ejus.
2701 3095 3050 3167 Cruciﬂgitur
3113 3102 3293 3150 autem
3348 3092 3499 3163 justo

3151 3204 3165 3241 :
3230 3186 3345 3259 Ego
3401 3185 3501 3241 rici

1908 3282 2199 3347 mundum;
2229 3291 2322 3337 et:
2357 3280 2538 3335 Nolite
2562 3278 2780 3351 diligere
2813 3278 3091 3343 mundum,
3134 3284 3214 3343 et,
3250 3275 3375 3330 Non
3404 3290 3499 3331 ac-

1908 3375 2112 3445 cepistis
2148 3372 2391 3443 spiritum
2436 3371 2639 3426 mundi.
2670 3370 2974 3427 Crucifixus
3001 3377 3088 3425 est
3131 3368 3365 3424 mundus
3397 3366 3495 3433 illi,

1908 3464 1994 3520 cui
2020 3464 2251 3518 mundus
2279 3472 2522 3517 mortuus
2548 3472 2663 3525 est;
2688 3462 2942 3531 venitque
2963 3460 3013 3515 ei
3037 3459 3223 3517 mundi
3243 3472 3501 3514 consum-

1907 3553 2095 3617 matio,
2129 3562 2186 3606 et
2210 3552 2404 3623 dignus
2433 3550 2659 3607 effectus
2702 3566 2843 3606 novo
2874 3550 3033 3619 ctelo,
3065 3564 3202 3604 nova
3237 3556 3403 3623 terra.
3443 3554 3501 3603 et.

1905 3643 2057 3699 Novo
2078 3642 2446 3705 Testamento,
2472 3641 2620 3698 canit
2648 3641 2920 3697 canticum
2958 3653 3179 3703 novum,
3209 3646 3266 3692 et
3296 3637 3497 3706 accipit

1906 3748 2102 3790 nomen
2131 3749 2329 3788 novum
2360 3733 2621 3803 scriptum
2668 3731 2723 3786 in
2767 3731 2995 3796 calculo,
3022 3730 3167 3800 quod
3202 3743 3362 3784 nemo
3397 3742 3498 3784 no-

1904 3823 2001 3888 vit,
2034 3823 2136 3878 nisi
2162 3823 2256 3892 qui
2282 3821 2558 3891 acceperit
2600 3820 2728 3875 illud
2757 3819 2941 3890 (Apoc.
2980 3819 3066 3887 tt).
3105 3817 3315 3891 [Greg.]
3344 3817 3492 3874 Bene

1904 3929 2034 3986 ergo
2060 3913 2278 3979 Paulus,
2325 3928 2446 3967 cum
2487 3911 2740 3967 saeculum
2774 3908 3017 3981 perfecte
3064 3909 3394 3978 despiceret,
3440 3914 3498 3963 et

1906 4008 2070 4063 talem
2108 4023 2167 4063 se
2207 4006 2406 4061 factum
2454 4006 2685 4069 videret,
2730 4019 2891 4075 quem
2930 4002 3045 4072 jam
3091 4004 3196 4058 hoc
3239 4001 3499 4058 saeculum

1905 4100 2288 4169 concupiscere
2325 4099 2546 4153 omnino
2588 4113 2695 4155 non
2722 4107 2934 4168 posset,
2959 4097 3133 4166 ruptis
3182 4097 3342 4168 hujus
3368 4096 3495 4152 vita

1903 4190 2135 4245 vinculis
2158 4190 2298 4244 liber
2322 4189 2483 4244 dicit:
2511 4187 2643 4243 Mihi
2672 4189 2899 4244 mundus
2915 4188 3200 4258 cruciﬁxus
3228 4196 3306 4243 cst
3331 4197 3378 4242 et
3400 4203 3497 4258 ego

1903 4283 2119 4338 mundo.
2164 4281 2392 4338 Mundus
2437 4282 2634 4353 quippe
2684 4283 2735 4336 ei
2776 4280 3071 4337 crucifixus
3119 4280 3315 4343 fuerat,
3368 4279 3497 4349 quia

1902 4372 2048 4428 hunc
2076 4371 2224 4427 cordi
2251 4386 2351 4426 suo
2370 4370 2481 4441 jam
2512 4379 2781 4425 mortuum
2804 4387 2912 4427 non
2941 4371 3157 4426 amabat
3183 4386 3198 4422 :
3225 4369 3321 4424 sed
3346 4377 3404 4423 et
3435 4382 3497 4423 se
3554 4380 3569 4401 ⁶

213 4470 375 4526 Unde
422 4472 529 4527 hoc
585 4480 688 4539 est,
744 4488 902 4529 omne
949 4475 1093 4546 quod
1137 4487 1222 4531 stu
1248 4482 1375 4540 Ient,
1424 4477 1567 4544 quod
1613 4486 1801 4545 agunt,
1834 4461 2080 4569 D‘illsum
2130 4461 2333 4569 "im-"do
2379 4459 2746 4569 "famam:
2777 4461 2901 4530 (Ιιιίτεὶ
2934 4459 3097 4515 talem
3142 4472 3202 4513 3°
3238 4458 3290 4560 (ξί
3337 4457 3498 4559 fimi"

210 4563 361 4634 quod
385 4564 667 4630 nituntur,
696 4574 755 4621 ut
785 4568 924 4638 apud
953 4567 1167 4624 Iudaeos
1196 4568 1264 4624 de
1288 4574 1482 4635 vestrae
1510 4570 1693 4625 carnis
1718 4569 1803 4625 in-

200 4653 353 4725 juria
401 4655 724 4725 glorientur,
771 4666 825 4712 et
843 4658 1096 4728 jactitent
1136 4673 1237 4714 suo
1273 4666 1463 4728 gentes
1487 4658 1800 4729 magisterio

204 4745 587 4802 circumcisas.
633 4746 750 4803 Hoc
795 4760 971 4805 autem
1016 4758 1186 4806 totum
1226 4749 1449 4814 faciunt,
1489 4758 1547 4805 ut
1598 4748 1800 4807 ludatis

200 4834 483 4906 placeant,
534 4843 590 4891 et
636 4847 953 4910 expugnata:
1005 4838 1138 4911 legis
1182 4840 1384 4896 invidia
1427 4841 1796 4911 conquiescat.

203 4922 413 4995 (Δηώ.)
451 4922 582 4980 Tale
608 4934 691 4981 est
714 4928 833 4993 hoc,
867 4927 1026 4998 quale
1052 4937 1109 4985 et
1146 4928 1276 4984 illud
1301 4930 1505 4985 dictum
1551 4930 1618 4986 ad
1669 4946 1799 5001 apo-

204 5013 413 5068 stolum
456 5012 677 5069 Petrum
708 5033 723 5070 :
759 5015 821 5072 Si
849 5027 930 5084 tu,
972 5035 1092 5073 cum
1130 5019 1202 5074 sis
1253 5017 1512 5081 Indicus,
1540 5019 1802 5091 gentiliter

206 5110 361 5175 uiris,
384 5111 650 5193 quomodo
689 5113 954 5183 compellis
983 5125 1158 5186 gentes
1188 5114 1512 5186 judaizare?
1540 5113 1683 5186 (Gal.
1714 5114 1800 5187 tt.)

204 5201 285 5256 Ita
316 5211 376 5257 et
402 5202 477 5267 bi,
510 5203 778 5285 cumhipsi
820 5203 991 5275 legem
1034 5220 1141 5261 non
1194 5206 1550 5272 custodirent,
1582 5220 1803 5261 conver-

204 5304 395 5348 santes
451 5291 1178 5377 injuste,'circumcisionem
1225 5297 1559 5362 zelabantnr,
1590 5306 1652 5352 ut
1676 5313 1803 5368 pro-

206 5385 334 5443 inde
383 5386 626 5443 vindices
670 5395 725 5464 et
771 5396 1045 5446 amatores
1086 5388 1222 5460 legis
1272 5389 1620 5455 viderentur,
1670 5406 1794 5447 cum

208 5486 421 5535 constet
474 5478 621 5535 hunc
665 5479 837 5561 legem
888 5479 1177 5537 defendere
1225 5486 1281 5535 et
1324 5481 1599 5537 custodire
1624 5522 1638 5549 ,
1703 5482 1797 5552 qui

204 5568 445 5640 jnstitias
472 5569 592 5640 ejus
617 5572 955 5642 exsequitur,
986 5580 1044 5629 et
1070 5571 1387 5627 mandatum
1435 5575 1581 5643 quod
1621 5573 1689 5629 ad
1717 5573 1796 5629 vi-

214 5671 323 5718 tam
366 5665 649 5735 pertinens
690 5664 876 5743 datum
908 5674 1024 5733 est,
1064 5681 1170 5722 non
1205 5665 1588 5737 praetermittit.
1650 5664 1796 5723 Talis

216 5766 347 5824 ergo
386 5752 698 5812 Galatarum
730 5754 1007 5813 excusatio
1048 5763 1184 5813 erat.
1241 5755 1367 5812 litec
1393 5755 1555 5822 dicit,
1597 5764 1655 5812 ut
1712 5757 1795 5814 vel

1905 4553 2035 4607 here
2055 4550 2280 4615 studuit,
2311 4558 2371 4605 ut
2398 4550 2467 4605 ab
2493 4565 2560 4605 eo
2585 4550 2739 4619 quasi
2772 4558 3017 4605 mortuus
3041 4548 3351 4617 concupisci
3382 4563 3493 4605 non

1902 4649 2106 4713 posset.
2138 4639 2195 4696 Si
2224 4640 2368 4696 enim
2415 4640 2467 4694 in
2495 4656 2603 4695 uno
2634 4640 2751 4696 loco
2777 4640 2888 4695 sint
2924 4646 3169 4695 mortuus
3191 4646 3247 4692 et
3277 4639 3487 4703 vivens,

1901 4733 2005 4789 etsi
2050 4740 2295 4787 mortuus
2336 4731 2519 4786 vivum
2575 4746 2682 4786 non
2723 4729 2888 4795 videt,
2935 4729 3089 4784 vivus
3119 4738 3299 4784 tamen
3340 4741 3486 4783 mor-

1902 4839 2054 4905 tuum
2077 4831 2254 4886 videt:
2284 4831 2329 4886 si
2354 4845 2482 4886 vero
2531 4831 2748 4900 utrique
2786 4828 2985 4883 mortui
3015 4836 3159 4891 sunt,
3188 4827 3330 4883 alter
3358 4826 3495 4884 alte-

1902 4941 2022 4981 rum
2057 4939 2399 4996 nequaquam
2455 4923 2621 4979 videt.
2667 4922 2745 4977 Ita
2775 4921 2869 4991 qui
2911 4921 3024 4992 jam
3073 4920 3334 4976 mundum
3386 4934 3495 4976 non

1905 5023 2074 5081 amat,
2106 5016 2201 5070 sed
2249 5024 2428 5069 tamen
2468 5013 2535 5068 ab
2581 5011 2672 5067 illo
2696 5011 2783 5066 vel
2825 5025 2932 5066 non
2957 5009 3146 5065 volens
3171 5018 3409 5073 amatur,
3439 5016 3497 5065 et

1904 5105 1951 5162 si
1979 5106 2094 5177 ipse
2126 5104 2275 5177 velut
2302 5112 2547 5159 mortuus
2574 5101 2835 5158 mundum
2866 5115 2973 5156 non
2998 5100 3181 5163 videt,
3227 5099 3372 5155 hunc
3408 5108 3493 5154 ta-

1904 5176 2029 5251 men
2078 5176 2309 5251 mundus
2357 5194 2536 5250 adhuc
2578 5208 2684 5249 non
2740 5201 2988 5248 mortuus
3043 5191 3233 5246 videt:
3269 5189 3316 5247 si
3365 5204 3495 5247 vero

1904 5299 2006 5340 nec
2045 5285 2159 5356 ipse
2200 5285 2253 5339 in
2282 5298 2468 5339 amore
2511 5283 2769 5337 mundum
2796 5282 3017 5345 retinet,
3062 5296 3164 5336 nec
3207 5295 3424 5337 rursum
3459 5296 3493 5334 a

1905 5374 2092 5430 mundi
2120 5388 2306 5429 amore
2337 5373 2623 5438 retinetur,
2652 5373 2890 5429 vicissim
2919 5372 3022 5428 sibi
3049 5371 3264 5441 utrique
3289 5370 3486 5427 exs-tin-

1904 5466 1977 5521 cti
2007 5474 2165 5533 sunt;
2196 5465 2323 5537 quia
2352 5465 2480 5522 dum
2507 5465 2647 5521 alter
2670 5465 2900 5522 alterum
2939 5480 3047 5520 non
3083 5463 3310 5534 appetit,
3339 5463 3492 5534 quasi

1904 5564 2176 5611 mortuum
2224 5566 2472 5612 mortuus
2522 5572 2628 5613 non
2681 5555 2933 5613 attendit.
2990 5553 3128 5622 Quia
3182 5553 3346 5624 igitur
3392 5565 3497 5610 nec

1903 5646 2103 5704 Paulus
2120 5632 2317 5705 mundi
2347 5647 2574 5719 gloriam
2599 5648 2897 5720 quaerebat,
2924 5660 3025 5701 nee
3046 5660 3078 5699 a
3106 5643 3290 5699 mundi
3322 5641 3495 5714 gloria

1904 5735 2018 5806 ipse
2045 5735 2411 5808 quterebatur,
2441 5722 2507 5795 et“
2526 5752 2584 5795 se
2606 5736 2808 5794 mundo
2829 5744 2885 5793 et
2908 5732 3164 5791 mundum
3187 5730 3290 5787 sibi
3317 5729 3496 5788 cruci-
