4022 6338
541 307 650 366 3⁸19

1200 305 1261 362 Β.
1299 305 1553 362 RABANI
1591 306 1810 364 MAURI
1845 305 2166 364 ARCHIEP.
2207 301 2519 360 MOGUNT.
2544 304 2826 362 OPERUM
2864 306 3042 364 PARS
3077 307 3165 364 III.

3695 310 3800 367 380

540 379 708 474 ﬁxum
750 431 869 474 esse
909 416 1190 488 gloriatur.
1232 416 1460 489 (Πὶεν.)
1505 417 1611 472 Sed
1652 418 1930 487 quaeritur,
1980 433 2117 488 quo—
2145 420 2196 480 Α
2222 415 2539 471 humilitatis
2570 416 2943 471 transformati
2981 416 3246 473 fuerimus
3287 417 3343 473 in
3385 433 3585 490 corpus
3620 419 3802 491 gloria

541 511 703 566 modo
731 523 874 564 nunc
897 507 1092 564 Paulus
1121 508 1302 564 dicat:
1334 507 1466 561 Mihi
1508 517 1682 562 autem
1710 509 1844 562 absit
1876 507 2113 579 gloriari,

539 601 640 655 nisi
670 600 726 658 in
752 615 905 653 cruce
933 597 1142 652 Domini
1172 600 1335 653 nostri
1361 597 1490 653 Iesu
1514 598 1729 664 Christi,
1761 614 1884 653 cum
1920 599 1973 653 iu
2013 599 2118 654 alio

539 688 661 744 loco
690 688 758 743 de
798 687 918 742 aliis
944 687 1222 758 glorietur,
1267 697 1327 742 ut
1370 689 1440 743 ibi
1471 689 1586 743 ait:
1615 687 1718 743 Per
1741 698 1964 743 vestram
2007 689 2120 759 glo-

537 779 694 842 riam,
721 794 878 848 quam
897 778 1058 832 habeo
1082 777 1138 832 in
1158 778 1364 833 Christo
1384 779 1512 833 Jesu
1537 777 1588 850 (I
1615 776 1738 836 Cor.
1775 779 1896 849 xv);
1929 787 1985 834 et
2019 780 2120 834 ite-

543 888 665 926 rum
696 870 981 927 :Libenter
1018 872 1286 944 gloriabor
1325 875 1380 928 in
1429 873 1818 942 inﬁrmitatibus
1863 876 2020 940 meis,
2063 885 2120 929 ut

537 961 730 1015 habitet
766 947 828 1018 in
864 979 944 1016 me
970 964 1130 1018 virtus
1158 962 1352 1018 Christi
1378 962 1466 1034 (II
1495 961 1618 1018 Cor.
1657 965 1790 1033 xu);
1813 972 1869 1019 et
1913 965 1966 1019 in
2014 965 2120 1019 alio

537 1050 656 1104 loco
681 1067 694 1103 :
718 1049 924 1104 Bonum
965 1061 1138 1105 autem
1169 1053 1296 1106 mihi
1344 1061 1417 1107 est
1461 1053 1628 1123 magis
1663 1056 1818 1120 mori,
1867 1071 2024 1126 quam
2062 1063 2119 1108 ut

535 1138 758 1208 gloriam
807 1155 974 1204 meam
1011 1141 1128 1210 quis
1173 1149 1380 1195 evacuet
1429 1140 1481 1212 (Ι
1512 1141 1636 1196 Cor.
1669 1141 1772 1213 ιιι),
1821 1152 1876 1198 et
1926 1152 2118 1198 caetera

536 1241 656 1296 qum
683 1228 737 1282 in
771 1228 914 1282 hunc
945 1231 1160 1284 modum
1191 1231 1393 1301 scripta
1417 1239 1562 1286 sunt.
1588 1231 1697 1286 Sed
1726 1233 2001 1288 sciendum
2035 1243 2120 1290 est

535 1317 680 1386 quod
707 1317 885 1374 omnis
931 1319 1020 1373 illa
1069 1319 1318 1391 gloriatio
1350 1322 1416 1376 ad
1453 1335 1668 1378 crucem
1711 1323 1900 1387 relata,
1949 1325 2118 1395 gloria

535 1407 714 1462 crucis
753 1409 858 1474 sit,
909 1417 964 1463 et
993 1409 1253 1480 quidquid
1299 1409 1520 1482 dignum
1566 1411 1621 1465 in
1666 1412 1958 1468 virtutibus
1996 1430 2120 1484 per-

533 1509 796 1570 petratur,
829 1503 932 1558 hoc
969 1503 1085 1557 ﬁeri
1111 1504 1180 1558 ob
1223 1505 1436 1560 Domini
1474 1508 1799 1577 passionem.

607 1590 678 1644 In
697 1591 901 1646 Christo
941 1594 1078 1646 enim
1106 1593 1238 1650 Iesu
1265 1613 1425 1667 neque
1456 1597 1781 1653 circumcisio
1809 1600 2009 1670 aliquid
2033 1619 2120 1655 va—

535 1680 629 1747 let,
670 1697 832 1752 neque
870 1684 1206 1752 praeputium,
1237 1686 1328 1739 sed
1351 1703 1483 1740 nova
1512 1697 1772 1744 creatura.
1804 1689 1873 1744 Et
1899 1693 2120 1761 quicun-

2221 506 2432 562 Domini
2471 507 2642 561 nostri
2677 505 2801 563 Jesu
2825 507 3049 575 Christi,
3075 509 3204 566 illud
3235 510 3555 566 habebimus
3584 527 3799 582 corpus,

2219 595 2364 665 quod
2387 609 2488 650 nec
2518 594 2734 652 Iudaeus
2771 597 2943 666 possit
2967 598 3225 664 incidere,
3255 616 3355 656 nec
3391 617 3514 658 cum
3542 606 3802 675 praeputio

2220 685 2491 740 custodire
2523 685 2750 741 Gentilis
2787 703 2801 740 :
2844 703 2951 742 non
2992 689 3136 758 quod
3180 689 3325 744 aliud
3352 690 3511 760 juxta
3541 695 3800 749 substan-

2219 773 2349 828 tiam
2375 774 2480 839 sit;
2512 777 2770 846 sedquod
2794 775 2949 846 juxta
2974 777 3202 848 gloriam
3223 780 3295 835 sit
3315 780 3611 836 diversum.
3641 783 3803 853 Opor-

2219 873 2288 916 tet
2312 864 2449 917 enim
2476 864 2697 919 mortale
2735 867 2832 920 hoc
2859 867 3076 922 induere
3113 868 3586 935 immortalitatem,
3616 881 3664 925 et
3690 889 3804 926 cor-

2219 953 2483 1021 ruptivum
2522 954 2620 1007 hoc
2652 955 3042 1026 incorruptione
3085 958 3263 1011 vestiri
3291 957 3342 1027 (Ι
3365 955 3490 1012 Cor.
3516 959 3632 1030 xv).
3671 958 3803 1015 lluic

2219 1042 2347 1112 quid
2391 1042 2566 1099 simile
2612 1052 2667 1098 et
2698 1045 2889 1101 beatus
2933 1046 3262 1117 evangelista
3302 1045 3537 1104 Joannes
3566 1050 3805 1104 sentiens

2217 1141 2302 1187 est
2325 1131 2536 1188 locutus
2562 1150 2575 1186 :
2601 1131 2933 1202 Charissimi,
2957 1152 3094 1190 nunc
3121 1136 3220 1205 ﬁlii
3247 1137 3347 1192 Dei
3373 1155 3578 1205 sumus,
3600 1149 3650 1194 et
3689 1158 3804 1195 ncc-

2219 1223 2344 1276 dum
2372 1223 2707 1293 manifestum
2733 1236 2807 1280 est
2845 1227 2970 1298 quid
3005 1227 3174 1297 futuri
3201 1229 3386 1284 simus.
3421 1229 3634 1286 Scimus
3680 1233 3803 1301 quia

2216 1317 2264 1370 si
2290 1315 2681 1385 manifestatum
2705 1316 2886 1385 fuerit,
2915 1317 3112 1372 similes
3141 1318 3190 1371 ei
3215 1321 3431 1385 erimus,
3459 1321 3585 1391 quia
3614 1320 3805 1375 videbi-

2219 1406 2312 1461 bus
2348 1423 2466 1461 eum
2487 1407 2645 1461 sicuti
2672 1408 2780 1478 ipse
2819 1418 2895 1462 est
2923 1407 2976 1480 (I
2995 1408 3158 1464 Joan.
3204 1411 3309 1482 ιιι).
3334 1399 3472 1478 Quia
3512 1426 3643 1483 ergo
3677 1428 3802 1468 nec-

2217 1499 2344 1554 dum
2367 1498 2716 1554 manifestum
2731 1508 2816 1554 est
2837 1499 2965 1556 illud
2985 1515 3183 1571 corpus
3212 1501 3397 1574 gloria:
3425 1501 3554 1558 Iesu
3577 1503 3802 1569 Christi,

2218 1590 2362 1660 quod
2400 1597 2456 1643 et
2484 1590 2710 1661 vestigia
2749 1590 3022 1646 clavorum
3061 1597 3182 1660 post
3226 1593 3685 1648 resurrectionem
3721 1594 3806 1648 ha-

2220 1682 2356 1747 buit,
2387 1689 2444 1736 et
2465 1681 2662 1738 clausis
2682 1681 2866 1751 jauuis
2891 1690 2976 1738 est
3004 1683 3465 1765 ingressumrnos
3492 1684 3586 1753 qui
3609 1685 3730 1754 jam
3757 1686 3807 1739 in

535 1789 632 1843 que
673 1773 806 1826 hanc
835 1771 1068 1842 regulam
1109 1777 1272 1828 secuti
1317 1775 1531 1845 fuerint,
1573 1795 1679 1848 pax
1727 1795 1884 1850 super
1921 1780 2039 1834 illo;
2067 1792 2116 1834 ει
2145 1767 2191 1826 Β
2218 1772 2542 1842 baptismate
2570 1771 2785 1828 Christo
2826 1773 3272 1829 consurreximus
3301 1773 3357 1828 iu
3385 1789 3584 1829 novum
3631 1775 3807 1828 renati

531 1861 930 1925 misericordia,
977 1871 1027 1916 et
1077 1880 1234 1932 super
1278 1864 1448 1920 Israel
1489 1866 1608 1921 Dei.
1657 1867 1866 1942 (Aug.)
1911 1867 2112 1925 Novam

533 1960 842 2006 creaturam
872 1953 1004 2008 dicit
1049 1955 1216 2010 vitam
1255 1971 1448 2011 novam
1478 1973 1575 2028 per
1619 1957 1776 2012 ﬁdem
1804 1958 1931 2015 Jesu
1960 1960 2116 2016 Chri-

534 2042 625 2107 sti,
652 2050 707 2096 et
736 2044 1030 2099 notandum
1058 2045 1284 2101 verbum
1307 2055 1389 2102 est
1423 2065 1435 2100 :
1475 2047 1687 2103 diﬁicile
1715 2049 1858 2104 enim
1883 2050 2114 2106 inveniri

535 2142 842 2188 creaturam
887 2136 1071 2192 vocari
1110 2139 1274 2192 etiam
1322 2153 1434 2204 eos,
1463 2139 1552 2208 qui
1594 2139 1707 2208 jam
1756 2142 2023 2198 credendo
2057 2143 2114 2198 in

534 2224 874 2296 adoptionem
891 2227 1123 2287 ﬁliorum
1143 2239 1426 2286 venerunt.
1447 2231 1672 2304 (Ambr.)
1695 2232 1844 2288 Nova
1865 2244 2115 2291 creatura

535 2322 620 2369 est
631 2318 966 2384 regeneratio
993 2329 1197 2386 nostra,
1216 2322 1332 2376 haec
1346 2329 1429 2375 est
1441 2337 1559 2390 quze
1577 2322 1668 2376 dat
1678 2323 1977 2392 profectum
1992 2341 2116 2396 per-

534 2405 898 2472 manentibus,
931 2423 1091 2478 super
1115 2411 1248 2466 istos
1277 2420 1362 2466 est
1380 2411 1524 2466 enim
1557 2427 1664 2482 pax
1691 2414 1820 2480 Dei;
1849 2416 1941 2484 qui
1967 2417 2114 2474 enim

535 2508 660 2548 cum
692 2494 800 2548 Deo
839 2497 1098 2564 pacificus
1126 2507 1229 2564 est,
1260 2499 1458 2555 nullius
1503 2499 1840 2557 inimicitiam
1880 2505 2112 2560 metuit:

535 2588 685 2636 tutus
729 2581 874 2636 enim
931 2593 1018 2638 est
1062 2588 1398 2656 protectione
1453 2596 1508 2644 et
1557 2589 1926 2647 misericordia
1973 2593 2112 2661 Dei,

535 2686 656 2740 qum
700 2673 969 2740 promissa
1004 2683 1089 2730 est
1133 2684 1188 2731 et
1229 2685 1411 2733 manet
1448 2694 1610 2749 super
1635 2680 1796 2736 Israel
1841 2683 1956 2750 Dei,
2006 2701 2114 2742 non

534 2775 696 2829 super
742 2760 907 2818 Israel
949 2765 1179 2821 hominis
1215 2785 1228 2820 :
1264 2766 1431 2822 ειυᾱωὶ
1481 2769 1624 2823 enim
1675 2786 1780 2825 non
1831 2774 2114 2830 credentes

531 2848 788 2906 Israelita
832 2861 959 2908 sunt
985 2857 1277 2911 secundum
1309 2872 1548 2913 carnem.
1589 2859 1734 2915 Duas
1765 2875 1895 2928 ergo
1932 2871 2114 2932 partes

531 2939 876 3011 signiﬁcavit,
916 2958 1078 3012 super
1099 2959 1234 3013 quas
1271 2957 1453 3002 manet
1491 2963 1596 3018 pax
1634 2958 1690 3004 et
1737 2952 2112 3010 misericordia

530 3028 648 3097 Dei,
685 3028 987 3087 Iudaeorum
1029 3035 1385 3102 credentium,
1435 3046 1490 3091 et
1528 3039 1807 3108 gentilium
1846 3041 2106 3098 ﬁdelium.

531 3121 730 3195 (Hier.)
772 3123 1050 3191 Quomodo
1094 3127 1267 3184 ﬁdelis
1311 3137 1368 3183 et
1413 3128 1659 3190 inﬁdelis,
1692 3147 1815 3186 cum
1854 3149 1994 3189 unus
2039 3137 2109 3192 sit

525 3226 631 3286 per
667 3215 1044 3280 substantiam,
1083 3218 1137 3272 in
1181 3219 1316 3273 duos
1341 3219 1598 3274 dividitur
1627 3222 1779 3292 juxta
1809 3224 2110 3295 intelligen-

529 3302 621 3356 tiae
673 3303 1065 3368 diversitatem,
1122 3304 1381 3375 Apostolo
1439 3308 1650 3363 dicente
1690 3327 1703 3362 :
1741 3309 2108 3380 Exspoliantes

529 3406 618 3445 vos
643 3400 860 3445 veterem
899 3394 1158 3448 hominem
1181 3411 1298 3450 cum
1328 3397 1565 3466 operibus
1593 3398 1728 3467 ejus,
1765 3410 1812 3453 et
1837 3401 2108 3459 induentes

529 3495 738 3544 novum,
768 3483 857 3551 qui
889 3493 1166 3537 renovatur
1192 3485 1246 3538 in
1281 3486 1596 3556 agnitionem
1629 3490 1790 3558 juxta
1829 3493 2107 3563 imaginem

529 3567 794 3625 Creatoris
834 3570 968 3642 (Col.
1007 3573 1130 3642 tu);
1170 3573 1248 3629 sic
1277 3583 1333 3630 et
1379 3577 1610 3632 mundus
1652 3595 1774 3634 cum
1813 3584 2106 3638 secundum

528 3661 885 3715 substantiam
915 3678 1052 3718 unus
1073 3664 1162 3730 sit,
1193 3667 1486 3722 secundum
1515 3683 1728 3724 sensum
1766 3671 1904 3728 alius
1944 3684 2107 3745 atque

529 3749 667 3804 alius
711 3748 958 3806 ellicitur.
1008 3753 1285 3810 Peccatori
1327 3766 1505 3812 autem
1539 3763 1771 3817 mundus
1819 3773 1974 3821 vetus
1999 3775 2104 3832 est,

529 3848 715 3894 sancto
738 3855 929 3897 novus.
964 3841 1098 3898 Cum
1127 3845 1269 3899 enim
1313 3857 1501 3903 sancto
1532 3851 1762 3908 mundus
1788 3852 1951 3909 fuerit
1982 3871 2106 3912 cru-

525 3929 739 3996 ciﬁxus,
768 3947 1108 4002 nequaquam
1143 3943 1226 3990 est
1245 3936 1295 3991 ei
1317 3938 1659 3996 circumcisio
1688 3949 1741 3997 et
1760 3947 2102 4015 praeputium,

526 4035 633 4075 non
666 4020 900 4089 Iudaeus,
931 4037 1106 4094 neque
1146 4024 1402 4093 Gentilis;
1447 4030 1541 4084 sed
1583 4047 1719 4087 nova
1748 4045 1997 4092 creatura
2048 4038 2104 4092 in

525 4127 688 4181 quam
718 4113 1134 4184 transﬁguratur
1173 4130 1369 4186 corpus
1399 4117 1719 4177 humilitatis
1746 4132 1945 4180 nostrtr
1972 4141 2103 4182 con-

524 4200 697 4258 forme
725 4203 968 4272 corporis
1003 4205 1186 4275 gloriae
1215 4206 1436 4262 Christi.
1469 4208 1664 4265 Vetera
1698 4215 1894 4284 quippe
1919 4225 2102 4273 trans-

524 4291 721 4357 ierunt,
753 4306 880 4347 ecce
903 4293 1042 4349 facta
1080 4305 1205 4351 sunt
1238 4300 1416 4353 omnia
1445 4315 1603 4365 nova,
1627 4313 1674 4356 et
1697 4306 1954 4374 quomodo
1992 4306 2101 4362 alia

523 4389 598 4434 est
627 4379 796 4450 gloria
835 4381 982 4448 solis,
1032 4394 1081 4438 et
1135 4386 1240 4441 alia
1273 4387 1434 4452 luna',
1475 4399 1520 4442 et
1564 4390 1672 4450 alia
1715 4391 2009 4460 stellarum,
2053 4405 2102 4450 et

522 4469 672 4523 stella
707 4473 894 4542 quippe
925 4491 957 4527 a
983 4475 1133 4530 stella
1162 4478 1339 4547 di/fert
1371 4481 1424 4532 in
1452 4479 1660 4549 gloria;
1693 4481 1766 4536 sic
1807 4492 1854 4536 et
1883 4501 2102 4541 resurre-

523 4563 625 4616 ctio
665 4575 991 4621 mortuorum
1038 4567 1093 4634 (I
1118 4568 1241 4623 Cor.
1275 4572 1364 4640 xv)
1395 4589 1406 4624 :
1436 4572 1500 4625 dc
1543 4588 1648 4642 qua
1677 4581 1732 4626 et
1771 4574 1956 4631 Daniel
1981 4579 2099 4648 pari

522 4667 654 4706 voce
683 4656 1002 4720 concordat,
1051 4658 1238 4712 dicens
1286 4677 1299 4712 :
1341 4657 1568 4713 Plurimi
1617 4662 1984 4719 dormientium
2035 4668 2099 4722 de

523 4753 677 4798 terra:
703 4746 910 4815 pulvere
937 4758 1147 4818 surgent
1169 4767 1187 4801 :
1208 4750 1262 4801 hi
1293 4751 1347 4802 in
1388 4751 1543 4803 vitam
1577 4762 1848 4822 mternam,
1888 4766 1935 4810 et
1962 4759 2016 4812 hi
2043 4760 2097 4813 in

521 4836 852 4904 opprobrium
874 4849 919 4890 et
941 4838 994 4890 in
1021 4837 1376 4906 confusionem
1398 4849 1646 4896 (sternam
1670 4845 1832 4915 (Dan.
1849 4848 1980 4918 xu);
2006 4858 2091 4905 et:

523 4926 882 4998 intelligentes
937 4928 1204 4998 fulgebunt
1273 4930 1407 4984 sicut
1467 4933 1714 5002 splendor
1779 4938 2098 5006 ﬁrmamenti

521 5015 734 5086 (Matth.
766 5018 917 5088 xui);
941 5026 996 5071 et
1016 5017 1083 5071 de
1098 5017 1291 5088 justis:
1317 5041 1334 5073 ι
1358 5021 1505 5078 Multi
1532 5025 1673 5081 sicut
1691 5029 1855 5083 stella:
1877 5030 1928 5083 in
1956 5047 2097 5086 sem-

521 5109 810 5178 piternum.
849 5130 866 5161 ι
911 5109 1095 5179 Neque
1137 5113 1283 5168 enim
1323 5115 1492 5171 iusole
1529 5126 1584 5172 et
1625 5119 1676 5172 in
1717 5121 1874 5188 luna,
1915 5125 2096 5178 ﬁrma-

519 5211 706 5254 mento
730 5208 784 5254 et
821 5201 1011 5265 stellis,
1042 5203 1385 5261 circumcisio
1425 5207 1627 5278 aliquid
1653 5211 1796 5266 valet
1830 5223 1924 5268 aut
1953 5231 2093 5285 prte-

520 5289 750 5358 putium,
781 5293 874 5347 sed
904 5300 987 5348 est
1021 5311 1156 5349 nova
1183 5296 1420 5353 conditio
1449 5299 1566 5356 sine
1591 5302 1675 5357 his
1701 5304 1947 5371 partibus
1969 5323 2092 5363 cor-

516 5393 732 5452 porum.
760 5399 879 5454 qua:
897 5396 1126 5456 possunt
1148 5391 1342 5445 secari.
1375 5393 1450 5446 lta
1477 5393 1640 5467 igitur
1666 5404 1721 5452 et
1743 5415 1864 5464 nos,
1892 5401 1981 5469 qui
2011 5401 2096 5456 di—

519 5473 733 5545 ligimus
758 5477 948 5544 Deum,
979 5489 1033 5534 et
1056 5491 1352 5553 prmparata
1375 5493 1501 5538 sunt
1523 5487 1675 5542 nobis
1701 5504 1820 5558 qute
1845 5505 1945 5546 nec
1969 5507 2098 5546 ocu-

519 5561 604 5618 lus
649 5565 800 5632 vidit,
850 5584 949 5624 uec
995 5571 1143 5626 auris
1187 5574 1412 5640 audivit,
1464 5591 1564 5631 nec
1619 5577 1672 5631 in
1721 5592 1816 5632 cor
1865 5581 2097 5640 hominis

524 5659 881 5726 ascenderunt
919 5663 1052 5726 (Isa.
1085 5682 1246 5736 asty;
1279 5665 1307 5720 I
1335 5667 1455 5722 Cor.
1485 5669 1566 5740 ιι),
1621 5685 1742 5725 cum
1775 5671 1840 5726 de
1869 5687 2094 5744 corpore

2126 4446 2178 4507 D

2220 1863 2515 1927 hominem,
2542 1876 2645 1918 nec
2684 1863 3105 1928 circumcisioni,
3151 1878 3252 1922 nec
3301 1865 3563 1935 praeputio
3601 1864 3808 1919 servia-

2220 1969 2377 2008 mus:
2401 1953 2496 2008 sed
2515 1953 2660 2023 quod
2685 1952 2853 2009 futuri
2873 1971 3083 2022 sumus,
3107 1956 3222 2026 jam
3244 1972 3388 2012 nunc
3416 1972 3519 2012 nos
3542 1972 3669 2012 esse
3694 1973 3810 2012 cren

2219 2043 2429 2096 damus.
2463 2041 2532 2095 Et
2553 2043 2859 2113 quicunque
2877 2045 3026 2100 'hauc
3059 2045 3301 2117 regulam
3343 2054 3669 2116 sequuntur,
3707 2063 3809 2116 pas

2217 2148 2375 2202 super
2414 2131 2532 2186 illos
2578 2143 2626 2187 et
2666 2135 3026 2190 misericordia
3070 2146 3118 2191 et
3145 2153 3301 2207 super
3334 2137 3506 2192 Israel
3553 2138 3680 2192 Dei.
3732 2137 3810 2193 Ad

2218 2236 2468 2276 normam
2500 2224 2683 2279 omnia
2711 2223 3039 2296 diriguntur,
3085 2233 3141 2281 et
3167 2235 3349 2281 utrum
3389 2242 3560 2298 prava
3589 2236 3810 2284 rectave

2219 2313 2347 2378 sint,
2373 2329 2495 2369 cum
2542 2315 2724 2386 regula
2767 2317 3012 2386 apposita
3037 2316 3222 2382 fuerit,
3271 2326 3594 2388 arguuntur.
3639 2317 3726 2371 Ita
3759 2325 3809 2372 et

2218 2401 2462 2458 doctrina
2512 2403 2607 2457 Dei
2643 2403 2890 2475 quaedam
2933 2407 3087 2474 quasi
3136 2421 3327 2460 norma
3384 2407 3659 2462 sermonis
3709 2416 3808 2472 est,

2217 2509 2338 2564 qua:
2359 2495 2502 2550 inter
2520 2493 2665 2564 justa
2684 2494 2897 2564 judieat
2917 2505 2972 2554 et
3000 2498 3232 2568 injusta;
3261 2513 3444 2568 quam,
3470 2499 3566 2569 qui
3589 2508 3810 2554 secutus

2218 2581 2401 2648 fuerit,
2443 2583 2663 2639 habebit
2709 2601 2900 2658 pacem
2950 2587 3007 2644 in
3061 2589 3373 2660 semetipso,
3428 2604 3551 2659 qua:
3587 2599 3811 2660 superat

2217 2686 2433 2727 omnem
2474 2687 2715 2740 sensum,
2747 2684 2802 2732 et
2841 2685 2961 2746 post
2985 2693 3196 2747 pacem,
3226 2678 3665 2734 misericordiam
3690 2695 3807 2750 quae

2216 2765 2486 2838 praecipua
2521 2774 2609 2820 est
2648 2767 2703 2820 in
2738 2766 2835 2821 Dei
2875 2769 3057 2824 Israel.
3100 2771 3195 2826 Dei
3236 2785 3365 2825 vero
3411 2769 3576 2823 Israel
3627 2769 3808 2824 dictus

2215 2862 2316 2919 est,
2345 2855 2413 2910 ad
2438 2855 2837 2911 distinctionem
2867 2855 2985 2925 ejus
3022 2859 3115 2928 qui
3145 2851 3242 2915 Dei
3270 2859 3434 2915 Israel
3465 2874 3589 2914 esse
3619 2875 3804 2914 cessa-

2215 2945 2311 2999 vit.
2339 2944 2535 3002 Dicunt
2561 2945 2703 2999 enim
2746 2961 2803 3000 se
2839 2961 2958 3002 esse
2996 2945 3230 3013 Iudaeos,
3259 2959 3313 3003 et
3340 2963 3448 3004 non
3490 2957 3659 3014 sunt;
3717 2951 3806 3006 sed

2215 3035 2571 3101 mentiuntur,
2619 3051 2742 3092 cum
2789 3037 2897 3091 sint
2943 3054 3207 3108 synagoga
3255 3035 3468 3093 Salano:
3494 3039 3684 3110 (Apoc.
3725 3040 3803 3112 ιι).

2135 3104 2182 3168 c
2213 3121 2324 3176 Nec
2345 3122 2580 3188 mireris,
2605 3123 2651 3178 si
2691 3123 2758 3177 ad
2803 3104 3164 3184 imitationem
3192 3125 3449 3194 spiritalis
3485 3104 3658 3183 Israel
3689 3104 3805 3184 car-

2210 3211 2348 3266 nalis
2377 3210 2448 3266 sit
2493 3211 2676 3277 Israel,
2711 3213 2802 3284 qui
2833 3229 2932 3268 nec
2974 3229 3163 3283 pacem
3201 3215 3419 3282 habeat,
3448 3232 3549 3271 nec
3593 3219 3808 3274 miseri-

2209 3301 2468 3368 cordiam,
2501 3301 2568 3357 de
2604 3317 2712 3372 quo
2749 3310 2804 3357 et
2830 3303 2898 3357 ad
2925 3301 3238 3359 Corinthios
3282 3303 3538 3360 scribitur
3569 3321 3584 3359 :
3624 3305 3804 3363 Videte

2208 3391 2380 3446 Israel
2404 3393 2690 3446 secundum
2729 3410 2940 3448 carnem
2961 3394 3014 3466 (Ι
3038 3395 3161 3450 Cor.
3196 3395 3278 3468 x),
3303 3413 3426 3452 cum
3456 3399 3526 3454 ad
3547 3399 3803 3456 imitatio-

2207 3499 2332 3539 nem
2363 3500 2578 3556 quoque
2623 3486 2718 3542 Dei
2756 3499 2807 3542 et
2848 3488 3083 3555 Domini,
3118 3491 3270 3545 multi
3310 3492 3422 3546 sint
3459 3493 3536 3548 dii
3566 3503 3623 3548 et
3646 3493 3803 3548 multi

2207 3574 2430 3641 domini,
2467 3577 2581 3630 sive
2623 3577 2676 3630 in
2705 3577 2862 3642 caelo,
2899 3579 3013 3634 sive
3055 3581 3110 3634 in
3151 3588 3314 3636 terra.
3341 3581 3573 3637 Pulchre
3611 3592 3796 3639 autem

2207 3678 2315 3719 uno
2336 3679 2606 3730 sermone,
2631 3675 2692 3720 ut
2715 3668 2997 3736 epistolam
3014 3667 3170 3738 juxta
3189 3671 3617 3741 propositionem
3639 3689 3802 3744 argu—

2206 3753 2375 3808 menti
2405 3752 2602 3819 ﬁniret,
2635 3754 2799 3810 Israel
2841 3757 2936 3811 Dei
2965 3759 3196 3822 vocavit,
3223 3774 3329 3828 quo
3358 3760 3568 3817 scilicet
3593 3764 3799 3827 omnia,

2206 3859 2326 3914 qum
2365 3859 2528 3914 supra
2564 3846 2705 3901 dicta
2737 3856 2880 3912 sunt,
2932 3863 3038 3904 non
3091 3859 3249 3905 extra
3295 3865 3540 3918 causam,
3581 3854 3679 3908 sed
3735 3869 3799 3908 ex

2206 3945 2371 3987 causa
2425 3933 2696 4004 disputata
2753 3936 3066 3992 doceantur.
3114 3938 3192 3994 De
3237 3951 3425 3996 cwtero
3470 3958 3622 3997 nemo
3669 3945 3798 3998 mihi

2204 4025 2454 4079 molestus
2494 4026 2582 4080 sit.
2624 4025 2740 4080 Non
2789 4029 2942 4097 quasi
2989 4028 3250 4086 defecerit
3287 4031 3341 4086 in
3382 4032 3644 4098 docendo,
3702 4035 3796 4091 sed

2204 4116 2348 4186 quod
2366 4123 2420 4170 et
2441 4117 2673 4187 agricola
2696 4118 2840 4173 hunc
2860 4119 3056 4176 habeat
3073 4121 3336 4187 laborem,
3370 4123 3414 4178 si
3437 4139 3557 4193 quae
3581 4125 3796 4194 planta-

2204 4206 2362 4272 verit,
2390 4207 2621 4278 virgulta
2652 4209 2942 4276 siccentur,
2974 4221 3030 4266 et
3057 4221 3243 4283 pastor
3264 4214 3710 4285 sollicitudinem,
3743 4218 3788 4273 si

2202 4309 2430 4364 pecora,
2498 4312 2620 4365 quae
2667 4310 3130 4370 congregaverat,
3181 4302 3440 4373 dissipata
3495 4304 3790 4362 lanientur.

2205 4385 2431 4458 (Ambr.)
2481 4385 2751 4442 Molestias
2775 4389 2878 4443 sibi
2908 4390 3077 4444 noluit
3118 4390 3183 4445 de
3207 4401 3402 4447 ctetero
3435 4393 3575 4460 ﬁeri,
3600 4404 3662 4450 ut
3695 4397 3794 4451 ite-

2207 4490 2328 4530 rum
2368 4473 2507 4530 ἴοι-ιθ
2534 4485 2816 4545 cogeretur
2861 4479 3122 4544 scribere,
3153 4481 3246 4536 sed
3268 4479 3383 4548 jam
3429 4486 3791 4542 correctiores

2207 4565 2326 4620 illos
2350 4565 2466 4619 vult
2509 4565 2648 4631 ﬁeri,
2698 4575 2776 4632 ut,
2805 4569 3099 4638 amputatis
3141 4572 3437 4636 erroribus,
3486 4583 3612 4643 post
3642 4584 3791 4631 tanta

2205 4657 2362 4713 taedia
2392 4672 2616 4728 pausam
2645 4659 2886 4714 haberet.
2939 4659 2996 4714 Si
3044 4669 3222 4716 autem
3261 4664 3508 4721 duriores
3549 4682 3608 4722 se
3648 4685 3790 4738 pra:-

2201 4760 2411 4809 starent
2452 4762 2508 4809 et
2534 4753 2851 4810 inllexibiles
2880 4756 2936 4814 in
2979 4759 3364 4823 convertendo,
3397 4771 3680 4816 cessarent
3726 4762 3792 4817 ab

2202 4858 2287 4909 eo,
2315 4851 2377 4897 It
2417 4843 2522 4898 illis
2542 4859 2736 4913 operas
2761 4860 2888 4900 suas
2923 4854 2979 4900 et
3005 4844 3300 4902 ellicaciam
3332 4848 3692 4918 impenderet,
3727 4855 3792 4908 de

2200 4935 2396 5003 quibus
2425 4936 2725 4990 mercedem
2755 4944 2848 4990 aut
2881 4937 3093 4992 lucrum
3134 4951 3400 5008 speraret.
3436 4940 3638 5012 (Ilien)
3677 4945 3787 4999 Me-

2199 5024 2304 5080 lius
2325 5040 2453 5096 ergo
2475 5026 2528 5079 in
2555 5025 2742 5081 Graeco
2768 5026 2964 5095 legitur
2991 5044 3003 5080 :
3037 5045 3056 5080 ι
3091 5027 3166 5083 De
3192 5037 3388 5084 caetero
3414 5030 3630 5088 labores
3655 5035 3786 5088 mihi

2201 5131 2360 5171 nemo
2380 5116 2662 5182 exhibeat;
2689 5135 2707 5169 ι
2735 5131 2801 5171 ne
2821 5132 3037 5172 rursum
3059 5118 3270 5174 scilicet
3293 5120 3346 5175 in
3368 5121 3520 5177 vobis
3543 5125 3786 5178 necessi-

2203 5216 2365 5264 tatem
2412 5210 2642 5265 habeam
2685 5210 2982 5267 laborandi.
3037 5211 3306 5269 Laborem
3349 5223 3569 5284 praestat
3617 5218 3785 5288 magi-

2203 5307 2340 5364 stro,
2368 5298 2462 5368 qui
2495 5299 2651 5355 aliter
2691 5309 2747 5356 et
2773 5301 2906 5356 vivit
2937 5311 2993 5358 et
3021 5304 3186 5358 sentit
3237 5318 3398 5374 quam
3435 5307 3695 5377 magister
3731 5317 3785 5362 et

2203 5390 2387 5445 docuit
2418 5397 2474 5444 et
2519 5389 2664 5446 fecit.
2707 5391 2893 5448 Potest
2938 5401 2994 5448 et
3046 5395 3449 5450 contentionem
3493 5410 3699 5460 eorum,
3737 5397 3782 5452 si

2203 5482 2294 5550 qui
2351 5484 2723 5539 contradicere
2775 5486 3031 5556 deinceps
3097 5487 3396 5552 voluerint,
3445 5491 3782 5558 prtevenire,

2203 5575 2344 5644 quod
2378 5576 2540 5631 etiam
2570 5579 2637 5632 ad
2664 5577 2973 5634 Corinthios
2999 5579 3050 5632 in
3083 5579 3314 5635 velando
3340 5579 3580 5634 mulieris
3608 5580 3783 5650 capite

2202 5673 2258 5722 et
2288 5666 2510 5722 masculi
2544 5681 2647 5722 non
2677 5669 2918 5736 velando,
2958 5679 3081 5740 post
3125 5669 3295 5726 multa
3333 5669 3641 5742 complexus
3678 5679 3778 5734 est,
