4022 6338
264 344 372 402 38!

729 340 1277 400 ENAHRATIONUM
1315 339 1383 397 IN
1421 341 1570 400 EPP.
1612 341 1817 402 PAULI
1855 339 1983 396 LIB.
2025 339 2187 397 XVII.
2214 369 2286 382 --
2320 337 2389 394 IN
2425 337 2644 395 EPIST.
2679 341 2772 396 AD
2806 341 3045 398 EPHES.

3407 342 3517 402 582

266 454 459 509 dicens
483 471 495 507 :
519 451 577 508 Si
596 453 712 524 quis
750 463 922 507 autem
969 453 1169 507 videtur
1207 455 1558 508 contentiosus
1589 469 1718 518 esse,
1749 469 1843 508 nos
1871 458 1923 517 Α
1947 453 2146 508 habere
2179 467 2238 508 se
2286 453 2338 510 in
2381 467 2624 522 corpore,
2668 467 2776 523 quo
2803 467 2927 508 non-
2959 454 3136 508 minus
3181 455 3409 512 fideliter
3435 459 3516 514 eis

267 541 431 596 talem
472 543 894 596 consuetudinem
937 557 1040 594 non
1083 541 1350 606 habemus,
1393 558 1553 612 neque
1603 541 1842 595 Ecclesia

265 633 372 688 Dei
399 633 453 705 (I
476 632 601 689 Cor.
629 633 708 705 xi)
731 653 743 687 :
764 635 867 689 hoc
894 642 999 698 est,
1025 649 1124 687 nos
1147 633 1397 698 diximus,
1421 647 1540 703 quae
1566 633 1721 688 nobis
1748 633 1845 690 ho.-

267 730 429 777 nesta
454 722 774 780 videbantur
806 721 1032 790 etojusta
1056 735 1071 776 :
1096 721 1142 776 si
1169 722 1289 790 quis
1317 728 1494 776 autem
1543 721 1730 776 nolens
1755 736 1845 777 ac-

267 809 556 877 quiescere
591 810 839 874 veritati,
866 811 1059 880 quaerit
1094 809 1221 878 quid
1260 809 1602 878 respondeat,
1639 817 1693 864 et
1728 809 1846 878 qui-

265 899 376 953 bus
409 899 613 953 nitatur
637 914 667 953 e
693 907 903 964 contra,
951 899 1086 954 sciat
1137 915 1196 954 se
1242 899 1589 968 responsione
1617 914 1722 953 non
1765 898 1848 952 di-

267 1003 463 1057 gnum,
485 988 577 1057 qui
618 988 789 1059 magis
823 988 1148 1045 contendere
1171 994 1390 1064 paratus
1431 994 1534 1052 est,
1562 1001 1722 1055 quam
1752 987 1847 1044 do-

269 1079 405 1133 ceri.
434 1077 547 1148 Ego
577 1080 714 1132 enim
756 1081 1000 1148 stigmata
1033 1077 1161 1131 Jesu
1200 1078 1252 1130 in
1295 1093 1508 1147 corpore
1536 1093 1647 1130 meo
1671 1084 1843 1145 porto.

271 1165 462 1238 (Aug.)
491 1166 753 1238 Stigmata
779 1166 922 1226 enim
953 1168 1201 1231 dicuntur
1229 1176 1368 1220 nota:
1393 1164 1635 1234 quaedam
1664 1161 1848 1234 ρωπίας

271 1273 396 1312 rum
432 1257 708 1312 servilium
739 1275 753 1310 :
784 1265 843 1311 ut
863 1257 909 1310 si
939 1256 1079 1324 quis,
1125 1255 1274 1310 verbi
1326 1255 1518 1326 gratia,
1563 1267 1752 1310 servus
1792 1253 1848 1308 in

271 1346 624 1415 wmpedibus
671 1345 832 1400 fuerit
871 1352 1094 1418 propter
1136 1358 1358 1408 noxam,
1406 1342 1460 1397 id
1497 1350 1601 1407 est,
1632 1349 1850 1412 propter

271 1436 514 1505 culpam,
568 1434 654 1490 vel
701 1433 1004 1504 hujusmodi
1050 1433 1250 1503 aliquid
1302 1448 1490 1503 passus
1535 1431 1720 1498 fuerit,
1753 1432 1851 1487 sti-

271 1537 456 1596 gmata
482 1526 682 1579 habere
709 1525 938 1590 dicatur,
973 1533 1028 1582 et
1074 1523 1195 1578 ideo
1233 1524 1286 1577 in
1306 1522 1429 1591 jure
1474 1523 1850 1578 manumissio-

271 1615 363 1668 nis
393 1613 666 1670 inl'erioris
706 1621 790 1670 cst
815 1614 1040 1670 ordinis.
1069 1612 1221 1668 Nunc
1255 1628 1384 1683 ergo
1420 1612 1706 1681 Apostolus
1747 1612 1848 1676 sti-

269 1715 458 1778 gmata
503 1707 671 1761 voluit
721 1707 1010 1778 appellare,
1051 1706 1205 1776 quasi
1248 1714 1404 1760 notas
1454 1719 1737 1776 pmnarum
1784 1705 1851 1760 de

1941 542 2293 611 prtedicaret,
2346 543 2486 600 sicut
2534 550 2589 596 et
2635 543 3093 612 pseudoapostoli,
3159 545 3249 612 qui
3296 543 3514 602 Galatas

1943 632 2281 702 deeeperant.
2307 631 2585 688 Neminem
2610 633 2789 702 itaque
2809 633 2922 692 vult
2937 634 3038 688 sibi
3064 633 3348 689 molestum
3369 651 3510 701 esse,

1944 722 2036 792 qui
2064 722 2189 776 huic
2219 721 2296 776 rei
2326 722 2550 775 devotus
2578 735 2683 775 non
2703 729 2818 786 est;
2863 721 2964 775 ista
2989 721 3132 776 enim
3155 722 3428 791 stigmata,
3458 723 3512 777 id

1945 821 2028 867 est
2047 812 2328 867 cicatrices
2357 811 2653 882 plagarum,
2682 811 2989 866 testimonia
3025 820 3152 868 sunt
3177 813 3514 868 credentium

1945 914 2154 965 eorum,
2180 900 2272 970 qui
2295 900 2590 969 patiuntur,
2610 901 2751 968 quod
2765 900 2909 970 digni
2936 908 3062 956 sunt
3087 900 3266 956 futura
3285 902 3514 971 promis-

1945 991 2116 1047 sione.
2147 989 2331 1045 Gratia
2355 990 2568 1044 Domini
2595 991 2760 1044 nostri
2794 989 2924 1045 Jesu
2953 989 3146 1045 Christi
3175 1007 3292 1044 eum
3314 989 3514 1061 Spiritu

1945 1089 2131 1144 vestro,
2158 1079 2368 1149 fratres.
2412 1081 2594 1134 Amen.
2642 1078 2758 1134 Non
2801 1079 2939 1150 legis
2973 1080 3200 1154 gratiam
3235 1079 3383 1142 dicit,
3419 1080 3514 1134 sed

1945 1170 2157 1232 Domini
2186 1169 2357 1226 nostri
2383 1169 2508 1225 Jesu
2527 1169 2728 1225 Christi
2756 1185 2876 1226 esse
2903 1185 3025 1226 cum
3050 1171 3243 1240 spiritu
3277 1169 3512 1236 illorum,

1947 1277 2082 1332 quos
2109 1261 2377 1332 spiritales
2407 1260 2604 1322 fratres
2639 1261 2898 1331 appellat;
2931 1277 3104 1332 neque
3129 1262 3273 1316 enim
3296 1261 3512 1331 penitus

1951 1349 2165 1406 fuerant
2191 1366 2379 1406 omnes
2403 1351 2595 1406 eversi.
2624 1350 2822 1422 (Hier.)
2853 1349 2969 1406 Non
2995 1352 3279 1417 dissensio,
3307 1366 3415 1406 non
3443 1350 3518 1406 le-

1947 1439 2031 1510 gis
2066 1439 2312 1504 servitus,
2340 1453 2448 1493 non
2472 1439 2610 1505 rixa,
2655 1454 2762 1493 non
2790 1436 3048 1508 iurgium,
3086 1439 3178 1494 sed
3214 1438 3385 1508 gratia
3411 1437 3517 1493 Do-

1948 1526 2081 1581 mini
2122 1526 2294 1582 nostri
2321 1525 2448 1581 Jesu
2471 1524 2672 1586 Christi
2700 1525 2914 1581 sitcum
2944 1525 3136 1595 spiritu
3164 1535 3345 1581 vestro
3373 1544 3387 1579 :
3420 1539 3518 1582 ne-

1948 1633 2216 1688 quaquam
2244 1633 2366 1674 cum
2399 1631 2580 1684 carne,
2624 1631 2965 1686 nequaquam
2992 1631 3114 1671 eum
3148 1617 3363 1681 anima;
3406 1615 3520 1670 sive

1949 1709 2074 1780 quia
2101 1709 2367 1780 spiritales
2384 1708 2513 1764 facti
2540 1722 2668 1764 caro
2703 1715 2759 1763 et
2781 1707 2960 1762 anima
2986 1721 3106 1762 esse
3126 1706 3377 1771 desistis;
3402 1704 3516 1759 sive

269 1796 740 1866 persecutionibus
793 1812 927 1866 quas
975 1797 1293 1865 patiebatur.
1343 1795 1571 1864 Propter
1628 1795 1842 1866 culpam
1878 1791 1924 1851 Β
1951 1801 2093 1872 quod
2125 1801 2179 1854 in
2206 1799 2506 1870 'principali
2535 1798 2699 1854 etiam
2727 1812 2791 1852 ea
2817 1812 2936 1866 qua:
2970 1797 3180 1851 minora
3206 1803 3332 1850 sunt
3366 1809 3514 1850 com-

269 1887 421 1940 enim
457 1888 868 1956 persecutionis,
914 1902 1021 1966 qua
1068 1897 1380 1964 persecutus
1416 1897 1535 1944 erat
1579 1888 1847 1966 Eatlesias

268 1975 501 2044 Christi,
531 1976 646 2032 haec
679 1977 780 2032 sibi
810 1978 1032 2032 retribui
1072 1987 1397 2048 cognoverat
1424 1997 1436 2033 :
1465 1980 1605 2035 sicut
1627 1981 1695 2040 ab
1733 1980 1848 2050 ipso

271 2065 506 2120 Domino
526 2066 728 2122 dictum
748 2075 832 2121 est
849 2065 1092 2133 Ananiae,
1119 2068 1404 2122 cumidem
1433 2069 1582 2130 illum
1609 2069 1848 2132 Ananias

274 2167 539 2227 tanquam
587 2169 986 2228 persecutorem
1021 2160 1452 2216 Christianorum
1491 2161 1844 2222 formidaret:

269 2246 390 2317 Ego
415 2247 496 2300 illi
515 2249 804 2314 ostendam,
831 2250 1026 2320 inquit,
1060 2267 1176 2321 qua:
1215 2260 1449 2320 oporteat
1487 2267 1603 2306 eum
1623 2251 1734 2322 pati
1753 2255 1848 2322 pro

272 2338 487 2398 nomine
509 2354 618 2392 meo
644 2339 781 2410 (Act.
808 2339 905 2412 ix).
927 2341 1306 2412 Verumtamen
1334 2351 1553 2412 propter
1576 2341 1850 2402 remissio-

270 2442 401 2494 nem
435 2437 798 2498 peccatorum,
829 2431 880 2484 in
908 2445 1013 2500 qua
1038 2430 1336 2499 baptizatus
1361 2440 1500 2496 erat,
1532 2445 1719 2487 omnes
1748 2430 1851 2486 illa:

272 2518 651 2575 tribulationes
688 2536 792 2575 non
839 2521 889 2577 ei
912 2520 1162 2577 valebant
1198 2521 1266 2576 ad
1291 2521 1604 2590 perniciem,
1650 2521 1743 2577 sed
1783 2521 1851 2576 ad

271 2622 536 2668 coronam
560 2609 797 2676 victoriae
829 2609 1200 2680 proﬁciebant.
1239 2609 1438 2681 (Ηὶεν.)
1471 2609 1573 2678 Qui
1609 2617 1731 2680 post
1755 2607 1850 2663 ad-

270 2705 503 2758 ventum
531 2696 732 2762 Christi
777 2700 832 2754 in
853 2741 855 2744 ι
880 2715 1045 2762 carne
1071 2699 1494 2764 circumciditur,
1526 2715 1632 2754 non
1672 2707 1852 2771 portat

273 2786 532 2857 stigmata
563 2788 772 2856 Domini
801 2787 950 2857 Iesu,
982 2791 1076 2846 sed
1108 2790 1268 2845 habet
1306 2789 1532 2861 gloriam
1576 2790 1628 2845 in
1669 2790 1852 2846 conl'u,

271 2874 430 2931 sione
455 2892 554 2932 sua
578 2894 593 2942 ;
621 2879 711 2948 qui
748 2893 878 2934 vero
903 2879 957 2934 in
982 2880 1154 2951 plagis
1187 2895 1348 2950 super
1376 2880 1610 2943 modum,
1643 2879 1697 2934 in
1732 2893 1852 2934 car-

1943 1889 2364 1962 prehendantur.
2413 1887 2606 1944 Anima
2653 1886 2797 1941 enim
2834 1895 2889 1942 et
2933 1901 3062 1940 caro
3111 1884 3351 1953 subjecta
3388 1893 3516 1940 sunt

1946 1981 2177 2050 spiritui,
2198 1978 2266 2037 de
2293 1995 2399 2049 quo
2423 1977 2778 2034 Ecclesiastes
2799 1976 3037 2046 loquitur
3059 1994 3074 2030 :
3100 1974 3332 2045 Spiritus
3353 1990 3519 2028 rever-

1945 2080 2084 2126 tetur
2107 2070 2176 2124 ad
2214 2086 2332 2124 eum
2365 2070 2455 2140 qui
2489 2068 2630 2122 dedit
2658 2067 2809 2122 illum
2835 2066 3032 2138 (Eccle.
3064 2065 3188 2135 xu).
3219 2065 3286 2120 Et
3324 2064 3524 2119 Paulus

1947 2161 2002 2216 in
2050 2159 2156 2215 alio
2194 2160 2311 2216 loco
2360 2157 2539 2229 (Rom.
2583 2154 2864 2227 vui):ipse
2900 2155 3132 2226 Spiritus
3171 2155 3521 2209 testimonium

1945 2251 2174 2322 perhibet
2220 2249 2428 2320 spiritui
2467 2256 2662 2304 nostra.
2706 2247 2832 2302 Haec
2871 2255 3049 2303 autem
3091 2247 3262 2316 gratia
3308 2245 3521 2300 Domini

1945 2338 2072 2395 Jesu
2099 2353 2208 2393 non
2230 2353 2352 2398 eum
2387 2337 2639 2392 omnibus
2670 2343 2772 2399 est,
2799 2335 2894 2389 sed
2919 2349 3040 2388 cum
3089 2335 3174 2390 his
3199 2334 3290 2404 qui
3325 2334 3520 2388 fratres

1947 2431 2015 2486 ab
2055 2427 2313 2499 Apostolo
2354 2434 2630 2489 merentur
2672 2425 2877 2490 vocari,
2928 2423 3121 2480 fratres
3161 2425 3367 2490 ﬁdeles,
3409 2425 3519 2478 fra-

1949 2529 2166 2590 tresque
2193 2519 2455 2590 germani,
2484 2517 2626 2587 qnod
2661 2516 2833 2572 Amen
2859 2516 3084 2572 verbum
3119 2515 3392 2586 significat
3414 2513 3518 2570 Hc—

1946 2611 2172 2668 brteum.
2209 2609 2381 2672 Amen
2425 2608 2571 2664 enim
2598 2605 2944 2676 Septuaginta
2987 2605 3330 2675 interpretes,
3362 2602 3521 2665 Fiat;

1947 2700 2161 2770 Aquila,
2189 2698 2544 2770 Symmachus
2571 2706 2626 2754 et
2649 2697 2964 2758 Theodotio,
2993 2694 3248 2750 Fideliter
3273 2695 3387 2750 sive
3408 2711 3523 2749 vere

1951 2788 2286 2858 interpretati
2310 2795 2436 2842 sunt
2459 2805 2472 2840 :
2495 2794 2551 2850 et
2581 2784 2849 2854 quomodo
2875 2784 2929 2838 in
2964 2783 3147 2838 Veteri
3177 2781 3522 2838 Testamento

1949 2877 2179 2952 quadam
2203 2876 2422 2946 jurandi
2468 2874 2853 2932 consuetudine
2881 2875 3026 2928 Deus
3071 2887 3168 2927 sua
3197 2871 3360 2926 verba
3389 2885 3520 2925 con-

272 2969 494 3024 ceribus
522 2968 851 3040 frequenter,
875 2978 958 3027 ter
980 2971 1145 3042 virgis
1167 2986 1339 3026 caesus
1365 2979 1470 3036 est,
1506 2969 1671 3026 semel
1709 2969 1848 3040 lapi-
1951 2966 2131 3021 ﬁrmat
2156 2966 2342 3020 dicens
2369 2983 2381 3019 :
2413 2963 2538 3018 Vivo
2569 2979 2682 3033 ego,
2725 2963 2851 3016 dicit
2878 2961 3155 3023 Dominus,
3184 2973 3281 3028 per
3306 2966 3522 3013 sanctos

274 3059 437 3113 datus
462 3067 578 3126 est,
627 3070 929 3132 caateraque
967 3077 1086 3132 qua:
1111 3059 1165 3115 in
1205 3060 1448 3132 catalogo
1489 3060 1687 3130 scripta
1727 3065 1851 3115 sunt
1950 3071 2164 3126 quoque
2202 3053 2456 3122 iuratur;
2488 3051 2624 3106 Vivit
2668 3052 2845 3106 anima
2893 3059 3020 3114 tua;
3060 3049 3137 3104 ita
3183 3056 3239 3102 et
3277 3046 3525 3102 Salvator

273 3147 541 3222 gloriandi
566 3164 581 3214 :
606 3149 694 3204 hic
721 3151 968 3220 stigmata
995 3150 1205 3205 Domini
1227 3149 1355 3206 Jesu
1386 3150 1440 3204 in
1471 3164 1697 3219 corpore
1719 3163 1848 3218 por-
1873 3135 1918 3198 C
1950 3153 2132 3201 noster
2155 3144 2210 3199 in
2233 3143 2520 3212 Evangelio
2541 3156 2637 3212 per
2659 3140 2881 3195 verbum
2903 3137 3068 3192 Amen
3095 3151 3222 3192 vera
3257 3151 3378 3192 esse
3405 3150 3525 3204 qua:

277 3249 380 3294 tat.
409 3240 573 3296 Forte
601 3249 655 3296 et
677 3243 722 3296 is
749 3243 838 3311 qui
860 3250 1099 3302 macerat
1127 3257 1323 3312 corpus
1355 3257 1510 3296 suum
1535 3249 1592 3295 et
1634 3241 1850 3312 subiicit

274 3331 552 3398 servituti,
580 3347 644 3386 ne
682 3333 803 3394 aliis
831 3335 1148 3405 praedicans,
1178 3334 1290 3403 ipse
1317 3333 1576 3404 reprobus
1606 3333 1848 3398 invenia-

275 3428 369 3474 tur
416 3420 503 3491 (II
552 3421 674 3476 Cor.
723 3425 821 3494 ix),
865 3433 1044 3494 portat
1083 3424 1334 3495 stigmata
1383 3423 1592 3477 Domini
1629 3421 1756 3479 Jesu
1797 3422 1853 3480 in

275 3527 507 3581 corpore
539 3528 656 3568 suo.
697 3513 1041 3569 Lzetabantur
1069 3523 1122 3569 et
1163 3513 1385 3584 apostoli
1426 3513 1573 3586 (Act.
1607 3513 1674 3584 v)
1705 3513 1846 3582 quod

275 3601 426 3671 digni
467 3599 680 3657 fuerant
723 3619 820 3673 pro
858 3605 1074 3660 nomine
1122 3603 1246 3658 Iesu
1285 3604 1664 3659 contumeliam
1697 3619 1845 3660 com-

273 3689 412 3768 pati.
450 3687 675 3763 [Ambn]
702 3691 812 3748 Hoc
847 3693 977 3748 dicit
1018 3693 1208 3759 iratus,
1230 3694 1355 3764 quia
1384 3694 1681 3764 passiones,
1711 3707 1848 3764 quas

276 3782 612 3840 Credentium
653 3800 813 3840 causa
844 3787 1174 3855 patiebatur,
1219 3773 1516 3840 inefﬁcaces
1558 3785 1612 3839 in
1647 3785 1731 3840 his
1770 3785 1851 3839 vi-

275 3871 481 3937 debat,
525 3874 777 3942 quoniam
822 3875 1125 3930 constantia
1174 3883 1230 3928 et
1273 3875 1376 3928 ﬁde
1430 3874 1688 3929 doctrinae
1739 3888 1851 3929 suae

271 3978 379 4034 pro
415 3962 650 4028 Christo,
675 3965 857 4036 plagas
881 3973 936 4021 et
971 3965 1181 4021 vincula
1215 3964 1325 4034 pati
1366 3979 1472 4019 non
1501 3963 1678 4016 timuit
1713 3961 1847 4024 :sed

271 4064 471 4120 passus
522 4060 607 4106 est
641 4067 823 4107 amore
875 4054 1204 4108 credentium
1251 4053 1532 4108 cicatrices
1573 4051 1850 4120 plagarum

1944 3235 2204 3304 loquitur,
2229 3233 2480 3288 ostendit.
2505 3231 2660 3299 Quod
2702 3236 2881 3292 autem
2907 3227 3071 3280 Amen
3095 3239 3418 3280 consensum
3445 3224 3522 3277 si-

1947 3324 2166 3394 gnificet
2187 3323 2474 3390 audientis,
2505 3331 2559 3378 et
2582 3323 2653 3377 sit
2680 3318 3010 3392 signaculum
3042 3317 3305 3382 veritatis,
3337 3316 3405 3370 ad
3425 3313 3526 3370 Co-

1950 3414 2181 3468 rinthios
2210 3427 2421 3482 quoque
2443 3413 2616 3482 prima
2643 3424 2742 3464 nos
2769 3409 2946 3473 docet,
2969 3407 3024 3462 in
3051 3421 3155 3476 qua
3184 3405 3382 3460 Paulus
3405 3404 3520 3458 ait:

1949 3503 2206 3562 Caeterum
2251 3504 2297 3556 si
2334 3499 2654 3556 benedixeris
2692 3499 2912 3569 spiritu,
2945 3497 3061 3568 quis
3107 3494 3307 3566 supplet
3351 3492 3523 3546 locum

1947 3593 2146 3660 idiota’,
2179 3593 2438 3663 quomodo
2483 3591 2616 3644 dicet
2656 3591 2819 3643 Amen
2861 3603 3017 3656 super
3040 3594 3185 3640 tuam
3215 3583 3525 3638 benedictio-

1948 3700 2083 3748 nem,
2111 3683 2357 3753 quoniam
2377 3682 2584 3754 quidem
2612 3679 2770 3736 nescit
2788 3677 2914 3748 quid
2946 3675 3130 3729 dicas?
3155 3673 3206 3746 (ι
3234 3672 3356 3728 Cor.
3385 3670 3522 3742 xiv.)

1951 3774 2034 3829 Ex
2069 3789 2176 3844 quo
2213 3773 2448 3830 ostendit
2491 3788 2597 3828 non
2635 3785 2794 3841 posse
2825 3769 3043 3824 idiotam
3082 3764 3407 3832 respondere
3433 3776 3524 3816 ve-

1953 3881 2076 3922 rum
2097 3881 2236 3931 esse,
2267 3865 2412 3936 quod
2433 3865 2650 3930 dicitur,
2678 3861 2780 3916 nisi
2811 3857 3156 3923 intellexerit,
3181 3855 3325 3927 quod
3363 3853 3525 3910 doce-

1956 3963 2061 4018 tur.
2091 3953 2280 4008 Amen.

283 4133 3516 4172 __________________________________._________.

909 4305 1324 4420 LIBER
1411 4299 2108 4426 SEPTIMUS
2189 4293 2856 4412 DECIMUS.

795 4591 1336 4672 EXPOSITIO
1413 4592 1524 4680 IN
1601 4585 2186 4667 EPISTOLAM
2261 4583 2392 4661 AD
2468 4573 2990 4659 EPHESIOS.

808 4795 1313 4855 ARGUMENTUM.

342 4887 576 4963 (λιπών.)
613 4887 872 4958 Ephesios
895 4887 1182 4958 Apostolus
1222 4901 1330 4942 non
1359 4883 1602 4940 fundavit
1635 4883 1690 4937 in
1717 4881 1844 4946 lide,

269 4979 373 5038 sed
394 4978 758 5044 conﬁrmavit,
786 4978 951 5032 multa
995 4976 1135 5032 mala
1165 4990 1263 5045 pro
1292 4974 1376 5029 his
1408 4987 1600 5044 passus
1626 4986 1656 5026 a
1686 4970 1847 5041 perﬁ-

268 5070 382 5136 dis,
419 5069 563 5124 sicut
589 5067 756 5124 dicit:
787 5069 846 5123 Si
886 5069 1022 5123 enim
1047 5065 1330 5122 secundum
1371 5064 1631 5118 hominem
1659 5060 1729 5114 ad
1761 5060 1845 5114 be-

267 5160 401 5213 stias
439 5159 668 5229 pugnavi
716 5157 929 5225 Ephesi,
971 5155 1096 5227 quid
1132 5155 1258 5208 mihi
1299 5151 1527 5224 prodest,
1576 5151 1621 5203 si
1649 5147 1845 5203 mortui

271 5262 382 5308 non
422 5248 743 5317 resurgunt?
787 5247 839 5319 (Ι
877 5246 1000 5301 Cor.
1046 5246 1161 5317 xv.)
1207 5245 1273 5299 Et
1311 5243 1564 5312 quoniam
1608 5254 1845 5311 pugnam

269 5350 428 5390 suam
452 5352 562 5391 non
591 5338 706 5392 sine
731 5336 922 5392 effectu
950 5334 1300 5406 profectionis
1325 5333 1538 5392 illorum
1567 5331 1844 5402 praevidet,

269 5425 517 5500 gaudens
546 5426 600 5480 in
627 5426 728 5492 eis,
762 5427 830 5481 ad
848 5426 1072 5481 meliora
1093 5424 1309 5494 scriptis
1333 5423 1582 5478 hortatur
1605 5422 1671 5477 de
1694 5420 1846 5474 urbis

267 5513 460 5571 Roma:
481 5517 758 5582 custodia;
780 5516 904 5585 quia
930 5516 1152 5572 veniens
1179 5513 1247 5568 ab
1266 5511 1648 5582 Hierosolymis
1674 5509 1728 5564 in
1753 5524 1849 5565 eu-

266 5609 446 5672 stodia
465 5609 567 5664 sub
585 5609 898 5681 fidejussore
919 5608 1238 5678 intelligitur
1259 5605 1487 5674 degisse,
1511 5618 1733 5658 manens
1753 5617 1848 5656 ex-

269 5708 355 5754 tra
389 5710 570 5762 castra
589 5704 642 5758 in
671 5703 934 5763 conducta
961 5717 1060 5758 suo
1080 5700 1216 5765 (Act.
1244 5697 1454 5767 xxviii).
1485 5694 1849 5772 [llier.1Scri-

1868 4792 1921 4852 D
1945 4745 2109 4845 bebat
2135 4787 2203 4842 ad
2229 4785 2498 4856 Ephesios
2512 4784 2740 4840 Dianam
2769 4781 3028 4846 colentes,
3055 4794 3162 4836 non
3194 4779 3334 4836 hanc
3359 4796 3521 4838 vena-

1952 4881 2164 4945 tricem,
2197 4894 2318 4948 quae
2360 4893 2544 4933 arcum
2588 4882 2737 4930 tenet
2769 4881 2931 4942 atque
2975 4873 3248 4928 succincta
3292 4881 3398 4941 est,
3427 4877 3522 4930 sed

1950 4969 2099 5025 illam
2123 4967 2369 5023 ultimam
2404 4959 2940 5038 [multimammiam],
2971 4977 3131 5032 quam
3158 4963 3329 5019 Graeci
3365 4966 3520 5021 πολύ-

1949 5080 2147 5132 μαστον
2173 5066 2386 5122 voeant,
2409 5064 2470 5110 ut
2492 5055 2695 5110 scilicet
2717 5067 2785 5107 ex
2810 5053 2924 5124 ipsa
2947 5067 3159 5124 quoque
3176 5053 3349 5121 efﬁgie
3369 5069 3521 5108 men-

1952 5153 2186 5207 tirentur
2213 5149 2454 5204 omnium
2487 5161 2608 5200 eam
2635 5144 2929 5200 Mstiarum
2977 5152 3031 5200 et
3072 5145 3368 5210 viventium
3402 5158 3522 5199 esse

1949 5241 2236 5301 nutricem.
2271 5235 2555 5292 Scribebat
2587 5234 2654 5288 ad
2681 5233 3022 5304 metropolim
3057 5234 3197 5294 Asiae
3224 5233 3518 5297 civitatem,

1948 5332 2002 5387 in
2037 5347 2142 5402 qua
2177 5331 2252 5385 ita
2297 5327 2621 5391 idololatria,
2666 5323 2887 5395 etquod
2926 5340 3137 5396 semper
3163 5323 3517 5380 idololatriam

1947 5422 2211 5492 sequitur,
2239 5419 2436 5475 artium
2463 5418 2793 5490 magiearum
2817 5418 3102 5488 praestigiae
3130 5416 3432 5485 viguerant,
3460 5422 3521 5468 ut

1947 5510 2251 5570 Demetrius
2287 5509 2512 5574 diceret,
2543 5517 2590 5561 et
2615 5523 2819 5578 magna:
2839 5506 2952 5562 dea:
2983 5504 3228 5571 templum
3256 5503 3443 5557 Diana:
3462 5501 3521 5555 in

1949 5601 2167 5663 nihilum
2183 5601 2527 5671 reputabitur,
2545 5601 2841 5656 destruetur
2851 5614 3050 5669 quoque
3062 5595 3368 5666 magnitudo
3380 5592 3518 5662 ejus,

1948 5709 2103 5762 quam
2129 5703 2316 5756 cuncta
2348 5691 2473 5747 Asia
2501 5701 2548 5745 et
2573 5693 2840 5745 universus
2869 5689 3006 5743 orbis
3035 5686 3156 5744 colit
3177 5685 3314 5754 (Act.
3344 5680 3516 5750 xxix).
