4022 6338
530 354 637 411 385

1156 350 1217 408 Β.
1258 349 1512 407 ΒΑΒΑΝΙ
1548 348 1769 406 ΜΑυιιι
1805 344 2082 403 ARCHIEI

2183 342 2480 400 IOGUNT.
2515 344 2804 402 OPERUH
2840 342 3019 400 PARS
3054 342 3142 399 III.

3671 348 3782 409 584

528 465 773 536 Denique
806 464 1040 520 triennio
1082 463 1158 518 ibi
1199 462 1487 532 Apostolus
1531 468 1773 516 moratus
1799 467 1905 525 est,
1941 467 2101 514 nocte
2124 458 2179 518 Α
2202 456 2482 527 probatur,
2511 456 2656 526 quod
2686 456 2828 511 sicut
2862 454 3098 512 Joannes
3137 457 3454 528 mysterium
3480 459 3783 520 nativitatis

531 564 587 612 et
626 556 714 612 die
752 554 1101 625 Evangelium
1138 552 1466 624 praedicans,
1498 559 1580 616 ut,
1628 549 1947 606 idololatriae
1980 563 2105 604 arce

532 647 829 711 destructa,
870 645 1028 700 facile
1064 644 1333 698 minorum
1370 641 1585 697 urbium
1616 641 1812 710 templa
1843 655 2103 710 caperen-

529 741 637 788 tur.
662 733 775 789 Hoc
801 735 974 803 ipsum
1005 732 1284 802 Scriptura
1306 730 1491 795 refert,
1521 729 1791 800 quomodo
1820 729 2020 783 Paulus
2035 729 2104 782 ad

496 823 790 893 .presios
831 822 1225 878 sermocinetur
1252 821 1476 876 dicens:
1504 818 1833 890 Quapropter
1872 818 2100 888 vigilate,

528 913 859 966 recordantes
880 914 1004 982 quia
1034 913 1256 966 triennio
1278 921 1426 966 nocte
1442 929 1504 965 ac
1531 911 1747 967 die‘non
1773 912 1966 965 cessari
1985 927 2102 966 cum

526 999 774 1070 lacrymis
791 1017 1000 1055 monere
1020 1019 1433 1074 unumquemque
1461 1013 1704 1067 vestrum,
1734 1013 1781 1056 et
1806 1019 1943 1056 nunc
1966 1018 2105 1056 com-

527 1088 714 1142 mendo
746 1090 969 1144 vos'Deo
996 1100 1043 1145 ct
1086 1090 1239 1145 verbo
1268 1093 1454 1162 gratia:
1494 1091 1627 1162 ejus,
1668 1093 1758 1163 qui
1799 1102 1978 1161 potens
2024 1101 2100 1146 est
2192 1100 2197 1107 '

524 1176 792 1244 adiﬁcare
832 1186 881 1232 et
925 1178 1053 1231 dare
1096 1179 1237 1233 vobis
1284 1180 1640 1233 ha'reditatem
1679 1182 1734 1233 in
1762 1181 2100 1248 sanctiﬁcatis

523 1265 764 1318 omnibus
791 1264 928 1335 (Act.
974 1266 1092 1338 xx).
1134 1267 1448 1337 ludigehant
1467 1270 1607 1323 enim
1638 1268 2100 1323 commendatione

522 1350 764 1420 Apostoli
787 1353 853 1406 ad
883 1354 1070 1420 Deum,
1094 1369 1229 1424 quos
1255 1363 1401 1409 tanto
1423 1363 1663 1425 tempore
1685 1356 1982 1411 daemonum
2012 1372 2100 1411 er-

480 1447 494 1464 ‘
524 1454 617 1495 ror
660 1451 928 1508 tenuerat,
973 1452 1027 1497 et
1070 1445 1310 1500 sciebant
1369 1458 1490 1500 esse
1535 1445 1804 1514 spiritales
1851 1447 1917 1500 ad
1963 1461 2098 1516 quas

530 1527 785 1604 [aliquas]
809 1541 1124 1601 potestates,
1145 1535 1277 1588 etin
1304 1544 1446 1588 extis
1473 1543 1634 1603 atque
1658 1535 1897 1605 auguriis
1934 1544 1990 1589 et
2017 1535 2097 1589 dio

521 1616 644 1671 vina
653 1620 882 1675 tionibus
900 1621 1186 1688 quamdam
1204 1621 1606 1677 similitudinem
1623 1622 1919 1677 divinitatis
1934 1637 2097 1691 agno-

520 1716 731 1761 verant.
768 1708 919 1764 Unde
946 1725 1159 1764 rursum
1189 1711 1255 1764 ad
1282 1725 1376 1765 eos
1408 1710 1683 1781 loquitur:
1713 1709 1938 1782 Propter
1957 1712 2095 1782 quod

2205 546 2439 616 antiquae
2480 545 2695 601 Domini
2736 545 3023 612 relaturus,
3055 546 3111 600 in
3137 555 3325 616 pectus
3349 547 3469 618 ejus
3509 549 3780 619 recubuit,

2202 642 2259 690 et
2302 634 2369 689 de
2406 634 2697 704 purissimo
2737 633 2885 689 fonte
2933 635 3113 689 hausit
3149 635 3380 690 rivulum
3412 637 3780 695 doctrinarum

2203 718 2385 794 (Joan.
2416 738 2537 787 xui,
2590 723 2727 793 χιιι),
2759 724 2832 777 ita
2877 730 2932 777 et
2956 723 3009 776 hi
3053 724 3106 778 in
3132 725 3379 781 abeuntis
3401 726 3552 782 Pauli
3582 729 3781 785 collum

2200 819 2419 866 ruentes
2447 810 2584 883 (Act.
2614 813 2731 877 xx),
2758 813 2930 869 oculis
2957 823 3119 884 atque
3148 817 3484 888 amplexibus
3504 821 3619 875 suis
3644 821 3784 877 indi-

2198 911 2459 957 eaverunt
2486 918 2649 957 unum
2676 918 2735 958 se
2771 919 2892 958 cum
2932 920 2999 959 eo
3039 908 3280 963 scientia:
3322 910 3526 966 habere
3556 912 3781 967 thesau-

2198 1007 2340 1059 rum,
2354 1001 2411 1048 et
2432 995 2676 1063 magistri
2699 995 3027 1051 desiderium
3052 997 3305 1069 lacrymis
3323 1002 3610 1056 contestati
3631 1012 3780 1058 sunt.

2731 1147 2956 1205 CAPUT
2982 1146 3275 1206 PRIMUM.

2199 1256 2428 1331 Ponitur
2449 1259 2743 1331 aliquorum
2764 1262 2940 1331 dicina
2961 1263 3371 1331 prtrdestinatio,
3403 1271 3452 1317 et
3479 1262 3785 1319 recoluntur

2373 1330 2473 1383 Dei
2500 1330 2748 1398 beneﬁcia
2772 1330 2968 1384 collata
2982 1332 3231 1401 apostolis
3254 1343 3303 1386 et
3334 1333 3595 1403 Ephesiis.

2269 1438 2472 1496 Paulus
2500 1441 2764 1512 apostolus
2790 1440 2985 1497 Christi
3023 1442 3154 1498 Iesu
3181 1461 3273 1513 per
3297 1445 3611 1500 voluntatem
3660 1446 3780 1502 Dei.

2196 1529 2427 1603 (Amhr.)
2457 1531 2626 1586 Solito
2646 1547 2796 1586 more
2825 1533 3011 1587 scribit
3035 1552 3049 1587 :
3084 1534 3381 1603 apostolum
3409 1537 3553 1589 enim
3582 1552 3642 1591 se
3660 1552 3785 1593 esse

2194 1620 2397 1676 Christi
2421 1619 2550 1677 Jesu
2598 1621 2693 1676 Dei
2726 1622 3001 1677 voluntate
3042 1631 3292 1678 testatur.
3340 1623 3540 1695 (Πίεν.)
3584 1626 3645 1681 Si
3688 1644 3783 1698 per

2194 1712 2506 1782 praepositio
2547 1713 2907 1767 ministerium
2956 1711 3094 1781 ejus,
3129 1726 3230 1784 per
3256 1730 3417 1785 quem
3449 1730 3539 1770 res
3575 1716 3780 1787 agitur,

515 1807 776 1851 contestor
808 1815 898 1853 vos
945 1801 1001 1853 in
1039 1800 1124 1854 die
1166 1800 1284 1864 hac,
1327 1800 1451 1871 quia
1500 1802 1727 1856 mundus
1763 1819 1880 1857 sum
1923 1819 2016 1873 ego
2057 1820 2091 1857 a
2120 1797 2168 1857 Β
2197 1803 2459 1869 ostendit,
2514 1803 2727 1858 videtur
2773 1803 2905 1857 mihi
2958 1804 3011 1858 in
3059 1804 3202 1859 illam
3231 1805 3554 1859 sententiam
3586 1821 3785 1863 sensus

512 1885 767 1951 sanguine
785 1887 1039 1940 omnium.
1067 1886 1189 1940 Non
1210 1888 1347 1941 enim
1370 1888 1630 1951 subtraxi,
1657 1906 1759 1960 quo
1794 1890 1964 1944 minus
1993 1907 2091 1943 an-

513 1971 809 2026 nuntiurem
832 1974 977 2028 vobis
1009 1990 1208 2029 omnem
1238 1976 1554 2031 uoluntatem
1576 1978 1673 2032 Dei
1705 1978 1914 2050 (Ibid.).
1942 1979 2010 2034 Et
2032 1980 2089 2035 in

509 2062 701 2115 eodem
732 2061 888 2119 loco:
917 2062 1191 2130 Quomodo
1228 2064 1357 2119 nihil
1384 2068 1730 2121 subtraxerim
1763 2084 1941 2122 eorum
1970 2084 2089 2139 qua:

512 2150 652 2205 vobis
669 2154 975 2221 proderant,
999 2155 1124 2225 quin
1147 2156 1515 2212 annuntiarem
1544 2166 1591 2212 et
1621 2157 1859 2213 docerem
1884 2156 2088 2228 publice

509 2253 560 2296 et
605 2244 883 2301 domestice
927 2245 1135 2319 (Ibid.).
1182 2249 1412 2319 Legerat
1454 2252 1509 2305 in
1564 2250 1843 2306 Ezechiele
1866 2249 2084 2323 (Ezech.

512 2333 709 2404 xxxtu)
750 2337 893 2403 quod
941 2338 1246 2406 Speculator
1299 2340 1390 2408 qui
1452 2341 1651 2410 populo
1698 2342 1931 2397 hostium
1979 2355 2087 2397 non

510 2426 846 2493 praedixisset
865 2429 1171 2489 adventum,
1205 2431 1424 2500 sanguis
1459 2432 1658 2486 civium
1685 2432 1993 2504 exigeretur
2020 2433 2089 2487 de

512 2513 760 2567 manibus
810 2513 946 2581 ejus,
972 2524 1030 2569 et
1077 2525 1360 2586 propterea
1409 2534 1625 2574 omnem
1664 2536 1723 2575 se
1758 2520 2088 2576 voluntatem

510 2601 627 2666 Dei,
657 2613 712 2657 et
751 2605 1000 2659 universa
1028 2621 1148 2675 qua:
1192 2606 1299 2662 illis
1327 2608 1478 2662 utilia
1519 2609 1696 2664 forent
1737 2611 2087 2666 annuntiasse

511 2693 855 2757 memoravit,
895 2703 953 2748 ut
980 2694 1118 2750 liber
1137 2706 1281 2752 esset
1303 2700 1625 2770 asauguine
1652 2715 1861 2755 eorum.
1892 2701 1963 2756 Ut
1992 2716 2089 2755 au-

511 2790 617 2837 tem
640 2785 825 2840 sciatis
853 2799 948 2841 eos
966 2787 1059 2856 qui
1085 2788 1139 2842 in
1159 2776 1373 2857 Epheso
1397 2790 1759 2852 crediderant,
1798 2791 2088 2846 daemonia-

509 2872 588 2927 cis
620 2876 909 2946 praestigiis
957 2886 1012 2931 et
1070 2880 1290 2950 magicae
1342 2880 1507 2945 fuisse
1549 2883 1650 2936 arti
1695 2880 1977 2954 obligatos,
2030 2883 2085 2940 in

506 2961 694 3017 iisdem
735 2966 1100 3033 apostolorum
1144 2960 1369 3024 Actibus
1414 2970 1709 3041 replicatur
1756 2981 1813 3028 et
1842 2973 2083 3030 dicitur:

507 3051 734 3107 Plurimi
756 3072 958 3126 quoque
990 3073 1170 3111 eorum
1188 3060 1278 3129 qui
1303 3062 1509 3114 curiosa
1533 3076 1818 3133 gesserant,
1846 3078 2085 3136 compor-

507 3153 744 3198 taverant
790 3146 969 3212 libros,
1020 3157 1068 3202 et
1115 3149 1501 3205 combusserunt
1552 3168 1640 3206 eos
1680 3169 1858 3207 coram
1909 3157 2082 3209 omni-

510 3230 631 3297 bus,
664 3243 713 3288 et
736 3247 1030 3306 computata
1055 3241 1216 3307 pretio
1240 3238 1473 3306 illorum,
1505 3242 1807 3298 invenerunt
1825 3246 2083 3317 quinqua-

505 3321 651 3391 ginta
704 3325 872 3378 millia
920 3330 1173 3397 argenti:
1198 3331 1274 3383 sic
1326 3341 1563 3399 potenter
1610 3334 1817 3389 verbum
1866 3336 2121 3392 Domini.

504 3412 764 3466 crescebat
790 3422 837 3467 et
854 3415 1243 3484 confortabatur
1264 3418 1400 3489 (Act.
1426 3420 1561 3485 xix).
1592 3420 1717 3477 Haec
1740 3423 1940 3479 idcirco
1962 3425 2081 3479 uni-

508 3518 665 3557 versa
700 3505 1095 3574 replicavimus,
1127 3516 1185 3562 ut
1210 3511 1618 3568 ostenderemus
1653 3529 1822 3583 quare
1850 3516 2081 3585 Aposto-

510 3596 595 3651 lus
642 3598 693 3652 in
734 3599 835 3653 hac
865 3599 947 3655 vel
978 3601 1315 3670 potissimum
1369 3605 1607 3675 Epistola
1650 3610 1908 3664 obscuros
1954 3625 2078 3664 sen-

504 3698 595 3738 sus
623 3693 680 3740 et
714 3685 894 3757 ignota
937 3688 1149 3744 saeculis
1179 3702 1512 3747 sacramenta
1540 3697 1892 3766 congesserit,
1919 3705 1974 3752 et
2011 3698 2081 3752 de

506 3782 816 3829 sanctarum
882 3774 1281 3847 Scripturarum
1329 3791 1516 3837 contra
1572 3799 1777 3839 morem
1836 3787 2078 3844 docuerit

503 3871 818 3931 potestates
847 3883 861 3919 :
887 3869 979 3937 qui
1025 3869 1131 3949 sint
1178 3869 1469 3938 daemones,
1508 3874 1639 3945 quid
1676 3876 1905 3943 valeant,
1948 3880 2079 3949 quid

505 3965 631 4007 ante
658 3955 878 4021 fuerint,
909 3965 966 4013 et
987 3944 1253 4029 quomodo
1277 3970 1398 4029 post
1425 3964 1713 4020 adventum
1742 3966 1940 4023 Christi
1963 3944 2078 4023 sint

504 4052 670 4108 diruti
700 4063 859 4124 atque
881 4057 1157 4113 destructi.
1201 4059 1275 4114 De
1303 4062 1496 4129 quibus
1523 4063 1602 4118 ait
1630 4082 1642 4117 :
1674 4062 1796 4119 Non
1823 4075 1896 4119 est
1929 4066 2075 4121 nobis

497 4157 673 4211 pugna
716 4145 963 4200 adversus
1006 4163 1211 4200 carnem
1251 4158 1300 4201 et
1332 4153 1658 4221 sanguinem,
1694 4152 1786 4206 sed
1828 4154 2075 4210 adversus

497 4231 824 4302 principatus
843 4244 891 4288 et
916 4246 1211 4304 potestates,
1234 4247 1282 4290 et
1307 4239 1554 4295 adversus
1583 4252 1804 4297 rectores
1830 4246 2070 4299 tenebra-

501 4334 616 4371 rum
644 4322 884 4388 istarum,
913 4325 1161 4382 adversus
1194 4328 1454 4397 spiritalia
1494 4331 1738 4401 nequitia:
1760 4332 1815 4385 in
1853 4332 2073 4389 celesti-

499 4415 594 4465 bas
624 4412 836 4483 (Ephes.
868 4418 962 4488 γι).
1008 4417 1074 4471 Ει
1118 4419 1172 4472 in
1213 4419 1318 4474 alio
1350 4418 1501 4474 loco:
1532 4418 1854 4476 Permanebo
1895 4434 2069 4479 autem

499 4502 691 4573 Ephesi
746 4521 908 4578 usque
950 4509 1020 4563 ad
1069 4508 1439 4565 Pentecostem.
1497 4509 1702 4566 Ostium
1751 4515 1887 4567 enim
1939 4515 2067 4571 mihi

496 4604 731 4663 ap:rtum
770 4609 845 4650 est
874 4615 1123 4668 magnum
1149 4609 1197 4652 et
1219 4599 1431 4668 efﬁcax,
1473 4602 1564 4655 sed
1596 4603 1885 4657 adversarii
1912 4605 2066 4659 multi

496 4682 547 4751 (1
573 4683 693 4738 Cor.
725 4687 856 4757 xvi).
886 4687 1191 4742 Permansit
1218 4696 1397 4743 autem
1424 4689 1620 4760 Ephesi
1652 4706 1821 4762 usque
1846 4694 1913 4749 ad
1935 4694 2069 4749 Pen-

497 4789 755 4848 tecosten,
791 4793 1000 4853 tempus
1038 4782 1237 4845 laetitia:
1272 4792 1433 4855 atque
1453 4787 1711 4852 victoriae,
1736 4788 1788 4841 in
1825 4805 1930 4858 quo
1957 4805 2065 4847 non

496 4870 761 4928 ﬂectimus
790 4889 986 4943 genua,
1022 4888 1122 4929 nec
1149 4888 1437 4929 curvantur
1465 4877 1518 4931 in
1548 4886 1771 4942 terram,
1814 4879 2063 4935 sed'cum

492 4963 719 5020 Domino
766 4973 1107 5036 resurgentes
1150 4967 1218 5021 ad
1263 4966 1519 5021 caelorum
1566 4966 1672 5021 alta
1708 4968 2059 5024 sustollimur.

494 5054 561 5109 Et
587 5055 1073 5125 permansitzquia
1115 5065 1359 5126 apertum
1390 5057 1439 5112 ei
1476 5066 1594 5112 erat
1615 5057 1834 5122 ostium,
1861 5069 1917 5114 et
1955 5075 2063 5116 non

491 5151 689 5206 ostium
718 5150 1011 5215 modicum,
1038 5151 1132 5206 sed
1156 5166 1429 5221 magnum,
1454 5161 1512 5205 ut
1539 5152 1722 5207 vincto
1746 5151 1872 5207 forti
1899 5161 2063 5224 atque

491 5250 763 5309 superato,
797 5241 1011 5294 domum
1039 5240 1155 5309 ejus
1190 5240 1489 5306 invaderet,
1524 5244 1784 5312 spoliaret
1806 5251 1861 5299 et
1909 5259 2062 5299 ever-

490 5336 648 5394 teret,
675 5338 729 5383 et
754 5329 1021 5399 captivam
1046 5328 1408 5398 captivitatem
1436 5331 1655 5386 duceret
1682 5331 1895 5404 (Matth.
1916 5334 2017 5405 xu)
2042 5352 2057 5390 :

489 5419 583 5490 qui
633 5419 923 5475 satellitum
969 5434 1187 5474 suorum
1223 5419 1522 5488 agminibus
1560 5422 1919 5492 congregatis,
1950 5430 2063 5478 tom

490 5516 679 5564 contra
721 5508 1033 5580 Apostolum
1062 5510 1178 5564 acie
1215 5509 1507 5565 dimicavit.
1541 5511 1608 5566 Et
1651 5511 1728 5584 [et
1755 5513 1932 5569 victus
1956 5523 2058 5569 est.

490 5599 591 5666 Qui
638 5600 749 5656 sint
779 5610 957 5655 autem
999 5599 1213 5670 Ephesii
1240 5608 1297 5656 et
1328 5600 1477 5661 hinc]
1506 5601 1587 5657 vel
1632 5604 1868 5658 maxime
1907 5618 2059 5658 com-

2196 1892 2300 1948 iste
2337 1906 2679 1963 congruere:
2720 1890 2889 1946 Nemo
2921 1894 3055 1947 venit
3085 1894 3154 1947 ad
3204 1893 3439 1960 Patrem,
3472 1896 3576 1950 nisi
3614 1894 3786 1951 Pater

2192 2000 2338 2038 meus
2369 1985 2643 2039 attraxerit
2686 1998 2804 2037 eum
2835 1981 3017 2051 (Joan.
3039 1981 3118 2053 vi)
3142 1998 3157 2037 :
3181 1993 3343 2054 atque
3387 1985 3458 2039 ita
3489 1985 3607 2048 ﬁet,
3637 1994 3705 2040 ut
3728 1994 3785 2041 et

2191 2076 2343 2141 illud,
2367 2075 2511 2146 quod
2542 2076 2596 2130 in
2618 2075 2914 2146 Evangelio
2939 2074 3162 2131 Joannis
3187 2076 3385 2147 legitur
3410 2095 3423 2131 :
3473 2076 3671 2131 Omnia
3692 2095 3786 2145 per

2189 2164 2339 2219 illum
2386 2166 2529 2235 facta
2579 2173 2742 2218 sunt:
2796 2164 2940 2219 haud
2967 2164 3189 2219 dubium
3234 2165 3362 2234 quin
3400 2180 3497 2236 per
3544 2165 3586 2220 F
3593 2165 3782 2231 ilium,

2189 2267 2296 2307 non
2320 2248 2642 2323 ‘prmjudicet
2677 2251 2902 2307 Domino
2948 2261 3134 2307 nostro
3173 2250 3302 2307 Jesn
3347 2252 3583 2315 Christo,
3617 2255 3783 2324 quasi

2189 2355 2257 2397 ex
2282 2356 2349 2398 eo
2378 2355 2554 2396 mmor
2578 2340 2672 2405 sit,
2714 2341 2859 2411 quod
2898 2339 3074 2397 Patris
3106 2343 3441 2413 obtemperet
3466 2344 3739 2398 voluntati
3764 2363 3779 2398 :

2189 2434 2460 2504 quomodo
2485 2440 2542 2488 et
2589 2448 2735 2488 nunc
2777 2447 2884 2488 non
2932 2433 3244 2502 prtejudicat
3290 2433 3460 2497 Patri,
3506 2434 3653 2504 quod
3684 2450 3784 2506 per

2188 2523 2518 2578 voluntatem
2550 2523 2691 2578 illius
2736 2522 2932 2578 Paulus
2957 2523 3231 2593 apostolus
3254 2522 3384 2579 Jesu
3431 2524 3637 2579 Christi
3684 2527 3777 2581 sit.

2186 2612 2293 2667 Alii
2341 2629 2470 2668 vero
2502 2614 2578 2668 ita
2634 2613 2810 2669 [ot-um
2864 2614 3028 2668 istum
3076 2613 3402 2685 intelligunt,
3455 2622 3515 2669 ut
3547 2613 3783 2670 Paulum

2188 2706 2488 2775 apostolum
2520 2704 2645 2761 Jesu
2673 2704 2874 2761 Christi
2916 2721 3012 2776 per
3030 2706 3367 2772 voluntatem
3410 2705 3525 2770 Dei,
3554 2707 3651 2777 qui
3710 2707 3782 2763 sit

2186 2798 2458 2865 Christus,
2486 2798 2695 2854 ostendi
2722 2808 2910 2870 putent
2935 2818 2949 2855 :
2977 2810 3036 2856 ut
3073 2801 3211 2857 sicut
3236 2802 3530 2872 sapientia,
3558 2802 3782 2879 θιγεῖ-

2184 2891 2334 2955 bum,
2371 2901 2426 2946 et
2450 2891 2624 2945 virtus
2656 2891 2772 2957 Dei,
2797 2901 2853 2947 et
2879 2893 3102 2959 veritas,
3132 2901 3188 2950 et
3208 2895 3557 2959 resurrectio,
3587 2904 3643 2950 et
3666 2896 3782 2951 vita

2185 2981 2404 3046 dicitur,
2436 2982 2508 3035 ita
2530 2981 2695 3036 etiam
2724 2981 2971 3037 voluntas
3006 2983 3321 3053 appelletur.
3347 2983 3601 3038 Nonnulli
3640 2983 3782 3040 nihil

2185 3072 2401 3128 diﬁ‘erre
2431 3074 2768 3139 existimant,
2794 3083 2976 3129 utrum
3022 3090 3120 3145 per
3171 3074 3501 3131 voluntatem
3530 3074 3655 3137 Dei,
3711 3091 3780 3131 an

2108 3141 2153 3202 Ο
2184 3176 2251 3217 ex
2278 3162 2372 3217 Dei
2419 3164 2619 3219 dixerit
2664 3163 2962 3230 voluntate,
3014 3141 3138 3235 quia
3188 3165 3274 3220 his
3301 3166 3781 3236 purpositionibus

2179 3252 2552 3308 indifferenter
2574 3262 2779 3320 utatur,
2800 3264 2854 3309 et
2884 3255 3112 3324 idipsum
3137 3252 3443 3323 signiﬁcare
3466 3269 3563 3323 per
3585 3254 3780 3309 volun-

2180 3352 2345 3398 tatem
2367 3345 2483 3410 Dei,
2510 3345 2663 3413 quasi
2695 3345 2924 3399 dixisset
2953 3357 3018 3397 ex
3066 3344 3343 3399 voluntate
3372 3344 3466 3398 Dei
3500 3362 3514 3398 :
3558 3343 3776 3399 Sanctis

2179 3434 2443 3500 omnibus,
2468 3435 2557 3505 qui
2581 3444 2704 3488 sunt
2730 3429 2941 3504 Ephesi,
2963 3444 3012 3488 et
3035 3433 3279 3503 ﬁdelibus
3302 3435 3358 3489 in
3379 3433 3591 3489 Christo
3614 3434 3771 3490 Iesu.

2178 3521 2405 3589 Quidam
2438 3524 2707 3577 curiosius
2742 3538 2903 3592 quam
2944 3539 3167 3579 necesse
3202 3532 3287 3579 est
3309 3530 3557 3595 ,‘putant
3595 3540 3663 3579 ex
3708 3540 3774 3582 eo

2177 3614 2320 3683 quod
2347 3613 2515 3685 Moysi
2549 3615 2749 3669 dictum
2779 3614 2851 3669 sit
2882 3632 2895 3667 :
2930 3613 3059 3669 HIL’C
3086 3615 3224 3670 dices
3248 3614 3377 3684 ﬁliis
3413 3615 3587 3671 Israel
3614 3629 3635 3667 :
3663 3617 3773 3683 ραὶ

2176 3713 2250 3757 est
2277 3704 2415 3757 misit
2447 3721 2528 3758 me
2553 3703 2750 3775 (Exod.
2774 3703 2879 3775 ιιι),
2908 3704 3073 3758 etiam
3097 3719 3211 3770 eos,
3241 3704 3332 3772 qui
3363 3704 3561 3774 Ephesi
3589 3706 3772 3761 sancti

2178 3800 2305 3847 sunt
2355 3801 2411 3847 et
2445 3792 2631 3848 ﬁdeles
2680 3794 2941 3849 vocabulo
2995 3794 3245 3850 essentia:
3292 3802 3675 3865 nuncupatos:
3712 3803 3772 3850 ut

2175 3883 2443 3952 quomodo
2471 3898 2501 3936 a
2534 3891 2738 3958 sancto
2772 3883 2967 3949 sancti,
3000 3900 3032 3938 a
3076 3884 3225 3954 justo
3264 3882 3416 3952 justi,
3447 3900 3479 3939 a
3520 3885 3770 3956 sapiente

2175 3975 2449 4046 sapientes
2474 3991 2488 4041 ;
2516 3976 2592 4029 ita
2616 3976 2685 4031 ab
2713 3990 2801 4041 eo,
2831 3976 2923 4046 qui
2953 3983 3059 4043 est,
3086 3976 3160 4041 hi,
3185 3976 3277 4046 qui
3304 3984 3454 4041 sunt,
3490 3976 3768 4048 appellen-

2176 4074 2285 4133 tur,
2312 4075 2367 4122 et
2390 4068 2546 4139 juxta
2571 4068 2821 4123 eumdem
2869 4067 3185 4138 Apostolum
3231 4067 3459 4139 elegisse
3485 4068 3653 4124 Deum
3699 4084 3767 4124 ea

2173 4176 2293 4231 quae
2318 4178 2423 4216 non
2458 4168 2637 4226 erant,
2676 4169 2736 4215 ut
2764 4160 3068 4216 destrueret
3109 4176 3173 4215 ea
3218 4176 3338 4230 qua:
3381 4167 3556 4215 erant.
3584 4159 3766 4229 Ipsam

2172 4251 2335 4306 etiam
2364 4249 2700 4320 Scripturam
2737 4264 2859 4319 quae
2898 4249 2955 4303 in
2994 4249 3360 4305 testimonium
3391 4248 3625 4303 adducta
3651 4258 3761 4315 est,

2171 4341 2245 4396 ita
2271 4340 2593 4406 edisserunt,
2609 4350 2668 4395 ut
2690 4340 3109 4396 destructionem
3133 4355 3319 4395 eorum
3341 4354 3463 4409 quae
3483 4345 3655 4402 erant,
3692 4354 3763 4394 ex

2172 4432 2625 4502 consequentibus
2646 4432 3034 4503 intelligamus:
3058 4430 3126 4485 Ut
3149 4447 3272 4495 non,
3297 4429 3490 4498 inquit,
3506 4428 3761 4500 glorietur

2171 4525 2339 4579 omnis
2358 4540 2482 4578 caro
2500 4524 2555 4577 in
2577 4532 2851 4593 conspectu
2875 4521 2988 4577 Dei.
3022 4520 3080 4575 Si
3106 4521 3273 4587 enim,
3291 4519 3462 4584 aiunt,
3484 4518 3757 4587 quispiam

2173 4626 2242 4666 ex
2280 4626 2345 4666 eo
2388 4611 2530 4681 quod
2565 4626 2672 4666 non
2715 4620 2853 4674 erat,
2900 4611 2955 4664 in
3001 4609 3057 4664 id
3097 4608 3239 4678 quod
3271 4619 3356 4663 est
3395 4622 3427 4662 a
3468 4607 3579 4662 Deo
3633 4620 3758 4662 esse

2169 4700 2476 4771 proﬁciens,
2505 4716 2611 4756 non
2640 4701 2814 4757 datori
2848 4700 3073 4773 gratiam
3106 4699 3341 4766 referat,
3386 4699 3477 4754 sed
3521 4698 3604 4753 sui
3636 4713 3756 4753 me-

2169 4791 2259 4846 riti
2300 4792 2534 4847 aestimet
2564 4792 2707 4860 quod
2755 4791 3017 4855 subsistit,
3067 4798 3252 4846 statim
3301 4788 3446 4858 quod
3491 4795 3577 4842 est
3630 4802 3755 4843 esse

2169 4879 2484 4944 destruitur,
2515 4888 2570 4934 et
2592 4879 2780 4949 incipit
2810 4895 2914 4935 non
2939 4894 3059 4935 esse
3105 4877 3248 4948 quod
3271 4875 3464 4931 fuerat.
3490 4875 3599 4930 Alii
3620 4890 3754 4932 vero

2170 4969 2511 5039 simpliciter,
2558 4984 2663 5023 non
2710 4969 2778 5023 ad
2822 4983 2917 5024 eos
2959 4968 3052 5039 qui
3103 4967 3232 5031 sint,
3283 4964 3379 5021 sed
3415 4965 3506 5036 qui
3550 4964 3751 5035 Ephesi

2170 5058 2341 5114 sancti
2366 5066 2423 5114 et
2449 5056 2631 5112 ﬁdeles
2652 5057 2781 5119 sint,
2825 5057 3084 5127 scriplum
3124 5054 3475 5110 arbitrantur.
3508 5053 3577 5108 Et
3617 5053 3752 5108 ﬁde-

2170 5147 2308 5204 libus
2342 5147 2396 5201 in
2422 5145 2547 5202 Jesu
2575 5147 2809 5202 Christo.
2842 5146 3107 5214 Quoniam
3145 5145 3483 5202 sanctificata
3507 5153 3592 5200 est
3630 5160 3747 5199 mu-

2166 5239 2267 5296 lier
2291 5238 2520 5295 inﬁdelis
2546 5239 2600 5292 in
2626 5238 2742 5293 viro
2767 5238 2930 5303 ﬁdeli,
2947 5250 3003 5293 et
3021 5237 3105 5291 vir
3125 5236 3354 5293 iulidelis
3379 5235 3748 5317 sanctiﬁcatus

2164 5340 2250 5388 est
2270 5332 2322 5386 in
2349 5330 2573 5385 muliere
2602 5329 2743 5385 ﬁdeli
2767 5328 2812 5400 (1
2840 5325 2964 5383 Cor.
2990 5327 3086 5399 vu)
3110 5341 3125 5381 :
3150 5334 3207 5381 et
3225 5334 3352 5381 sunt
3368 5338 3585 5395 quoque
3615 5338 3746 5378 vasa

2163 5429 2374 5485 sancta,
2404 5427 2460 5474 et
2509 5427 2670 5473 mutte
2721 5418 2956 5488 pecudes
3010 5430 3133 5486 qua:
3173 5415 3284 5470 Deo
3327 5416 3635 5468 mactantur
3687 5410 3743 5464 iu

2161 5510 2392 5581 templo;
2417 5518 2701 5582 propterea
2729 5523 2844 5574 eos,
2870 5522 3008 5579 quos
3034 5511 3251 5561 sanctos
3271 5501 3504 5566 dixerat,
3530 5498 3745 5555 vocavit

2161 5613 2217 5659 et
2253 5601 2461 5669 ﬁdeles,
2488 5601 2616 5672 quia
2665 5599 2799 5656 ﬁdes
2844 5614 2913 5655 ex
2958 5597 3156 5655 mentis
3183 5594 3417 5669 propriae
3457 5588 3740 5649 descendit

559 5713 762 5784 II-Apud
797 5712 1016 5771 Hieron.
1039 5733 1052 5771 :
1072 5722 1118 5771 et
1158 5713 1223 5771 de
1246 5722 1549 5771 sanctarum
1573 5714 2053 5785 contrariarumque
2089 5715 2340 5770 virtutum
2368 5713 2602 5767 docuerit
2630 5719 2905 5782 potestate.
