4022 6338
283 341 397 400 385

759 340 1314 399 ENARRATIONUM
1350 340 1418 397 IN
1452 340 1600 398 EPP.
1640 340 1848 397 PAULI
1885 340 2014 397 LIB.
2057 340 2218 398 XVII.
2254 371 2324 382 —-
2357 341 2425 395 IN
2463 339 2681 400 EPIST.
2721 342 2814 398 AD
2851 342 3092 400 EPHES.

3451 348 3557 408 386

283 449 540 516 arbitrio,
569 451 923 508 sanctiﬁcatio
946 467 1075 507 vero
1103 469 1170 508 ex
1196 451 1582 508 sanctiﬁcantis
1605 451 1872 506 interdum
1901 457 1949 517 Α
1975 461 2024 506 et
2055 451 2227 506 dixit:
2254 449 2478 506 Crescite
2511 464 2559 506 et
2597 452 3018 523 multiplicamini
3065 455 3082 524 (
3100 451 3229 509 Gen.
3269 457 3342 528 ι).
3385 456 3558 529 Spiri-

281 542 494 610 absque
521 541 801 596 voluntate
825 551 1008 597 nostra
1033 543 1266 597 sumitur
1287 543 1556 612 largitate.
1589 541 1741 608 Quod
1779 556 1876 594 au-

282 640 398 686 tem
423 633 531 686 ait:
562 631 832 686 Fide/ibus
857 636 909 686 in
939 631 1148 687 Christo
1166 633 1293 688 Jesu
1315 674 1329 696 ,
1355 633 1458 687 hoc
1482 634 1546 686 ad
1574 632 1875 686 distinctio-

281 739 410 776 nem
442 722 868 794 diligentissima:
900 725 1294 779 observationis
1342 732 1424 778 est
1452 724 1716 792 positum;
1749 731 1876 777 sunt

279 816 485 883 quippe
511 815 690 882 plures
713 814 915 878 ﬁdeles,
941 815 1034 868 sed
1061 831 1165 869 non
1196 815 1247 867 in
1271 815 1486 868 Christo
1503 814 1626 868 Jesu
1651 829 1664 867 :
1690 815 1733 869 si
1755 815 1874 883 quis

279 908 475 959 reddat
499 907 796 975 depositum
815 948 829 970 ,
861 907 904 960 si
928 908 1050 975 quis
1081 908 1450 961 commendata
1481 923 1586 961 non
1609 909 1872 978 abneget,

279 996 498 1049 ﬁdelem
535 1013 593 1050 se
623 997 857 1052 amicum
899 998 1181 1061 exhibeat,
1226 998 1460 1051 animam
1507 998 1676 1068 magis
1713 1014 1872 1066 quam

281 1087 446 1141 ﬁdem
489 1096 708 1156 paratus
747 1089 814 1141 sit
849 1089 1092 1158 prodere.
1126 1089 1269 1156 quod
1294 1089 1360 1140 de
1407 1086 1675 1142 nonnullis
1702 1088 1876 1156 philo-

280 1182 472 1249 sophis
502 1181 756 1249 legimus,
815 1179 914 1232 iste
947 1187 1000 1232 et
1045 1176 1216 1231 ﬁdelis
1246 1178 1461 1246 quidem
1493 1188 1614 1242 .cst,
1650 1179 1740 1232 sed
1771 1194 1873 1232 non

279 1282 365 1324 est
397 1271 571 1325 fidelis
611 1271 663 1324 in
703 1269 921 1324 Chrism
965 1267 1113 1322 Jesu.
1157 1269 1363 1322 Fideles
1401 1269 1564 1322 etiam
1614 1269 1716 1322 dici
1747 1285 1871 1338 pos-

280 1373 414 1418 sunt
442 1373 498 1418 et
519 1363 916 1422 catecbutneni,
945 1362 1035 1416 sed
1065 1376 1168 1414 non
1197 1361 1383 1414 ﬁdeles
1412 1361 1465 1413 in
1490 1360 1724 1423 Christo,
1749 1361 1874 1429 quia

278 1471 391 1509 non
417 1465 543 1510 sunt
563 1453 819 1525 baptizati
843 1454 897 1507 in
923 1451 1140 1507 Christo
1166 1469 1178 1504 :
1207 1452 1328 1504 Nisi
1349 1451 1464 1521 quis
1487 1461 1694 1504 renatus
1717 1451 1871 1519 fuerit

277 1562 344 1600 ex
375 1563 513 1616 aqua
568 1556 614 1599 et
651 1545 851 1610 Spiritu
881 1554 1082 1608 sancto,
1132 1558 1234 1595 non
1264 1550 1429 1613 potest
1471 1542 1688 1594 introire
1714 1541 1873 1594 in're-

275 1654 440 1706 gnum
467 1636 566 1689 Dei
601 1635 782 1707 (Joan.
805 1635 908 1704 ιιι).

351 1726 541 1780 Gratia
568 1727 706 1781 vobis
734 1736 782 1779 et
811 1743 916 1795 pax
943 1743 974 1779 a
1021 1725 1128 1779 Deo
1169 1723 1331 1778 Patre
1369 1734 1544 1779 nostro
1574 1735 1620 1778 et
1649 1724 1872 1778 Domino

1979 541 2114 596 tales
2149 555 2278 595 vero
2319 541 2719 596 benedictioncs
2759 543 2810 596 in
2857 544 3165 599 cmlestibus
3209 556 3333 600 sunt
3370 565 3384 603 :
3429 551 3556 619 quia

1975 639 2120 686 terra
2170 632 2594 686 benedictionem
2646 633 2940 702 spiritalem
2981 651 3086 689 non
3140 638 3317 707 capit,
3383 640 3554 709 siqui-

1976 725 2097 778 dem
2143 733 2199 778 et
2241 725 2642 779 benedictioues
2686 726 2820 790 illae,
2873 742 2990 795 quae
3038 727 3088 780 in
3143 727 3558 787 Deuteronomio

1977 816 2069 870 Dei
2133 826 2457 886 prateeptum
2532 818 2870 872 servantibus
2929 821 3320 886 promittuntur
3375 820 3552 890 (Deut.

1975 913 2167 976 xxvnt)
2195 925 2207 959 :
2243 907 2392 961 verbi
2414 910 2815 971 causa,cxteris
2841 909 3088 977 gentibus
3117 910 3370 974 lenerari,
3399 911 3556 978 plena

1975 1011 2094 1050 esse
2141 998 2329 1051 horrea
2372 999 2676 1062 frutuentis,
2707 1001 3019 1054 benedictus
3047 1018 3168 1056 esse
3226 1003 3277 1055 in
3312 1005 3554 1066 urbibus,

1973 1086 2286 1141 benedictos
2307 1087 2358 1140 in
2383 1087 2617 1157 agris,et
2644 1097 2837 1143 cmtera
2867 1091 2951 1144 his
2973 1092 3190 1156 similia,
3209 1093 3258 1144 in
3282 1093 3557 1160 prophetis

1975 1193 2080 1231 non
2102 1178 2585 1248 videmus'itnpleta
2611 1181 2936 1245 hominibus,
2979 1183 3069 1250 qui
3103 1183 3154 1235 iu
3186 1183 3396 1238 melotis
3424 1193 3478 1236 et
3502 1186 3554 1236 in

1975 1269 2209 1336 caprinis
2241 1269 2466 1338 pellibus
2491 1271 2844 1324 erraverunt:
2877 1273 2928 1325 in
2951 1283 3192 1343 egestate
3214 1283 3269 1328 et
3289 1276 3553 1343 angustia,

1974 1358 2028 1412 in
2057 1358 2287 1412 desertis
2317 1360 2606 1424 montibus,
2661 1361 2712 1414 in
2759 1362 3051 1431 speluncis,
3088 1365 3137 1417 in
3188 1366 3438 1419 cavernis
3463 1381 3558 1434 pe-
3639 1433 3646 1436 _

1975 1457 2204 1514 trarum,
2225 1451 2456 1518 impetus
2475 1462 2883 1519 persccutorum
2901 1454 3234 1509 declinantes
3249 1453 3434 1524 (Hebr.
3455 1456 3553 1527 xl).
3587 1461 3600 1468 “

1976 1536 2306 1608 Spiritaliter
2322 1555 2452 1610 ergo
2477 1541 2653 1594 omnia
2683 1542 2992 1611 accipienda
3021 1552 3164 1605 sunt,
3190 1552 3244 1597 et
3274 1544 3554 1610 spiritalia,
3615 1563 3618 1566 ’

1973 1645 2080 1684 non
2123 1629 2174 1683 in
2207 1632 2436 1686 terrenis
2459 1631 2610 1697 locis,
2636 1634 2726 1688 sed
2765 1634 2818 1686 in
2841 1634 3148 1689 coclesubus
3172 1637 3552 1704 exspectanda.

1974 1720 2126 1786 Quod
2156 1736 2282 1775 vero
2323 1722 2437 1775 ait:
2491 1721 2768 1776 Benedixit
2815 1740 2906 1776 nos
2942 1725 2996 1777 in
3018 1725 3160 1776 omni
3210 1723 3560 1779 benedictione

273 1818 428 1872 Jesu.
465 1818 702 1888 (Ambu)
743 1819 986 1872 Gratiam
1029 1818 1121 1872 Dei
1161 1834 1283 1873 cum
1334 1819 1538 1872 sanctis
1583 1819 1713 1872 dicit
1750 1834 1869 1872 esse
1900 1799 1945 1857 B
1973 1808 2198 1878 δρινὶιαιὶ
2231 1809 2283 1862 δη
2313 1810 2619 1874 “Flatibus,
2647 1812 2800 1880 Q"3Si
2825 1811 2938 1878 iam
2970 1814 3021 1866 ίη
3053 1813 3327 1880 Priuerno
3357 1813 3557 1867 Γδεῑυω

274 1919 331 1964 et
356 1909 626 1968 ﬁdelibus.
657 1925 816 1979 quem
846 1920 1054 1979 patrem
1079 1919 1323 1964 nostrum
1349 1909 1580 1978 appellat
1609 1927 1621 1962 :
1651 1910 1776 1978 quia
1803 1910 1872 1964 ab

275 2001 397 2069 ipso
426 2010 554 2054 sunt
578 2003 758 2053 omnia
785 2010 839 2054 et
865 2002 1078 2055 condita
1131 2009 1187 2054 et
1232 2009 1571 2065 restaurata;
1597 1999 1870 2054 Christum
1911 2045 1922 2056 .

273 2102 462 2146 autem
489 2092 774 2146 Dominum
808 2102 1072 2156 nostrum,
1107 2095 1233 2162 quia
1264 2093 1492 2146 redemit
1521 2107 1618 2146 nos
1642 2093 1872 2147 offerens

273 2197 334 2237 se
359 2199 458 2252 pro
487 2183 659 2237 nobis.
701 2181 899 2253 (liier.)
952 2183 1078 2236 Sive
1125 2185 1285 2237 ambo
1331 2184 1398 2236 ad
1432 2193 1738 2252 utrumque,
1770 2183 1873 2239 hoc

273 2282 382 2337 est,
417 2282 471 2327 et
501 2273 673 2342 gratia
701 2282 755 2325 et
790 2287 892 2341 pax
930 2287 960 2324 a
1002 2271 1133 2336 Deo,
1179 2281 1285 2324 tam
1328 2272 1394 2325 ad
1446 2272 1612 2326 Deum
1640 2282 1868 2341 patrem,

277 2347 444 2429 quam
471 2363 536 2413 ad
559 2359 845 2413 Dominum
869 2358 1050 2413 Jesum
1075 2359 1374 2423 Christum,
1404 2361 1515 2415 sive
1538 2362 1603 2414 ad
1631 2363 1870 2430 singulos

273 2450 562 2505 referenda
580 2459 706 2503 sunt
722 2449 952 2518 singula,
971 2460 1027 2501 ut
1049 2449 1220 2519 gratia
1242 2449 1308 2503 ad
1333 2449 1497 2502 Deunt
1512 2449 1750 2512 Patrem,
1768 2466 1868 2518 pax

271 2558 407 2597 vero
437 2539 703 2595 referatur
725 2542 790 2594 ad
819 2541 1114 2594 Christum.
1156 2539 1432 2608 Siquidem
1477 2541 1658 2593 statim
1688 2540 1872 2608 sequi-

272 2641 399 2686 tur:
433 2631 501 2684 In
524 2631 735 2684 laudem
761 2630 943 2700 gloria:
972 2631 1157 2699 gratim
1181 2646 1311 2692 suat,
1339 2631 1392 2682 in
1422 2629 1524 2699 quit
1561 2630 1869 2698 gratiﬁcavit

273 2739 374 2776 nos
396 2725 449 2775 in
473 2721 682 2784 dilecto,
709 2730 763 2774 ut
794 2720 969 2791 gratia
997 2720 1174 2774 Patris
1213 2721 1264 2773 in
1289 2735 1353 2774 eo
1377 2720 1465 2784 sit,
1501 2719 1644 2787 quod
1671 2719 1867 2772 Filium

270 2827 376 2882 pro
397 2813 571 2866 salute
597 2813 849 2879 dignatus
877 2820 961 2865 est
986 2811 1201 2865 mittere
1225 2824 1239 2862 :
1272 2825 1374 2880 pax
1398 2824 1526 2862 vero
1557 2809 1674 2862 Filii
1703 2810 1754 2862 in
1784 2824 1868 2872 co,

272 2906 419 2975 quod
445 2920 544 2972 per
565 2904 735 2972 ipsum
759 2903 906 2956 Patri
932 2902 1267 2957 reconciliati
1292 2918 1499 2964 sumus,
1519 2912 1572 2955 et
1593 2901 1870 2956 destructo

272 2997 457 3050 medio
477 2996 700 3065 pariete,
722 2995 1032 3048 inimicitias
1055 2996 1106 3048 in
1124 3009 1289 3048 carne
1314 3010 1410 3048 sua
1428 3008 1716 3056 evacuans,
1735 2994 1873 3056 fece-

271 3088 349 3141 rit
366 3098 594 3155 utraque
610 3102 794 3139 untun.
814 3086 998 3146 Aliter,
1020 3097 1146 3139 tunc
1171 3085 1342 3156 gratia
1363 3085 1452 3138 Dei
1470 3085 1677 3153 prolicit
1694 3085 1866 3149 nobis,

273 3179 319 3233 si
355 3179 552 3247 ingrati
582 3194 687 3232 non
735 3178 937 3232 erimus
972 3175 1203 3248 [Forsan
1234 3179 1372 3230 deest
1407 3175 1638 3246 auctori]
1683 3176 1868 3232 salutis

273 3278 499 3330 nostra;
518 3269 724 3323 meritis
741 3269 940 3322 nostris
953 3270 1274 3336 deputantes
1289 3269 1425 3322 bona
1445 3278 1656 3333 nostra;
1684 3285 1868 3338 pacem

274 3376 412 3414 vero
437 3359 892 3414 reconciliationis
915 3359 1274 3424 servabimus,
1299 3359 1342 3412 si
1376 3358 1507 3412 nihil
1537 3360 1873 3412 contrarium

276 3453 512 3506 facimus
533 3451 650 3521 ejus
673 3451 955 3516 voluntati,
974 3453 1062 3519 qui
1090 3467 1186 3506 nos
1209 3451 1514 3520 paciﬁcavit
1539 3453 1588 3504 in
1614 3453 1870 3521 sanguine

277 3558 398 3596 suo.
417 3541 728 3595 Benedictus
749 3540 890 3594 Deus
910 3555 955 3593 et
976 3541 1138 3594 Pater
1157 3541 1363 3593 Domini
1386 3543 1549 3594 nostri
1573 3541 1700 3594 Jesn
1723 3540 1873 3594 Chri-

277 3635 372 3696 sti,
393 3635 482 3703 qui
512 3633 770 3686 benedixit
796 3649 888 3685 nos
919 3633 972 3684 in
1003 3632 1143 3685 omni
1183 3632 1538 3685 benedictione
1563 3632 1791 3701 spiritali
1817 3633 1871 3686 in

281 3724 592 3787 cmlestibus,
620 3726 674 3777 in
706 3723 912 3776 Christo
941 3721 1090 3776 Iesu.
1119 3722 1351 3793 (Ambr.)
1381 3723 1664 3777 Benedixit
1693 3739 1790 3778 nos
1818 3724 1870 3778 in

279 3816 434 3869 omni
458 3815 829 3870 benedictione
851 3814 1099 3884 spiritali,
1127 3814 1180 3868 id
1205 3823 1305 3880 est,
1333 3830 1438 3868 non
1486 3816 1752 3869 mundana
1777 3815 1872 3870 sed

280 3911 494 3966 caelesti
524 3910 920 3973 benedictione,
947 3925 1121 3979 neque
1145 3909 1501 3979 corruptibili,
1530 3911 1624 3964 sed
1648 3923 1870 3975 aeterna,

280 4004 412 4073 quia
443 4002 611 4072 gloria
638 4001 1069 4075 Christianorum
1108 4018 1213 4057 non
1245 4002 1298 4055 in
1327 4011 1494 4066 terra,
1521 4001 1613 4056 sed
1646 4003 1696 4056 in
1735 4003 1872 4058 cmlo

279 4103 399 4157 est,
425 4103 482 4147 et
505 4103 590 4148 est
618 4093 670 4146 in
700 4090 936 4147 Christo.
967 4092 1138 4147 Omne
1169 4093 1311 4145 enim
1338 4093 1536 4146 donum
1567 4093 1752 4161 gratia:
1779 4093 1872 4146 Dei

280 4187 338 4240 in
362 4187 584 4241 Christo
607 4196 720 4251 est,
753 4193 812 4239 ut
842 4185 884 4239 si
917 4185 1038 4256 quis
1071 4194 1252 4254 spreto
1283 4184 1501 4239 Christo
1529 4185 1775 4238 benedici
1815 4201 1874 4240 se

279 4290 312 4328 a
339 4275 452 4328 Deo
475 4284 647 4343 putet,
671 4289 858 4328 errare
881 4289 940 4328 se
963 4275 1119 4328 sciat.
1151 4273 1349 4345 (llier.)
1374 4274 1654 4340 Quomodo
1683 4290 1874 4329 secun-

280 4369 412 4423 dum
444 4367 801 4421 substantiam
855 4374 1017 4435 atque
1065 4375 1313 4419 naturam
1367 4365 1510 4419 Deus
1557 4367 1729 4420 bonus
1776 4382 1872 4421 nos

279 4460 665 4515 communione
693 4459 776 4512 sui
809 4457 984 4512 effecit
1012 4459 1198 4520 bonos,
1229 4466 1284 4510 et
1311 4455 1546 4526 loquitur
1572 4457 1637 4511 ad
1667 4457 1830 4512 Israel
1855 4472 1869 4510 :

280 4551 474 4607 Sancti
500 4560 680 4614 estote,
708 4550 952 4620 quoniam
981 4559 1029 4602 et
1049 4565 1142 4618 ego
1167 4557 1378 4602 sanctus
1405 4563 1519 4600 sum
1565 4546 1712 4616 (Leu.
1737 4550 1867 4619 xx);

279 4643 356 4697 ita
381 4651 440 4698 et
481 4644 593 4712 ipse
621 4641 934 4696 benedictus
989 4655 1086 4695 nos
1120 4649 1341 4710 praestat
1368 4655 1487 4694 esse
1534 4638 1867 4696 benedictos.

281 4733 387 4788 Dat
410 4735 606 4803 quippe
638 4733 912 4803 legislator
938 4731 1360 4795 benedictioncs,
1386 4740 1433 4784 et
1457 4731 1741 4785 benedictio
1768 4731 1874 4785 Do-

276 4827 411 4882 mini
438 4843 594 4896 super
611 4835 764 4895 caput
780 4825 934 4894 justi,
953 4825 1107 4894 cujus
1133 4824 1524 4879 benedictionis
1545 4840 1872 4894 cognomen-

277 4930 397 4972 tum
437 4917 600 4970 habet
633 4917 877 4982 Baruch,
911 4917 1000 4985 qui
1039 4916 1090 4969 in
1128 4915 1304 4986 lingua
1327 4923 1512 4969 nostra
1551 4915 1870 4970 benedictum

277 5017 461 5065 sonat.
483 5008 759 5061 benedixit
775 5023 893 5071 nos,
913 5023 1015 5060 non
1041 5007 1090 5078 in
1114 5022 1216 5060 una
1236 5004 1608 5060 benedictione
1627 5006 1719 5059 sed
1739 5022 1870 5058 cun-

276 5079 379 5155 ctis
403 5114 422 5152 :
445 5115 551 5154 non
575 5099 715 5168 quod
747 5114 936 5153 omnes
967 5098 1145 5152 omnia
1183 5112 1597 5166 consequamur,
1630 5096 1723 5150 sed
1745 5096 1868 5150 dum

275 5189 602 5261 singuli,vel
629 5188 992 5258 singulas,vel
1013 5189 1194 5257 plures
1219 5203 1282 5242 ex
1315 5186 1566 5241 omnibus
1589 5187 1869 5252 habemus,

275 5296 474 5338 omnes
518 5297 618 5350 per
662 5279 904 5350 singulas
933 5280 1292 5350 possidemus,
1319 5289 1373 5333 et
1416 5295 1521 5334 non
1559 5279 1612 5332 in
1640 5278 1872 5332 terrenis

275 5372 770 5435 benedictionibus,
823 5372 914 5426 sed
946 5372 995 5424 in
1041 5370 1392 5442 spiritalibus.
1423 5369 1560 5424 Sunt
1596 5371 1793 5440 quippe
1819 5376 1874 5422 et

277 5475 517 5520 terrente
565 5463 990 5528 henedictiones,
1042 5463 1246 5516 habere
1295 5461 1600 5530 quempiam
1651 5461 1869 5526 liberos,

277 5554 506 5610 amuere
537 5554 749 5623 opibus,
768 5553 973 5609 honore
997 5562 1054 5607 ct
1077 5552 1312 5608 sanitate
1335 5551 1566 5622 gaudere
1591 5568 1602 5604 :
1627 5567 1745 5621 qua:
1767 5560 1874 5605 ter-

280 5660 416 5702 rena
445 5645 751 5701 benedictio
773 5660 944 5716 usque
974 5643 1041 5698 ad
1081 5642 1468 5698 irrationabilia
1505 5650 1747 5709 jumenta
1775 5641 1872 5694 de-

280 5736 517 5793 scendit.
553 5735 770 5792 Dictum
803 5735 1001 5806 quippe
1033 5734 1172 5789 illis:
1203 5731 1476 5787 Benedixit
1497 5729 1570 5785 eis
1595 5729 1871 5797 Dominus,

1901 4501 1951 4559 D

1974 1899 2067 1964 sit,
2091 1909 2146 1954 et
2172 1916 2276 1954 non
2309 1901 2362 1954 in
2407 1901 2588 1955 futuro
2618 1903 2964 1971 promissum,
2997 1904 3047 1956 id
3077 1912 3160 1957 est
3189 1905 3481 1970 benedixit,
3505 1913 3561 1960 et

1975 2005 2079 2044 non
2126 1990 2506 2046 benedicturus
2549 2002 2666 2058 est;
2718 1995 2977 2062 quaeritur
3007 1997 3273 2062 quomodo
3303 1997 3478 2051 adhuc
3504 1998 3560 2051 in

1975 2089 2121 2132 terra
2151 2095 2247 2134 nos
2291 2082 2495 2149 positos
2533 2083 2736 2138 caelesti
2781 2085 3156 2139 benedictione
3185 2086 3556 2141 benedixerit:

1974 2169 2090 2223 sive
2139 2171 2340 2240 igitur,
2392 2174 2535 2240 quod
2586 2177 2909 2228 conversatio
2967 2185 3145 2228 nostra
3195 2177 3250 2229 in
3301 2178 3439 2230 caelis
3484 2186 3561 2232 est

1975 2255 2195 2330 (Philip.
2219 2260 2322 2330 ιιι),
2356 2272 2410 2316 et
2438 2278 2541 2316 non
2573 2278 2757 2318 sumus
2785 2264 2851 2319 de
2883 2264 3079 2318 mundo
3103 2267 3228 2330 isto,
3256 2268 3369 2331 sed,
3394 2269 3559 2336 depo-

1965 2352 2076 2404 sita
2107 2353 2338 2423 itnagine
2367 2355 2558 2416 ehoici,
2589 2365 2867 2425 portamus
2900 2358 3186 2423 imaginem
3237 2361 3564 2429 supercuile~

1975 2442 2094 2506 stis,
2121 2451 2174 2496 et
2206 2444 2259 2496 in
2299 2459 2460 2498 carne
2488 2461 2591 2499 non
2621 2446 2870 2511 vivimus,
2907 2449 2999 2501 sed
3032 2449 3084 2501 in
3129 2449 3320 2517 spiritu
3349 2449 3397 2520 (Ι
3429 2448 3553 2504 Cor.

1973 2531 2089 2601 xv),
2115 2542 2169 2586 et
2192 2535 2622 2590 thesaurizamus
2651 2538 2806 2592 nobis
2837 2539 2889 2591 in
2935 2539 3107 2602 caelis,
3140 2540 3228 2593 ubi
3259 2550 3312 2595 et
3341 2558 3435 2596 cor
3465 2543 3562 2595 ha-

1973 2621 2184 2684 bemus,
2209 2623 2440 2677 dicimur
2465 2641 2606 2680 nunc
2631 2627 2835 2681 cmleSti
2867 2628 3237 2684 benedictione
3268 2632 3558 2698 benedicti,

1975 2711 2088 2764 sive
2108 2721 2255 2764 certe
2282 2705 2422 2778 quad
2444 2715 2619 2767 omnis
2641 2715 2941 2770 benedictio
2962 2718 3220 2786 spiritalis
3249 2719 3302 2772 in
3322 2719 3560 2790 Christo,

1975 2799 2101 2853 licet
2145 2800 2196 2852 itt
2227 2811 2371 2855 terra
2401 2803 2494 2866 sit,
2527 2812 2702 2858 tamen
2733 2806 2799 2859 de
2841 2807 3152 2862 cmleslibus
3202 2823 3558 2879 computetur.

1974 2887 2250 2942 Bcnedixit
2275 2909 2390 2954 nos,
2425 2894 2686 2961 inquit,in
2709 2898 2850 2948 omni
2873 2896 3229 2952 benedictione
3257 2901 3483 2968 spiritali
3507 2903 3563 2956 in

1974 2980 2261 3033 ctelestibus
2291 2983 2344 3034 in
2377 2979 2601 3048 Christo,
2628 2984 2680 3036 in
2721 2999 2969 3038 sermone
3002 2987 3116 3050 Dei,
3149 2999 3202 3042 et
3228 2991 3474 3057 scientia,
3505 3001 3562 3048 et

1973 3071 2224 3135 veritate,
2254 3074 2570 3142 cmterisque
2599 3076 2911 3131 virtutibus.
2949 3076 3246 3146 Dupliciter
3274 3092 3452 3136 autem
3489 3083 3563 3138 le-

1973 3164 2202 3234 gendum
2228 3163 2570 3220 :Benedictus
2585 3167 2722 3222 Deus
2746 3179 2792 3222 et
2819 3166 2981 3222 Pater
3002 3169 3217 3224 Domini
3246 3175 3412 3226 nostri
3431 3173 3560 3228 Jesu

1972 3252 2188 3317 Christi;
2212 3264 2267 3308 ut
2289 3257 2359 3310 sit
2381 3257 2696 3312 benedictus
2719 3259 2884 3323 Deus,
2903 3261 2995 3328 qui
3028 3260 3402 3316 universorum
3430 3281 3561 3319 con-

1971 3345 2114 3398 ditor
2139 3356 2221 3400 est
2268 3360 2322 3400 et
2378 3348 2654 3418 hucusque
2703 3350 3016 3417 distinctio;
3063 3353 3320 3424 deinceps
3363 3357 3560 3412 infera-

1973 3444 2104 3489 tur:
2150 3436 2252 3501 ρκὶ
2311 3448 2384 3492 est
2434 3449 2482 3493 et
2533 3439 2697 3495 Pater
2737 3441 2952 3496 Domini
3000 3447 3163 3497 nostri
3224 3445 3354 3501 Jesu
3410 3448 3563 3504 Chri-

1971 3531 2082 3592 sti;
2125 3532 2206 3586 vel
2243 3532 2359 3586 ita:
2406 3543 2466 3588 ut
2520 3536 2660 3589 Deus
2698 3545 2752 3590 et
2796 3537 2958 3592 Pater
3005 3541 3070 3594 ad
3123 3543 3404 3598 Dominum
3459 3560 3559 3602 no-

1972 3629 2144 3674 strunt
2176 3621 2226 3675 in
2257 3637 2541 3680 commune
2572 3625 2857 3682 referatur.
2890 3628 3211 3686 Benedictus
3239 3632 3378 3689 Deus
3418 3635 3556 3704 ejus,

1971 3711 2061 3780 qui
2092 3723 2401 3782 assumptus
2455 3724 2538 3768 est
2589 3715 2842 3780 hominis,
2902 3727 2956 3771 et
3011 3718 3172 3773 Pater
3206 3721 3342 3790 ejus,
3384 3723 3474 3791 qui
3505 3725 3560 3778 in

1971 3802 2238 3871 principio
2274 3805 2413 3873 apud
2453 3806 2618 3860 Deum
2652 3806 2753 3860 fuit
2781 3807 2924 3862 Deus
2951 3809 3171 3863 verbum
3211 3827 3224 3865 :
3259 3828 3364 3866 non
3413 3815 3557 3884 quod

1974 3895 2110 3949 alius
2139 3907 2448 3966 assumptus
2479 3898 2639 3952 homo
2663 3939 2678 3962 ,
2716 3907 2769 3952 et
2823 3899 2959 3954 alius
3005 3902 3075 3954 sit
3119 3916 3319 3967 sermo,
3349 3905 3438 3973 qui
3473 3920 3561 3960 as-

1974 3987 2294 4054 sumpscrit;
2328 3989 2420 4041 sed
2453 3989 2594 4056 quod
2626 4004 2766 4042 unus
2795 3999 2955 4058 atque
2986 3991 3125 4044 idem
3173 4008 3272 4060 pro
3298 3997 3561 4051 varietate

1975 4091 2280 4139 causarum,
2325 4092 2470 4130 nunc
2499 4077 2762 4142 sublimis,
2797 4095 2938 4132 nunc
2968 4080 3184 4135 humilis
3215 4084 3558 4151 praedicetur.

1976 4164 2121 4220 Sicut
2153 4167 2302 4236 elegit
2340 4183 2431 4220 nos
2457 4168 2508 4220 in
2537 4168 2647 4235 ipso
2674 4179 2794 4221 ante
2824 4171 3243 4224 constitutionem
3271 4175 3474 4240 mund',
3503 4186 3561 4228 ut

1975 4273 2200 4311 essemus
2221 4258 2387 4310 sancti
2407 4267 2454 4311 et
2477 4257 2800 4312 immaculati
2824 4276 2999 4314 coram
3023 4261 3153 4329 ipso.
3176 4262 3278 4318 Pro
3299 4267 3562 4321 constitu-

1978 4351 2121 4405 tione
2145 4351 2350 4414 mundi,
2369 4353 2420 4404 in
2443 4350 2630 4406 Graeco
2651 4353 2911 4421 scriptum
2933 4362 3036 4416 est,
3052 4357 3152 4428 πρὸ
3170 4358 3452 4418 καταϐολῆς
3472 4365 3559 4414 τοῦ

1976 4449 2192 4513 κοσμοῦ,
2231 4459 2334 4497 ηοιι
2358 4443 2530 4512 ipsum
2559 4454 2734 4498 autem
2766 4446 3039 4508 καταϐολή,
3076 4447 3216 4514 quod
3248 4449 3562 4503 constitutio

1976 4543 2151 4588 sonat.
2188 4533 2341 4589 Unde
2375 4542 2431 4588 et
2457 4550 2554 4589 nos
2584 4545 2806 4604 pr0pter
2844 4546 3214 4605 paupertatem
3260 4537 3476 4608 linguae,
3508 4548 3564 4594 et

1975 4641 2156 4680 rerum
2187 4625 2501 4690 novitatem,
2527 4635 2581 4679 et
2609 4626 2748 4679 sicut
2776 4626 2992 4694 quidam
3023 4625 3120 4688 ait,
3153 4628 3293 4695 quod
3325 4628 3394 4682 sit
3416 4627 3564 4684 Grae—

1975 4730 2162 4770 corum
2191 4723 2247 4770 et
2288 4730 2468 4770 sermo
2493 4715 2650 4769 latior
2683 4723 2736 4768 et
2771 4715 2950 4786 lingua
2998 4715 3222 4782 felicior,
3247 4719 3563 4774 conabimur

1976 4820 2083 4859 non
2115 4814 2221 4858 tam
2266 4805 2489 4859 verbum
2523 4804 2815 4860 transferre
2851 4805 2917 4858 de
2960 4807 3144 4870 verbo,
3182 4810 3324 4876 quod
3366 4811 3562 4880 impos-

1975 4895 2133 4949 sibile
2154 4903 2257 4957 est,
2274 4910 2432 4964 quam
2461 4895 2567 4948 vim
2585 4895 2731 4948 verbi
2755 4896 2988 4962 quodam
3013 4895 3281 4967 explicare
3307 4900 3556 4955 circuitu.

1975 4989 2232 5048 Καταϐολή
2253 4989 2466 5058 proprie
2489 4987 2707 5050 dicitur,
2726 5003 2847 5040 cum
2873 4989 2998 5056 quid
3016 4989 3262 5044 deorsum
3282 4991 3482 5060 jacitur
3507 5001 3564 5047 et

1976 5081 2029 5134 in
2057 5080 2363 5134 inferiorem
2395 5079 2567 5132 locum
2598 5077 2830 5131 mittitur
2849 5079 2912 5133 de
2934 5079 3178 5146 sublimi,
3206 5082 3288 5135 vel
3313 5099 3433 5136 cutn
3465 5083 3562 5137 ali-

1974 5189 2079 5244 qua
2113 5187 2198 5226 res
2231 5169 2393 5224 sumit
2420 5167 2719 5222 exordium.
2753 5167 2903 5223 Unde
2931 5181 2982 5224 et
3008 5170 3060 5224 hi
3085 5171 3175 5240 qui
3205 5171 3561 5226 tediumfntu-

1975 5279 2156 5318 rarum
2197 5261 2366 5328 prima
2410 5257 2620 5324 jaciunt
2653 5258 2998 5314 fundamenta
3043 5261 3466 5327 καταϐοληκέναι,
3509 5263 3560 5318 id

1977 5364 2060 5408 est
2095 5353 2342 5418 deorsum
2373 5349 2523 5402 initia
2562 5347 3030 5404 fundamentorum
3055 5351 3255 5420 jecisse
3285 5353 3556 5408 dicuntur.

1979 5445 2176 5502 Volens
2204 5444 2386 5513 itaque
2409 5441 2604 5496 Paulus
2634 5443 2918 5497 ostendere
2950 5444 3091 5514 quod
3131 5444 3272 5499 Dens
3310 5447 3560 5500 universa

1979 5538 2051 5593 sit
2085 5535 2424 5590 machinatus
2443 5550 2508 5588 ex
2535 5534 2703 5588 nihilo
2730 5550 2836 5589 non
2861 5536 3245 5600 conditionem,
3280 5552 3385 5589 non
3409 5550 3562 5588 crea-

1980 5640 2153 5686 turam
2177 5635 2340 5697 atque
2361 5625 2645 5691 facturam,
2673 5625 2766 5680 sed
2791 5627 3090 5691 καταϐολήν,
3123 5627 3175 5681 id
3211 5635 3314 5690 est,
3348 5623 3561 5678 initium

1981 5720 2308 5778 fundamenti
2341 5718 2405 5773 ad
2435 5734 2556 5773 eum
2580 5717 2786 5784 retulit,
2810 5725 2870 5772 ut
2896 5732 2999 5772 non
3021 5715 3176 5786 juxta
3207 5712 3561 5769 Manichzcum
