3986 6338
437 343 542 404 587

1076 343 1138 398 Β.
1178 341 1436 398 ΗΑΒΑΝΙ
1475 339 2052 399 MAUR1.ARCHIEP.
2081 337 2405 413 .MOGUNT.
2446 336 2735 397 OPERUM
2772 333 2953 394 PARS
2992 330 3080 392 ill.

3613 338 3735 396 588

441 460 532 534 (et
557 466 781 514 caeteras
819 456 1054 512 haereses
1085 471 1207 526 quae
1237 456 1498 512 factorem
1530 465 1587 511 et
1622 455 1906 511 materiam
1943 469 2036 528 p0-
2061 457 2110 519 Α
2138 452 2229 510 sit.
2264 451 2333 506 In
2357 451 2568 508 laudem
2595 451 2778 522 gloria:
2817 451 3004 521 gratia:
3029 464 3160 514 suae,
3191 451 3247 503 in
3275 465 3379 519 qua
3413 449 3739 519 gratiﬁcavit

441 551 607 620 nunt)
633 543 832 617 aliquid
859 547 1000 602 unde
1023 555 1286 602 creaturae
1331 548 1442 602 sint
1469 545 1624 601 factm
1641 585 1656 612 ,
1681 545 2033 601 antecesserit

2135 559 2228 598 nos
2253 543 2309 597 in
2331 541 2539 596 dilecto.
2562 541 2705 596 Deus
2728 540 2881 596 nobis
2903 539 3135 612 gratiam
3154 539 3319 612 dedit,
3342 547 3566 610 prepter
3585 543 3744 610 quod

441 647 746 703 creaturas,
776 632 874 692 sed
898 637 1081 692 omnia
1127 651 1195 692 ex
1248 636 1417 692 nihilo
1460 634 1820 690 substiterint.
1878 633 2035 702 Quod
2136 634 2471 690 credidimus
2498 633 2551 688 in
2580 633 2777 690 Filium
2826 633 2944 703 ejus
2985 631 3280 687 Christum.
3313 631 3555 703 Diligens
3584 633 3744 689 enim

443 729 648 784 electos
673 742 792 792 nos,
824 735 885 780 ut
907 741 1149 782 essemus
1193 727 1366 782 sancti
1405 734 1459 782 et
1493 724 1826 780 immaculati
1851 740 2035 780 coram
2136 726 2476 796 unigenitum
2503 741 2660 781 suum
2703 723 3039 779 amatoribus
3089 723 3208 795 ejus
3251 722 3433 778 divina
3460 725 3602 780 dona
3625 725 3748 781 lar-

445 822 588 891 ipso,
626 821 729 874 hoc
766 827 849 873 est
902 819 1011 874 Deo
1037 859 1052 884 ,
1101 827 1226 874 ante
1264 817 1526 874 fabricam
1572 817 1759 872 mundi
1808 824 2038 873 testatus

447 921 552 977 est,
589 911 658 966 ad
689 909 1086 982 prmscicntiam
1114 909 1211 964 Dei
1239 909 1497 979 pertinet,
1529 906 1616 980 cui
1645 907 1829 962 omnia
1857 905 2038 961 futura

442 1003 555 1074 jam
580 1002 725 1056 facta
753 1009 899 1066 sunt,
929 1008 985 1055 et
1013 1007 1302 1070 antequam
1335 998 1470 1052 ﬁant
1498 997 1752 1052 universa
1782 1007 1908 1051 sunt
1942 1012 2040 1052 no-

453 1101 504 1146 ta
529 1109 544 1158 ;
575 1092 714 1147 sicut
737 1099 792 1144 et
826 1089 1029 1144 Paulus
1063 1089 1176 1160 ipse
1201 1087 1616 1158 praedestinatur
1645 1085 1698 1140 in
1727 1093 1881 1141 utero
1918 1100 2039 1140 ma-

452 1183 552 1238 tris
578 1197 710 1248 suze,
738 1189 793 1236 et
816 1179 1084 1235 Jeremias
1111 1180 1166 1234 in
1193 1179 1350 1234 vulva
1373 1176 1766 1233 sanctiﬁcatur.
1810 1175 2040 1248 (Ambr.)

453 1271 718 1326 Przescius
761 1271 1003 1325 omnium
1033 1269 1175 1324 Deus
1200 1269 1322 1334 scit,
1353 1267 1448 1337 qui
1490 1265 1746 1321 credituri
1781 1274 1962 1320 essent
1988 1265 2044 1319 in

359 1415 361 1420 .
455 1362 754 1427 Christum,
792 1360 1083 1416 sicutdicit
1115 1360 1184 1414 ad
1209 1359 1486 1414 Romanos
1514 1372 1530 1411 :
1563 1357 1707 1422 Quas
1733 1357 1962 1426 pra'sciit
1995 1363 2044 1410 et

454 1452 654 1507 vocavit
696 1469 790 1506 nos
838 1451 1019 1521 (Rom.
1047 1448 1190 1522 vin),
1234 1464 1342 1503 non
1388 1447 1562 1503 solum
1606 1463 1672 1501 ex
1701 1445 1921 1510 Iudaeis,
1951 1445 2046 1501 sed

455 1543 621 1599 etiam
650 1557 716 1598 ex
739 1543 1008 1611 gentibus.
1065 1541 1212 1608 Quos
1254 1555 1383 1610 ergo
1432 1540 1574 1593 Deus
1603 1537 1801 1592 dicitur
1827 1551 2045 1604 vocare,

455 1643 806 1708 perseverant
831 1634 885 1688 in
916 1633 1020 1689 ﬁde
1056 1622 1077 1688 ε’
1113 1633 1171 1688 hi
1199 1645 1325 1688 sunt
1359 1646 1496 1701 quos
1529 1629 1694 1700 elegit
1734 1636 1862 1682 ante
1887 1643 2046 1681 mun-

459 1728 586 1783 dum
611 1728 664 1782 in
704 1725 940 1792 Christo,
965 1734 1026 1780 ut
1065 1725 1175 1781 sint
1207 1724 1620 1780 incontaminati
1647 1737 1828 1779 coram
1857 1721 1969 1776 Deo
1992 1721 2049 1776 in

2139 817 2304 887 gitur.
2365 815 2566 887 (Ηὶεν.)
2617 815 2806 872 Omnis
2835 829 2964 885 ergo
3002 814 3198 885 gratia,
3249 829 3414 884 quam
3443 815 3748 887 consequi-

2141 924 2264 964 mur
2284 907 2338 962 in
2363 906 2592 976 gloriam
2618 913 2673 960 et
2698 905 2912 960 laudem
2953 903 3094 972 ejus.
3123 904 3214 973 qui
3258 919 3359 960 nos
3405 904 3749 976 gratiﬁcavit

2141 999 2196 1053 in
2226 996 2446 1062 dilecto,
2475 995 2580 1050 hoc
2607 995 2662 1050 in
2689 995 2918 1050 Domino
2947 991 3228 1047 Salvatorc
3252 992 3582 1062 completur,
3610 994 3750 1063 quia

2143 1089 2346 1158 absque
2383 1086 2648 1156 sapientia
2692 1094 2750 1142 ct
2789 1085 3040 1150 veritate,
3076 1083 3308 1154 justitia,
3343 1097 3498 1153 pace,
3527 1082 3750 1137 redem-

2142 1179 2326 1249 ptione
2353 1165 2671 1247 cazterisque
2714 1176 3012 1230 virtutibus
3037 1174 3243 1229 nullum
3270 1175 3470 1229 bonum
3514 1171 3752 1244 intelligi

2144 1277 2322 1341 potest
2350 1283 2489 1323 z-nec
2519 1265 2807 1338 legendum
2835 1273 2941 1331 est,
2973 1265 3114 1320 sicut
3140 1264 3194 1318 in
3221 1263 3432 1318 Latinis
3457 1263 3750 1319 codicibus

2146 1362 2396 1426 habetur,
2428 1361 2482 1413 in
2508 1359 2700 1413 dilecto
2741 1358 2853 1426 [ilio
2902 1374 3017 1421 suo,
3048 1355 3142 1412 sed
3189 1355 3530 1425 simpliciter,
3577 1357 3635 1409 in
3663 1356 3753 1409 di-

2147 1453 2297 1518 lecto,
2334 1461 2395 1506 ut
2427 1453 2498 1506 sit
2535 1464 2726 1506 sensus
2758 1450 2812 1504 in
2847 1444 3032 1503 dilecto
3053 1489 3069 1514 ,
3104 1447 3258 1518 quasi
3292 1447 3656 1502 subaudiatur
3681 1445 3750 1500 ab

2147 1542 2384 1596 omnibus
2415 1553 2463 1594 α.
2486 1541 2592 1596 iste
2619 1549 2703 1595 est
2733 1539 2980 1605 dilectus,
3005 1539 3072 1594 de
3098 1553 3204 1608 quo
3233 1538 3288 1592 in
3315 1536 3454 1591 Isaia
3488 1537 3750 1592 canitur:

2149 1633 2385 1688 Cantabo
2413 1632 2600 1686 dilecto
2633 1648 2747 1685 meo
2793 1629 2931 1703 (Isa.
2966 1629 3043 1702 v).
3093 1629 3248 1697 Quod
3277 1644 3404 1684 vero
3445 1629 3544 1695 ait,
3577 1629 3754 1700 grati-

2148 1726 2348 1796 ﬁcavit,
2380 1724 2434 1779 id
2477 1731 2582 1790 est,
2615 1733 2800 1795 gratos
2849 1722 2980 1779 fecit
3031 1724 3084 1776 in
3135 1720 3375 1785 Christo,
3424 1737 3536 1776 non
3571 1722 3756 1777 solum

455 1817 743 1882 charitate,
784 1817 887 1871 hoc
912 1825 1015 1879 est,
1046 1823 1106 1869 ut
1143 1829 1296 1869 amor
1341 1813 1438 1869 Dei
1463 1821 1709 1868 sanctam
1757 1811 1863 1866 illis
1889 1810 2050 1865 faciat
2081 1829 2128 1888 Β
2153 1815 2397 1879 redemit,
2442 1815 2538 1869 sed
2584 1814 2750 1869 etiam
2793 1821 3018 1883 peccata
3067 1813 3370 1879 remittens,
3407 1812 3527 1868 sine
3561 1822 3758 1868 nostro

457 1905 948 1962 conversationem.
979 1902 1178 1977 (Hier.)
1213 1903 1368 1970 Quod
1391 1912 1573 1957 autem
1603 1901 1700 1967 ait,
1742 1911 1797 1954 ut
1824 1916 2051 1956 essemus

455 1998 626 2052 sancti
675 2005 724 2050 et
767 1994 1096 2051 inmaculati
1137 2011 1317 2050 coram
1349 1996 1482 2066 ipso,
1529 1994 1672 2050 inter
1712 2003 1959 2049 sanctum
1999 2001 2055 2048 et

458 2087 867 2143 immaculatum
919 2087 1026 2141 hoc
1069 2086 1325 2152 interest,
1377 2086 1520 2157 quod
1571 2085 1664 2155 qui
1716 2092 1936 2140 sanctus
2000 2091 2055 2139 et

457 2180 836 2236 immaculatus
889 2190 1103 2248 quoque
1134 2178 1360 2250 intelligi
1409 2186 1622 2248 potest,
1677 2176 2056 2233 immaculatus

457 2289 590 2330 vero
619 2289 725 2328 non
761 2271 949 2327 statim
976 2281 1033 2325 et
1055 2279 1275 2326 sanctus
1300 2288 1315 2326 :
1338 2269 1551 2340 parvuli
1570 2269 1767 2340 quippe
1795 2271 2056 2324 immacu-

463 2363 560 2418 lati
591 2372 738 2428 sunt,
768 2363 894 2433 quia
921 2361 1134 2432 integro
1161 2376 1388 2431 corpore
1417 2360 1625 2415 nullum
1661 2341 1839 2415 fecere
1864 2374 2058 2429 pecca-

460 2460 597 2519 tum,
621 2461 677 2507 et
697 2461 878 2507 tamen
903 2467 1012 2506 non
1035 2451 1233 2517 sancti,
1258 2451 1383 2520 quia
1413 2451 1672 2506 sanctitas
1700 2449 1976 2505 voluntate
2003 2457 2059 2504 et

460 2543 639 2598 studio
655 2549 1028 2612 comparatur;
1047 2551 1101 2596 et
1113 2541 1256 2611 quod
1270 2541 1649 2596 immaculatus
1661 2541 1766 2596 dici
1778 2549 1958 2610 potest
1969 2540 2059 2596 ille

462 2634 555 2704 qui
578 2641 859 2704 peccatum
877 2647 980 2687 non
998 2632 1146 2698 fecit,
1163 2636 1386 2694 sanctus
1399 2641 1580 2687 autem
1597 2631 1644 2686 is
1663 2630 1756 2701 qui
1771 2629 2060 2685 virtutibus

461 2723 654 2794 plenus
679 2723 770 2789 sit,
793 2721 948 2792 juxta
979 2723 1034 2778 id
1069 2723 1213 2792 quod
1263 2723 1318 2777 in
1354 2723 1587 2793 quodam
1631 2720 1842 2792 psalmo
1868 2719 2061 2776 scribi—

463 2823 592 2870 tur:
627 2812 732 2880 Qui
761 2813 995 2869 ambulat
1038 2815 1151 2869 sine
1194 2813 1405 2869 macula
1451 2823 1498 2868 et
1527 2823 1775 2884 operatur
1793 2812 2061 2883 justitiam

463 2905 639 2977 (Psal.
663 2906 800 2979 xw),
829 2915 885 2962 et
908 2907 964 2962 in
990 2906 1216 2962 Cantico
1247 2907 1584 2962 canticorum
1620 2924 1634 2959 :
1666 2904 1798 2959 Tota
1827 2905 2061 2975 speciosa

463 3013 538 3062 es,
561 2999 800 3069 proxima
823 3013 959 3062 mea,
983 3008 1030 3050 et
1053 2997 1262 3050 macula
1288 3013 1392 3050 non
1413 3008 1485 3050 est
1505 2997 1558 3050 in
1582 3005 1628 3050 te
1653 2993 1829 3066 (Cant.
1853 2994 1950 3064 ιν).

535 3088 604 3142 1η
644 3089 901 3142 charitate
927 3088 1311 3159 prwdestinans
1353 3103 1446 3141 nos
1477 3088 1532 3140 in
1563 3086 1898 3156 adoptionem
1923 3084 2063 3154 ﬁlio-

2154 1905 2350 1960 merito
2375 1904 2554 1975 justas
2588 1919 2688 1959 nos
2725 1903 2872 1959 fecit.
2906 1902 2976 1958 In
3015 1920 3117 1974 quo
3155 1903 3406 1957 habemus
3436 1903 3759 1974 redemptio-

2157 2014 2272 2052 nem
2300 2014 2393 2067 per
2433 1997 2744 2067 sanguinem
2781 1998 2966 2065 ipsius,
2997 1995 3357 2049 remissionem
3385 1997 3756 2065 peccatorum.

2157 2085 2392 2159 (Ambr.)
2422 2086 2702 2156 Duplicem
2731 2085 2960 2156 gratiam
2990 2083 3219 2154 ﬂagitat,
3257 2085 3384 2153 quia
3422 2093 3478 2139 et
3526 2085 3762 2140 redemit

2157 2197 2258 2237 nos
2278 2181 2540 2252 sanguine
2565 2195 2662 2235 suo
2693 2187 2750 2236 et
2779 2187 3006 2250 peccata
3030 2179 3187 2234 nobis
3213 2194 3320 2233 non
3357 2178 3678 2248 imputavit,
3709 2177 3764 2232 id

2155 2281 2261 2338 est,
2284 2271 2513 2327 redemit
2535 2279 2590 2327 et
2611 2271 2946 2326 manumisit.
2981 2269 3182 2343 (Ilier.)
3216 2269 3310 2325 ille
3330 2269 3642 2335 redimitur,
3670 2270 3762 2340 qui

2158 2362 2402 2432 captivus
2451 2369 2555 2428 est,
2582 2369 2634 2416 et
2663 2361 2718 2415 in
2745 2361 2982 2416 hostium
3011 2361 3236 2417 veniens
3263 2368 3591 2430 potestatem
3621 2359 3765 2416 liber

2158 2467 2279 2508 esse
2307 2452 2534 2518 desivit;
2566 2452 2640 2506 ita
2669 2459 2726 2507 et
2753 2450 2987 2506 n05°sub
3012 2450 3222 2520 peccati
3255 2449 3388 2520 jugo
3430 2450 3768 2506 servivimus

2158 2553 2214 2599 et
2241 2543 2409 2598 vincti
2440 2558 2650 2610 sumus,
2674 2543 2815 2598 sicut
2844 2543 2900 2597 in
2931 2541 3220 2612 Evangelio
3241 2542 3358 2610 ipsa
3397 2541 3616 2596 Veritas
3647 2541 3761 2596 ait:

2161 2634 2347 2690 Omnis
2383 2635 2473 2705 qui
2502 2635 2630 2704 facit
2667 2643 2960 2704 peccatum,
2993 2649 3173 2687 seruus
3211 2641 3286 2686 est
3341 2633 3540 2703 peccati
3574 2631 3758 2704 (Joan.

2159 2723 2319 2794 vin);
2360 2737 2461 2778 nec
2487 2731 2614 2778 ante
2661 2723 2934 2793 potuimus
2977 2723 3189 2778 vinctas
3224 2723 3433 2778 catenis
3483 2721 3764 2792 explicare

2159 2830 2375 2881 manus,
2406 2822 2462 2869 et
2491 2813 2680 2884 oculos
2729 2813 2977 2869 attollere
3027 2828 3264 2880 sursum,
3313 2813 3419 2868 nisi
3448 2813 3763 2880 redemptor

2161 2907 2462 2974 adveniret,
2501 2906 2594 2976 qui
2627 2907 2799 2977 ruptis
2837 2906 3069 2962 vinculis
3095 2907 3322 2973 nostris,
3355 2922 3456 2963 nos
3479 2907 3760 2962 liberaret.

2164 2999 2272 3055 Sed
2302 3001 2424 3071 quis
2456 3001 2573 3056 haec
2599 3001 2796 3069 potuit,
2829 3001 2935 3056 nisi
2963 3000 3112 3056 solus
3161 2998 3319 3055 .lesus
3367 2998 3637 3054 Dominus
3672 3014 3764 3053 no-

2163 3101 2296 3157 ster,
2326 3091 2419 3161 qui
2458 3091 2514 3146 in
2545 3107 2641 3148 suo
2679 3093 2940 3162 sanguine
2977 3100 3148 3147 totum
3199 3092 3430 3148 redemit
3473 3092 3758 3148 mundum.

465 3193 584 3230 rum
625 3193 717 3246 per
741 3175 924 3230 Iesum
942 3175 1206 3229 Christum
1228 3177 1283 3229 in
1317 3177 1508 3246 ipsum.
1537 3175 1772 3246 (Αωιιτ.)
1797 3175 1911 3230 Hoc
1931 3175 2060 3230 dicit
2087 3170 2135 3234 C
2165 3183 2461 3253 Dupliciter
2507 3199 2638 3238 vero
2690 3184 2911 3254 sanguis
2964 3183 3164 3240 Christi
3219 3193 3274 3239 et
3323 3199 3454 3239 caro
3504 3185 3762 3254 intelligi-

466 3265 768 3320 decrevisse
791 3265 983 3326 Deum,
1029 3272 1091 3318 ut
1133 3265 1417 3320 credentes
1443 3265 1498 3318 in
1531 3264 1806 3319 Christum
1832 3265 2057 3334 adopta-‘-

465 3365 658 3410 rentur
685 3357 741 3409 iu
770 3354 910 3411 ﬁlios
935 3356 1051 3421 Dei,
1108 3363 1168 3409 ut
1211 3365 1376 3427 caput
1426 3356 1664 3426 ipsorum
1694 3356 1763 3411 sit
1809 3356 2058 3413 Christus

464 3459 628 3500 verus
647 3442 814 3498 Filius
834 3442 949 3499 Dei.
977 3443 1052 3514 (Η
1059 3444 1179 3515 ier.)
1204 3445 1356 3512 Quod
1378 3455 1556 3500 autem
1575 3446 1651 3499 ait
1673 3464 1686 3498 :
1715 3444 1782 3499 In
1803 3447 2058 3500 charitate

464 3534 845 3604 prtedestinans
873 3549 987 3598 nos,
1019 3533 1303 3604 dupliciter
1339 3523 1623 3606 legendum
1656 3544 1758 3601 est,
1789 3545 1848 3591 ut
1879 3537 2058 3592 chari-

467 3630 550 3677 tas
577 3621 660 3677 vel
699 3638 823 3678 cum
856 3623 1226 3692 superioribus
1253 3625 1335 3681 vel
1367 3642 1489 3681 cum
1521 3625 1870 3682 inferioribus
1893 3642 2059 3696 copu-

466 3711 638 3779 letur;
663 3714 786 3768 curii
817 3714 1188 3784 superioribus
1215 3715 1288 3770 ita
1314 3730 1328 3770 :
1358 3727 1416 3770 ut
1444 3718 1614 3772 sancti
1641 3734 1870 3772 essemus
1892 3728 1937 3772 et
1959 3719 2057 3771 im-

463 3806 716 3861 maculati
743 3824 921 3862 coram
943 3809 1054 3878 ipso
1081 3810 1136 3863 in
1158 3810 1436 3875 charitate,
1465 3818 1518 3864 et
1547 3818 1732 3878 postea
1757 3819 2016 3879 sequatur
2041 3829 2054 3865 :

464 3898 844 3967 prwdeinnans
870 3915 964 3952 nos
1014 3899 1069 3952 in
1104 3899 1439 3969 adoptionem
1474 3899 1711 3967 ﬁliorum
1751 3915 1844 3969 per
1875 3901 2057 3955 Jesum

465 3987 731 4044 Christum
763 3990 818 4044 in
858 3991 1062 4060 ipsum;
1108 4005 1232 4054 cum
1261 3990 1609 4048 inferioribus
1635 4000 1816 4048 autem
1844 3992 1960 4048 sic:
2002 3994 2059 4047 in

464 4081 721 4134 charitate
747 4081 1132 4151 prtedestinans
1156 4099 1249 4136 nos
1281 4082 1336 4137 in
1361 4084 1693 4154 adoptionem
1711 4085 1946 4153 ﬁliorum
1966 4101 2060 4155 per

462 4171 646 4227 Iesum
668 4172 934 4228 Christum
957 4176 1012 4229 in
1032 4175 1165 4245 ipso,
1189 4176 1242 4231 id
1266 4185 1368 4243 est,
1397 4176 1630 4243 Christo,
1661 4179 1753 4248 qui
1783 4195 2059 4249 nunquam

465 4279 575 4318 non
603 4262 706 4317 luit
733 4263 898 4331 ﬁlius,
926 4281 1025 4321 nos
1069 4282 1198 4322 vero
1227 4283 1336 4323 non
1363 4269 1564 4324 fuimus
1616 4269 1731 4334 ﬁlii,
1765 4281 2058 4340 antequam

462 4353 834 4422 praedestinati
863 4369 1108 4412 essemus
1132 4358 1184 4412 in
1227 4358 1366 4428 ipso.
1398 4358 1510 4414 Hoc
1547 4360 1972 4429 praedestinavit,
2000 4371 2060 4418 ut

463 4443 688 4498 haberet
715 4452 1036 4514 potestatem
1066 4447 1209 4503 ﬁlius
1251 4449 1346 4504 Dei
1377 4449 1496 4505 ﬁeri
1518 4451 1698 4507 omnis
1721 4453 1812 4523 qui
1836 4454 2058 4511 credere

464 4532 726 4598 voluisset
753 4536 807 4592 in
832 4536 1033 4608 ipsum,
1067 4541 1191 4609 quia
1216 4556 1374 4595 nemo
1400 4541 1541 4596 ﬁlius
1569 4542 1664 4598 Dei
1692 4543 1809 4599 ﬁeri
1834 4547 2054 4616 poterit,
2083 4535 2136 4595 D

466 4621 570 4676 nisi
615 4623 775 4680 ﬁdem
801 4639 857 4683 et
881 4630 1224 4695 charitatcm,
1277 4645 1397 4698 quae
1435 4647 1533 4700 per
1566 4631 1910 4690 dilectionem
1934 4651 2064 4706 ope-

470 4722 646 4780 ratur,
682 4717 895 4774 habeat.
927 4719 1227 4775 Secundum
1268 4724 1592 4793 propositum
1615 4725 1896 4782 voluntatis
1927 4745 2059 4785 suae.

471 4802 597 4860 Sive
619 4810 914 4863 secundum
941 4809 1339 4879 beneplacitum
1354 4813 1647 4872 voluntatis
1673 4833 1812 4873 suae:
1839 4819 2063 4875 verbum

469 4897 691 4964 εὐδοκία,
706 4900 847 4969 quod
863 4899 1086 4954 Latinus
1100 4915 1279 4957 sermo
1293 4903 1679 4977 interpretatus
1692 4918 1774 4964 est
1787 4910 2062 4980 placitum,

473 4990 613 5058 apud
639 4991 854 5044 Gnaeos
879 4993 1238 5060 compositum
1267 5006 1436 5050 estex
1465 4997 1676 5054 duobus
1699 5001 1927 5073 integris
1963 4981 2088 5059 dna.

471 5084 565 5132 τοῦ
593 5074 647 5132 εὖ
661 5087 714 5133 et
737 5087 826 5135 τοῦ
854 5078 1030 5146 δοκεῖν,
1049 5081 1173 5135 bene
1191 5091 1245 5137 et
1267 5083 1482 5154 placito,
1499 5089 1642 5157 quod
1663 5105 1762 5145 nos
1779 5107 2066 5160 possumus

474 5168 654 5223 dicere
674 5169 1090 5238 beneplacitum,
1113 5174 1236 5242 quia
1259 5191 1366 5230 non
1397 5178 1579 5232 statim
1601 5195 1760 5235 omne
1785 5185 1927 5252 quod
1951 5184 2063 5253 plac

475 5269 582 5326 cet,
597 5267 652 5313 et
666 5261 1017 5330 beneplacere
1040 5276 1219 5334 potest
1242 5282 1256 5320 :
1277 5269 1372 5324 sed
1393 5269 1466 5324 ibi
1488 5279 1699 5326 tantum
1721 5272 1941 5340 εὐδοκία,
1959 5277 2063 5332 hoc

474 5359 561 5405 est
581 5350 973 5422 beneplacitum
1002 5357 1221 5426 dicitur,
1246 5362 1336 5418 ubi
1371 5365 1512 5432 quod
1535 5343 1758 5435 placuii,
1784 5377 1928 5423 recte
1956 5371 2064 5439 pla-

476 5443 643 5496 citum
681 5449 1080 5516 comprobatur.
1137 5451 1364 5527 (Ambr.)
1405 5456 1534 5512 Tale
1584 5459 1842 5530 placitum
1894 5461 2061 5518 Deum

477 5531 730 5589 habuisse
751 5535 902 5604 dicit,
924 5549 982 5594 ut
1002 5543 1070 5597 ad
1105 5543 1316 5600 laudem
1338 5547 1604 5604 claritatis
1627 5549 1744 5620 ejus
1776 5553 2064 5622 proﬁceret

477 5625 654 5694 gratia
695 5627 816 5682 data
854 5630 1180 5691 hominibus.
1215 5647 1274 5690 ut
1319 5639 1464 5695 salus
1509 5649 1694 5695 nostra
1744 5643 1915 5714 gloria
1965 5645 2063 5702 Dei

551 5755 576 5781 ι
610 5741 732 5799 Haec
755 5751 926 5804 Iusms
951 5752 1091 5819 apud
1116 5751 1503 5822 Hieronymum
1537 5757 1804 5824 leguntur.

2160 3282 2264 3338 tur,
2305 3272 2392 3327 vel
2453 3273 2715 3344 spiritalis
2759 3274 2848 3329 illa
2900 3283 3063 3344 atque
3108 3275 3309 3341 divina,
3366 3275 3434 3329 de
3484 3291 3594 3346 qua
3651 3277 3760 3346 ipse

2157 3365 2326 3420 dicit:
2352 3363 2489 3419 Caro
2516 3379 2631 3419 mea
2658 3382 2775 3422 vere
2827 3375 2903 3420 est
2933 3365 3101 3432 cibus,
3123 3376 3171 3420 et
3205 3367 3422 3436 sanguis
3467 3380 3618 3420 meus
3649 3382 3761 3420 vere

2156 3468 2230 3512 est
2260 3467 2414 3529 potus
2441 3456 2626 3528 (Joan.
2652 3457 2728 3528 vr)
2754 3474 2768 3523 ;
2798 3465 2888 3512 et:
2922 3456 3046 3511 Nisi
3074 3456 3520 3510 manducaveritis
3549 3472 3760 3512 carnem

2157 3565 2355 3615 meam,
2387 3557 2433 3602 et
2473 3547 2700 3602 biberitis
2747 3548 3058 3617 sanguinem
3107 3562 3316 3613 nteant,
3346 3562 3451 3599 non
3505 3545 3762 3600 [rubebitis

2155 3639 2316 3692 vitam
2347 3648 2596 3692 azternam
2629 3636 2841 3708 (lbid.);
2871 3637 2956 3691 vel
2989 3651 3117 3692 caro
3145 3644 3201 3690 et
3228 3636 3471 3706 sanguis,
3499 3651 3622 3705 qua:
3647 3651 3762 3690 cru-

2158 3731 2316 3786 ciﬁxa
2339 3739 2444 3796 est,
2473 3739 2528 3786 et
2553 3731 2642 3800 qui
2671 3731 2862 3786 militis
2879 3729 3082 3786 cll'usus
3104 3739 3188 3785 est
3207 3729 3415 3784 lancea.
3438 3728 3602 3784 Juxta
3624 3729 3763 3783 hanc

2159 3823 2479 3878 divisionem
2519 3822 2574 3876 in
2633 3821 2838 3878 sanctis
2882 3820 3000 3892 ejus
3049 3820 3340 3876 diversitas
3381 3819 3668 3891 sanguinis
3715 3827 3762 3872 et

2159 3916 2344 3970 carnis
2371 3913 2593 3981 dicitur,
2618 3923 2680 3968 ut
2704 3914 2806 3968 alia
2837 3915 2909 3968 sit
2928 3927 3074 3979 caro,
3100 3927 3221 3982 qua:
3251 3926 3436 3966 visura
3478 3919 3564 3966 est
3612 3909 3760 3964 salu-

2162 4012 2276 4059 tare
2298 4005 2391 4059 Dei
2418 4021 2434 4069 ;
2466 4004 2574 4058 alia
2603 4019 2732 4060 caro
2753 4013 2808 4058 et
2828 4005 3069 4075 sanguis,
3094 4019 3214 4074 qua:
3253 4018 3481 4071 regnum
3526 4001 3625 4057 Dei
3659 4017 3760 4056 non

2161 4104 2363 4165 queant
2389 4097 2688 4166 possidere.
2737 4094 3146 4166 Consequenter
3173 4105 3353 4150 autem
3391 4101 3517 4164 post
3544 4093 3759 4148 redem-

2159 4188 2404 4257 ptionem
2456 4187 2738 4258 sanguinis
2779 4187 3004 4254 Christi,
3055 4188 3436 4244 remissionem
3486 4187 3760 4254 accepisse

2161 4277 2452 4333 scribimur
2505 4287 2851 4349 peccatorum
2893 4278 3087 4348 :quia,
3113 4279 3219 4334 nisi
3270 4278 3538 4358 redempti
3591 4276 3760 4334 iueri-

2161 4392 2302 4444 mus,
2353 4378 2557 4433 frustra
2594 4376 2754 4431 nobis
2798 4383 3020 4446 peccata
3055 4376 3344 4438 donantur,
3396 4389 3500 4430 nec
3547 4374 3760 4429 veniam

2161 4468 2408 4538 accipere
2451 4481 2741 4537 possumus
2767 4466 3112 4532 delictorum,
3162 4470 3217 4520 et
3262 4465 3408 4520 servi
3435 4481 3558 4520 esse
3583 4480 3761 4520 cessa-

2162 4571 2303 4623 mus,
2333 4556 2436 4612 nisi
2465 4557 2699 4626 pretium
2735 4572 2834 4627 pro
2887 4557 3044 4612 nobis
3069 4567 3330 4612 cruentus
3375 4558 3651 4626 quondam
3687 4560 3762 4612 vi-

2161 4662 2282 4708 ctor
2311 4649 2603 4718 acceperit.
2653 4646 2954 4702 Secundam
3004 4649 3211 4703 divitias
3262 4649 3448 4719 gratia:
3475 4648 3593 4718 ejus
3647 4663 3760 4718 qua

2160 4741 2608 4814 superabundavit
2643 4739 2698 4794 in
2747 4739 2914 4794 nobis.
2967 4739 3464 4810 Superabundavit,
3520 4741 3761 4808 dixit,ut

2162 4850 2270 4890 non
2299 4833 2472 4889 solum
2507 4848 2536 4884 a
2567 4837 2741 4886 morte
2767 4830 3043 4896 liberaret,
3103 4835 3198 4888 sed
3247 4833 3410 4887 etiam
3446 4841 3651 4886 tantam
3680 4846 3760 4887 sa-

2163 4923 2425 4995 pientiam
2476 4922 2632 4976 nobis
2677 4921 2922 4985 donaret,
2955 4930 3016 4976 ut
3044 4923 3352 4978 voluntates
3385 4924 3504 4994 ejus
3526 4923 3759 4978 occulta-

2176 5031 2281 5086 que
2312 5014 2565 5086 mysteria
2613 5024 2980 5068 nosce-remus.
3031 5013 3132 5082 Qui
3181 5015 3436 5086 intelligit
3475 5015 3758 5070 veritatem

2176 5105 2270 5160 Dei
2301 5105 2353 5158 in
2406 5103 2780 5159 remissionem
2817 5110 3165 5173 peccatorum
3211 5114 3548 5170 nostrorum,
3599 5119 3758 5160 mart-

2172 5212 2260 5252 me
2289 5196 2341 5251 in
2383 5195 2624 5250 Ecclesia
2652 5196 2718 5250 de
2757 5192 3021 5250 Gentibus
3048 5205 3394 5266 congregata,
3425 5211 3545 5265 quae
3589 5195 3758 5249 aliena

2171 5285 2272 5341 fuit
2301 5303 2331 5340 a
2358 5295 2682 5341 testamento
2703 5294 2758 5340 et
2784 5286 3236 5356 promissionibus
3261 5285 3444 5352 Israel,
3473 5287 3587 5356 ipse
3616 5283 3759 5340 intel-

2169 5376 2287 5449 ligit
2314 5376 2489 5447 qualis
2535 5376 2866 5431 abundantia
2917 5385 3002 5431 est
3053 5377 3242 5448 gratiae
3288 5376 3384 5431 Dei
3414 5377 3473 5430 in
3529 5391 3624 5432 eos
3669 5373 3755 5445 qui

2169 5467 2516 5524 crediderunt
2565 5467 2617 5521 in
2667 5482 2811 5523 eum.
2873 5467 2980 5522 llas
3016 5467 3232 5523 divitias
3283 5467 3581 5538 gratiarum
3627 5466 3756 5520 inse

2171 5575 2279 5614 non
2316 5558 2447 5614 facit
2471 5573 2692 5624 vacuas,
2719 5559 2810 5628 qui
2845 5567 3108 5628 quantum
3140 5559 3285 5614 valet
3332 5561 3569 5614 humana
3603 5553 3757 5627 fragi-

2170 5648 2298 5705 litas
2339 5649 2547 5715 nititur,
2599 5649 2811 5706 laborat
2856 5658 3019 5719 atque
3063 5649 3366 5716 contendit,
3394 5659 3451 5706 ct
3475 5665 3599 5705 cum
3624 5651 3755 5717 Apo-
