3986 6338
207 377 324 439 389

689 373 1236 436 ENARRATIONUM
1273 374 1346 432 IN
1377 375 1525 432 EPP.
1566 373 1773 432 PAULI
1811 373 1941 433 LIB.
1980 374 2143 432 XVII.
2180 401 2252 416 --
2285 375 2352 432 IN
2388 375 2610 434 EPIST.
2649 377 2742 434 AD
2779 375 3024 432 EPHES.

3377 373 3485 435 590

210 495 362 552 Stolo
411 492 684 565 loquitur:
732 492 920 548 Gratia
969 493 1082 563 ejus
1126 494 1183 549 in
1228 508 1310 547 me
1357 509 1521 548 vacua
1573 509 1677 546 non
1705 491 1806 562 fuit
1832 505 1886 565 Α
1910 493 2063 546 terris
2099 500 2219 546 sunt
2253 492 2307 545 in
2343 493 2476 564 ipso.
2508 493 2823 549 Restaurari
2865 508 2973 547 non
3007 491 3226 558 dicitur,
3263 493 3370 550 nisi
3397 493 3484 550 la-

211 585 272 657 (ι
303 584 431 638 Cor.
455 583 567 654 xv).
620 583 721 650 Qui
773 599 904 640 vero
945 583 1192 639 beneﬁcii
1247 583 1668 655 magnitudinem
1704 597 1810 642 non

213 676 541 742 recordans,
573 677 641 731 ad
669 676 936 733 deteriora
973 676 1256 742 delabitur,
1288 677 1342 731 in
1371 676 1474 732 isto
1509 676 1660 730 dives
1688 690 1810 746 gra-

215 767 296 821 tia
342 767 439 821 Dei
465 775 521 823 et
549 768 801 836 opulenta
847 765 1064 837 largitio
1103 773 1420 837 paupertate
1447 773 1720 820 tenuatur.
1743 762 1812 817 In

214 858 364 912 omni
391 858 646 926 sapientia
667 869 714 912 et
735 857 1033 928 prudentia.
1058 855 1388 928 Sapientiam
1416 871 1702 926 possumus
1726 869 1812 910 re-

214 963 344 1002 rum
383 947 767 1013 invisibilium,
800 947 1139 1018 prudentiam
1179 961 1308 1002 vero
1339 945 1632 1002 visibilium
1688 953 1812 1000 tan-

217 1046 339 1092 tum
389 1038 637 1107 accipere
676 1038 1058 1109 cognitionem.
1106 1035 1335 1107 (Ambr.)
1381 1035 1546 1090 Addit
1594 1035 1661 1090 ad
1697 1049 1813 1105 gra-

218 1129 378 1194 tiam,
409 1129 538 1198 quia
584 1137 707 1198 post
758 1144 920 1200 supra
947 1135 1243 1183 memorata
1271 1125 1557 1191 beneﬁcia,
1611 1125 1811 1180 donum

216 1222 435 1276 accedit
481 1221 755 1291 sapientia:
801 1231 857 1276 et
900 1221 1194 1292 prudentie
1243 1234 1423 1273 rerum
1466 1215 1808 1285 spiritalium.

219 1309 292 1364 Ut
327 1321 505 1365 notum
534 1311 727 1380 faceret
759 1311 904 1365 nobis
949 1320 1334 1364 sacramentum
1371 1306 1650 1361 voluntatis
1678 1321 1808 1358 suaz.

217 1401 340 1456 Hoc
374 1400 576 1470 placuit
616 1401 744 1465 Deo,
775 1399 927 1468 cujus
951 1400 1239 1455 consilium
1277 1397 1559 1453 retractari
1583 1411 1690 1451 non
1717 1409 1812 1464 po-

221 1502 354 1558 test,
385 1500 446 1546 ut
474 1492 524 1545 in
552 1489 768 1546 Christo
809 1491 1118 1546 ostenderet
1165 1488 1482 1560 mysterium
1521 1485 1813 1541 voluntatis

221 1600 338 1639 sua:
393 1594 655 1653 tempore,
711 1598 818 1652 quo
869 1582 1099 1637 revelari
1149 1580 1282 1634 illud
1312 1579 1482 1634 voluit
1529 1577 1809 1649 agnitione

219 1684 513 1730 creaturas.
567 1673 830 1730 Voluntas
878 1682 1060 1729 autem
1109 1671 1225 1741 ejus
1270 1687 1384 1727 haec
1431 1667 1553 1737 fuit,
1602 1679 1662 1724 ut
1685 1678 1813 1724 tunc

219 1766 492 1836 propitius
521 1763 676 1820 ﬁeret
700 1765 967 1830 omnibus,
996 1765 1089 1835 qui
1124 1765 1179 1818 in
1207 1779 1391 1820 errore
1415 1772 1590 1828 erant,
1621 1763 1734 1818 sive
1757 1762 1811 1816 in

1908 598 2065 654 psum
2077 567 2205 651 quid
2220 593 2277 638 ut
2293 584 2336 638 si
2353 584 2595 639 dicamus
2617 582 2909 637 restaurari
2931 582 2987 636 in
3007 582 3160 638 cmlis
3173 583 3490 653 angelorum

1909 674 2164 743 gaudium
2205 673 2260 728 in
2303 673 2477 729 salute
2504 673 2804 739 hominum,
2834 673 2976 742 quod
3005 681 3131 727 ante
3160 673 3484 738 habuerant,
3553 679 3558 684 '

1909 777 2070 833 quam
2095 763 2340 818 homines
2365 779 2394 818 a
2418 764 2627 834 justitia
2649 764 2864 833 penitus
2885 763 3236 819 declinarent:
3258 761 3319 816 In
3343 769 3490 817 terra

1909 871 2040 910 vero
2067 871 2238 927 genus
2267 857 2546 912 hominum
2589 865 2950 912 restauratum
2993 872 3112 911 esse
3155 855 3210 910 in
3247 854 3490 922 Christo,

1910 949 2088 1003 nullus
2125 951 2364 1020 ignorat;
2407 952 2493 1006 vel
2527 953 2691 1006 etiam
2734 965 3019 1005 numerum
3049 949 3362 1018 angelorum
3399 963 3488 1004 re-

1911 1046 2209 1094 stauratum
2235 1056 2356 1096 esse
2388 1043 2537 1098 credi
2562 1048 2762 1112 potest,
2792 1056 2889 1112 per
2918 1041 3128 1096 animas
3157 1047 3491 1105 sanctorum,

1897 1141 2030 1206 .quze
2058 1128 2112 1182 in
2141 1129 2277 1184 coelo
2302 1129 2476 1184 allata:
2497 1139 2623 1185 sunt
2649 1145 2745 1200 per
2766 1129 3194 1198 redemptionem
3226 1134 3487 1181 nostram.

1915 1225 2096 1295 (Aug.)
2128 1225 2502 1280 lnstaurantur
2526 1225 2747 1295 quippe,
2775 1239 2896 1294 quae
2931 1223 2986 1276 in
3013 1221 3166 1278 cmlis
3198 1227 3342 1287 sunt,
3369 1235 3493 1275 cum

1913 1314 1988 1379 id,
2017 1315 2158 1385 quod
2197 1316 2252 1370 in
2283 1314 2486 1386 angelis
2529 1315 2738 1386 lapsum
2782 1322 2884 1380 est,
2917 1329 2986 1368 ex
3014 1313 3327 1368 hominibus
3373 1311 3471 1366 red

1913 1405 2076 1459 ditur.
2103 1404 2479 1460 lnstaurantur
2505 1415 2687 1461 autem
2729 1420 2848 1476 qua:
2895 1406 2950 1459 in
2985 1404 3148 1459 terris
3182 1412 3331 1467 sunt,
3373 1417 3496 1457 cum

1913 1497 2016 1567 ipsi
2045 1497 2315 1564 homines,
2353 1498 2443 1568 qui
2475 1497 2841 1568 praedestinati
2875 1505 3000 1550 sunt
3041 1497 3092 1551 in
3130 1504 3388 1550 aeternam
3417 1493 3498 1548 vi-

1917 1593 2024 1641 tam
2062 1602 2095 1642 a
2129 1587 2490 1658 corruptionis
2532 1593 2801 1643 vetustate
2845 1594 3195 1642 renovantur.
3226 1585 3496 1656 (IIieron.)

1913 1678 2144 1748 Quidam
2185 1695 2315 1736 vero
2343 1682 2495 1736 aiunt
2519 1681 2642 1737 οωιὶ
2668 1681 2886 1736 nomine
2919 1680 3149 1744 animas,
3183 1688 3341 1734 terra:
3366 1693 3499 1734 vero

1915 1787 2144 1842 corpora
2167 1772 2514 1843 accipienda;
2547 1772 2705 1828 modo
2740 1770 2922 1842 itaque
2953 1770 3257 1824 animarum
3290 1775 3501 1823 restau-

222 1856 402 1921 cmlis,
444 1856 558 1910 sive
580 1856 637 1910 in
669 1857 848 1922 terris,
889 1856 1106 1926 quando
1130 1854 1405 1910 Christum
1437 1851 1822 1926 manifestavit,

1930 1864 2069 1919 ratio
2101 1872 2185 1918 est
2217 1865 2270 1918 in
2307 1865 2719 1920 conversatione
2748 1861 3148 1936 [conversione]
3182 1861 3249 1916 ad
3290 1861 3457 1915 Deum
3483 1877 3496 1914 :

221 1950 332 2005 hoc
362 1949 562 2004 donum
593 1963 714 2003 esse
752 1948 1105 2010 credentium,
1156 1960 1224 2000 ne
1273 1944 1378 2000 illis
1421 1944 1814 2015 imputarentur

224 2048 452 2111 peccata
478 2039 895 2109 suscipientibus
927 2038 1085 2093 ﬁdem
1107 2036 1329 2092 Christi.
1359 2033 1560 2108 (Ηίετ.)
1591 2034 1816 2103 Sapien-

225 2133 363 2187 tiam
411 2139 468 2186 et
515 2131 855 2202 prudentiam
903 2145 1026 2185 esse
1073 2131 1334 2193 diversas,
1383 2127 1554 2184 Stoici
1603 2142 1818 2197 quoque

225 2223 527 2291 opinantur
563 2217 804 2278 dicentes
834 2242 847 2276 :
875 2220 1152 2292 Sapientia
1200 2230 1285 2276 est
1310 2236 1489 2276 rerum
1517 2220 1818 2276 divinarum

229 2314 704 2383 humanarumque
748 2313 983 2383 cognitio
1027 2331 1038 2365 :
1091 2311 1375 2382 prudentia
1420 2326 1547 2366 vero
1609 2318 1818 2366 tantum

230 2403 566 2458 mortalium.
595 2403 755 2458 Juxta
780 2404 921 2458 hanc
948 2401 1266 2458 divisionem
1292 2415 1578 2470 possumus
1601 2399 1816 2470 sapien-

229 2493 366 2547 tiam
396 2492 750 2548 invisibilium
779 2501 831 2547 et
861 2493 1155 2548 visibilium
1187 2491 1455 2561 accipere,
1478 2491 1816 2561 prudentiam

227 2595 367 2634 vero
396 2590 607 2636 tantum
655 2582 968 2637 visibilium.
1031 2580 1302 2648 Qumritur
1347 2581 1509 2651 igitur
1554 2579 1821 2649 quomodo

227 2671 391 2726 nobis
421 2671 562 2726 Deus
599 2671 654 2726 in
676 2673 822 2726 omni
852 2670 1116 2740 sapientia
1137 2678 1192 2726 et
1214 2671 1500 2740 prudentia
1529 2679 1714 2724 notum
1738 2669 1818 2723 fe-

229 2761 370 2816 cerit
391 2762 708 2831 mysterium
733 2761 1028 2816 voluntatis
1053 2762 1196 2815 suae?
1238 2760 1305 2815 Et
1342 2759 1556 2829 quidem
1588 2761 1819 2828 primum

230 2851 557 2921 simpliciter
579 2852 971 2923 accipiendum,
1015 2851 1159 2922 quod
1188 2851 1502 2921 mysterium
1533 2850 1821 2904 voluntatis

229 2956 346 2995 sua:
375 2941 674 3012 redemptio
702 2951 887 2996 nostra
927 2942 996 2996 sit
1037 2956 1137 3010 per
1160 2940 1475 3010 sanguinem
1505 2939 1626 2993 Filii
1657 2939 1823 3008 ipsius

230 3039 286 3084 et
319 3031 572 3085 remissio
615 3041 986 3102 peccatorum,
1019 3031 1315 3087 secundum
1371 3031 1586 3085 divitias
1635 3031 1822 3101 gratia:

229 3120 374 3190 ejus,
403 3137 524 3192 qua:
553 3123 845 3178 abundavit
872 3123 925 3177 in
980 3123 1156 3178 nobis.
1188 3121 1342 3190 Quod
1384 3121 1592 3176 scilicet
1622 3137 1720 3176 nos
1767 3121 1819 3175 in

1919 1955 2162 2025 corporis
2213 1970 2344 2010 vero
2401 1955 2727 2011 restauratio
2785 1955 2891 2009 erit
2947 1953 3002 2008 in
3064 1952 3498 2015 resurrectione,

1919 2045 2134 2114 quando
2173 2052 2458 2114 resurgent
2483 2044 2702 2100 mortui.
2731 2043 2961 2110 Quidam
2999 2056 3130 2095 vero
3159 2040 3374 2096 codices
3407 2039 3503 2094 ha-

1917 2134 2050 2190 bent
2071 2147 2168 2202 pro
2209 2134 2513 2188 instaurare
2542 2131 2918 2203 recapitulare.
2947 2129 3136 2186 Omnis
3163 2129 3360 2198 quippe
3393 2128 3504 2182 dis-

1919 2223 2184 2294 pensatio,
2216 2239 2333 2293 quae
2359 2232 2414 2279 et
2442 2231 2568 2278 ante
2597 2223 2856 2278 mundum
2895 2229 2950 2276 et
2974 2228 3159 2292 postea
3186 2233 3307 2274 esse
3336 2216 3504 2288 cmpit

1921 2316 1975 2370 in
2011 2315 2230 2379 mundo,
2267 2323 2375 2370 tam
2410 2314 2784 2379 invisibilium,
2821 2327 2982 2382 quam
3020 2309 3313 2365 visibilium
3352 2321 3505 2362 crea-

1922 2415 2186 2472 turarum,
2201 2408 2489 2462 adventum
2512 2405 2605 2460 Dei
2628 2405 2748 2460 Filii
2771 2401 3153 2474 pollicebatur;
3173 2401 3315 2472 quod
3331 2399 3505 2454 Adam

1921 2501 1987 2556 de
2015 2494 2264 2570 paradiso
2301 2499 2507 2570 ejectus
2547 2512 2643 2568 per
2671 2497 3006 2551 Salvatorem
3050 2490 3386 2548 revocandus
3420 2504 3506 2544 es-

1921 2598 2005 2646 set
2028 2588 2180 2659 (Gen.
2206 2591 2308 2660 ιιι),
2341 2589 2484 2658 quod
2510 2589 2566 2643 in
2601 2586 2956 2643 fabricatione
3000 2583 3163 2638 turris
3199 2582 3506 2651 linguarum

1922 2681 2102 2735 unitas
2127 2680 2295 2734 scissa
2327 2677 2479 2750 (Gen.
2506 2681 2606 2749 xu),
2637 2678 2693 2733 in
2725 2677 2952 2733 Actibus
2979 2673 3343 2744 apostolorum
3376 2685 3504 2741 por-

1923 2769 2177 2823 tendebat
2218 2766 2358 2822 dona
2404 2768 2708 2838 linguarum
2752 2767 2890 2838 (Act.
2919 2765 3026 2836 ιι),
3075 2764 3218 2834 quod
3259 2763 3409 2818 Isaac
3450 2761 3509 2817 in

1926 2867 2050 2930 typo
2087 2858 2300 2913 Domini
2329 2873 2545 2913 crucem
2575 2874 2728 2913 suam
2758 2858 2872 2928 ipse
2904 2857 3158 2928 portabat
3203 2852 3357 2925 (Gen.
3387 2852 3505 2923 ιιι),

1924 2951 2069 3020 quod
2096 2947 2327 3004 Samson
2354 2956 2611 3003 sanctam
2629 2961 2841 3003 comam
2867 2946 3136 3010 nutriens,
3163 2942 3351 2998 Dalilae
3377 2956 3509 3011 pau-

1922 3039 2068 3110 peris
2111 3038 2299 3094 dilexit
2327 3039 2627 3109 amplexus,
2659 3046 2714 3092 et
2742 3036 2924 3093 omnia
2965 3035 3144 3090 cordis
3172 3034 3256 3088 sui
3296 3038 3508 3088 secreta

1924 3129 2205 3186 confessus
2233 3138 2315 3186 est
2357 3127 2512 3202 (Jud.
2540 3130 2690 3200 1m):
2727 3128 3022 3184 Salvatoris
3064 3134 3121 3182 et
3149 3125 3404 3182 Ecclesiae
3443 3138 3510 3180 ex

233 3214 452 3268 Domini
500 3217 752 3285 passione
790 3216 1092 3282 credentes,
1145 3229 1266 3284 quae
1313 3223 1396 3269 est
1443 3214 1668 3268 stultitia
1711 3229 1816 3268 non
1845 3230 1889 3292 ρ
1921 3224 2170 3293 gentibus
2213 3237 2341 3278 vere
2381 3223 2634 3294 pauperis
2676 3232 2729 3277 οι
2778 3237 2962 3294 egena;
2992 3221 3308 3292 mysterium
3341 3219 3512 3290 signi-

233 3305 604 3371 credentibus,
642 3306 962 3376 sapientiam
1006 3306 1378 3376 possideamus
1406 3312 1565 3374 atque
1592 3303 1828 3374 pruden-

236 3400 389 3454 tiam.
421 3399 641 3465 Deinde,
667 3402 810 3471 quod
835 3417 930 3472 per
952 3400 1259 3470 Scripturas
1281 3408 1496 3455 sanctas
1521 3398 1675 3453 nobis
1702 3406 1828 3452 nota

234 3490 430 3548 fecerit
460 3493 715 3547 universa
759 3494 1041 3564 mysteria,
1071 3491 1343 3562 quomodo
1369 3492 1605 3561 primum
1629 3489 1826 3545 coelum

237 3591 293 3640 et
322 3592 528 3639 terram
575 3585 917 3639 machinatus
970 3585 1060 3650 sit,
1111 3593 1167 3640 et
1213 3583 1396 3639 omnia
1427 3599 1547 3654 qua:
1594 3581 1736 3636 intra
1765 3595 1828 3635 ea

237 3685 367 3734 sunt
402 3676 610 3743 iecerit,
643 3678 975 3734 ordinaverit
1015 3687 1176 3746 atque
1212 3675 1543 3741 distinxerit,
1572 3684 1631 3728 ut
1686 3673 1829 3743 plas-

237 3776 424 3822 matus
447 3768 632 3833 homo,
661 3776 717 3823 et
741 3783 911 3837 usque
940 3769 1007 3823 ad
1031 3767 1340 3838 passionem
1365 3764 1566 3820 Christi
1596 3764 1827 3818 mundus

237 3855 497 3926 impletus
519 3860 609 3922 sit,
629 3857 898 3926 quomodo
919 3873 983 3910 ex
1007 3855 1306 3911 visibilibus
1334 3867 1417 3918 ea,
1446 3868 1566 3922 quae
1593 3858 1719 3907 sunt
1749 3851 1831 3905 in-

239 3945 498 4010 visibilia,
515 3956 929 4017 cognoscantur.
947 3945 1027 4000 Ad
1044 3955 1368 4009 extremum,
1393 3944 1536 4014 quod
1556 3943 1720 3998 etiam
1765 3956 1829 3996 ea

240 4055 365 4111 qua:
383 4041 437 4094 in
460 4049 603 4095 terra
629 4049 754 4095 sunt
768 4040 1034 4112 sapientia
1053 4039 1326 4110 indigeant
1343 4045 1506 4106 atque
1521 4035 1827 4106 prudentia.

313 4129 618 4185 Secundum
649 4131 837 4184 bonum
864 4129 1109 4201 placitum
1136 4128 1268 4198 ejus,
1299 4127 1436 4198 quod
1470 4127 1737 4198 proposuit
1772 4127 1828 4180 in

239 4236 300 4274 eo
345 4221 402 4275 in
445 4221 829 4289 dispensatione
876 4219 1214 4290 plenitudinis
1271 4229 1579 4289 temporum.
1653 4216 1826 4287 Supra

241 4313 462 4368 dixerat
489 4313 778 4368 secundum
805 4313 1060 4384 placitura
1089 4312 1382 4368 voluntatis
1412 4327 1540 4378 suae,
1570 4326 1714 4365 nunc
1745 4325 1831 4364 se-

243 4402 484 4458 cundum
513 4403 767 4473 placitum
795 4419 974 4470 suum,
1009 4403 1283 4459 voluntate
1312 4403 1572 4458 detracta.
1597 4401 1673 4457 lbi
1701 4423 1832 4476 προ-

241 4493 480 4568 όρισμον,
506 4491 558 4546 id
597 4500 699 4557 est,
729 4493 1254 4562 praedestinationem
1301 4492 1354 4546 in
1393 4493 1728 4562 adoptionem
1768 4492 1831 4544 li-

241 4579 445 4635 liorum
486 4595 583 4650 per
624 4579 807 4635 Jesum
838 4581 1110 4636 Christum
1143 4582 1353 4651 posuit;
1405 4582 1493 4636 hic
1522 4597 1652 4636 vero
1694 4581 1828 4656 πρὸς
1854 4569 1908 4628 Ῑ)

241 4674 402 4735 Osca,
446 4670 500 4724 id
541 4679 624 4726 est
649 4671 1090 4742 propositionem.
1121 4671 1266 4726 Inter
1305 4672 1831 4742 praedestinationem

241 4768 300 4817 et
328 4761 694 4832 propositum,
727 4763 778 4817 hi
808 4763 898 4833 qui
937 4762 1112 4818 solent
1156 4764 1299 4818 inter
1328 4761 1491 4818 verba
1538 4763 1830 4829 discutere,

243 4854 354 4909 hoc
383 4862 633 4908 asserunt
664 4855 947 4919 interesse,
989 4854 1132 4924 quod
1175 4855 1577 4924 prmdestinatio
1608 4853 1833 4922 alicujus

244 4942 328 4996 rei
368 4941 539 4997 multo
580 4951 708 4996 ante
743 4943 796 4997 in
828 4953 1009 4998 mente
1043 4942 1160 5012 ejus
1187 4944 1279 5014 qui
1308 4943 1544 4998 destinet
1595 4945 1724 5014 quid
1753 4944 1836 4998 fu-

247 5043 436 5089 turum
476 5034 566 5099 sit,
595 5032 900 5105 przeligurct
925 5053 936 5088 :
965 5035 1296 5105 propositum
1339 5043 1542 5100 autem,
1573 5050 1694 5090 cum
1716 5032 1830 5103 jam

246 5125 430 5181 vicina
459 5126 532 5180 sit
558 5125 908 5192 machinatio,
931 5133 986 5180 et
1011 5141 1146 5195 pene
1168 5125 1550 5200 cogitationem
1579 5135 1835 5195 sequatur

245 5217 498 5274 eﬂ'ectus.
525 5216 676 5286 Quod
693 5233 821 5273 vero
841 5218 938 5284 ait,
965 5221 1230 5289 proposuit
1248 5219 1302 5272 in
1324 5235 1403 5283 eo,
1429 5219 1496 5274 ad
1519 5219 1834 5290 mysterium

249 5307 600 5363 referendum
627 5317 729 5363 est.
774 5307 1052 5379 Siquidem
1094 5325 1258 5379 supra
1300 5310 1532 5376 dixerat,
1559 5320 1613 5364 ut
1657 5320 1836 5365 notum

247 5401 448 5469 faceret
478 5401 624 5455 nobis
661 5403 963 5472 mysterium
993 5403 1270 5458 voluntatis
1301 5393 1433 5470 sum,
1459 5405 1602 5474 quod
1637 5414 1838 5476 myste-

247 5491 394 5544 rium
431 5489 760 5560 dispensatio
793 5500 875 5546 est
912 5491 1260 5562 plenitudinis
1292 5500 1610 5562 temporum,
1645 5503 1703 5548 ut
1727 5503 1839 5550 sta-

250 5589 373 5636 tuto
419 5589 664 5652 tempore
693 5582 875 5636 omnia
903 5581 1294 5654 compleantur,
1333 5598 1453 5652 qua:
1485 5591 1612 5638 ante
1641 5584 1694 5638 in
1722 5584 1837 5655 lege

249 5673 600 5744 prasignata,
631 5673 714 5728 vel
758 5674 812 5728 in
847 5674 1125 5744 prophetis
1171 5673 1426 5743 praedicta
1473 5669 1708 5730 fuerunt.
1742 5675 1838 5730 In-

253 5773 497 5822 rtaurare
543 5767 717 5821 omnia
763 5768 818 5822 in
860 5766 1087 5832 Christo,
1117 5784 1232 5838 qua:
1264 5768 1317 5823 in
1361 5766 1502 5823 caelis
1543 5777 1591 5824 et
1626 5787 1744 5840 qua:
1782 5772 1837 5825 in

1773 6024 1803 6048 ι

1929 3313 2144 3370 ﬁcabat.
2187 3313 2244 3369 In
2272 3330 2434 3370 cruce
2477 3315 2661 3384 itaque
2705 3313 2919 3368 Domini
2948 3321 3004 3367 et
3033 3313 3085 3366 in
3117 3309 3365 3380 passione
3394 3308 3513 3377 ejus

1927 3404 2279 3475 recapitulata
2309 3413 2433 3462 sunt
2451 3406 2630 3460 omnia
2651 3446 2665 3472 ,
2685 3405 2739 3460 id
2759 3413 2874 3472 est,
2901 3403 3149 3459 universa
3177 3403 3230 3457 in
3260 3403 3364 3458 hac
3392 3404 3515 3458 ἀνα-

1927 3499 2262 3567 κεφαλαιώσει
2282 3505 2592 3568 supputata.
2621 3497 2776 3564 Quod
2815 3505 2874 3550 ut
2895 3495 3230 3550 manifestius
3250 3494 3364 3560 (lat,
3381 3509 3516 3563 quo-

1931 3588 2145 3644 tidianae
2174 3589 2579 3645 consuetudinis
2610 3603 2874 3659 ponamus
2914 3587 3129 3656 aliquod
3159 3584 3462 3656 exemplum
3496 3601 3512 3641 τ

1927 3677 2079 3732 verbi
2103 3679 2293 3748 gratia,
2313 3677 2500 3748 viginti
2514 3677 2765 3732 denarios
2787 3675 3025 3746 erogavi,
3042 3688 3257 3729 rursum
3279 3672 3517 3743 quinque

1929 3779 1985 3824 et
2007 3770 2142 3825 alios
2165 3770 2471 3840 quindecim
2491 3810 2504 3833 ,
2531 3769 2752 3840 triginta
2779 3781 2992 3837 quoque
3014 3773 3070 3821 et
3101 3774 3183 3819 ter
3212 3765 3394 3819 decies
3420 3778 3519 3834 per

1930 3860 2143 3915 diversa
2167 3869 2408 3930 tempora
2429 3859 2572 3914 dedi.
2597 3858 2723 3913 Haac
2747 3857 2793 3912 si
2819 3858 2873 3910 in
2895 3871 3060 3910 unum
3077 3854 3300 3909 voluero
3322 3869 3520 3924 suppu-

1932 3958 2069 4016 tare,
2099 3950 2394 4005 centenarii
2419 3949 2548 4003 mihi
2577 3947 2784 4003 numeri
2807 3961 3016 4002 summa
3040 3945 3356 4010 succrescit,
3385 3953 3442 3999 et
3463 3944 3519 3998 in

1931 4055 2040 4095 uno
2069 4055 2296 4094 numero
2341 4039 2550 4094 habebo
2578 4039 2756 4092 omnia
2777 4077 2791 4103 ,
2819 4052 2938 4106 quae
2965 4045 3088 4090 ante
3114 4035 3406 4104 descripsi;
3440 4035 3521 4090 sic

1931 4133 2115 4202 itaque
2147 4131 2400 4186 universa
2430 4130 2686 4202 mysteria
2714 4138 2770 4184 et
2797 4127 2977 4183 omnis
3013 4126 3341 4195 dispensatio
3368 4133 3522 4180 vetu-

1932 4222 2120 4285 statis,
2154 4235 2259 4275 non
2299 4219 2470 4276 solum
2503 4234 2622 4289 qua:
2651 4220 2707 4274 in
2737 4218 2927 4282 terris,
2973 4217 3068 4272 sed
3113 4216 3278 4270 etiam
3315 4231 3433 4285 qua:
3465 4215 3522 4270 in

1931 4311 2084 4367 caelis
2113 4320 2262 4382 gesta
2291 4319 2406 4377 est,
2436 4311 2489 4365 in
2513 4309 2714 4365 Christi
2749 4307 3002 4380 passione
3035 4306 3356 4376 completur.
3386 4304 3521 4360 Cum

1931 4402 2074 4456 enim
2094 4401 2262 4457 semel
2285 4401 2416 4455 mihi
2435 4399 2686 4455 Christus
2707 4415 2899 4471 passus
2923 4397 3086 4453 fuerit
3107 4405 3162 4452 et
3182 4395 3445 4466 sepultus,
3467 4400 3523 4449 et

1933 4491 2314 4556 resurrexerit,
2345 4500 2399 4546 et
2421 4492 2486 4547 ad
2509 4492 2726 4546 Patrem
2755 4491 2930 4545 victor
2952 4487 3281 4552 ascenderit,
3299 4501 3405 4540 non
3434 4499 3522 4539 ne-

1935 4599 2085 4639 cesse
2111 4584 2284 4638 habeo
2305 4593 2538 4639 veterem
2563 4599 2867 4648 numerum,
2886 4582 3013 4652 quia
3033 4581 3088 4636 in
3110 4594 3218 4634 uno
3240 4577 3425 4634 omnia
3449 4585 3524 4632 te-

1935 4689 2059 4729 neo.
2085 4673 2378 4744 Diligenter
2409 4674 2692 4738 attendite,
2716 4671 2860 4742 quod
2885 4686 2990 4725 non
3018 4669 3192 4725 solum
3215 4682 3405 4722 omnes
3435 4665 3522 4721 hi-

1935 4763 2117 4818 storia:
2147 4761 2584 4833 Scripturarum,
2621 4778 2757 4833 quas
2791 4762 2847 4816 in
2887 4770 3030 4815 terra
3069 4768 3249 4830 gestas
3291 4756 3524 4826 Spiritus

1936 4860 2157 4906 sanctus
2177 4861 2477 4915 enumerat,
2497 4853 2590 4912 sed
2615 4851 2778 4907 etiam
2803 4851 2856 4904 in
2879 4849 3210 4913 coelestibus,
3227 4863 3347 4918 quae
3368 4846 3525 4901 nobis

1935 4941 2161 4997 occultae
2177 4951 2322 5008 sunt,
2357 4943 2409 4996 in
2429 4941 2633 4996 Christi
2659 4941 3010 5011 recapitulata
3035 4940 3286 5010 passione
3309 4947 3524 4993 tenean-

1940 5043 2044 5089 tur.
2075 5033 2302 5105 (Ambr.)
2326 5034 2514 5090 Omnis
2537 5035 2681 5088 enim
2713 5043 2964 5088 creatura
2994 5033 3048 5088 in
3070 5031 3223 5087 cmlis
3253 5041 3306 5086 et
3337 5031 3388 5084 in
3417 5038 3526 5084 ter-

1939 5126 2036 5191 ris,
2076 5126 2202 5180 dum
2234 5126 2393 5180 discit
2439 5125 2767 5195 agnitionem
2800 5123 3034 5190 Christi,
3081 5130 3418 5178 restaurator
3457 5119 3525 5174 ad

1943 5219 2018 5282 id,
2050 5218 2194 5287 quod
2223 5227 2304 5271 est
2334 5217 2569 5271 condita.
2603 5216 2736 5270 Cum
2769 5216 2911 5270 enim
2943 5215 3010 5269 ad
3040 5214 3202 5268 unius
3242 5211 3335 5267 Dei
3366 5211 3526 5264 ﬁdem

1944 5309 2222 5374 imbuitur,
2268 5319 2484 5377 cognito
2533 5308 2792 5380 mysterio
2837 5305 3173 5369 Salvatoris,
3225 5303 3292 5357 ab
3340 5312 3528 5357 errore
3626 5302 3632 5308 '

1944 5415 2105 5469 quem
2133 5408 2352 5469 ceperat
2393 5408 2754 5462 restauratur,
2801 5413 2899 5467 pro
2943 5404 3092 5452 certo
3123 5395 3330 5449 habens
3378 5405 3527 5446 crea-

1942 5497 2116 5545 torem
2146 5506 2302 5544 suum
2345 5507 2510 5545 unum
2558 5505 2678 5546 esse
2703 5499 2758 5545 et
2783 5489 2952 5544 Deum
2977 5498 3031 5544 et
3057 5488 3363 5544 Dominum.
3388 5483 3528 5537 Hinc

1941 5588 2024 5637 est
2068 5582 2209 5636 unde
2239 5581 2292 5635 in
2315 5579 2538 5637 Joannis
2554 5581 2875 5652 Apocalypsi
2900 5580 3124 5635 dicitur:
3153 5571 3526 5631 Vidi'Michaet

1940 5684 1988 5729 et
2017 5673 2188 5746 angeli
2211 5675 2325 5744 ejus
2341 5674 2718 5746 prazliabantur
2734 5675 2789 5728 in
2811 5673 2936 5726 caelo
2959 5688 3074 5726 cum
3099 5671 3322 5724 dracone
3343 5677 3528 5719 etcum

1940 5768 2168 5822 exercitu
2183 5767 2298 5838 ejus
2316 5766 2626 5840 (Apoc.xu).
2644 5766 2767 5822 Hmc
2785 5763 3134 5837 repugnantia
3147 5759 3350 5832 partim
3364 5757 3431 5812 de
3445 5767 3528 5810 er-
