3986 6338
480 342 589 403 sot
1125 333 1188 390 Β.
1229 326 1485 386 RABANI
1521 324 1747 385 usum
1782 320 2105 383 ARCHIEP.
2145 317 2457 378 uocum.
2497 314 2785 376 omnem
2821 286 3005 371 rans
3037 311 3129 370 ω.

2306 218 2337 243 Ο

482 459 941 525 roreest,partim
954 448 1021 505 de
1034 436 2076 517 usurpataetyrannidisprzesumptione.
2106 437 2160 498 Α
2184 431 2430 525 ordinem
2465 428 2716 525 lectionis
2743 442 2851 483 non
2882 434 3028 483 stare
3055 421 3343 525 sententia,
3388 436 3494 525 nec
3528 421 3581 478 ei

561 546 628 601 In
650 561 755 615 qua
794 544 951 597 etiam
991 546 1128 593 sorte
1162 535 1333 590 vocati
1358 549 1560 597 sumus,
1599 528 1957 602 prmdestinati
1997 542 2079 580 se-

489 637 718 691 cundum
736 631 1058 704 propositum
1080 628 1215 699 ejus,
1231 628 1319 699 qui
1337 626 1515 681 omnia
1529 633 1775 694 operatur
1793 619 2078 676 secundum

489 725 766 780 consilium
791 719 1073 776 voluntatis
1101 734 1233 772 sum.
1265 714 1446 788 (Aug.)
1483 713 1695 768 Sortem
1725 711 1880 775 dixit,
1907 724 2079 779 quan-

492 822 605 868 tum
636 826 736 882 ego
775 808 1051 872 existimo,
1078 807 1329 878 gratiam,
1359 820 1463 874 qua
1510 802 1643 857 salvi
1689 800 1815 855 facti
1854 813 2076 865 sumus;

490 917 661 973 quare
695 901 858 957 sortis
886 898 1102 953 nomine
1137 895 1370 966 appellat
1398 891 1668 965 gratiam?
1695 890 1819 960 quia
1848 888 1900 942 in
1932 895 2080 943 sorte

491 1008 598 1047 non
620 1000 702 1045 est
724 989 935 1051 electio,
959 987 1055 1042 sed
1082 985 1327 1040 voluntas
1347 983 1466 1038 Dei.
1488 982 1622 1037 Nam
1646 981 1737 1035 ubi
1760 978 1958 1034 dicitur
1978 977 2081 1032 iste

493 1080 653 1144 facit,
688 1080 790 1135 iste
834 1093 940 1134 non
983 1077 1144 1142 facit,
1188 1076 1381 1131 merita
1421 1073 1856 1135 considerantur,
1900 1078 1956 1125 et
1987 1068 2081 1122 ubi

492 1171 686 1226 merita
719 1169 1133 1224 considerantur
1171 1165 1363 1220 electio
1393 1175 1493 1227 est,
1527 1178 1632 1218 non
1680 1176 1818 1216 sors.
1847 1157 2081 1226 Quando

493 1272 674 1316 autem
721 1260 863 1314 Deus
894 1257 1042 1312 nulla
1075 1256 1264 1310 merita
1311 1264 1497 1310 nostra
1546 1253 1770 1319 invenit,
1803 1258 1952 1306 sorte
1983 1265 2082 1305 vo-

492 1349 715 1405 luntatis
757 1363 869 1403 suae
900 1362 998 1402 nos
1032 1346 1209 1401 salvos
1242 1344 1394 1409 fecit,
1437 1345 1564 1415 quia
1594 1342 1782 1405 voluit,
1817 1357 1923 1396 non
1957 1341 2081 1412 quia

493 1439 637 1509 digni
666 1437 908 1493 fuimus:
940 1435 1127 1491 Gratia
1165 1434 1299 1490 salvi
1343 1436 1472 1505 facti
1515 1436 1639 1490 estis
1675 1450 1768 1505 per
1799 1433 1992 1504 ﬁdem,
2035 1441 2083 1488 et

492 1530 591 1585 hoc
639 1547 742 1584 non
785 1545 849 1583 ex
890 1528 1052 1593 vobis,
1075 1527 1174 1581 Dei
1213 1527 1350 1581 enim
1390 1527 1586 1581 donum
1627 1535 1702 1579 est
1749 1523 1963 1594 (Ep/tes.
1997 1524 2081 1594 ιι).

495 1618 623 1679 Haec
649 1617 1044 1691 quodammodo
1091 1632 1211 1673 sors
1241 1616 1453 1673 occulta
1491 1625 1574 1672 est
1609 1616 1857 1671 voluntas
1900 1613 1995 1669 Dei
2029 1613 2084 1668 in

495 1714 737 1770 humano
772 1726 993 1784 genere,
1024 1711 1165 1780 apud
1193 1725 1354 1780 quem
1385 1725 1493 1763 non
1531 1715 1617 1764 est
1656 1707 1944 1777 iniquitas;
1975 1720 2084 1759 non

2177 519 2461 589 praelatum
2496 526 2603 583 est,
2632 517 2687 571 in
2717 532 2821 587 quo
2860 524 2909 569 et
2954 530 3077 581 eos,
3119 511 3302 567 audito
3341 511 3495 565 verbo
3538 511 3775 567 veritatis

2178 610 2450 682 Evangelii
2487 610 2674 665 salutis
2707 618 2917 674 vestra“
2953 605 3226 663 redditum
3255 603 3485 674 aliquid,
3513 603 3655 674 quod
3689 619 3779 659 εε-

2178 711 2404 772 quatur,
2437 701 2561 772 quia
2603 700 2788 756 statim
2836 698 3075 754 secundo
3120 696 3357 767 ponitur,
3390 697 3445 749 in
3475 712 3599 767 quo,
3630 697 3780 766 quod

2178 793 2307 864 quia
2365 791 2691 863 superﬂuum
2765 799 2877 855 est,
2926 789 3198 844 sublatum
3264 803 3297 843 e
3365 787 3546 842 medio
3600 796 3782 857 potest

2179 889 2386 937 textum
2454 881 2679 936 reddere
2739 879 2978 934 lectioni.
3038 878 3149 932 lloc
3215 885 3399 931 autem
3467 877 3781 945 patiebatur

2178 971 2379 1028 Paulus
2421 972 2487 1028 de
2529 971 2699 1028 nimio
2745 985 2932 1024 amore
2959 967 3207 1040 Christi,
3256 976 3316 1021 ut
3362 981 3488 1022 eum
3531 982 3775 1037 semper,

2179 1077 2341 1132 quem
2385 1060 2673 1130 diligebat,
2715 1058 2880 1115 etiam
2926 1057 3196 1129 superflue
3244 1065 3300 1111 et
3342 1057 3785 1113 extraordinarii:

2183 1151 2520 1215 nominaret,
2564 1150 2707 1219 quod
2742 1154 2919 1218 potest
2966 1147 3178 1216 absque
3224 1145 3381 1200 nobis
3426 1146 3482 1199 in
3528 1145 3786 1200 omnibus

2181 1240 2426 1311 epistolis
2460 1241 2577 1308 ejus
2607 1240 2774 1293 lector
2802 1237 3032 1306 diligens
3076 1235 3342 1290 invenire.
3372 1232 3529 1289 Unde
3553 1243 3608 1288 et
3641 1249 3788 1289 nunc

2182 1330 2419 1386 secundo
2472 1331 2744 1402 positum,
2807 1328 2863 1380 in
2909 1343 3012 1397 quo
3065 1325 3312 1380 ordinem
3360 1324 3788 1393 deprehenditur

2182 1421 2431 1476 turbasse
2460 1418 2760 1483 sententiae,
2789 1426 2845 1471 et
2868 1419 3195 1472 anteriorem
3230 1418 3667 1488 propositionem
3703 1433 3789 1473 re—

2182 1509 2408 1580 liquisse
2431 1508 2774 1578 pendentem.
2808 1505 2991 1576 Neque
3022 1521 3153 1561 vero
3191 1521 3355 1576 parva
3379 1505 3499 1562 laus
3525 1507 3790 1577 Ephesio-

2184 1618 2304 1657 rum
2340 1609 2449 1665 (κει,
2492 1616 2598 1656 non
2638 1600 3076 1669 prmdicatiouem
3120 1607 3368 1662 tantum,
3410 1595 3507 1652 sed
3553 1596 3785 1652 verbum

2184 1694 2431 1750 veritatis
2477 1692 2712 1748 audisse.
2756 1690 2896 1759 Quid
2949 1702 3033 1747 cst
3083 1692 3303 1747 verbum
3355 1691 3638 1754 veritatis,
3685 1689 3787 1743 nisi

497 1807 645 1861 enim
676 1804 763 1859 ille
779 1781 1059 1874 personas
1088 1802 1308 1872 accipit,
1335 1801 1429 1857 sed
1462 1800 1674 1857 occulta
1704 1800 1849 1855 illius
1865 1798 2080 1868 justitia
2114 1783 2161 1845 Β
2185 1785 2357 1840 Filius
2397 1784 2523 1848 Dei,
2571 1784 2662 1853 (ιιιί
2694 1792 2776 1839 εει
2818 1784 3040 1849 νθΐίῑθει
3085 1783 3213 1854 (lilia
3251 1782 3368 1837 τιίιε
3398 1781 3512 1853 [ἐῃο
3551 1799 3676 1836 διατι
3708 1784 3789 1835 τίω

494 1895 591 1951 tibi
637 1909 756 1950 sors
783 1902 884 1948 est.
928 1892 1127 1965 (Ηὶεν.)
1156 1891 1395 1946 Verbum
1439 1890 1770 1946 hmreditatis
1805 1898 1860 1944 et
1899 1888 2081 1953 sortis,

494 2000 595 2057 per
621 2001 758 2056 quas
780 1986 835 2040 in
865 1984 1067 2040 Christi
1096 1991 1304 2053 partem
1332 1982 1600 2046 venimus,
1630 1980 1868 2036 ostendit
1895 1993 1994 2033 nos
2017 1977 2085 2033 de

494 2074 599 2130 alia
627 2084 893 2146 potestate
918 2074 984 2128 ad
1011 2073 1175 2127 aliam
1204 2072 1644 2139 trahsmigrasse,
1680 2071 1733 2125 id
1762 2078 1865 2135 est,
1897 2071 1963 2127 de
1990 2084 2086 2123 an-

495 2169 734 2238 gelorum
763 2173 1032 2236 potestate
1073 2163 1339 2219 malorum
1373 2162 1618 2217 translati
1660 2163 1714 2216 in
1760 2169 2085 2232 potestatem

494 2256 612 2319 Dei,
654 2256 911 2325 quoniam
944 2268 1061 2318 eos,
1090 2255 1182 2325 qui
1218 2263 1342 2308 ante
1370 2252 1571 2323 captivi
1618 2250 1835 2306 fuerant
1863 2252 1916 2305 in
1956 2265 2082 2320 per-

499 2347 780 2410 ditionem,
807 2345 1059 2401 Christus
1103 2345 1248 2415 cepit
1291 2345 1358 2399 ad
1397 2345 1584 2407 vitam,
1629 2352 1690 2396 ut
1720 2342 2002 2396 reduceret
2031 2340 2086 2394 in

501 2436 797 2490 excelsum.
824 2436 892 2489 Et
911 2434 1144 2506 quodam
1171 2435 1330 2490 modo
1347 2444 1432 2490 est
1453 2442 1609 2504 capta
1633 2433 1936 2503 captivitas,
1958 2431 2088 2486 dum

502 2540 604 2596 per
647 2527 938 2582 secundam
981 2527 1372 2595 captivitatem,
1415 2526 1505 2595 qui
1544 2524 1695 2596 prius
1734 2523 1930 2593 captivi
1973 2521 2089 2577 fue-

502 2625 648 2681 rant,
676 2616 991 2671 liberantur.
1019 2616 1507 2682 Considerandum,
1539 2615 1684 2686 quod
1718 2615 1807 2670 hic
1837 2635 2089 2692 προορισ-

502 2707 596 2778 μὸς
638 2714 693 2760 ει
718 2707 978 2780 πρόθεσις,
1009 2707 1060 2763 id
1097 2714 1182 2762 est
1208 2707 1613 2777 praedestinatio
1640 2714 1694 2762 et
1730 2706 2084 2776 propositum,

501 2797 661 2853 simul
694 2799 866 2869 posita
899 2800 1027 2863 sint,
1058 2797 1215 2868 juxta
1258 2814 1379 2867 quae
1423 2806 1684 2868 operatur
1705 2797 1888 2852 omnia
1922 2797 2087 2865 Deus,

499 2890 799 2947 secundum
831 2890 1116 2946 consilium
1148 2889 1441 2946 voluntatis
1477 2905 1588 2945 suae
1613 2909 1626 2944 :
1655 2905 1761 2944 non
1802 2889 1945 2959 quod
1974 2904 2092 2944 om-

498 2993 611 3041 nia,
639 2994 763 3050 quae
805 2979 857 3034 in
901 2978 1102 3035 mundo
1131 2979 1287 3044 fiunt,
1317 2980 1414 3035 Dei
1454 2979 1730 3034 voluntate
1767 2987 1825 3033 et
1864 2978 2090 3033 consilio

499 3081 843 3143 peragantur,
870 3071 1109 3142 alioquin
1134 3081 1190 3127 et
1216 3071 1358 3126 mala
1387 3069 1499 3126 Deo
1524 3076 1779 3140 poterunt
1810 3069 2086 3138 imputari,

2191 1887 2239 1932 et
2277 1879 2464 1933 veritas
2492 1875 2673 1947 (loan.
2699 1875 2778 1947 χ).
2807 1876 2946 1944 Quid
2976 1884 3059 1931 est
3087 1875 3275 1931 audire
3306 1877 3448 1930 hanc
3473 1875 3787 1937 veritatem,

2188 1969 2292 2024 nisi
2328 1968 2382 2023 in
2418 1965 2695 2022 Christum
2736 1965 3034 2021 credidisse
3069 1975 3125 2020 et
3154 1966 3401 2020 obedisse
3428 1964 3498 2027 ei,
3545 1966 3696 2019 sicut
3738 1966 3788 2019 in

2190 2057 2482 2129 Evangelia
2509 2055 2743 2111 dicitur:
2772 2058 2957 2121 Amen,
2980 2072 3132 2109 amen
3164 2055 3285 2109 dico
3310 2055 3472 2120 vobis,
3496 2055 3629 2125 quia
3661 2055 3790 2109 tenit

2188 2153 2339 2214 liora,
2367 2151 2576 2222 quando
2605 2151 2807 2204 mortui
2845 2150 3060 2205 audient
3092 2167 3263 2206 vocem
3300 2148 3429 2204 Filii
3461 2148 3558 2204 Dei
3604 2148 3790 2220 (Joan.

2189 2243 2267 2313 v).
2295 2241 2435 2310 Quid
2457 2248 2535 2296 est
2568 2248 2807 2295 mortuos
2848 2241 3057 2307 audire,
3084 2242 3189 2297 nisi
3218 2251 3536 2313 peccatores
3563 2240 3792 2296 credere

2189 2332 2245 2388 in
2270 2330 2466 2386 Filium
2502 2330 2594 2385 Dei
2634 2339 2691 2385 et
2727 2329 2846 2385 voci
2874 2328 3010 2399 ejus,
3048 2332 3152 2386 hoc
3179 2343 3286 2397 est,
3315 2332 3606 2402 praeceptis
3652 2331 3790 2386 illius

2191 2424 2435 2487 obedire,
2454 2423 2509 2478 in
2531 2437 2639 2491 quo
2655 2438 2797 2478 nunc
2822 2423 3243 2495 coguosccmini,
3269 2438 3365 2478 vos
3385 2431 3596 2494 gentes,
3624 2438 3791 2478 unum

2202 2528 2325 2569 esse
2365 2513 2677 2578 nobiscum,
2723 2513 2848 2583 quia
2888 2513 3136 2569 eumdem
3178 2514 3424 2584 spiritum
3475 2514 3792 2584 accepistis,

2191 2604 2347 2673 cujus
2385 2606 2522 2660 dona
2553 2604 2715 2659 arrha
2756 2613 2883 2659 sunt
2920 2606 3251 2662 haereditatis
3280 2606 3493 2662 futurae.
3520 2605 3581 2662 Si
3618 2608 3791 2673 enim,

2193 2698 2354 2752 arrha
2391 2705 2543 2751 tanta
2582 2704 2694 2761 est,
2731 2706 2933 2766 quanta
2958 2696 3064 2753 erit
3095 2697 3387 2753 haereditas
3414 2698 3793 2769 promissionis

2192 2789 2441 2844 mternm?
2485 2787 2743 2859 Signatur
2782 2795 3000 2854 autem,
3036 2789 3081 2844 si
3120 2788 3244 2858 quis
3283 2788 3522 2844 audierit
3563 2789 3791 2844 verbum

2192 2880 2442 2936 veritatis
2485 2888 2541 2933 et
2587 2878 2883 2934 crediderit
2930 2878 2983 2933 in
3017 2893 3083 2935 eo
3125 2878 3317 2950 spiritu
3353 2878 3794 2950 repromissionis

2211 2968 2587 3039 sancto;quia
2624 2967 2776 3022 umlti
2803 2975 2930 3022 sunt
2976 2968 3069 3038 qui
3110 2968 3419 3034 audierunt,
3445 2979 3499 3022 et
3526 2966 3795 3023 increduli

2192 3067 2605 3130 permanentes,
2649 3072 2994 3128 nequaquam
3041 3057 3381 3126 signaculum
3442 3059 3617 3113 sancti
3671 3057 3791 3128 Spi-

500 3139 598 3214 sed
637 3139 785 3229 quod
819 3139 1094 3224 universa,
1121 3174 1240 3228 quas
1274 3158 1426 3224 facit,
1463 3139 1691 3214 consilio
1720 3157 1885 3211 faciat
1911 3165 1968 3212 et
1994 3171 2089 3211 vo-
2119 3139 2163 3201 C
2196 3151 2335 3206 ritus
2359 3150 2635 3205 consecuti
2679 3159 2823 3205 sunt.
2858 3149 3067 3205 Dicitur
3093 3160 3148 3206 et
3172 3151 3240 3206 ad
3270 3151 3571 3221 principem
3618 3150 3790 3222 Tyri:

504 3249 729 3315 luntate,
776 3252 917 3320 quod
960 3252 1168 3306 scilicet
1208 3260 1265 3306 et
1305 3251 1516 3305 ratione
1556 3250 1714 3321 plena
1763 3250 1872 3305 sint
1904 3258 1960 3304 et
1990 3264 2095 3321 po-

506 3346 724 3395 testate.
766 3338 894 3393 Vult
936 3338 1119 3408 itaque
1157 3354 1491 3410 quaecunque
1528 3339 1739 3394 ratione
1773 3337 1935 3413 plena
1972 3346 2098 3394 sunt

509 3441 675 3500 atque
707 3430 965 3496 consilio,
1002 3431 1117 3485 vult
1144 3431 1343 3486 salvari
1371 3446 1560 3487 omnes
1587 3439 1642 3485 et
1676 3431 1730 3485 in
1764 3430 2096 3517 gnitiouem

504 3521 750 3576 veritatis
796 3521 979 3576 venire
1029 3521 1092 3591 (1
1122 3521 1258 3576 Tim.
1296 3521 1390 3592 ιι),
1433 3522 1528 3578 sed
1571 3521 1698 3591 quia
1750 3520 1931 3576 nullus
1974 3521 2099 3577 abs-

507 3627 615 3683 que
652 3613 870 3685 propria
904 3613 1182 3670 voluntate
1227 3614 1467 3669 salvatur
1496 3613 1672 3685 (liberi
1701 3613 1846 3669 enim
1884 3612 2097 3668 arbitrii

510 3706 720 3778 sumus)
754 3706 866 3760 vult
896 3721 994 3762 nos
1031 3706 1233 3761 bonum
1274 3706 1429 3771 velle,
1472 3714 1553 3771 ut,
1583 3720 1704 3761 cum
1738 3704 2096 3771 voluerimus,

505 3795 636 3851 velit
685 3796 740 3851 iu
773 3797 928 3852 nobis
966 3804 1022 3852 et
1057 3797 1173 3867 ipse
1220 3812 1375 3852 suum
1430 3797 1654 3867 implere
1688 3795 1997 3852 consilium.
2029 3792 2096 3848 Ut

506 3884 672 3939 simus
716 3886 775 3940 in
811 3883 1021 3940 laudem
1061 3887 1245 3957 gloria:
1295 3885 1429 3956 ejus,
1470 3887 1560 3958 qui
1615 3894 1737 3940 ante
1778 3885 2099 3956 speravimus

506 3974 563 4029 in
598 3972 824 4031 Christo.
852 3976 1084 4047 (Ambr.)
1128 3976 1244 4032 Hoc
1280 3984 1399 4044 est,
1431 3977 1573 4048 quod
1604 3977 1767 4041 dicit,
1811 3977 1940 4046 quia
1983 3976 2097 4032 dis-'

506 4066 754 4135 pensatio
792 4066 1187 4136 praedicationis
1238 4066 1325 4121 his
1355 4066 1570 4122 decreta
1591 4074 1676 4120 est
1703 4081 1732 4120 a
1757 4065 1888 4130 Deo,
1913 4064 2004 4136 qui
2031 4080 2095 4120 ex

505 4152 708 4210 Judaeis
751 4156 1098 4211 crediderunt
1149 4156 1203 4211 in
1255 4156 1556 4213 Christum.
1604 4155 1760 4212 Unde
1807 4156 1987 4212 uullus
2031 4172 2099 4212 ex

508 4245 758 4314 gentibus
799 4246 867 4300 ad
898 4246 1257 4316 apostolatum
1291 4247 1498 4304 electus
1540 4256 1663 4303 est:
1695 4248 1917 4319 dignum
1952 4249 2099 4303 enim

512 4343 632 4388 erat
655 4350 721 4389 ex
758 4335 844 4390 his
873 4335 1009 4406 elegi
1037 4338 1441 4406 praedicatores,
1465 4339 1557 4409 qui
1588 4349 1714 4394 ante
1744 4347 2104 4410 speraverant

513 4424 767 4491 salutem,
804 4441 924 4497 quae
950 4427 1056 4482 illis
1083 4428 1351 4499 promissa
1380 4438 1500 4484 erat
1527 4430 1581 4485 in
1610 4430 1848 4486 Christo.
1897 4430 2097 4503 (Ηὶεν.)

507 4517 658 4574 Ante
698 4527 1057 4589 speraveruut
1099 4519 1153 4573 in
1202 4518 1442 4586 Christo,
1475 4522 1670 4591 quibus
1708 4519 1959 4577 Christus
2002 4536 2100 4591 per

510 4606 685 4679 legem
712 4608 797 4664 vel
832 4609 1125 4681 prophetas
1148 4611 1439 4680 praedictus
1463 4619 1570 4677 est,
1600 4612 1847 4683 quamvis
1875 4620 2001 4667 ante
2032 4611 2097 4667 ad

509 4713 719 4764 omnes,
765 4700 857 4770 qui
902 4700 956 4756 in
1001 4700 1280 4757 Christum
1322 4702 1581 4765 credunt,
1624 4703 1896 4772 pertinere
1941 4716 2100 4771 posse

509 4790 781 4857 videatur,
822 4801 882 4847 ut
917 4793 1009 4862 qui
1038 4800 1166 4848 ante
1210 4793 1263 4847 in
1293 4793 1392 4849 bac
1425 4794 1538 4848 vita
1569 4794 1623 4848 in
1664 4793 1938 4849 Christum
1976 4809 2100 4849 cre-

511 4879 676 4945 dunt,
718 4880 774 4934 in
811 4878 990 4935 futura
1032 4881 1141 4935 vita
1187 4882 1297 4937 sint
1328 4881 1381 4936 in
1429 4881 1640 4937 laudem
1685 4891 1743 4936 et
1789 4883 1842 4937 in
1872 4881 2098 4953 gloriam

511 4965 630 5037 ejus
659 4969 845 5023 futuri.
873 4968 979 5023 Sed
1007 4970 1111 5025 alia
1136 4979 1222 5026 est
1257 4986 1467 5027 merces
1503 4969 1644 5040 ejus,
1687 4971 1782 5042 qui
1822 4971 2103 5027 voluntate

512 5066 697 5129 sperat
726 5057 779 5112 in
808 5057 1118 5127 Christum,
1164 5061 1298 5127 alia,
1331 5062 1423 5132 qui
1469 5062 1790 5118 necessitate
1827 5063 1994 5118 credit
2045 5064 2100 5118 in

512 5168 659 5208 eum.
690 5151 758 5206 In
790 5169 896 5223 quo
921 5161 969 5207 et
999 5170 1108 5219 vos,
1155 5170 1275 5208 cum
1303 5154 1587 5209 audissetis
1616 5155 1823 5210 verbum
1850 5156 2096 5219 veritatis,

517 5240 857 5313 Evangelium
891 5241 1077 5297 salutis
1121 5254 1323 5312 vestras,
1360 5247 1417 5298 in
1458 5262 1561 5314 quo
1602 5245 1868 5300 credentes
1905 5246 2100 5317 signati

514 5334 638 5389 estis
671 5335 859 5406 spiritu
897 5337 1259 5407 promissionis
1306 5348 1510 5393 sancto.
1556 5336 1612 5392 In
1640 5352 1768 5407 quo,
1810 5337 1951 5392 haud
1999 5338 2101 5393 du-

514 5422 665 5479 bium
696 5424 824 5494 quin
872 5425 924 5480 in
951 5424 1191 5483 Christo.
1222 5427 1369 5483 Inter
1397 5437 1645 5491 caeteros,
1671 5428 1763 5497 qui
1795 5428 2103 5495 audierunt,

519 5514 618 5572 vos
638 5531 868 5587 quoque,
896 5517 1114 5590 Ephesii
1139 5520 1365 5575 verbum
1386 5519 1633 5574 veritatis
1656 5520 1907 5585 audistis,
1930 5520 2106 5575 Evan-

516 5602 716 5676 gelium
763 5607 955 5663 salutis
999 5617 1213 5671 vestrae,
1262 5607 1348 5662 cui
1395 5609 1680 5680 credentes
1724 5609 1921 5681 signati
1973 5610 2108 5668 estis

518 5695 709 5765 spiritu
757 5697 1198 5770 repromissionis
1245 5707 1454 5756 sancto.
1486 5698 1713 5757 Videtur
1740 5710 1920 5761 autem
1943 5700 2103 5772 juxta

2130 4482 2177 4541 D

2199 3246 2280 3303 Tu
2322 3264 2377 3303 es
2418 3246 2747 3317 signaculum
2775 3245 3140 3301 similitudinis
3170 3242 3268 3297 Dei
3316 3241 3534 3312 (Ezech.
3573 3242 3792 3311 xxvm).

2196 3338 2533 3409 signaculum
2559 3345 2741 3392 autem
2772 3337 2862 3391 Dei
2886 3344 2992 3404 est,
3014 3345 3073 3391 ut
3097 3334 3370 3406 quomodo
3396 3333 3611 3404 primus
3636 3333 3795 3388 homo

2195 3431 2442 3486 conditus
2468 3438 2553 3486 est
2590 3430 2658 3484 ad
2702 3428 2991 3499 imaginem
3020 3436 3075 3483 et
3109 3425 3518 3484 similitudinem
3548 3425 3647 3480 Dei
3677 3440 3695 3479 :
3724 3424 3796 3480 sic

2198 3521 2253 3576 in
2287 3521 2523 3577 secunda
2567 3520 2996 3590 regeneratione,
3027 3519 3339 3589 quicunque
3364 3516 3636 3585 Spiritum
3678 3531 3797 3571 san-

2197 3619 2345 3666 ctum
2377 3610 2540 3665 fuerit
2575 3618 2925 3675 consecutus,
2969 3610 3212 3680 signetur
3246 3609 3316 3662 ab
3359 3622 3448 3671 eo,
3473 3616 3529 3662 et
3564 3605 3795 3675 ﬁguram

2198 3702 2493 3758 conditoris
2531 3702 2777 3772 accipiat.
2829 3700 3189 3769 Quaerendum
3233 3699 3325 3755 ubi
3372 3697 3497 3753 alibi
3530 3700 3794 3769 scriptum

2199 3792 2270 3848 sit
2299 3811 2312 3846 :
2343 3792 2567 3863 spiritus
2604 3791 3040 3863 repromissionis
3079 3798 3322 3856 sanctus,
3349 3787 3434 3843 vel
3471 3787 3604 3857 quid
3630 3786 3797 3860 signi-

2198 3883 2357 3938 licet?
2380 3884 2493 3954 Ego
2523 3884 2671 3940 enim
2714 3885 2942 3949 mstimo,
2982 3868 3113 3954 quia
3136 3883 3278 3938 sicut
3308 3880 3545 3952 Spiritus
3572 3889 3795 3937 sanctus

2198 3985 2446 4031 sanctum
2490 3976 2621 4031 facit
2659 3991 2805 4041 eum,
2830 3977 2917 4030 cui
2944 3975 3107 4029 fuerit
3130 3974 3357 4040 infusus,
3381 3983 3437 4028 et
3459 3973 3694 4042 spiritus
3718 3987 3797 4028 sa.

2198 4066 2415 4137 pientize
2458 4067 2783 4136 sapientem,
2812 4074 2867 4122 et
2896 4065 3265 4137 intelligentia:
3298 4063 3718 4135 intelligentem,
3746 4071 3798 4118 et

2199 4156 2411 4212 consilii
2460 4165 2713 4222 cautum,
2767 4164 2931 4227 atque
2977 4154 3318 4219 consultum,
3361 4162 3418 4208 et
3458 4152 3796 4208 fortitudinis

2200 4246 2418 4313 fortem,
2454 4255 2511 4302 et
2550 4246 2790 4302 scientiae
2836 4246 3127 4311 scientem,
3170 4252 3226 4301 et
3260 4243 3478 4316 pietatis
3520 4244 3712 4315 pium,
3746 4251 3797 4297 et

2201 4340 2412 4395 timoris
2469 4339 2739 4404 timidum,
2776 4339 2979 4409 Deique
3032 4339 3227 4394 timore
3282 4336 3682 4406 trepidantem,
3728 4338 3797 4390 ita

2202 4435 2257 4483 et
2290 4428 2513 4498 spiritus
2553 4425 2928 4496 promissionis
2968 4425 3049 4482 vel
3075 4426 3300 4497 spiritus
3329 4424 3449 4490 Dei,
3477 4438 3795 4496 sponsorem

2201 4524 2257 4573 et
2284 4517 2453 4572 Deum
2501 4514 2630 4571 facit
2669 4531 2827 4582 eum,
2872 4514 2926 4569 in
2965 4532 3074 4586 quo
3117 4515 3464 4571 habitaverit.
3515 4513 3795 4582 Quomodo

2200 4606 2511 4663 econtrario
2564 4605 2876 4661 immundus
2948 4606 3171 4677 Spiritus
3233 4605 3577 4661 immundum
3630 4605 3794 4667 facit,

2202 4712 2259 4758 et
2302 4715 2553 4773 spurcam
2597 4700 2703 4756 sibi
2743 4701 2966 4756 domum
3013 4708 3285 4772 praeparat
3315 4713 3545 4770 spurcus
3590 4697 3797 4752 habita-

2202 4801 2319 4859 tor;
2353 4792 2725 4849 fornicationis
2748 4806 2964 4862 quoque
2997 4792 3221 4861 spiritus
3256 4790 3421 4846 cllicit
3445 4797 3795 4849 scortatores,

2204 4883 2271 4939 de
2314 4882 2510 4953 quibus
2552 4883 2814 4952 propheta
2869 4880 3140 4951 loquitur:
3184 4878 3383 4951 Spiritu
3429 4877 3796 4948 fornicationis

2202 4972 2401 5028 seducti
2439 4972 2562 5027 estis
2595 4969 2743 5042 (Ose.
2770 4970 2868 5042 Iv),
2898 4981 2953 5026 et
2991 4984 3223 5040 nequam
3267 4969 3491 5040 spiritus
3525 4966 3661 5021 facit
3700 4968 3799 5021 ho-

2205 5065 2378 5120 mines
2407 5078 2637 5135 nequam
2672 5071 2835 5132 atque
2877 5076 3183 5133 perversos,
3206 5069 3261 5117 et
3301 5059 3668 5115 dazmoniacus
3687 5057 3797 5113 dae-

2205 5171 2392 5212 mones
2410 5174 2421 5210 :
2438 5155 2720 5227 qualisque
2739 5154 2903 5211 fuerit
2942 5155 3121 5226 liquor
3135 5155 3225 5226 qui
3244 5168 3395 5210 novae
3410 5162 3565 5211 testa:
3587 5151 3795 5208 infusus

2204 5258 2310 5314 est,
2327 5247 2487 5303 talem
2522 5247 2611 5303 ditt
2648 5256 2785 5304 testa
2812 5255 2867 5302 et
2899 5246 3120 5302 odorem
3145 5246 3337 5302 retinet
3356 5253 3411 5300 et
3432 5258 3706 5313 saporem.

2280 5338 2383 5404 Qui
2410 5348 2485 5393 est
2520 5340 2705 5409 pignus
2739 5339 3060 5394 lta’reditatis
3092 5352 3283 5394 nostra:
3311 5340 3366 5393 in
3392 5335 3792 5406 redemptionem

2209 5428 2529 5501 adoptionis,
2559 5430 2615 5483 in
2653 5428 2862 5485 laudem
2907 5428 3092 5500 gloria
3121 5430 3303 5499 ipsius.
3342 5425 3546 5500 Pignus
3572 5426 3793 5482 Latinus

2208 5519 2593 5589 interpretator
2622 5534 2721 5589 pro
2743 5518 3037 5573 arrliabone
3064 5522 3273 5589 posuit;
3301 5533 3411 5574 non
3441 5517 3675 5587 idipsum
3700 5530 3793 5570 au-

2208 5617 2318 5667 tem
2357 5610 2612 5678 arrhabo,
2645 5610 2791 5681 quod
2826 5611 3014 5682 pignus
3053 5620 3233 5668 sonat.
3256 5610 3506 5666 Arrhabo
3532 5609 3677 5666 enim
3711 5606 3793 5663 fu-

2208 5712 2343 5758 turae
2376 5702 2634 5773 emptioni
2662 5701 2817 5772 quasi
2859 5702 3130 5775 quoddam
3178 5702 3542 5760 testimonium
3570 5710 3627 5757 et
3652 5696 3794 5756 obl-
