3986 6338
161 346 283 407 393

639 342 1193 405 ENARRATIONUM
1225 345 1296 403 IN
1332 344 1483 402 EPP.
1526 341 1734 401 PAULI
1771 343 1902 400 LIB.
1944 340 2104 399 XVII.
2141 372 2212 385 —
2243 339 2314 399 IN
2351 338 2574 400 EPIST.
2609 339 2705 398 AD
2737 340 2980 398 EPIIES.

3341 342 3448 399 594

163 471 488 540 gamentnm
509 461 705 518 datur:
735 461 930 533 pignus
952 475 1102 526 vero,
1130 462 1233 517 hoc
1255 469 1338 518 est
1367 463 1630 540 ἐνέχυρον,
1660 474 1760 529 pro
1787 462 1842 523 Α
1865 456 2017 512 Licet
2060 457 2212 530 verbi
2257 458 2325 513 ad
2369 457 2596 514 verbum
2650 473 2905 528 expressa
2957 460 3238 518 translatio
3279 466 3452 533 possit

160 569 362 616 mutua
391 555 622 628 pecunia
645 554 964 624 opponitur;
995 561 1056 608 ut
1081 569 1203 609 cum
1230 553 1320 609 illa
1344 552 1552 609 reddita
1577 551 1758 618 fuerit,

163 649 420 707 reddenti
450 647 689 703 debitum
731 645 925 716 pignus
959 659 991 699 a
1020 645 1290 701 creditore
1322 645 1598 700 reddatur.
1637 643 1766 712 Qui-

163 756 388 812 cunque
434 738 599 810 igitur
640 751 746 792 non
797 744 1007 792 tantum
1052 735 1316 806 Spiritum
1363 744 1609 791 sanctum
1647 734 1766 809 [sed

163 832 440 904 Spiritum
477 831 746 905 sanctum]
783 833 1222 904 repromissionis
1265 832 1565 912 acceperit,
1606 829 1766 886 simul

163 932 575 995 consequenter
608 922 1013 997 [consequetur]
1045 931 1100 978 et
1135 924 1496 979 arrhabonem
1533 921 1764 978 haeredi-

164 1015 327 1072 tatis.
357 1029 480 1084 qua:
505 1013 794 1069 haereditas
830 1015 939 1068 vita
968 1021 1224 1085 perpetua
1266 1021 1367 1067 est.
1393 1012 1462 1068 Et
1498 1011 1766 1083 quomodo

163 1123 238 1163 ex
281 1107 589 1162 arrhabone
624 1107 925 1161 aestimatur
958 1105 1132 1176 qualis
1159 1106 1363 1176 emptio
1399 1105 1473 1160 sit
1499 1103 1679 1159 futura
1713 1109 1768 1158 et

164 1217 292 1271 qua:
317 1201 609 1272 possessio,
634 1199 785 1255 verbi
810 1215 992 1266 causa,
1020 1213 1087 1255 ex
1117 1199 1305 1256 decem
1334 1197 1522 1254 solidis
1548 1205 1766 1254 centum

162 1291 474 1347 solidorum
493 1290 640 1356 villa,
665 1297 722 1345 et
747 1305 812 1345 ex
843 1297 1060 1346 centum
1085 1289 1276 1344 solidis
1302 1287 1448 1344 mille
1472 1287 1766 1344 solidorum

160 1385 483 1454 possessio;
529 1384 604 1438 ita
643 1398 712 1439 ex
751 1383 1017 1439 varietate
1050 1382 1394 1448 arrhabonis,
1439 1379 1770 1437 haereditatis

166 1487 394 1542 quoque
460 1482 650 1542 postea
712 1481 977 1527 secuturae
1032 1470 1344 1543 magnitudo
1399 1471 1763 1544 cognoscitur.

167 1563 439 1630 Quamvis
459 1572 638 1617 autem
661 1571 882 1620 sanctus
910 1562 982 1618 sit
1001 1562 1196 1632 aliquis
1219 1571 1380 1634 atque
1403 1561 1696 1634 perfectus,
1712 1573 1768 1620 et

165 1657 420 1712 omnium
461 1656 666 1727 judicio
705 1655 1038 1712 beatitudine
1065 1655 1258 1728 dignus
1291 1662 1542 1726 putetur,
1587 1664 1766 1711 tamen

165 1747 242 1801 ad
275 1745 518 1801 futuram
542 1747 913 1803 hmreditatem
943 1763 1086 1804 nunc
1115 1747 1471 1804 arrhabonem
1493 1755 1578 1804 est
1597 1745 1772 1818 Spiri-

169 1848 264 1894 tus
310 1847 638 1895 consecutus
679 1859 692 1894 2

167 1934 282 1988 erit
321 1935 662 2010 possesssio?
690 1933 970 2002 Quomodo
1010 1943 1193 1990 autem
1235 1934 1471 1991 arrhabo
1503 1935 1593 2005 qui
1620 1935 1777 1992 nobis

173 2022 466 2087 tribuitur,
513 2039 621 2078 non
650 2032 733 2079 est
768 2033 924 2079 extra
963 2039 1084 2091 nos,
1111 2025 1206 2080 sed
1238 2024 1378 2079 intra
1423 2039 1523 2081 nos
1565 2034 1668 2092 est,
1699 2027 1779 2082 sic

177 2121 236 2168 et
259 2114 382 2184 ipsa
408 2113 722 2181 haereditas,
749 2115 850 2170 hoc
874 2123 957 2170 est
977 2130 1201 2187 regnum
1224 2114 1320 2171 Dei
1342 2117 1487 2188 quod
1512 2117 1654 2172 intra
1677 2134 1778 2175 nos

171 2213 284 2270 est,
318 2205 374 2260 in
406 2204 564 2260 nobis
601 2213 850 2260 versatur
887 2205 1232 2262 intrinsecus.
1261 2205 1391 2273 Quae
1425 2207 1570 2262 enim
1599 2217 1780 2279 potest

181 2311 314 2352 esse
349 2295 526 2364 major
571 2287 876 2361 haereditas,
907 2312 1068 2366 quam
1113 2299 1467 2370 contemplari
1495 2307 1551 2355 et
1597 2301 1780 2356 videre

187 2404 364 2444 sensu
395 2389 851 2460 pulchritudinem
871 2390 1181 2460 Sapientia,
1196 2400 1250 2448 et
1274 2391 1457 2457 Verbi,
1489 2400 1543 2449 et
1567 2391 1779 2450 Verita-

179 2481 283 2545 tis,
312 2489 370 2534 et
397 2480 664 2545 Luminis,
701 2489 755 2535 et
773 2481 942 2552 ipsius
970 2481 1291 2537 ineffabilem
1323 2482 1702 2549 substantiam,
1726 2491 1783 2540 ct

174 2571 540 2644 magniﬁcam
594 2573 689 2627 Dei
719 2574 1067 2630 considerare
1110 2584 1382 2643 naturam,
1429 2577 1780 2648 omniumque

168 2679 302 2734 qua:
336 2663 403 2715 ad
433 2662 841 2718 similitudinem
865 2665 1080 2720 condita
1115 2675 1240 2722 sunt
1273 2668 1389 2733 Dei,
1418 2670 1778 2725 substantiam

168 2752 476 2809 contueri?
501 2752 605 2807 Iste
631 2763 812 2808 autem
839 2755 1058 2825 spiritus
1079 2757 1512 2826 repromissionis
1537 2769 1778 2826 sanctus,

163 2843 270 2912 qui
299 2851 388 2897 est
410 2842 646 2898 arrhabo
667 2843 998 2900 haereditatis
1010 2835 1240 2912 nostrae:
1258 2846 1461 2902 ideirco
1491 2865 1634 2904 nunc
1657 2865 1780 2905 san-

165 2936 282 2992 ctis
295 2937 477 3002 datur,
493 2945 553 2989 ut
572 2935 907 2992 redimantur
933 2947 986 2992 et
1009 2938 1327 3008 cepulentur
1346 2939 1456 2994 Deo
1486 2939 1539 2994 in
1567 2940 1780 2997 laudem

165 3027 367 3099 gloriae
388 3027 594 3099 ipsius;
625 3043 735 3084 non
755 3028 898 3096 quod
922 3027 1064 3084 Deus
1088 3028 1316 3099 alicujus
1335 3029 1494 3086 laude
1516 3030 1776 3102 indigeat,

165 3120 276 3176 sed
293 3121 442 3190 quod
471 3120 590 3176 laus
609 3121 705 3176 Dei
725 3121 1095 3178 laudatoribus
1117 3124 1312 3194 prosit,
1325 3132 1380 3180 et
1403 3125 1528 3180 dum
1551 3141 1650 3196 per
1668 3128 1779 3181 sin-

167 3215 304 3286 gula
320 3229 489 3285 opera
503 3213 836 3285 majestatem
853 3215 1020 3284 ipsius
1036 3216 1568 3287 magnitudinemque
1586 3235 1778 3290 cogno-

174 3313 370 3371 scunt,
385 3305 454 3359 ad
467 3303 791 3359 laudandum
806 3319 928 3360 eam
945 3306 1205 3360 miraculo
1217 3309 1454 3376 stuporis
1467 3320 1772 3381 erumpant.

180 3395 424 3466 (Αηιὸν.)
450 3394 592 3450 Laus
620 3395 805 3466 gloriae
833 3395 928 3451 Dei
955 3404 1058 3462 est,
1089 3413 1210 3452 cum
1237 3398 1389 3453 multi
1420 3401 1778 3470 acquirnntur

169 3488 248 3542 ad
279 3487 472 3553 ﬁdem,
511 3487 652 3542 sicut
691 3487 860 3559 gloria
905 3490 1098 3546 medici
1140 3500 1222 3546 est
1260 3492 1306 3546 si
1344 3493 1544 3550 multos
1588 3506 1772 3564 curet,

170 3579 411 3649 ideoque
435 3580 502 3634 ad
527 3579 751 3651 gloriam
775 3581 870 3635 Dei
898 3583 1156 3651 pertinet,
1179 3583 1304 3653 quia
1330 3596 1517 3654 gentes
1538 3588 1773 3656 vocavit,

167 3680 239 3727 ut
282 3671 478 3726 salutis
514 3686 625 3726 sua:
671 3672 935 3727 medelam
972 3685 1434 3745 consequerentur
1479 3692 1578 3746 per
1613 3679 1774 3735 ﬁdem

163 3764 508 3836 promissam
563 3761 784 3830 Iudaeis,
827 3765 1040 3836 signum
1077 3766 1340 3822 habentes
1389 3771 1776 3841 redemptionis

171 3868 354 3929 atque
395 3856 726 3913 haereditatis
767 3856 979 3924 futurae,
1007 3858 1267 3930 Spiritum
1301 3869 1544 3916 sanctum
1588 3863 1774 3918 datum

167 3961 304 4022 post
332 3948 686 4019 baptismum.
727 3947 1010 4020 Redempti
1053 3953 1197 4006 enim
1229 3953 1470 4008 hazredes
1509 3953 1773 4026 designati

170 4052 325 4108 sunt,
357 4043 406 4096 si
454 4043 509 4096 in
541 4044 952 4114 regeneratione
997 4045 1313 4114 perdurent,
1344 4055 1404 4100 ut
1437 4045 1568 4103 ﬁdes
1597 4048 1772 4118 prima

171 4133 420 4198 veniam,
455 4140 646 4188 sancta
684 4148 812 4188 vero
833 4134 1171 4191 conversatio
1193 4136 1492 4206 perdurans
1523 4152 1646 4193 cum
1668 4137 1775 4194 ﬁde

173 4241 442 4284 coronam
468 4235 762 4281 mereatur.

249 4319 545 4388 Propterea
572 4327 619 4372 et
651 4335 742 4388 ego
766 4319 985 4374 audiens
1010 4319 1170 4388 ﬁdem
1199 4329 1440 4387 vestram,
1467 4338 1585 4393 qua:
1612 4333 1687 4377 est
1716 4324 1773 4380 in

173 4412 409 4466 Domino
449 4411 601 4476 Jesu,
631 4423 679 4466 et
727 4413 1054 4468 dilectionem
1097 4415 1154 4468 in
1185 4430 1362 4469 omnes
1403 4426 1626 4483 sanctos,
1668 4435 1772 4474 non

171 4522 324 4560 cesso
354 4506 559 4575 gratias
580 4521 738 4576 agens
753 4523 846 4576 pro
874 4507 1037 4572 vobis,
1057 4509 1362 4563 memoriam
1387 4511 1542 4564 vestri
1570 4510 1770 4580 faciens
1797 4542 1854 4604 ευ

170 4601 232 4653 in
265 4597 596 4662 orationibus
631 4599 780 4653 meis.
822 4598 1086 4666 Quoniam
1125 4599 1282 4669 juxta
1331 4601 1608 4656 decretura
1645 4603 1776 4669 Dei,

169 4707 286 4762 quo
327 4690 524 4746 statuit
578 4697 764 4761 gentes
802 4691 1092 4761 participes
1142 4690 1258 4746 ﬁeri
1290 4693 1667 4762 promissionis
1693 4691 1786 4747 Ju-

169 4785 448 4848 daeorum,
475 4781 661 4836 audito
683 4781 902 4852 Ephesii
926 4782 1090 4838 verbo
1108 4783 1222 4849 Dei,
1248 4790 1601 4854 susceperunt
1620 4783 1784 4840 ﬁdem

169 4875 418 4938 Christi,
445 4874 728 4946 diligentes
747 4890 938 4930 omnes
958 4883 1176 4931 sanctos
1192 4916 1206 4941 ,
1231 4875 1372 4930 sicut
1388 4876 1663 4931 mandavit
1683 4875 1806 4958 Do:

173 4967 387 5022 minus.
417 4964 533 5020 Hac
559 4966 625 5020 de
651 4981 815 5021 causa
830 4965 941 5022 Deo
966 4969 1168 5038 gratias
1193 4969 1415 5039 agitpro
1435 4967 1788 5024 conversione

172 5067 236 5114 et
254 5057 533 5113 charitate
546 5071 733 5112 eorum
743 5097 756 5121 ,
775 5058 900 5128 quia
917 5057 1167 5130 dignatus
1180 5067 1264 5114 est
1279 5066 1468 5130 gentes
1481 5073 1778 5128 concorpo-

175 5166 308 5206 rare
343 5147 566 5204 Judaeis.
604 5147 892 5221 (MAURUS.)
923 5149 1176 5220 Magnum
1201 5165 1332 5223 ergo
1366 5152 1778 5222 probamentum

175 5253 266 5300 est
311 5242 443 5298 ﬁdei
471 5241 687 5297 dilectio
730 5243 785 5298 in
821 5251 1040 5300 sanctos
1069 5244 1184 5311 Dei,
1215 5239 1316 5314 pro
1346 5259 1450 5315 qua
1483 5244 1645 5299 etiam
1677 5244 1780 5299 ﬁde

177 5333 376 5389 laudat
400 5331 693 5402 Apostolus
737 5333 1018 5404 Ephesios.
1065 5333 1234 5406 Igitur
1269 5335 1325 5389 in
1363 5335 1469 5390 alio
1495 5334 1614 5391 loco
1649 5335 1782 5390 dicit

183 5424 336 5494 (Gal.
362 5423 418 5494 v)
445 5441 459 5475 :
493 5421 654 5478 Fides
679 5439 798 5493 qua:
827 5440 920 5494 per
951 5423 1280 5478 dilectionem
1311 5435 1580 5497 operatur,
1601 5434 1782 5481 osten-

182 5516 324 5571 dens
345 5515 512 5571 ﬁdem
523 5514 660 5570 nihil
674 5515 790 5570 sine
807 5515 1092 5570 dilectione
1106 5515 1368 5587 proﬁcere
1381 5516 1435 5572 in
1450 5525 1609 5573 aetate
1623 5519 1786 5574 ratio-

185 5609 380 5665 nabili.
397 5608 602 5680 (Ηίεν.)
626 5605 694 5662 Ut
713 5608 854 5664 Deus
875 5609 1089 5664 Domini
1111 5611 1276 5665 nostri
1297 5610 1425 5666 Jesu
1441 5609 1659 5677 Christi,
1682 5611 1788 5666 Pa-

187 5712 273 5754 ter
296 5700 502 5770 gloriaz,
541 5700 626 5754 det
652 5700 790 5753 vobis
829 5701 1068 5769 spiritum
1091 5701 1360 5772 sapientire
1383 5710 1432 5756 et
1463 5701 1787 5758 reuelationis

189 5795 254 5848 in
299 5795 622 5864 agnitionem
649 5794 784 5864 ejus,
817 5793 1142 5850 illuminatos
1185 5796 1361 5852 oculos
1390 5797 1563 5852 cordis
1607 5799 1782 5853 vestri.

601 5887 875 5949 Pn‘non.
921 5888 1114 5952 CXII.

1802 3177 1850 3240 C

1863 549 2181 620 Apostolum
2208 550 2451 621 diligenti
2491 565 2750 608 excusare
2793 551 3005 620 lectori,
3029 556 3170 625 quod
3207 557 3455 615 videatur

1866 642 2043 697 omnis
2097 643 2364 698 sententia
2412 653 2623 700 scatere
2672 653 2977 712 contextus,
3023 657 3078 702 et
3115 649 3456 710 soloecismus

1866 733 2016 802 ﬁeri;
2051 745 2229 790 tamen
2253 745 2315 791 ut
2358 737 2412 791 in
2442 736 2631 793 Graeco
2659 739 2846 794 vitium
2879 750 3053 796 sonat.
3089 741 3242 798 Unde
3269 754 3326 800 et
3356 761 3459 804 nos

1867 825 2346 882 calumniatoribus
2389 829 2775 897 respondentes
2821 831 3158 899 conabimur,
3188 835 3261 888 ita
3303 836 3456 906 juxta

1868 935 2088 976 sensum
2137 929 2437 990 temperare
2483 921 2726 977 ordinem
2758 923 3022 989 lectionis,
3064 935 3124 979 ut
3170 928 3453 985 dicamus;

1871 1011 2111 1066 Audiens
2130 1011 2292 1066 ﬁdem
2315 1020 2553 1068 vestram
2588 1013 2642 1067 in
2671 1015 2899 1070 Domino
2926 1015 3051 1071 Jesu
3076 1016 3292 1073 Christo
3320 1028 3374 1074 et
3404 1021 3458 1074 in

1866 1119 2055 1160 omnes
2069 1111 2287 1158 sanctos
2301 1103 2738 1174 ejus,vidensque
2751 1105 3108 1162 differentiam
3125 1109 3248 1164 ﬁdei
3261 1119 3456 1166 vestrm

1867 1193 1924 1248 in
1946 1194 2232 1249 Dominum
2253 1194 2381 1248 etin
2413 1209 2602 1250 omnes
2631 1204 2850 1251 sanctos
2871 1196 3006 1266 ejus,
3033 1215 3140 1254 non
3159 1215 3312 1257 cesso
3332 1217 3458 1273 gra-

1867 1287 1973 1342 tias
2003 1300 2164 1358 agere
2189 1294 2244 1342 et
2271 1287 2588 1343 memoriam
2615 1289 2781 1343 vestri
2815 1290 2996 1345 facere
3041 1292 3092 1346 in
3123 1293 3462 1352 orationibus

1867 1378 2022 1442 meis,
2054 1387 2116 1433 ut
2145 1377 2355 1434 Domini
2387 1378 2558 1433 nostri
2594 1376 2720 1434 Iesu
2753 1379 2954 1435 Christi
2986 1381 3151 1448 Deus,
3187 1392 3341 1453 pater
3369 1401 3462 1440 au-

1868 1478 1977 1524 tem
2012 1468 2214 1540 gloriae,
2243 1468 2332 1523 det
2359 1467 2514 1523 vobis
2564 1469 2812 1539 spiritum
2845 1471 3123 1540 sapientia
3148 1481 3202 1527 et
3247 1475 3457 1529 revela-

1870 1561 2051 1617 tionis.
2076 1561 2229 1628 Quod
2255 1569 2435 1614 autem
2461 1561 2724 1629 sequitur,
2743 1561 3064 1616 illuminatos
3087 1563 3265 1617 oculos
3291 1567 3464 1618 cordis

1869 1657 2046 1719 vestri,
2087 1653 2164 1707 ita
2206 1667 2304 1722 per
2341 1652 2676 1724 hyperbaton
2726 1653 2874 1707 reddi
2917 1662 3131 1723 potest;
3177 1665 3460 1725 preptcrca

1872 1758 1972 1813 ego
2002 1741 2229 1796 audiens
2273 1739 2434 1796 ﬁdem
2473 1748 2710 1796 vestram
2745 1740 2798 1795 in
2835 1741 3063 1796 Domino
3089 1741 3216 1798 Jcsu
3253 1744 3468 1800 Christo

745 1840 792 1896 si
825 1849 1006 1896 autem
1055 1840 1288 1896 anhabo
1332 1849 1528 1907 ωηιυε,
1569 1849 1770 1912 quanta
1801 1821 1850 1882 B
1875 1831 1929 1886 in
1960 1831 2288 1902 agnitionem
2323 1830 2460 1899 ejus,
2491 1830 2820 1912 illuminatos
2853 1831 3040 1887 oculos
3068 1833 3246 1888 cordis
3279 1835 3466 1900 vestri,

1878 1932 1934 1980 et
1969 1925 2024 1978 in
2050 1937 2238 1978 omnes
2276 1931 2509 1986 sanctos,
2557 1937 2664 1977 non
2697 1911 2869 1988 cesso,
2920 1924 3121 1992 gratias
3168 1939 3333 1997 agens
3372 1941 3471 1994 pro

1878 2014 2054 2080 vobis,
2087 2013 2407 2068 memoriam
2435 2013 2600 2067 vestri
2631 2012 2809 2068 facere
2848 2013 2903 2067 in
2949 2015 3283 2069 orationibus
3313 2017 3468 2080 meis,

1879 2117 1940 2161 ut
1973 2106 2115 2160 Deus
2135 2104 2350 2160 Domini
2375 2104 2545 2158 nostri
2569 2103 2696 2159 Jesu
2717 2103 2939 2169 Christi,
2969 2104 3134 2160 Pater
3155 2106 3356 2176 gloriai,
3381 2107 3474 2160 det

1880 2198 2036 2253 vobis
2074 2198 2322 2268 spiritum
2349 2197 2630 2267 sapientiae
2657 2207 2712 2251 et
2757 2197 3106 2254 revelationis
3145 2199 3199 2252 in
3237 2200 3470 2269 agnitio-

1880 2304 2026 2354 nem,
2059 2296 2117 2342 ut
2149 2287 2336 2343 sciatis
2384 2302 2503 2356 qua:
2532 2287 2602 2342 sit
2630 2302 2752 2358 spes
2790 2288 3088 2344 vocationis
3114 2299 3328 2353 vestraa,
3364 2300 3470 2346 etc.

1882 2381 2114 2454 (Ambr.)
2140 2381 2484 2437 Manifestum
2509 2389 2614 2448 est,
2645 2383 2771 2452 quia
2796 2383 2914 2438 ideo
2937 2399 2994 2438 se
3025 2399 3185 2440 orare
3213 2386 3344 2440 dicit
3373 2402 3473 2455 pro

1882 2474 1982 2537 eis,
2013 2481 2074 2528 ut
2109 2472 2234 2529 ﬁdei
2278 2488 2388 2528 suae
2417 2488 2566 2544 spem
2598 2483 2925 2545 cognoscant
2951 2474 3005 2529 in
3040 2478 3476 2534 remuneratione

1881 2567 2090 2622 caelesti
2108 2583 2122 2632 ;
2143 2567 2234 2636 qui
2257 2581 2379 2621 cum
2405 2567 2566 2636 plene
2593 2569 2818 2623 scierint
2871 2585 2963 2638 qui
3020 2569 3230 2626 fructus
3249 2579 3332 2625 est
3353 2587 3471 2627 cre-

1887 2657 2151 2725 dentium,
2181 2658 2561 2727 propensiores
2607 2658 2738 2714 tient
2783 2661 2927 2715 circa
2971 2661 3318 2718 excolendam
3349 2664 3474 2718 reli-

1883 2748 2118 2820 gionem.
2167 2747 2210 2801 T
2213 2762 2371 2802 amen
2402 2749 2456 2802 in
2489 2747 2751 2816 ejusmodi
2782 2751 3000 2806 videtur
3029 2753 3303 2822 profectus
3333 2753 3472 2822 fore,

1885 2839 2012 2910 quia
2058 2840 2104 2894 si
2131 2847 2424 2909 antequam
2455 2841 2632 2895 sciant
2675 2842 3052 2910 promissionis
3085 2845 3334 2916 gloriam,
3364 2856 3474 2901 tam

1884 2935 2063 2992 devoti
2103 2946 2250 3000 sunt,
2280 2936 2660 3005 propensiores
2699 2939 2828 2994 ﬁent
2855 2941 3186 3007 necessario,
3228 2958 3350 2997 cum
3378 2932 3473 3000 co-'

1882 3028 2185 3098 gnoverint.
2231 3027 2509 3083 Claritatis
2538 3038 2717 3084 tamen
2745 3039 2953 3101 patrem
2995 3041 3150 3088 vocat
3195 3035 3386 3102 Deum,
3417 3047 3474 3093 et

1882 3119 2083 3176 Christi
2122 3121 2315 3187 Deum,
2354 3135 2475 3176 cum
2505 3137 2666 3178 verus
2694 3131 2850 3194 pater
2875 3124 3078 3180 Christi
3120 3128 3190 3183 sit
3230 3129 3391 3196 Deus,
3419 3142 3476 3188 et

1882 3216 2026 3272 Deus
2071 3225 2354 3272 creaturae.
2403 3214 2509 3271 Sed
2546 3225 2601 3272 et
2647 3217 2761 3288 ipse
2798 3219 3058 3274 Dominus
3090 3223 3278 3277 eadem
3304 3224 3470 3280 dicit:

1891 3304 2039 3360 Vado
2069 3306 2138 3360 ad
2172 3305 2388 3360 Patrem
2441 3323 2614 3362 meum
2662 3319 2708 3362 et
2758 3307 2968 3364 Patrem
3017 3322 3261 3378 uestrum,
3299 3315 3470 3372 Deum

1881 3413 2054 3452 meum
2090 3409 2136 3452 et
2165 3398 2334 3452 Deum
2357 3407 2580 3454 vestrum
2606 3398 2788 3470 (Joan.
2813 3400 2929 3472 xx).
2957 3403 2997 3455 Τ
3001 3403 3143 3458 otius
3163 3419 3292 3476 ergo
3313 3408 3472 3462 clari-

1883 3491 2012 3545 tatis
2035 3501 2191 3561 pater
2220 3499 2324 3554 est,
2349 3491 2473 3560 quia
2502 3492 2570 3545 ab
2599 3491 2716 3562 ipso
2736 3499 2820 3547 est
2839 3493 3017 3548 omnis
3040 3493 3279 3562 claritas,
3307 3507 3362 3552 et
3379 3513 3472 3568 po-

1881 3591 2071 3648 testas,
2117 3591 2174 3640 et
2201 3583 2453 3653 dignitas.
2502 3583 2596 3638 Est
2633 3593 2689 3638 et
2717 3593 2871 3654 pater
2899 3584 3120 3654 Christi,
3152 3590 3246 3644 sed
3292 3591 3468 3657 aliter,

1880 3677 2006 3747 quia
2035 3676 2124 3732 hic
2149 3691 2313 3731 verus
2351 3675 2494 3732 ﬁlius
2527 3685 2610 3732 est
2653 3686 2710 3732 et
2745 3677 2890 3734 Deus
2933 3680 3198 3747 omnium,
3228 3683 3322 3738 scd
3362 3701 3468 3738 non

1881 3767 1960 3822 ita
1988 3766 2192 3822 Christi
2215 3767 2358 3822 Deus
2385 3776 2488 3822 est.
2523 3766 2613 3823 Sic
2642 3769 2787 3823 enim
2821 3769 2964 3826 Deus
2993 3769 3194 3839 Christi
3221 3783 3322 3840 est,
3347 3776 3472 3844 quia

1882 3856 2026 3912 Deus
2049 3858 2114 3912 de
2143 3855 2254 3911 Deo
2273 3857 2522 3913 Christus
2543 3867 2648 3924 est,
2669 3865 2992 3915 caeterorum
3021 3870 3200 3918 autem
3228 3865 3368 3921 Deus
3387 3877 3472 3922 est

1882 3963 2046 4004 causa
2081 3949 2337 4014 terroris;
2362 3949 2502 4005 sicut
2528 3952 2641 4018 ipse
2669 3951 2801 4007 dicit
2826 3952 2880 4006 in
2916 3951 3174 4008 Malachia
3208 3959 3471 4026 propheta

1883 4037 2138 4111 (Malaclt.
2189 4040 2230 4110 ι)
2263 4057 2274 4092 :
2307 4039 2368 4095 Si
2395 4040 2537 4095 Deus
2575 4058 2666 4112 ego
2703 4059 2840 4106 sum,
2872 4043 2958 4096 ubi
2990 4053 3064 4098 est
3103 4046 3260 4100 timor
3287 4050 3473 4104 meus?

1882 4129 2077 4206 (llier.)
2101 4133 2270 4188 Porro
2295 4133 2436 4188 Deus
2464 4145 2615 4203 pater
2644 4136 2856 4191 Domini
2887 4137 3058 4192 nostri
3084 4135 3211 4194 Jesu
3242 4138 3466 4208 Christi,

1879 4232 2034 4295 pater
2062 4232 2244 4278 autem
2270 4223 2455 4294 gloriae
2477 4225 2552 4280 ita
2575 4226 2974 4298 intelligendus,
3002 4237 3061 4282 ut
3083 4232 3350 4299 quomodo
3371 4231 3474 4286 Do—

1879 4317 2060 4374 minus
2085 4324 2270 4372 noster
2289 4315 2446 4372 Jesus
2467 4317 2714 4374 Christus
2731 4320 2846 4390 ipse
2860 4329 2943 4376 est
2967 4336 3147 4377 sermo
3169 4324 3472 4394 sapientiae,

1879 4407 2103 4471 veritas,
2129 4423 2254 4478 pax,
2276 4405 2509 4476 justitia,
2540 4409 2818 4476 fortitudo,
2861 4413 2976 4482 ipse
3001 4413 3072 4467 sit
3101 4413 3264 4468 etiam
3297 4415 3464 4483 gloria

1880 4499 2177 4554 secundum
2215 4498 2368 4562 illud,
2404 4501 2548 4570 quod
2580 4501 2706 4556 alibi
2750 4503 2966 4558 dicitur.
2994 4504 3275 4575 Apparebit
3304 4504 3473 4575 gloria

1881 4594 1999 4660 Dei,
2024 4604 2080 4650 et
2110 4595 2161 4649 in
2192 4596 2338 4650 omni
2371 4611 2506 4666 pene
2531 4597 2696 4652 veteri
2730 4598 2846 4667 lege
2877 4597 3135 4669 scriptum
3165 4606 3267 4663 est,
3311 4613 3474 4668 super

1885 4685 2294 4742 tabernaculum
2322 4688 2619 4742 testimonii
2651 4687 2822 4742 visam
2853 4703 2971 4743 esse
3011 4687 3237 4759 gloriam
3265 4687 3388 4752 Dei,
3421 4704 3476 4748 et

1885 4775 2170 4832 Psalmista
2193 4779 2338 4832 canit
2359 4797 2370 4832 :
2394 4777 2653 4849 Exsurge,
2675 4778 2843 4848 gloria
2864 4795 2976 4832 mea
2991 4775 3160 4850 (Psal.
3177 4779 3328 4850 cvu);
3353 4795 3475 4849 qua!

1887 4869 2059 4940 gloria
2088 4868 2398 4924 illuminans
2424 4885 2522 4924 suo
2549 4868 2756 4939 fulgore
2785 4869 3060 4937 mundum,
3091 4869 3347 4940 templum
3371 4869 3476 4926 sibi

1891 4963 1958 5018 de
2003 4961 2252 5032 virginali
2291 4971 2442 5016 utero
2479 4960 2740 5016 fabricata
2772 4971 2884 5028 est;
2929 4961 3081 5033 cujus
3111 4962 3295 5032 templi
3321 4971 3478 5033 pater

1882 5053 2068 5125 gloriae
2096 5049 2332 5108 edicitur
2357 5053 2530 5118 Deus;
2557 5061 2612 5108 et
2639 5052 2729 5107 ubi
2759 5050 3007 5107 Christus
3029 5060 3130 5117 est,
3159 5052 3234 5109 ibi
3263 5059 3476 5109 tantum

1883 5155 2039 5215 pater
2058 5145 2287 5211 dicitur;
2315 5145 2406 5200 ubi
2434 5142 2610 5209 Jesus,
2634 5143 2709 5198 ibi
2736 5143 2878 5199 Deus
2899 5144 3017 5215 ejus
3035 5142 3240 5214 absque
3265 5143 3479 5202 addita-

1884 5244 2068 5290 mento
2113 5234 2293 5305 aliquo
2330 5233 2660 5290 nominatur.
2693 5233 2798 5290 Iste
2847 5233 3014 5306 igitur
3036 5233 3180 5290 Deus
3210 5233 3474 5306 assutupti

1885 5330 2141 5395 hominis,
2172 5339 2327 5402 pater
2354 5344 2485 5386 vero
2516 5329 2719 5401 gloriae,
2755 5329 3050 5402 sapientiae,
3087 5327 3352 5393 veritatis,
3381 5330 3478 5384 dat

1887 5423 2231 5481 credentibus
2265 5423 2320 5478 in
2351 5421 2547 5477 Filium
2595 5437 2753 5478 suum
2802 5421 3053 5492 spiritum
3103 5419 3381 5491 sapientia:
3419 5426 3477 5476 et

1887 5518 2254 5585 revelationis,
2280 5525 2342 5572 ut
2361 5518 2632 5589 sapientes
2659 5517 2812 5583 ﬁant,
2835 5525 2892 5572 et
2921 5516 3158 5573 revelata
3195 5515 3334 5570 facie
3361 5513 3476 5584 glo-

1887 5614 2024 5668 riam
2053 5610 2267 5667 Domini
2309 5611 2760 5682 contemplentur.
2786 5609 2916 5678 Quae
2941 5609 3206 5680 sapientia
3229 5617 3283 5662 ct
3319 5621 3447 5660 reve

1889 5705 2021 5760 latio
2067 5719 2190 5758 cum
2241 5717 2338 5758 eos
2387 5703 2656 5774 sapientes
2686 5700 2935 5766 fecerint,
2978 5709 3034 5755 et
3080 5698 3334 5770 mysteria
3367 5695 3462 5751 illi:

1889 5796 2098 5852 occulta
2135 5795 2464 5866 operuerint,
2501 5795 2684 5849 statim
2715 5793 2960 5862 sequitur
2996 5799 3054 5844 ut
3093 5790 3325 5844 habeant
3353 5787 3474 5844 illu.

3000 5881 3073 5942 13
