3986 6338
578 378 688 439 595

1215 378 1279 437 u.
1317 360 1574 439 unum
1611 360 1836 440 mum
1871 380 2197 441 ARCHIEP.
2236 360 2549 445 uocum.
2583 382 2872 445 ornans!
2905 380 3089 445 PARS
3124 384 3212 445 ιιι.

3722 390 3827 450 596

576 496 811 553 minatus
833 486 1019 551 oeulos
1044 489 1244 549 cordis.
1276 490 1345 547 Et
1366 506 1435 549 ex
1461 492 1643 548 verbis
1676 492 2031 563 praesentibus
2058 508 2154 565 ap-
2178 500 2234 563 Α
2256 510 2288 549 a
2336 495 2587 563 mortuis,
2630 504 2686 551 et
2721 493 2851 552 fecit
2877 508 3000 553 eum
3030 496 3084 552 in
3114 494 3346 553 mortuis
3388 495 3641 568 liberum,
3684 504 3825 561 nulla

576 589 838 661 probatur
850 585 1144 642 secundum
1154 583 1443 641 exterioris
1454 584 1693 641 membra
1712 584 1971 653 hominis,
1984 586 2149 643 etiam

576 679 854 737 interioris
892 678 1122 734 hominis
1157 679 1400 733 membra
1436 676 1541 733 dici
1582 692 1753 734 :ecce
1791 678 1936 734 enim
1968 679 2148 735 mani-

574 772 713 829 feste
733 770 914 827 cordis
949 768 1134 826 oculos
1176 766 1481 840 appellavit,
1507 780 1644 838 quos
1669 767 1873 838 absque
1910 784 2071 826 sensu
2094 777 2153 826 et

574 873 757 922 mente
800 863 1101 935 intelligere
1140 877 1248 916 non
1285 874 1591 935 possumus.
1635 858 1772 916 Huic
1815 860 1946 916 illud
1994 859 2155 921 Psai-,

576 958 751 1013 mistm
774 955 1063 1026 congruit:
1101 951 1355 1007 Illumina
1395 950 1572 1006 oculos
1607 966 1768 1018 meos,
1813 969 1876 1007 ne
1915 964 2146 1025 unquam

572 1049 896 1103 obdormiam
930 1047 989 1102 in
1015 1056 1180 1101 morte
1213 1044 1384 1117 (Psal.
1410 1044 1530 1113 xu).
1564 1045 1631 1100 Et
1671 1044 1797 1100 alibi
1833 1062 1848 1099 :
1886 1043 2148 1117 Sapientis

572 1138 711 1194 oeuli
752 1138 810 1193 in
853 1138 1021 1208 capite
1061 1137 1177 1207 ejus
1222 1134 1420 1207 (Eccle.
1444 1134 1539 1205 rt’).
1576 1135 1633 1192 Si
1659 1137 1802 1191 enim
1832 1135 2149 1207 simpliciter

556 1233 754 1289 oculos
777 1231 958 1287 carnis
984 1229 1303 1301 accipiunts,
1322 1230 1507 1299 utique
1534 1243 1640 1283 non
1669 1228 1840 1284 solum
1866 1228 2145 1298 sapientis,

574 1326 665 1381 sed
692 1325 859 1387 etiam
884 1322 1186 1394 insipientis
1205 1322 1345 1377 oculi
1370 1322 1424 1376 in
1456 1320 1633 1391 capite
1657 1320 1775 1392 ejus
1803 1328 1948 1375 sunt.
1974 1319 2150 1390 Caput

576 1428 755 1489 nasute
801 1419 1076 1489 sapientis,
1124 1431 1321 1472 sensus
1358 1414 1642 1485 accipitur,
1682 1414 1809 1484 quia
1836 1415 1945 1470 alio
1984 1415 2148 1471 verbo

556 1526 745 1577 'mens,
794 1516 850 1565 et
893 1508 1121 1574 animus,
1162 1515 1218 1563 et
1267 1505 1562 1576 principale
1610 1504 1788 1561 cordis
1828 1505 2143 1577 appellatur.

569 1601 723 1668 Quod
748 1614 878 1655 vero
906 1599 1012 1665 ait,
1045 1598 1102 1652 in
1143 1597 1471 1669 agnitionem
1494 1594 1611 1664 ejus
1630 1636 1645 1662 ,
1678 1596 1731 1652 id
1756 1605 1840 1652 est
1876 1597 2148 1672 int-pum

569 1694 749 1757 αὑτοῦ,
777 1688 995 1759 quidam
1020 1687 1101 1744 sic
1122 1687 1444 1758 intelligunt,
1476 1695 1535 1740 ut
1559 1687 1699 1742 inter
1717 1691 1904 1762 γδῶσιν
1949 1695 2005 1744 et
2034 1691 2147 1746 ἔπι-

564 1784 769 1856 γνώσιν,
796 1780 901 1836 hoc
942 1788 1027 1836 est
1070 1779 1215 1835 inter
1238 1778 1512 1834 notionem
1542 1785 1598 1834 et
1637 1780 1963 1852 agnitionem
2014 1781 2147 1839 illud

2250 584 2443 642 mortis
2473 588 2790 659 contagione
2810 588 3171 655 maculatum;
3192 589 3433 660 quotidie
3468 591 3715 651 Christus
3750 611 3829 657 re-

2250 676 2424 749 surgit
2440 692 2471 731 a
2494 678 2750 744 mortuis;
2764 676 3005 748 quotidie
3028 679 3082 735 in
3104 681 3489 750 paenitentibus
3508 686 3824 758 suscitatur;

2248 780 2358 822 non
2408 780 2515 837 quo
2557 782 2666 823 non
2694 767 2945 823 habuerit
2978 767 3142 824 etiam
3167 770 3324 841 juxta
3349 787 3565 828 carnem
3594 784 3826 846 potesta-

2248 864 2360 913 tem
2419 859 2613 913 anima
2664 873 2775 915 suae
2830 861 3090 930 ponendis
3143 870 3199 917 et
3248 864 3443 919 iterum
3498 872 3827 927 resumenda

2244 948 2433 1021 (Joan.
2462 948 2554 1023 ι),
2588 962 2747 1005 nemo
2790 951 2986 1021 quippe
3030 951 3151 1007 tulit
3175 966 3315 1021 eam,
3362 955 3465 1010 nisi
3512 970 3678 1027 ponat
3714 976 3825 1017 eam

2246 1046 2281 1095 a
2323 1040 2642 1110 semetipso;
2696 1042 2790 1097 sed
2832 1056 2940 1112 quo
2976 1042 3130 1113 juxta
3158 1044 3608 1115 diSpensationem
3655 1053 3827 1109 carnis

2244 1137 2304 1184 et
2331 1128 2446 1195 ﬁlii,
2477 1131 2637 1186 homo
2666 1138 2721 1186 et
2742 1130 2910 1188 Filius
2944 1147 2975 1187 a
3003 1134 3115 1190 Deo
3149 1134 3311 1192 Patre
3334 1140 3686 1197 resuscitatus
3716 1158 3827 1199 esse

2246 1220 2477 1276 dicatur.
2507 1220 2577 1276 Et
2598 1224 2915 1278 constituens
2952 1225 3022 1278 ad
3054 1225 3319 1281 dexteram
3348 1245 3499 1283 suam
3525 1232 3580 1284 in
3612 1234 3825 1289 celesti-

2246 1315 2343 1371 bus
2367 1332 2528 1387 supra
2551 1330 2753 1372 omnem
2793 1318 3144 1388 principatum
3165 1329 3214 1374 et
3237 1326 3561 1391 potestatem,
3591 1336 3642 1381 et
3669 1330 3825 1384 uirtu-

2244 1415 2370 1473 tem,
2392 1414 2442 1462 et
2470 1406 2902 1474 dominationem,
2928 1418 2979 1463 et
3015 1424 3165 1463 omne
3194 1424 3381 1465 nomen
3418 1415 3559 1484 quod
3591 1419 3827 1471 nomina-

2246 1506 2335 1553 tur
2356 1514 2459 1554 non
2482 1498 2651 1553 solum
2678 1499 2733 1553 in
2756 1500 2852 1554 hoc
2871 1500 3090 1568 steculo,
3111 1500 3202 1556 sed
3226 1513 3273 1558 et
3314 1506 3370 1558 in
3393 1504 3593 1574 futuro.
3628 1505 3824 1578 (Δηώ.)

2244 1588 2561 1662 Exemplum
2599 1591 2790 1647 salutis
2829 1591 3163 1650 credentium
3206 1604 3261 1652 et
3290 1596 3472 1669 gloria:
3507 1598 3562 1652 in
3591 1614 3825 1655 resurre-

2245 1682 2426 1737 ctione
2454 1680 2757 1739 Salvatoris
2780 1684 3081 1740 consistere
3104 1684 3407 1755 proﬁtetur,
3442 1697 3503 1742 ut
3535 1703 3605 1742 ex
3646 1704 3715 1744 ea
3745 1705 3826 1746 co—

2246 1780 2508 1845 gnoscant
2532 1772 2719 1831 ﬁdeles
2753 1776 2881 1848 quid
2904 1775 2986 1831 eis
3004 1778 3329 1848 promissum
3360 1788 3464 1846 est,
3492 1781 3660 1835 simili
3692 1783 3823 1838 enim

564 1850 802 1938 intersit,
834 1871 979 1942 quod
1005 1871 1155 1926 notio
1182 1870 1299 1927 sive
1326 1870 1516 1926 notitia
1555 1850 1742 1927 eorum
1773 1874 1842 1929 sit
1871 1888 1993 1945 quas
2017 1883 2142 1932 ante

2247 1863 2407 1920 modo
2443 1863 2769 1921 extollentur
2808 1878 2971 1937 supra
3021 1867 3188 1924 caelos
3214 1866 3381 1924 futuri
3424 1885 3548 1925 cum
3590 1870 3821 1937 Christo,

565 1980 673 2021 non
700 1962 1023 2030 sciebamus,
1052 1970 1109 2019 et
1140 1977 1206 2018 ea
1234 1971 1420 2033 postea
1453 1963 1596 2019 scire
1619 1964 1914 2035 ctepimus;
1941 1967 2142 2038 agnitio

2240 1954 2384 2011 sicut
2411 1954 2526 2026 ipse
2555 1955 2687 2012 dicit
2717 1974 2729 2010 :
2764 1956 2942 2023 Pater,
2976 1960 3092 2015 solo
3126 1967 3185 2014 ut
3225 1960 3310 2015 ubi
3340 1978 3434 2033 ego
3470 1963 3646 2033 fuero,
3696 1974 3745 2019 et
3776 1965 3825 2019 lci

564 2071 693 2113 vero
716 2069 927 2122 eorum,
962 2068 1082 2125 quae
1108 2056 1259 2126 prius
1290 2055 1542 2123 scientes,
1576 2056 1831 2130 deinceps
1871 2060 2012 2116 scire
2045 2060 2141 2117 de-

2242 2060 2440 2102 ntecum
2484 2048 2608 2114 sint,
2631 2056 2679 2103 et
2715 2049 2921 2105 videant
2948 2049 3171 2121 gloriam
3210 2069 3380 2108 meam
3425 2053 3588 2127 (Joan
3668 2057 3820 2127 xm);

564 2151 806 2215 sivimus,
848 2164 1143 2221 eorumque
1186 2160 1374 2222 postea
1404 2153 1776 2220 recordamur,
1806 2164 1862 2211 ει
1905 2156 2145 2227 priorem
2240 2140 2347 2195 hoc
2372 2145 2595 2210 propter
2620 2139 3047 2197 incarnationem
3073 2142 3197 2199 Filii
3227 2145 3341 2211 Dei,
3382 2154 3441 2201 ut
3471 2148 3641 2202 etiam
3676 2149 3823 2205 homo

563 2245 851 2314 quamdam
870 2245 1039 2300 vitam
1064 2243 1119 2299 in
1143 2244 1457 2302 caelestibus
1481 2247 1842 2319 suspicamur,
1859 2258 2142 2322 postquam

2242 2230 2440 2300 factus,
2483 2246 2647 2303 super
2690 2246 2880 2289 omnes
2921 2234 3090 2292 caelos
3135 2250 3255 2294 esse
3299 2236 3529 2305 dicatur,
3572 2251 3632 2297 et
3677 2256 3825 2313 super

562 2336 619 2391 in
664 2350 889 2408 corpora
933 2336 1036 2392 ista
1079 2335 1274 2406 deiecti
1311 2344 1369 2392 et
1418 2337 1569 2392 obliti
1617 2336 1714 2393 Dei
1760 2341 1952 2410 patris,
2001 2358 2142 2398 nunc

2243 2334 2493 2382 cunctam
2518 2333 2823 2382 creaturam
2844 2328 3038 2385 sedens
3071 2330 3138 2385 ad
3170 2331 3446 2386 dexteram
3476 2332 3593 2400 Dei,
3628 2334 3824 2391 habens

562 2446 685 2485 cum
720 2445 819 2501 per
840 2432 1219 2488 revelationem
1247 2432 1618 2504 cognovimus,
1651 2434 1945 2489 secundum
1975 2434 2100 2492 illud
2125 2454 2138 2490 ε

564 2520 977 2576 Reminiscentur
1018 2529 1069 2576 et
1122 2529 1483 2576 convertentur
1521 2521 1591 2575 ad
1637 2520 1919 2577 Dominum
1965 2540 2142 2579 omnes

562 2613 693 2682 ﬁnes
731 2622 883 2669 terrae
933 2610 1281 2685 (Psal.xx1),
1313 2622 1367 2669 et
1402 2623 1598 2669 caetera
1635 2615 1724 2670 his
1755 2615 1951 2671 similia
1982 2616 2141 2687 repli-

558 2711 775 2759 cantes.

640 2790 709 2846 Ut
730 2792 907 2847 sciatis
930 2810 1047 2865 qua:
1071 2794 1139 2849 sit
1157 2810 1271 2867 spes
1291 2794 1574 2851 uocationis
1600 2796 1734 2867 ejus,
1749 2805 1798 2851 et
1809 2812 1926 2869 qua:
1944 2797 2141 2854 divitiae

561 2883 742 2954 gloria:
769 2884 1088 2940 hereditatis
1116 2886 1231 2957 ejus
1282 2887 1339 2941 in
1364 2888 1589 2954 sanctis,
1630 2895 1678 2942 et
1710 2904 1826 2961 qua:
1857 2888 1923 2943 sit
1962 2904 2143 2960 super-

560 2975 790 3030 eminens
816 2975 1120 3047 magnitudo
1148 2977 1356 3032 virtutis
1384 2976 1497 3047 ejus
1528 2976 1584 3031 in
1612 2994 1724 3043 nos,
1758 2978 1849 3050 qui
1881 2979 2139 3033 credimus

560 3066 844 3120 secundum
886 3067 1239 3137 operationem
1283 3067 1524 3136 potentia:
1563 3067 1765 3121 virtutis
1806 3067 1942 3137 ejus,
1980 3060 2139 3140 quam

560 3168 803 3228 operatus
831 3167 906 3212 est
932 3157 989 3210 in
1012 3155 1238 3222 Christo,
1270 3157 1528 3211 suscitans
1551 3155 1699 3209 illum
1720 3158 2008 3211 emortuis.
2035 3154 2133 3212 Cui
2159 3196 2207 3268 ο

772 3248 916 3268 ειη-.-
977 3248 1264 3268 “deum
1314 3247 1462 3268 ﬁ---”
1516 3247 1662 3268 μμ--
1707 3246 1866 3268 sunt.
1917 3248 2129 3268 “9-2.---

561 3251 727 3306 semel
769 3248 923 3318 juxta
970 3248 1270 3303 orationem
1314 3247 1463 3302 Pauli
1509 3247 1666 3303 datus
1707 3246 1870 3304 fuerit
1913 3248 2133 3320 spiritus

562 3340 839 3410 sapientiae
862 3347 917 3394 et
944 3339 1305 3403 revelationis,
1335 3347 1393 3393 ut
1417 3339 1617 3408 apertis
1640 3339 1811 3395 oculis
1841 3341 2020 3395 cordis
2048 3356 2137 3396 as-

561 3434 749 3505 piciat,
778 3431 1047 3487 istesciet
1078 3446 1197 3499 quae
1228 3430 1463 3500 reposita
1493 3437 1618 3485 sunt
1650 3431 1884 3493 vocatis,
1931 3440 1987 3486 ct
2018 3446 2137 3502 quae

564 3526 831 3597 speranda
861 3526 1064 3579 sanctis
1098 3525 1224 3588 Dei;
1258 3536 1377 3595 quae
1406 3523 1744 3580 abundanter
1766 3533 1821 3582 et
1848 3524 2000 3597 large
2028 3526 2133 3593 his,

561 3619 654 3690 qui
698 3617 1063 3672 haereditatem
1112 3615 1281 3685 ipsius
1329 3616 1617 3681 sustinent,
1664 3622 1748 3672 est
1775 3616 2036 3672 daturus:
2070 3618 2138 3673 ad

564 3724 727 3781 quam
770 3707 1015 3763 notitiam
1043 3706 1352 3777 magnitudo
1370 3705 1585 3760 virtutis
1606 3706 1700 3761 Dei
1729 3714 1812 3761 est
1834 3708 2134 3763 necessaria

565 3802 650 3857 his
672 3800 765 3871 qui
779 3799 931 3870 juxta
951 3797 1354 3852 similitudinem
1376 3797 1526 3852 Pauli
1543 3797 1826 3853 credentes
1845 3806 2133 3866 vocantur;

560 3906 661 3962 per
686 3905 846 3961 quam
888 3896 1141 3959 operatus
1171 3895 1258 3944 est
1276 3887 1417 3944 Deus
1439 3889 1493 3943 in
1522 3887 1737 3945 Christo
1758 3887 1884 3945 Jesu
1910 3889 2138 3945 Domino

560 3991 765 4048 nostro,
812 3994 970 4051 quem
1024 3995 1055 4035 a
1111 3980 1339 4036 mortuis
1382 3978 1680 4035 suseitavit.
1717 3979 2012 4050 Dupliciter
2046 3996 2140 4035 au-

564 4085 668 4132 tem
708 4073 1052 4147 intelligenda
1093 4072 1400 4140 bmreditas,
1443 4073 1555 4128 sive
1583 4071 1727 4143 quod
1753 4072 2139 4146 primogenitus

559 4169 736 4224 omnis
762 4176 1028 4224 creaturze
1064 4165 1353 4223 htereditas
1388 4167 1459 4222 sit
1503 4167 1698 4222 animm
1731 4167 1940 4222 Domini
1966 4168 2138 4223 nostri

560 4262 685 4316 Jesu
710 4260 932 4326 Christi,
962 4267 1018 4315 et
1041 4258 1159 4328 ejus
1190 4259 1280 4329 qui
1307 4275 1373 4314 ex
1403 4273 1629 4329 corpore
1654 4268 1710 4314 et
1729 4259 1905 4313 anima
1931 4274 2141 4314 assum-

561 4362 687 4424 ptus
715 4358 800 4407 est
819 4350 1073 4415 hominis,
1095 4364 1300 4419 nosque
1324 4364 1447 4404 cum
1470 4348 1783 4404 haereditate
1809 4349 2002 4405 animae
2029 4350 2140 4405 bae-

562 4445 856 4501 reditemus
886 4444 1120 4499 Verbum
1147 4461 1160 4495 :
1190 4443 1303 4497 sive
1328 4440 1470 4512 quod
1510 4440 1567 4496 in
1609 4440 1825 4499 Christo
1852 4442 2139 4498 haereditas

2236 2430 2441 2472 nomen
2490 2416 2587 2471 Dei
2626 2430 2724 2487 per
2751 2426 3017 2484 naturam,
3062 2434 3171 2475 non
3217 2434 3316 2491 per
3355 2421 3727 2493 adoptionem,
3773 2435 3824 2479 ut

2241 2514 2569 2579 cognoscant
2611 2518 2731 2563 esse
2772 2506 2923 2563 illum
2959 2509 3155 2565 Filium
3197 2510 3311 2578 Dei,
3344 2514 3435 2582 qui
3474 2512 3626 2570 illum
3660 2516 3824 2571 cruci-

2240 2596 2509 2664 ﬁxerunt;
2542 2598 2715 2655 honor
2753 2600 2919 2667 enim,
2964 2614 3123 2671 quem
3150 2600 3226 2657 illi
3248 2602 3397 2659 dedit
3418 2603 3584 2661 Pater
3606 2622 3717 2678 per
3740 2622 3823 2680 ge-

2241 2690 2606 2757 nerationem,
2630 2699 2759 2749 tunc
2786 2693 3161 2752 maniiestatus
3188 2706 3292 2764 est,
3321 2713 3445 2754 cum
3479 2709 3646 2756 natus
3678 2702 3825 2758 homo

2240 2796 2437 2853 passus
2480 2791 2583 2851 est,
2636 2792 2712 2852 et,
2747 2786 2888 2843 victa
2932 2798 3121 2856 morte,
3170 2793 3485 2859 resurrexit,
3531 2798 3825 2853 ascendens

2239 2874 2386 2929 unde
2407 2874 2777 2945 descenderat,
2810 2892 2972 2948 supra
2996 2894 3180 2936 omnes
3207 2881 3393 2938 caelos.
3429 2881 3585 2940 Unde
3619 2886 3821 2942 dictum

2240 2973 2344 3032 cst,
2370 2967 2499 3036 quia
2530 2968 2720 3023 veritas
2740 2966 2805 3022 de
2825 2977 2964 3024 terra
2984 2980 3098 3025 orta
3120 2982 3194 3026 est
3220 2970 3391 3045 (Psal.
3416 2976 3678 3049 Lxxxtv);
3713 2980 3823 3049 quia

2241 3058 2386 3113 eiiim
2445 3074 2607 3137 omne
2664 3060 2925 3132 judicium
2983 3060 3145 3118 Pater
3186 3062 3324 3120 Filio
3385 3066 3566 3133 dedit,
3634 3069 3826 3126 idcirco

2240 3150 2308 3253 ad
2338 3151 2616 3206 dexteram
2652 3152 2750 3208 Dei
2776 3154 2966 3208 sedere
2990 3153 3185 3210 dicitur
3225 3157 3376 3225 quasi
3411 3156 3602 3227 judex.
3630 3160 3823 3253 (Hice)

2235 3240 2341 3297 Per
2364 3243 2651 3298 humanam
2688 3245 3092 3303 similitudinem
3120 3247 3212 3304 Dei
3234 3251 3535 3318 potentiam
3575 3240 3825 3310 demonsl

2238 3333 2420 3398 travit,
2436 3348 2543 3389 non
2568 3348 2675 3404 quo
2696 3336 2893 3413 solium
2909 3346 3141 3407 ponatur
3157 3346 3213 3394 et
3233 3340 3374 3396 Deus
3395 3339 3561 3397 Pater
3580 3343 3637 3397 in
3664 3360 3732 3400 eo
3751 3360 3825 3399 se-

2239 3421 2402 3489 deat,
2433 3437 2722 3494 secumque
2763 3424 2926 3479 iilium
2956 3428 3152 3483 habeat
3178 3429 3499 3486 residentem
3530 3448 3544 3485 :
3582 3434 3689 3489 sed
3730 3449 3825 3503 quo

2239 3526 2342 3566 nos
2370 3510 2873 3581 aliterjudicantem
2908 3525 3071 3585 atque
3105 3527 3436 3589 regnantem,
3466 3522 3572 3577 nisi
3602 3538 3711 3593 per
3734 3538 3825 3579 no-

2238 3612 2352 3661 stra
2375 3607 2541 3663 verba
2578 3607 2875 3680 intelligere
2897 3624 3244 3681 nequeamus.
3272 3613 3356 3668 Ad
3381 3615 3484 3670 hoc
3502 3618 3747 3685 pertinet
3772 3628 3824 3674 et

2239 3696 2368 3752 illud
2396 3698 2539 3767 quod
2568 3699 2621 3753 in
2650 3701 2944 3759 centesimo
2988 3718 3129 3759 nono
3158 3704 3366 3774 psalmo
3405 3709 3677 3779 scriptum
3707 3719 3819 3766 est:

2238 3789 2388 3844 Discit
2430 3789 2687 3846 Dominus
2726 3791 2950 3849 Domino
2997 3811 3112 3851 meo
3134 3809 3153 3848 :
3186 3796 3323 3852 Sede
3360 3814 3393 3851 α
3432 3798 3635 3855 dextris
3680 3803 3823 3867 meis,

2239 3892 2345 3939 etc.
2372 3883 2429 3938 Si
2454 3883 2595 3937 enim
2616 3882 2771 3954 juxta
2796 3887 3072 3958 regnantis
3097 3886 3338 3943 habitum
3362 3888 3529 3945 Filius
3553 3891 3623 3947 ad
3652 3892 3823 3948 Patris

2245 3976 2521 4031 dexteram
2537 3976 2707 4041 sedet,
2721 3990 2944 4034 necesse
2955 3988 3040 4035 est
3054 3988 3111 4036 ut
3131 3978 3281 4050 juxta
3302 3981 3550 4038 eamdem
3573 3984 3797 4039 similitn
3808 4015 3822 4026 -

2240 4068 2418 4124 dinem
2455 4068 2626 4139 major
2645 4071 2718 4126 sit
2759 4071 2828 4126 ab
2862 4084 2927 4127 eo
2953 4072 3045 4143 qui
3074 4072 3127 4129 in
3158 4073 3288 4129 larva
3314 4082 3471 4145 parte
3497 4078 3820 4133 consederit.

2242 4157 2396 4226 Quod
2424 4166 2484 4214 ut
2511 4159 2748 4217 sciamus
2771 4159 2930 4216 aliter
2953 4161 3175 4234 intelligi
3194 4176 3358 4234 quam
3386 4164 3567 4220 littera
3587 4176 3820 4233 resonat,

2240 4250 2383 4306 idem
2402 4251 2638 4322 psalmus
2658 4254 2711 4307 in
2733 4255 3185 4323 consequentibus
3210 4256 3388 4325 docet,
3412 4258 3600 4316 dicens
3623 4278 3640 4313 :
3676 4260 3755 4315 Tu
3775 4276 3823 4314 es

2239 4345 2485 4400 sacerdos
2503 4346 2559 4400 in
2574 4354 2846 4412 (neruum,
2863 4345 3117 4402 Dominus
3130 4366 3162 4403 a
3176 4348 3373 4405 dextris
3389 4351 3514 4405 tuis.
3542 4350 3822 4420 Quomodo

2241 4438 2409 4505 enim,
2434 4453 2557 4495 cum
2581 4438 2750 4496 Filius
2770 4439 2948 4496 Patris
2967 4456 2996 4495 a
3018 4442 3220 4498 dextris
3243 4443 3451 4510 sedeat,
3478 4460 3699 4500 rursum
3727 4444 3821 4499 Pa-

562 4546 749 4594 nostra
781 4539 852 4593 sit
879 4534 1056 4591 Patris
1084 4542 1141 4590 et
1164 4532 1284 4588 Filii
1309 4540 1364 4589 et
1397 4530 1630 4603 Spiritus
1655 4533 1829 4589 sancti
1869 4548 1973 4588 una
2002 4534 2137 4589 divi-
2159 4556 2215 4624 Β
2241 4536 2327 4584 ter
2349 4542 2380 4584 a
2409 4529 2615 4587 dextris
2651 4529 2767 4599 ejus
2801 4546 2922 4587 esse
2954 4531 3307 4602 perhibetur?
3335 4542 3429 4588 aut
3474 4550 3581 4606 qua
3613 4537 3820 4592 ratione

563 4630 727 4695 nitas,
754 4636 817 4684 ut
839 4626 1110 4698 quomodo
1129 4634 1392 4681 vocantur
1416 4625 1701 4682 haereditas
1730 4626 2009 4683 domorum
2052 4632 2133 4681 at-

565 4736 670 4791 que
699 4719 972 4785 villarum,
1014 4733 1077 4773 ea
1118 4718 1234 4789 ipsa
1269 4733 1388 4788 quae
1422 4718 1491 4774 ab
1529 4718 1831 4774 bteredibus
1857 4718 2133 4789 possiden-

564 4819 686 4877 tur,
711 4810 790 4865 sic
827 4810 941 4880 ipse
980 4804 1122 4864 Deus
1160 4809 1444 4865 baereditas
1489 4809 1819 4865 credentium
1861 4809 1933 4866 sit
1977 4817 2139 4880 atque

564 4908 895 4957 sanctorum.
943 4897 1212 4970 Scriptum
1255 4906 1343 4955 est
1365 4908 1423 4955 et
1455 4899 1507 4955 in
1540 4899 1721 4955 Veteri
1751 4898 2135 4955 Testamento:

568 4991 722 5047 Fitiis
763 4996 933 5046 autem
976 4989 1098 5046 Levi
1136 5006 1239 5045 non
1279 4989 1468 5045 dabitis
1492 4989 1849 5045 hereditatem
1876 4990 1933 5044 in
1969 4990 2139 5046 medio

564 5086 790 5158 fratrum
816 5096 1052 5150 suorum,
1090 5084 1215 5156 quia
1252 5100 1345 5155 ego
1371 5099 1493 5154 pars
1530 5096 1711 5137 eorum
1741 5078 1931 5153 (Num.
1958 5082 2139 5155 xvm).

561 5176 632 5232 Et
685 5175 809 5231 alibi
854 5188 870 5231 ι
929 5164 1181 5230 Dominus
1228 5173 1504 5229 hwreditas
1540 5188 1738 5227 eorum.
1788 5172 1858 5228 Et
1900 5182 2139 5240 sanctus,

560 5266 653 5337 qui
695 5273 847 5323 extra
886 5260 1055 5321 Deum
1104 5262 1239 5319 nihil
1271 5263 1472 5319 habere
1494 5262 1664 5328 novit,
1678 5263 1948 5320 audacter
1970 5263 2144 5335 loqui-

562 5365 650 5413 tur
665 5374 680 5411 :
695 5352 833 5411 Pars
849 5353 1253 5417 nteaDo'minss,
1266 5361 1320 5408 et
1344 5369 1357 5405 :
1381 5359 1438 5406 tu
1458 5368 1512 5407 es
1530 5366 1655 5423 pars
1672 5353 1992 5409 hwrsditatis
2012 5368 2141 5409 metu

558 5458 610 5506 st
636 5447 819 5505 colicis
843 5448 948 5504 nisi
977 5442 1154 5520 (Prol.
1180 5448 1294 5517 xv).
1335 5443 1453 5501 Non
1498 5460 1627 5519 ergo
1651 5447 1803 5517 parvi
1841 5447 2005 5503 studii
2034 5455 2138 5515 est,

558 5546 622 5596 ut
648 5536 886 5598 sciamus
912 5550 1065 5609 spem
1088 5536 1391 5594 vocationis
1418 5547 1474 5593 et
1502 5538 1717 5593 divitias
1741 5537 1924 5609 gloriae
1966 5538 2138 5594 luere-

556 5630 745 5691 ditatis
764 5630 859 5688 Dei
879 5630 936 5685 in
952 5627 1178 5684 sanctis.
1198 5627 1272 5683 Ea
1296 5627 1495 5699 quippe
1508 5626 1808 5701 indigemus
1825 5631 1893 5686 ad
1913 5631 2029 5686 haec
2050 5645 2141 5686 co-

557 5721 863 5797 gnoscenda
881 5720 1100 5786 virtute,
1114 5734 1217 5792 qua
1239 5719 1402 5777 etiam
1424 5720 1476 5775 in
1497 5720 1607 5776 filio
1625 5735 1724 5777 suo
1745 5721 1886 5778 Deus
1905 5736 2037 5778 usus
2056 5730 2139 5779 est

560 5812 892 5879 suscitando,
922 5827 1081 5883 quem
1123 5812 1405 5870 suscitavit
1420 5828 1539 5903 ‘non
1579 5813 1767 5879 semel,
1799 5815 1891 5871 sed
1925 5828 2138 5886 semper

2238 4628 2382 4676 terra
2415 4620 2707 4676 scabellum
2740 4630 2825 4677 est
2859 4622 3056 4693 pedum
3085 4638 3220 4693 elus,
3261 4632 3315 4680 et
3360 4625 3561 4682 ccelum
3592 4627 3817 4682 thronus

2234 4715 2425 4784 jpsius,
2439 4728 2559 4769 cum
2576 4722 2777 4770 terram
2796 4716 3091 4771 secundum
3112 4715 3303 4772 isaiam
3322 4717 3522 4787 pugillo
3542 4719 3821 4773 continere

2236 4806 2467 4871 dicatur,
2482 4812 2537 4859 et
2554 4804 2749 4860 omium
2768 4805 2962 4875 palma;
2979 4807 3291 4863 extensione
3306 4808 3485 4864 metiri
3498 4808 3523 4862 ἲ
3536 4808 3659 4865 Νοιι
3678 4810 3819 4865 enim

2234 4906 2418 4970 potest
2441 4899 2581 4954 intra
2608 4898 2661 4953 id
2688 4913 2828 4965 esse,
2853 4899 2997 4970 quod
3024 4900 3093 4956 ab
3129 4900 3317 4956 eodem
3344 4902 3680 4969 continetur,
3728 4918 3823 4957 nec

2236 4993 2297 5048 in
2329 5006 2492 5047 manu
2520 4989 2784 5047 inclusum
2825 4999 3028 5055 tenere,
3057 5007 3089 5047 a
3114 5007 3222 5063 quo
3246 4991 3365 5063 ipse
3401 4992 3556 5063 juxta
3587 4995 3823 5051 sedentis

2240 5082 2481 5138 habitum
2530 5080 2912 5136 circumdetur.
2965 5081 3121 5138 Sicut
3167 5097 3296 5155 ergo
3346 5085 3656 5155 proximum
3704 5100 3823 5154 esse

2239 5173 2373 5240 Deo,
2402 5172 2488 5228 vel
2513 5172 2581 5228 ab
2604 5186 2671 5228 eo
2697 5173 2883 5244 procul
2908 5174 3182 5241 recedere,
3215 5190 3321 5231 non
3348 5176 3651 5232 secundum
3676 5176 3824 5232 loco-

2239 5278 2361 5321 rum
2388 5265 2586 5336 spatia,
2615 5264 2711 5321 sed
2734 5264 2887 5335 juxta
2915 5267 3109 5322 merita
3143 5268 3484 5323 sentiendum
3523 5276 3633 5337 est,
3676 5267 3823 5340 quod

2239 5355 2413 5412 sancti
2432 5355 2587 5427 juxta
2619 5368 2743 5410 eum
2774 5355 2882 5410 sint
2915 5372 2929 5410 :
2958 5364 3269 5425 peccatores
3309 5371 3462 5425 vero,
3508 5356 3579 5413 de
3626 5357 3825 5427 quibus

2241 5446 2319 5500 ait
2365 5443 2673 5516 Propheta:
2706 5444 2841 5501 Ecce
2879 5447 2969 5518 qui
2997 5444 3242 5518 elongant
3293 5462 3348 5503 se
3397 5464 3431 5502 α
3459 5458 3531 5515 te,
3579 5446 3821 5521 peribunt

2239 5538 2414 5614 (Psai.
2449 5538 2644 5613 Lxxu),
2672 5540 2741 5595 ab
2764 5540 2911 5597 omni
2935 5539 3053 5609 ejus
3078 5540 3275 5598 vicinia
3294 5542 3721 5609 submoventur;
3746 5542 3825 5598 sic

2235 5638 2293 5686 et
2336 5631 2391 5685 in
2430 5630 2637 5685 dextris
2677 5637 2770 5685 aut
2806 5630 2861 5685 in
2898 5629 3135 5685 sinistris
3168 5630 3265 5685 Dei
3298 5645 3419 5687 esse
3444 5630 3823 5701 accipiendum

2235 5732 2338 5789 est,
2368 5725 2510 5793 quod
2538 5723 2711 5779 sancti
2742 5738 2770 5777 a
2802 5724 3006 5779 dextris
3041 5724 3158 5795 ejus
3190 5725 3318 5791 sint,
3349 5734 3662 5796 peccatores
3686 5738 3824 5779 vero

2235 5830 2265 5870 a
2296 5815 2565 5881 sinistris;
2592 5813 2874 5872 Salvatore
2900 5830 3117 5887 quoque
3146 5816 3200 5872 id
3229 5817 3401 5888 ipsum
3437 5817 3491 5872 in
3525 5815 3822 5888 Evangelia
