  <div class='ocr_page' id='page_1' title='image "/cluster/home/n/w/nwhite01/storage/ocr_20150623/112/hvd.32044015685407/204.png"; bbox 0 0 3986 6338; ppageno 0'>
   <div class='ocr_carea' id='block_1_1' title="bbox 164 373 284 432">
    <p class='ocr_par' dir='ltr' id='par_1_1' title="bbox 164 373 284 432">
     <span class='ocr_line' id='line_1_1' title="bbox 164 373 284 432; baseline -0.033 0"><span class='ocrx_word' id='word_1_1' title='bbox 164 373 284 432; x_wconf 75' lang='lat'><strong>597</strong></span> 
     </span>
    </p>
   </div>
   <div class='ocr_carea' id='block_1_2' title="bbox 634 365 2958 432">
    <p class='ocr_par' dir='ltr' id='par_1_2' title="bbox 634 365 2958 432">
     <span class='ocr_line' id='line_1_2' title="bbox 634 365 2958 432; baseline -0.002 -5"><span class='ocrx_word' id='word_1_2' title='bbox 634 370 1184 430; x_wconf 78' lang='lat' dir='ltr'><strong>ENARRATIONUM</strong></span> <span class='ocrx_word' id='word_1_3' title='bbox 1219 371 1291 428; x_wconf 78' lang='lat' dir='ltr'><strong>IN</strong></span> <span class='ocrx_word' id='word_1_4' title='bbox 1323 370 1474 432; x_wconf 80' lang='lat' dir='ltr'><strong>EPP.</strong></span> <span class='ocrx_word' id='word_1_5' title='bbox 1515 371 1724 429; x_wconf 85' lang='lat' dir='ltr'><strong>PAULI</strong></span> <span class='ocrx_word' id='word_1_6' title='bbox 1751 371 1882 430; x_wconf 82' lang='lat' dir='ltr'><strong>LIB.</strong></span> <span class='ocrx_word' id='word_1_7' title='bbox 1922 370 2082 430; x_wconf 79' lang='lat' dir='ltr'><strong>XVI].</strong></span> <span class='ocrx_word' id='word_1_8' title='bbox 2109 373 2190 414; x_wconf 73' lang='grc'><strong><em>⁸-</em></strong></span> <span class='ocrx_word' id='word_1_9' title='bbox 2223 371 2292 428; x_wconf 85' lang='lat' dir='ltr'><strong>IN</strong></span> <span class='ocrx_word' id='word_1_10' title='bbox 2330 367 2548 427; x_wconf 84' lang='lat' dir='ltr'><strong>EPIST.</strong></span> <span class='ocrx_word' id='word_1_11' title='bbox 2587 365 2680 424; x_wconf 77' lang='lat' dir='ltr'><strong>AD</strong></span> <span class='ocrx_word' id='word_1_12' title='bbox 2716 365 2958 424; x_wconf 86' lang='lat' dir='ltr'><strong>EPHES.</strong></span> 
     </span>
    </p>
   </div>
   <div class='ocr_carea' id='block_1_3' title="bbox 3316 365 3446 424">
    <p class='ocr_par' dir='ltr' id='par_1_3' title="bbox 3316 365 3446 424">
     <span class='ocr_line' id='line_1_3' title="bbox 3316 365 3446 424; baseline 0.008 -1"><span class='ocrx_word' id='word_1_13' title='bbox 3316 365 3446 424; x_wconf 73' lang='lat'><strong>598-</strong></span> 
     </span>
    </p>
   </div>
   <div class='ocr_carea' id='block_1_4' title="bbox 163 467 3486 560">
    <p class='ocr_par' dir='ltr' id='par_1_4' title="bbox 163 467 3486 560">
     <span class='ocr_line' id='line_1_4' title="bbox 163 467 3486 560; baseline -0.002 -14"><span class='ocrx_word' id='word_1_14' title='bbox 163 484 563 558; x_wconf 77' lang='lat' dir='ltr'><strong>comprobante</strong></span> <span class='ocrx_word' id='word_1_15' title='bbox 592 483 806 557; x_wconf 76' lang='lat' dir='ltr'><strong>(Matth.</strong></span> <span class='ocrx_word' id='word_1_16' title='bbox 841 484 993 555; x_wconf 78' lang='lat' dir='ltr'><strong>xxv),</strong></span> <span class='ocrx_word' id='word_1_17' title='bbox 1021 499 1143 539; x_wconf 89' lang='lat' dir='ltr'><strong>cum</strong></span> <span class='ocrx_word' id='word_1_18' title='bbox 1181 498 1309 540; x_wconf 89' lang='lat' dir='ltr'><strong>oves</strong></span> <span class='ocrx_word' id='word_1_19' title='bbox 1334 499 1365 538; x_wconf 93' lang='lat' dir='ltr'><strong>a</strong></span> <span class='ocrx_word' id='word_1_20' title='bbox 1398 483 1617 548; x_wconf 75' lang='lat' dir='ltr'><strong>dextris,</strong></span> <span class='ocrx_word' id='word_1_21' title='bbox 1647 483 1753 538; x_wconf 72' lang='lat' dir='ltr'><strong>hm-</strong></span> <span class='ocrx_word' id='word_1_22' title='bbox 1777 493 1830 560; x_wconf 65' lang='grc' dir='ltr'>Α</span> <span class='ocrx_word' id='word_1_23' title='bbox 1853 485 1963 550; x_wconf 88' lang='lat' dir='ltr'><strong>nia,</strong></span> <span class='ocrx_word' id='word_1_24' title='bbox 1987 493 2110 539; x_wconf 85' lang='lat' dir='ltr'><strong>tunc</strong></span> <span class='ocrx_word' id='word_1_25' title='bbox 2130 491 2178 537; x_wconf 90' lang='lat' dir='ltr'><strong>et</strong></span> <span class='ocrx_word' id='word_1_26' title='bbox 2211 483 2320 553; x_wconf 87' lang='lat' dir='ltr'><strong>ipse</strong></span> <span class='ocrx_word' id='word_1_27' title='bbox 2344 479 2517 536; x_wconf 88' lang='lat' dir='ltr'><strong>Filius</strong></span> <span class='ocrx_word' id='word_1_28' title='bbox 2543 480 2921 551; x_wconf 84' lang='lat' dir='ltr'><strong>subjicieturei</strong></span> <span class='ocrx_word' id='word_1_29' title='bbox 2964 479 3054 552; x_wconf 86' lang='lat' dir='ltr'><strong>qui</strong></span> <span class='ocrx_word' id='word_1_30' title='bbox 3079 479 3298 552; x_wconf 83' lang='lat' dir='ltr'><strong>subjecit</strong></span> <span class='ocrx_word' id='word_1_31' title='bbox 3326 481 3429 538; x_wconf 88' lang='lat' dir='ltr'><strong>sibi</strong></span> <span class='ocrx_word' id='word_1_32' title='bbox 3479 467 3486 472; x_wconf 46' lang='grc'><strong><em>’</em></strong></span> 
     </span>
    </p>
   </div>
   <div class='ocr_carea' id='block_1_5' title="bbox 164 573 1749 643">
    <p class='ocr_par' dir='ltr' id='par_1_5' title="bbox 164 573 1749 643">
     <span class='ocr_line' id='line_1_5' title="bbox 164 573 1749 643; baseline -0.004 -9"><span class='ocrx_word' id='word_1_33' title='bbox 164 579 270 634; x_wconf 85' lang='lat' dir='ltr'><strong>dos</strong></span> <span class='ocrx_word' id='word_1_34' title='bbox 299 591 422 633; x_wconf 83' lang='lat' dir='ltr'><strong>esse</strong></span> <span class='ocrx_word' id='word_1_35' title='bbox 447 592 480 629; x_wconf 91' lang='lat' dir='ltr'><strong>a</strong></span> <span class='ocrx_word' id='word_1_36' title='bbox 506 575 739 630; x_wconf 79' lang='lat' dir='ltr'><strong>sinistris</strong></span> <span class='ocrx_word' id='word_1_37' title='bbox 779 582 1059 629; x_wconf 89' lang='lat' dir='ltr'><strong>memoret.</strong></span> <span class='ocrx_word' id='word_1_38' title='bbox 1095 573 1200 629; x_wconf 85' lang='lat' dir='ltr'><strong>Sed</strong></span> <span class='ocrx_word' id='word_1_39' title='bbox 1240 583 1295 629; x_wconf 91' lang='lat' dir='ltr'><strong>et</strong></span> <span class='ocrx_word' id='word_1_40' title='bbox 1323 574 1496 643; x_wconf 90' lang='lat' dir='ltr'><strong>ipsum</strong></span> <span class='ocrx_word' id='word_1_41' title='bbox 1524 575 1749 629; x_wconf 84' lang='lat' dir='ltr'><strong>verbum</strong></span> 
     </span>
    </p>
   </div>
   <div class='ocr_carea' id='block_1_6' title="bbox 163 663 1750 740">
    <p class='ocr_par' dir='ltr' id='par_1_6' title="bbox 163 663 1750 740">
     <span class='ocr_line' id='line_1_6' title="bbox 163 663 1750 740; baseline -0.003 -14"><span class='ocrx_word' id='word_1_42' title='bbox 163 671 357 726; x_wconf 84' lang='lat' dir='ltr'><strong>sedere</strong></span> <span class='ocrx_word' id='word_1_43' title='bbox 385 669 534 740; x_wconf 81' lang='lat' dir='ltr'><strong>regni</strong></span> <span class='ocrx_word' id='word_1_44' title='bbox 569 666 836 738; x_wconf 85' lang='lat' dir='ltr'><strong>signiﬁcat</strong></span> <span class='ocrx_word' id='word_1_45' title='bbox 860 673 1200 738; x_wconf 87' lang='lat' dir='ltr'><strong>potestatem,</strong></span> <span class='ocrx_word' id='word_1_46' title='bbox 1230 681 1327 737; x_wconf 89' lang='lat' dir='ltr'><strong>per</strong></span> <span class='ocrx_word' id='word_1_47' title='bbox 1358 679 1518 737; x_wconf 90' lang='lat' dir='ltr'><strong>quam</strong></span> <span class='ocrx_word' id='word_1_48' title='bbox 1543 663 1750 722; x_wconf 80' lang='lat' dir='ltr'><strong>benefi-</strong></span> 
     </span>
    </p>
   </div>
   <div class='ocr_carea' id='block_1_7' title="bbox 164 755 1751 829">
    <p class='ocr_par' dir='ltr' id='par_1_7' title="bbox 164 755 1751 829">
     <span class='ocr_line' id='line_1_7' title="bbox 164 755 1751 829; baseline -0.004 -11"><span class='ocrx_word' id='word_1_49' title='bbox 164 763 320 818; x_wconf 86' lang='lat' dir='ltr'><strong>cium</strong></span> <span class='ocrx_word' id='word_1_50' title='bbox 345 761 428 816; x_wconf 90' lang='lat' dir='ltr'><strong>eis</strong></span> <span class='ocrx_word' id='word_1_51' title='bbox 463 760 604 813; x_wconf 84' lang='lat' dir='ltr'><strong>Deus</strong></span> <span class='ocrx_word' id='word_1_52' title='bbox 631 759 836 823; x_wconf 82' lang='lat' dir='ltr'><strong>tribuit,</strong></span> <span class='ocrx_word' id='word_1_53' title='bbox 864 773 1024 829; x_wconf 86' lang='lat' dir='ltr'><strong>super</strong></span> <span class='ocrx_word' id='word_1_54' title='bbox 1051 758 1243 828; x_wconf 88' lang='lat' dir='ltr'><strong>quibus</strong></span> <span class='ocrx_word' id='word_1_55' title='bbox 1264 757 1451 813; x_wconf 91' lang='lat' dir='ltr'><strong>sedere</strong></span> <span class='ocrx_word' id='word_1_56' title='bbox 1469 755 1751 828; x_wconf 78' lang='lat' dir='ltr'><strong>dignatur;</strong></span> 
     </span>
    </p>
   </div>
   <div class='ocr_carea' id='block_1_8' title="bbox 167 849 1755 925">
    <p class='ocr_par' dir='ltr' id='par_1_8' title="bbox 167 849 1755 925">
     <span class='ocr_line' id='line_1_8' title="bbox 167 849 1755 925; baseline -0.002 -18"><span class='ocrx_word' id='word_1_57' title='bbox 167 853 320 925; x_wconf 88' lang='lat' dir='ltr'><strong>quod</strong></span> <span class='ocrx_word' id='word_1_58' title='bbox 343 850 551 906; x_wconf 87' lang='lat' dir='ltr'><strong>scilicet</strong></span> <span class='ocrx_word' id='word_1_59' title='bbox 575 858 630 904; x_wconf 91' lang='lat' dir='ltr'><strong>et</strong></span> <span class='ocrx_word' id='word_1_60' title='bbox 650 858 800 921; x_wconf 86' lang='lat' dir='ltr'><strong>regat</strong></span> <span class='ocrx_word' id='word_1_61' title='bbox 819 864 915 905; x_wconf 91' lang='lat' dir='ltr'><strong>eos</strong></span> <span class='ocrx_word' id='word_1_62' title='bbox 937 858 993 904; x_wconf 88' lang='lat' dir='ltr'><strong>et</strong></span> <span class='ocrx_word' id='word_1_63' title='bbox 1013 850 1067 904; x_wconf 89' lang='lat' dir='ltr'><strong>in</strong></span> <span class='ocrx_word' id='word_1_64' title='bbox 1086 865 1245 904; x_wconf 89' lang='lat' dir='ltr'><strong>curru</strong></span> <span class='ocrx_word' id='word_1_65' title='bbox 1268 863 1366 904; x_wconf 88' lang='lat' dir='ltr'><strong>suo</strong></span> <span class='ocrx_word' id='word_1_66' title='bbox 1380 850 1667 914; x_wconf 87' lang='lat' dir='ltr'><strong>haheat,et</strong></span> <span class='ocrx_word' id='word_1_67' title='bbox 1686 849 1755 904; x_wconf 88' lang='lat' dir='ltr'><strong>ad</strong></span> 
     </span>
    </p>
   </div>
   <div class='ocr_carea' id='block_1_9' title="bbox 167 941 1753 1016">
    <p class='ocr_par' dir='ltr' id='par_1_9' title="bbox 167 941 1753 1016">
     <span class='ocr_line' id='line_1_9' title="bbox 167 941 1753 1016; baseline -0.006 -12"><span class='ocrx_word' id='word_1_68' title='bbox 167 955 369 1004; x_wconf 85' lang='lat' dir='ltr'><strong>nutum</strong></span> <span class='ocrx_word' id='word_1_69' title='bbox 398 944 672 1016; x_wconf 89' lang='lat' dir='ltr'><strong>proprium</strong></span> <span class='ocrx_word' id='word_1_70' title='bbox 695 957 826 1013; x_wconf 86' lang='lat' dir='ltr'><strong>vaga</strong></span> <span class='ocrx_word' id='word_1_71' title='bbox 854 943 1004 1013; x_wconf 89' lang='lat' dir='ltr'><strong>prius</strong></span> <span class='ocrx_word' id='word_1_72' title='bbox 1021 951 1075 997; x_wconf 90' lang='lat' dir='ltr'><strong>et</strong></span> <span class='ocrx_word' id='word_1_73' title='bbox 1101 942 1266 997; x_wconf 89' lang='lat' dir='ltr'><strong>libera</strong></span> <span class='ocrx_word' id='word_1_74' title='bbox 1291 941 1426 997; x_wconf 89' lang='lat' dir='ltr'><strong>colla</strong></span> <span class='ocrx_word' id='word_1_75' title='bbox 1453 949 1753 996; x_wconf 84' lang='lat' dir='ltr'><strong>convertat.</strong></span> 
     </span>
    </p>
   </div>
   <div class='ocr_carea' id='block_1_10' title="bbox 165 1032 1757 1106">
    <p class='ocr_par' dir='ltr' id='par_1_10' title="bbox 165 1032 1757 1106">
     <span class='ocr_line' id='line_1_10' title="bbox 165 1032 1757 1106; baseline -0.005 -12"><span class='ocrx_word' id='word_1_76' title='bbox 165 1039 306 1094; x_wconf 76' lang='lat' dir='ltr'><strong>l’nst</strong></span> <span class='ocrx_word' id='word_1_77' title='bbox 353 1049 468 1092; x_wconf 79' lang='lat' dir='ltr'><strong>haec</strong></span> <span class='ocrx_word' id='word_1_78' title='bbox 493 1035 754 1106; x_wconf 67' lang='lat' dir='ltr'><strong>quaeritur</strong></span> <span class='ocrx_word' id='word_1_79' title='bbox 783 1035 1051 1104; x_wconf 89' lang='lat' dir='ltr'><strong>quomodo</strong></span> <span class='ocrx_word' id='word_1_80' title='bbox 1092 1033 1147 1088; x_wconf 81' lang='lat' dir='ltr'><strong>id</strong></span> <span class='ocrx_word' id='word_1_81' title='bbox 1176 1032 1317 1103; x_wconf 89' lang='lat' dir='ltr'><strong>quod</strong></span> <span class='ocrx_word' id='word_1_82' title='bbox 1365 1033 1608 1101; x_wconf 89' lang='lat' dir='ltr'><strong>sequitur</strong></span> <span class='ocrx_word' id='word_1_83' title='bbox 1633 1046 1757 1101; x_wconf 81' lang='lat' dir='ltr'><strong>pos-</strong></span> 
     </span>
    </p>
   </div>
   <div class='ocr_carea' id='block_1_11' title="bbox 166 1125 1756 1198">
    <p class='ocr_par' dir='ltr' id='par_1_11' title="bbox 166 1125 1756 1198">
     <span class='ocr_line' id='line_1_11' title="bbox 166 1125 1756 1198; baseline -0.007 -13"><span class='ocrx_word' id='word_1_84' title='bbox 166 1131 242 1185; x_wconf 87' lang='lat' dir='ltr'><strong>sit</strong></span> <span class='ocrx_word' id='word_1_85' title='bbox 267 1128 492 1198; x_wconf 83' lang='lat' dir='ltr'><strong>intelligi</strong></span> <span class='ocrx_word' id='word_1_86' title='bbox 512 1145 524 1180; x_wconf 93' lang='lat'><strong>:</strong></span> <span class='ocrx_word' id='word_1_87' title='bbox 544 1143 699 1198; x_wconf 80' lang='lat' dir='ltr'><strong>super</strong></span> <span class='ocrx_word' id='word_1_88' title='bbox 711 1125 1293 1195; x_wconf 79' lang='lat' dir='ltr'><strong>omnemprincipatum,</strong></span> <span class='ocrx_word' id='word_1_89' title='bbox 1309 1133 1358 1176; x_wconf 88' lang='lat' dir='ltr'><strong>et</strong></span> <span class='ocrx_word' id='word_1_90' title='bbox 1370 1131 1694 1194; x_wconf 87' lang='lat' dir='ltr'><strong>potestatem,</strong></span> <span class='ocrx_word' id='word_1_91' title='bbox 1707 1127 1756 1174; x_wconf 86' lang='lat' dir='ltr'><strong>et</strong></span> 
     </span>
    </p>
   </div>
   <div class='ocr_carea' id='block_1_12' title="bbox 167 1216 1759 1287">
    <p class='ocr_par' dir='ltr' id='par_1_12' title="bbox 167 1216 1759 1287">
     <span class='ocr_line' id='line_1_12' title="bbox 167 1216 1759 1287; baseline -0.004 -12"><span class='ocrx_word' id='word_1_92' title='bbox 167 1223 444 1286; x_wconf 77' lang='lat' dir='ltr'><strong>virtutem,</strong></span> <span class='ocrx_word' id='word_1_93' title='bbox 483 1229 534 1274; x_wconf 86' lang='lat' dir='ltr'><strong>et</strong></span> <span class='ocrx_word' id='word_1_94' title='bbox 557 1219 984 1280; x_wconf 80' lang='lat' dir='ltr'><strong>dominationem,</strong></span> <span class='ocrx_word' id='word_1_95' title='bbox 1020 1227 1068 1270; x_wconf 88' lang='lat' dir='ltr'><strong>et</strong></span> <span class='ocrx_word' id='word_1_96' title='bbox 1094 1231 1244 1271; x_wconf 86' lang='lat' dir='ltr'><strong>omne</strong></span> <span class='ocrx_word' id='word_1_97' title='bbox 1278 1232 1462 1271; x_wconf 89' lang='lat' dir='ltr'><strong>nomen</strong></span> <span class='ocrx_word' id='word_1_98' title='bbox 1499 1216 1636 1287; x_wconf 84' lang='lat' dir='ltr'><strong>quod</strong></span> <span class='ocrx_word' id='word_1_99' title='bbox 1665 1231 1759 1269; x_wconf 84' lang='lat' dir='ltr'><strong>no-</strong></span> 
     </span>
    </p>
   </div>
   <div class='ocr_carea' id='block_1_13' title="bbox 167 1312 1764 1381">
    <p class='ocr_par' dir='ltr' id='par_1_13' title="bbox 167 1312 1764 1381">
     <span class='ocr_line' id='line_1_13' title="bbox 167 1312 1764 1381; baseline -0.004 -10"><span class='ocrx_word' id='word_1_100' title='bbox 167 1318 448 1381; x_wconf 83' lang='lat' dir='ltr'><strong>minatur,</strong></span> <span class='ocrx_word' id='word_1_101' title='bbox 480 1331 582 1370; x_wconf 92' lang='lat' dir='ltr'><strong>non</strong></span> <span class='ocrx_word' id='word_1_102' title='bbox 620 1313 788 1369; x_wconf 88' lang='lat' dir='ltr'><strong>solum</strong></span> <span class='ocrx_word' id='word_1_103' title='bbox 820 1315 876 1368; x_wconf 90' lang='lat' dir='ltr'><strong>in</strong></span> <span class='ocrx_word' id='word_1_104' title='bbox 917 1313 1012 1368; x_wconf 79' lang='lat' dir='ltr'><strong>hoc</strong></span> <span class='ocrx_word' id='word_1_105' title='bbox 1040 1312 1254 1380; x_wconf 78' lang='lat' dir='ltr'><strong>swculo,</strong></span> <span class='ocrx_word' id='word_1_106' title='bbox 1285 1314 1372 1368; x_wconf 88' lang='lat' dir='ltr'><strong>sed</strong></span> <span class='ocrx_word' id='word_1_107' title='bbox 1400 1315 1554 1367; x_wconf 85' lang='lat' dir='ltr'><strong>etiam</strong></span> <span class='ocrx_word' id='word_1_108' title='bbox 1578 1313 1632 1366; x_wconf 89' lang='lat' dir='ltr'><strong>in</strong></span> <span class='ocrx_word' id='word_1_109' title='bbox 1675 1312 1764 1381; x_wconf 75' lang='lat' dir='ltr'><strong>fu-</strong></span> 
     </span>
    </p>
   </div>
   <div class='ocr_carea' id='block_1_14' title="bbox 168 1401 1760 1475">
    <p class='ocr_par' dir='ltr' id='par_1_14' title="bbox 168 1401 1760 1475">
     <span class='ocr_line' id='line_1_14' title="bbox 168 1401 1760 1475; baseline -0.003 -15"><span class='ocrx_word' id='word_1_110' title='bbox 168 1415 333 1472; x_wconf 85' lang='lat' dir='ltr'><strong>turo;</strong></span> <span class='ocrx_word' id='word_1_111' title='bbox 364 1415 420 1460; x_wconf 89' lang='lat' dir='ltr'><strong>et</strong></span> <span class='ocrx_word' id='word_1_112' title='bbox 455 1405 670 1475; x_wconf 86' lang='lat' dir='ltr'><strong>quidem</strong></span> <span class='ocrx_word' id='word_1_113' title='bbox 701 1404 769 1458; x_wconf 86' lang='lat' dir='ltr'><strong>de</strong></span> <span class='ocrx_word' id='word_1_114' title='bbox 807 1402 1012 1458; x_wconf 81' lang='lat' dir='ltr'><strong>dextris</strong></span> <span class='ocrx_word' id='word_1_115' title='bbox 1049 1401 1144 1457; x_wconf 88' lang='lat' dir='ltr'><strong>Dei</strong></span> <span class='ocrx_word' id='word_1_116' title='bbox 1189 1417 1252 1457; x_wconf 91' lang='lat' dir='ltr'><strong>ac</strong></span> <span class='ocrx_word' id='word_1_117' title='bbox 1291 1401 1548 1466; x_wconf 87' lang='lat' dir='ltr'><strong>sinistris,</strong></span> <span class='ocrx_word' id='word_1_118' title='bbox 1595 1408 1651 1456; x_wconf 89' lang='lat' dir='ltr'><strong>et</strong></span> <span class='ocrx_word' id='word_1_119' title='bbox 1693 1401 1760 1455; x_wconf 92' lang='lat' dir='ltr'><strong>de</strong></span> 
     </span>
    </p>
   </div>
   <div class='ocr_carea' id='block_1_15' title="bbox 170 1492 1759 1571">
    <p class='ocr_par' dir='ltr' id='par_1_15' title="bbox 170 1492 1759 1571">
     <span class='ocr_line' id='line_1_15' title="bbox 170 1492 1759 1571; baseline -0.006 -15"><span class='ocrx_word' id='word_1_120' title='bbox 170 1503 421 1556; x_wconf 86' lang='lat' dir='ltr'><strong>sessione</strong></span> <span class='ocrx_word' id='word_1_121' title='bbox 462 1500 575 1571; x_wconf 90' lang='lat' dir='ltr'><strong>jam</strong></span> <span class='ocrx_word' id='word_1_122' title='bbox 622 1498 821 1553; x_wconf 88' lang='lat' dir='ltr'><strong>dictum</strong></span> <span class='ocrx_word' id='word_1_123' title='bbox 848 1506 948 1551; x_wconf 89' lang='lat' dir='ltr'><strong>est.</strong></span> <span class='ocrx_word' id='word_1_124' title='bbox 987 1495 1139 1550; x_wconf 87' lang='lat' dir='ltr'><strong>Nunc</strong></span> <span class='ocrx_word' id='word_1_125' title='bbox 1177 1494 1522 1566; x_wconf 68' lang='lat' dir='ltr'><strong>quaerendum</strong></span> <span class='ocrx_word' id='word_1_126' title='bbox 1551 1501 1634 1548; x_wconf 91' lang='lat' dir='ltr'><strong>est</strong></span> <span class='ocrx_word' id='word_1_127' title='bbox 1667 1492 1759 1547; x_wconf 90' lang='lat' dir='ltr'><strong>ubi</strong></span> 
     </span>
    </p>
   </div>
   <div class='ocr_carea' id='block_1_16' title="bbox 169 1585 1755 1663">
    <p class='ocr_par' dir='ltr' id='par_1_16' title="bbox 169 1585 1755 1663">
     <span class='ocr_line' id='line_1_16' title="bbox 169 1585 1755 1663; baseline -0.006 -15"><span class='ocrx_word' id='word_1_128' title='bbox 169 1593 472 1663; x_wconf 81' lang='lat' dir='ltr'><strong>Apostolus</strong></span> <span class='ocrx_word' id='word_1_129' title='bbox 499 1593 616 1648; x_wconf 67' lang='lat' dir='ltr'><strong>haec</strong></span> <span class='ocrx_word' id='word_1_130' title='bbox 640 1600 869 1661; x_wconf 82' lang='lat' dir='ltr'><strong>quatuor</strong></span> <span class='ocrx_word' id='word_1_131' title='bbox 896 1589 1132 1654; x_wconf 88' lang='lat' dir='ltr'><strong>nomina,</strong></span> <span class='ocrx_word' id='word_1_132' title='bbox 1163 1587 1521 1658; x_wconf 82' lang='lat' dir='ltr'><strong>principatum</strong></span> <span class='ocrx_word' id='word_1_133' title='bbox 1546 1585 1755 1655; x_wconf 90' lang='lat' dir='ltr'><strong>loquor,</strong></span> 
     </span>
    </p>
   </div>
   <div class='ocr_carea' id='block_1_17' title="bbox 171 1679 1760 1754">
    <p class='ocr_par' dir='ltr' id='par_1_17' title="bbox 171 1679 1760 1754">
     <span class='ocr_line' id='line_1_17' title="bbox 171 1679 1760 1754; baseline -0.004 -14"><span class='ocrx_word' id='word_1_134' title='bbox 171 1693 226 1740; x_wconf 89' lang='lat' dir='ltr'><strong>et</strong></span> <span class='ocrx_word' id='word_1_135' title='bbox 259 1693 600 1754; x_wconf 85' lang='lat' dir='ltr'><strong>potestatem,</strong></span> <span class='ocrx_word' id='word_1_136' title='bbox 629 1693 684 1738; x_wconf 91' lang='lat' dir='ltr'><strong>et</strong></span> <span class='ocrx_word' id='word_1_137' title='bbox 708 1683 982 1746; x_wconf 88' lang='lat' dir='ltr'><strong>virtutem,</strong></span> <span class='ocrx_word' id='word_1_138' title='bbox 1009 1689 1064 1736; x_wconf 90' lang='lat' dir='ltr'><strong>et</strong></span> <span class='ocrx_word' id='word_1_139' title='bbox 1089 1681 1528 1744; x_wconf 83' lang='lat' dir='ltr'><strong>dominationem,</strong></span> <span class='ocrx_word' id='word_1_140' title='bbox 1562 1679 1760 1748; x_wconf 92' lang='lat' dir='ltr'><strong>scripta</strong></span> 
     </span>
    </p>
   </div>
   <div class='ocr_carea' id='block_1_18' title="bbox 171 1773 1760 1849">
    <p class='ocr_par' dir='ltr' id='par_1_18' title="bbox 171 1773 1760 1849">
     <span class='ocr_line' id='line_1_18' title="bbox 171 1773 1760 1849; baseline -0.006 -15"><span class='ocrx_word' id='word_1_141' title='bbox 171 1780 462 1849; x_wconf 86' lang='lat' dir='ltr'><strong>repererit,</strong></span> <span class='ocrx_word' id='word_1_142' title='bbox 509 1785 564 1832; x_wconf 92' lang='lat' dir='ltr'><strong>et</strong></span> <span class='ocrx_word' id='word_1_143' title='bbox 601 1778 654 1831; x_wconf 89' lang='lat' dir='ltr'><strong>in</strong></span> <span class='ocrx_word' id='word_1_144' title='bbox 695 1777 929 1832; x_wconf 89' lang='lat' dir='ltr'><strong>medium</strong></span> <span class='ocrx_word' id='word_1_145' title='bbox 973 1775 1113 1830; x_wconf 89' lang='lat' dir='ltr'><strong>unde</strong></span> <span class='ocrx_word' id='word_1_146' title='bbox 1148 1775 1447 1844; x_wconf 87' lang='lat' dir='ltr'><strong>protulerit.</strong></span> <span class='ocrx_word' id='word_1_147' title='bbox 1479 1773 1589 1829; x_wconf 85' lang='lat' dir='ltr'><strong>Nec</strong></span> <span class='ocrx_word' id='word_1_148' title='bbox 1617 1773 1760 1828; x_wconf 92' lang='lat' dir='ltr'><strong>enim</strong></span> 
     </span>
    </p>
   </div>
   <div class='ocr_carea' id='block_1_19' title="bbox 1853 574 3427 648">
    <p class='ocr_par' dir='ltr' id='par_1_19' title="bbox 1853 574 3427 648">
     <span class='ocr_line' id='line_1_19' title="bbox 1853 574 3427 648; baseline -0.001 -15"><span class='ocrx_word' id='word_1_149' title='bbox 1853 577 2054 644; x_wconf 86' lang='lat' dir='ltr'><strong>omnia,</strong></span> <span class='ocrx_word' id='word_1_150' title='bbox 2095 587 2150 630; x_wconf 89' lang='lat' dir='ltr'><strong>ut</strong></span> <span class='ocrx_word' id='word_1_151' title='bbox 2197 577 2264 631; x_wconf 88' lang='lat' dir='ltr'><strong>sit</strong></span> <span class='ocrx_word' id='word_1_152' title='bbox 2303 576 2442 632; x_wconf 88' lang='lat' dir='ltr'><strong>Deus</strong></span> <span class='ocrx_word' id='word_1_153' title='bbox 2488 575 2664 630; x_wconf 85' lang='lat' dir='ltr'><strong>omnia</strong></span> <span class='ocrx_word' id='word_1_154' title='bbox 2703 575 2758 627; x_wconf 89' lang='lat' dir='ltr'><strong>in</strong></span> <span class='ocrx_word' id='word_1_155' title='bbox 2805 574 3042 628; x_wconf 86' lang='lat' dir='ltr'><strong>omnibus</strong></span> <span class='ocrx_word' id='word_1_156' title='bbox 3079 574 3129 646; x_wconf 87' lang='grc' dir='ltr'><strong>(ι</strong></span> <span class='ocrx_word' id='word_1_157' title='bbox 3161 574 3282 630; x_wconf 89' lang='lat' dir='ltr'><strong>Cor.</strong></span> <span class='ocrx_word' id='word_1_158' title='bbox 3308 575 3427 648; x_wconf 76' lang='lat' dir='ltr'><strong>xv).</strong></span> 
     </span>
    </p>
   </div>
   <div class='ocr_carea' id='block_1_20' title="bbox 1852 665 3429 740">
    <p class='ocr_par' dir='ltr' id='par_1_20' title="bbox 1852 665 3429 740">
     <span class='ocr_line' id='line_1_20' title="bbox 1852 665 3429 740; baseline -0.001 -16"><span class='ocrx_word' id='word_1_159' title='bbox 1852 667 1996 740; x_wconf 86' lang='lat' dir='ltr'><strong>Ergo</strong></span> <span class='ocrx_word' id='word_1_160' title='bbox 2024 676 2117 723; x_wconf 86' lang='lat' dir='ltr'><strong>aut</strong></span> <span class='ocrx_word' id='word_1_161' title='bbox 2142 669 2434 724; x_wconf 89' lang='lat' dir='ltr'><strong>secundum</strong></span> <span class='ocrx_word' id='word_1_162' title='bbox 2453 667 2796 738; x_wconf 74' lang='lat' dir='ltr'><strong>praesentiam</strong></span> <span class='ocrx_word' id='word_1_163' title='bbox 2819 665 2873 721; x_wconf 88' lang='lat' dir='ltr'><strong>id</strong></span> <span class='ocrx_word' id='word_1_164' title='bbox 2893 666 3035 735; x_wconf 90' lang='lat' dir='ltr'><strong>quod</strong></span> <span class='ocrx_word' id='word_1_165' title='bbox 3057 667 3293 722; x_wconf 78' lang='lat' dir='ltr'><strong>futurum</strong></span> <span class='ocrx_word' id='word_1_166' title='bbox 3321 675 3429 736; x_wconf 87' lang='lat' dir='ltr'><strong>est,</strong></span> 
     </span>
    </p>
   </div>
   <div class='ocr_carea' id='block_1_21' title="bbox 1853 759 3433 834">
    <p class='ocr_par' dir='ltr' id='par_1_21' title="bbox 1853 759 3433 834">
     <span class='ocr_line' id='line_1_21' title="bbox 1853 759 3433 834; baseline 0 -16"><span class='ocrx_word' id='word_1_167' title='bbox 1853 762 2007 833; x_wconf 88' lang='lat' dir='ltr'><strong>quasi</strong></span> <span class='ocrx_word' id='word_1_168' title='bbox 2029 762 2144 834; x_wconf 89' lang='lat' dir='ltr'><strong>jam</strong></span> <span class='ocrx_word' id='word_1_169' title='bbox 2170 759 2374 817; x_wconf 84' lang='lat' dir='ltr'><strong>factum</strong></span> <span class='ocrx_word' id='word_1_170' title='bbox 2411 776 2530 817; x_wconf 89' lang='lat' dir='ltr'><strong>esse</strong></span> <span class='ocrx_word' id='word_1_171' title='bbox 2567 771 2976 826; x_wconf 86' lang='lat' dir='ltr'><strong>commemorat,</strong></span> <span class='ocrx_word' id='word_1_172' title='bbox 3013 759 3168 830; x_wconf 82' lang='lat' dir='ltr'><strong>juxta</strong></span> <span class='ocrx_word' id='word_1_173' title='bbox 3213 776 3433 818; x_wconf 87' lang='lat' dir='ltr'><strong>sensum</strong></span> 
     </span>
    </p>
   </div>
   <div class='ocr_carea' id='block_1_22' title="bbox 1855 849 3435 923">
    <p class='ocr_par' dir='ltr' id='par_1_22' title="bbox 1855 849 3435 923">
     <span class='ocr_line' id='line_1_22' title="bbox 1855 849 3435 923; baseline -0.001 -17"><span class='ocrx_word' id='word_1_174' title='bbox 1855 867 2016 923; x_wconf 86' lang='lat' dir='ltr'><strong>quem</strong></span> <span class='ocrx_word' id='word_1_175' title='bbox 2057 867 2220 922; x_wconf 86' lang='lat' dir='ltr'><strong>supra</strong></span> <span class='ocrx_word' id='word_1_176' title='bbox 2248 851 2616 922; x_wconf 85' lang='lat' dir='ltr'><strong>exposuimus,</strong></span> <span class='ocrx_word' id='word_1_177' title='bbox 2659 851 2749 906; x_wconf 90' lang='lat' dir='ltr'><strong>ubi</strong></span> <span class='ocrx_word' id='word_1_178' title='bbox 2797 850 2912 906; x_wconf 90' lang='lat' dir='ltr'><strong>ait:</strong></span> <span class='ocrx_word' id='word_1_179' title='bbox 2942 849 3217 905; x_wconf 74' lang='lat' dir='ltr'><strong>Benedixit</strong></span> <span class='ocrx_word' id='word_1_180' title='bbox 3256 869 3350 906; x_wconf 90' lang='lat' dir='ltr'><strong>nos</strong></span> <span class='ocrx_word' id='word_1_181' title='bbox 3378 853 3435 905; x_wconf 86' lang='lat' dir='ltr'><strong>in</strong></span> 
     </span>
    </p>
   </div>
   <div class='ocr_carea' id='block_1_23' title="bbox 1855 941 3434 1012">
    <p class='ocr_par' dir='ltr' id='par_1_23' title="bbox 1855 941 3434 1012">
     <span class='ocr_line' id='line_1_23' title="bbox 1855 941 3434 1012; baseline 0.001 -16"><span class='ocrx_word' id='word_1_182' title='bbox 1855 943 1998 996; x_wconf 91' lang='lat' dir='ltr'><strong>omni</strong></span> <span class='ocrx_word' id='word_1_183' title='bbox 2041 941 2390 996; x_wconf 82' lang='lat' dir='ltr'><strong>benedictione</strong></span> <span class='ocrx_word' id='word_1_184' title='bbox 2424 941 2648 1012; x_wconf 86' lang='lat' dir='ltr'><strong>spiritali</strong></span> <span class='ocrx_word' id='word_1_185' title='bbox 2689 943 2746 996; x_wconf 89' lang='lat' dir='ltr'><strong>in</strong></span> <span class='ocrx_word' id='word_1_186' title='bbox 2797 941 3083 998; x_wconf 73' lang='lat' dir='ltr'><strong>caelestibus</strong></span> <span class='ocrx_word' id='word_1_187' title='bbox 3130 943 3185 996; x_wconf 88' lang='lat' dir='ltr'><strong>in</strong></span> <span class='ocrx_word' id='word_1_188' title='bbox 3228 941 3434 998; x_wconf 83' lang='lat' dir='ltr'><strong>Christo</strong></span> 
     </span>
    </p>
   </div>
   <div class='ocr_carea' id='block_1_24' title="bbox 1854 1029 3438 1102">
    <p class='ocr_par' dir='ltr' id='par_1_24' title="bbox 1854 1029 3438 1102">
     <span class='ocr_line' id='line_1_24' title="bbox 1854 1029 3438 1102; baseline 0.002 -16"><span class='ocrx_word' id='word_1_189' title='bbox 1854 1029 1986 1086; x_wconf 69' lang='lat' dir='ltr'><strong>Iesu</strong></span> <span class='ocrx_word' id='word_1_190' title='bbox 2013 1045 2032 1084; x_wconf 92' lang='lat'><em>:</em></span> <span class='ocrx_word' id='word_1_191' title='bbox 2059 1039 2152 1086; x_wconf 92' lang='lat' dir='ltr'><strong>aut</strong></span> <span class='ocrx_word' id='word_1_192' title='bbox 2179 1041 2345 1096; x_wconf 87' lang='lat' dir='ltr'><strong>certe,</strong></span> <span class='ocrx_word' id='word_1_193' title='bbox 2385 1032 2431 1087; x_wconf 92' lang='lat' dir='ltr'><strong>si</strong></span> <span class='ocrx_word' id='word_1_194' title='bbox 2458 1032 2523 1086; x_wconf 92' lang='lat' dir='ltr'><strong>de</strong></span> <span class='ocrx_word' id='word_1_195' title='bbox 2554 1032 2830 1102; x_wconf 57' lang='lat' dir='ltr'><strong>praeterito</strong></span> <span class='ocrx_word' id='word_1_196' title='bbox 2859 1032 3196 1086; x_wconf 89' lang='lat' dir='ltr'><strong>sentiendum</strong></span> <span class='ocrx_word' id='word_1_197' title='bbox 3223 1044 3325 1099; x_wconf 88' lang='lat' dir='ltr'><strong>est,</strong></span> <span class='ocrx_word' id='word_1_198' title='bbox 3356 1035 3438 1090; x_wconf 88' lang='lat' dir='ltr'><strong>sic</strong></span> 
     </span>
    </p>
   </div>
   <div class='ocr_carea' id='block_1_25' title="bbox 1858 1123 3438 1193">
    <p class='ocr_par' dir='ltr' id='par_1_25' title="bbox 1858 1123 3438 1193">
     <span class='ocr_line' id='line_1_25' title="bbox 1858 1123 3438 1193; baseline 0.001 -15"><span class='ocrx_word' id='word_1_199' title='bbox 1858 1123 2118 1178; x_wconf 88' lang='lat' dir='ltr'><strong>debemus</strong></span> <span class='ocrx_word' id='word_1_200' title='bbox 2149 1123 2414 1192; x_wconf 87' lang='lat' dir='ltr'><strong>accipere,</strong></span> <span class='ocrx_word' id='word_1_201' title='bbox 2445 1124 2586 1192; x_wconf 89' lang='lat' dir='ltr'><strong>quod</strong></span> <span class='ocrx_word' id='word_1_202' title='bbox 2628 1125 2790 1178; x_wconf 88' lang='lat' dir='ltr'><strong>etiam</strong></span> <span class='ocrx_word' id='word_1_203' title='bbox 2815 1139 2878 1178; x_wconf 92' lang='lat' dir='ltr'><strong>ea</strong></span> <span class='ocrx_word' id='word_1_204' title='bbox 2910 1139 3030 1193; x_wconf 68' lang='lat' dir='ltr'><strong>quae</strong></span> <span class='ocrx_word' id='word_1_205' title='bbox 3079 1139 3186 1179; x_wconf 90' lang='lat' dir='ltr'><strong>non</strong></span> <span class='ocrx_word' id='word_1_206' title='bbox 3222 1132 3347 1182; x_wconf 92' lang='lat' dir='ltr'><strong>sunt</strong></span> <span class='ocrx_word' id='word_1_207' title='bbox 3386 1126 3438 1180; x_wconf 89' lang='lat' dir='ltr'><strong>ei</strong></span> 
     </span>
    </p>
   </div>
   <div class='ocr_carea' id='block_1_26' title="bbox 1856 1212 3437 1281">
    <p class='ocr_par' dir='ltr' id='par_1_26' title="bbox 1856 1212 3437 1281">
     <span class='ocr_line' id='line_1_26' title="bbox 1856 1212 3437 1281; baseline 0.003 -15"><span class='ocrx_word' id='word_1_208' title='bbox 1856 1215 2134 1270; x_wconf 80' lang='lat' dir='ltr'><strong>voluntate</strong></span> <span class='ocrx_word' id='word_1_209' title='bbox 2183 1212 2458 1281; x_wconf 89' lang='lat' dir='ltr'><strong>subjecta,</strong></span> <span class='ocrx_word' id='word_1_210' title='bbox 2505 1222 2710 1270; x_wconf 66' lang='lat' dir='ltr'><strong>natura:</strong></span> <span class='ocrx_word' id='word_1_211' title='bbox 2757 1215 3063 1270; x_wconf 88' lang='lat' dir='ltr'><strong>conditione</strong></span> <span class='ocrx_word' id='word_1_212' title='bbox 3108 1217 3437 1281; x_wconf 86' lang='lat' dir='ltr'><strong>deserviant,</strong></span> 
     </span>
    </p>
   </div>
   <div class='ocr_carea' id='block_1_27' title="bbox 1856 1303 3437 1378">
    <p class='ocr_par' dir='ltr' id='par_1_27' title="bbox 1856 1303 3437 1378">
     <span class='ocr_line' id='line_1_27' title="bbox 1856 1303 3437 1378; baseline 0.003 -19"><span class='ocrx_word' id='word_1_213' title='bbox 1856 1304 2006 1359; x_wconf 80' lang='lat' dir='ltr'><strong>verbi</strong></span> <span class='ocrx_word' id='word_1_214' title='bbox 2031 1319 2215 1369; x_wconf 89' lang='lat' dir='ltr'><strong>causa,</strong></span> <span class='ocrx_word' id='word_1_215' title='bbox 2248 1305 2540 1370; x_wconf 62' lang='lat' dir='ltr'><strong>daemones,</strong></span> <span class='ocrx_word' id='word_1_216' title='bbox 2571 1303 2740 1362; x_wconf 61' lang='lat' dir='ltr'><strong>Judaei</strong></span> <span class='ocrx_word' id='word_1_217' title='bbox 2786 1315 2948 1376; x_wconf 90' lang='lat' dir='ltr'><strong>atque</strong></span> <span class='ocrx_word' id='word_1_218' title='bbox 2992 1308 3218 1378; x_wconf 88' lang='lat' dir='ltr'><strong>gentiles</strong></span> <span class='ocrx_word' id='word_1_219' title='bbox 3267 1324 3284 1363; x_wconf 90' lang='lat'><strong>:</strong></span> <span class='ocrx_word' id='word_1_220' title='bbox 3330 1326 3437 1365; x_wconf 92' lang='lat' dir='ltr'><strong>non</strong></span> 
     </span>
    </p>
   </div>
   <div class='ocr_carea' id='block_1_28' title="bbox 1857 1393 3442 1468">
    <p class='ocr_par' dir='ltr' id='par_1_28' title="bbox 1857 1393 3442 1468">
     <span class='ocr_line' id='line_1_28' title="bbox 1857 1393 3442 1468; baseline 0.005 -20"><span class='ocrx_word' id='word_1_221' title='bbox 1857 1393 2002 1448; x_wconf 89' lang='lat' dir='ltr'><strong>enim</strong></span> <span class='ocrx_word' id='word_1_222' title='bbox 2053 1393 2295 1449; x_wconf 89' lang='lat' dir='ltr'><strong>serviunt</strong></span> <span class='ocrx_word' id='word_1_223' title='bbox 2333 1393 2572 1460; x_wconf 85' lang='lat' dir='ltr'><strong>Christo,</strong></span> <span class='ocrx_word' id='word_1_224' title='bbox 2619 1410 2718 1451; x_wconf 89' lang='lat' dir='ltr'><strong>nec</strong></span> <span class='ocrx_word' id='word_1_225' title='bbox 2769 1396 2992 1468; x_wconf 87' lang='lat' dir='ltr'><strong>subjecti</strong></span> <span class='ocrx_word' id='word_1_226' title='bbox 3041 1407 3165 1454; x_wconf 90' lang='lat' dir='ltr'><strong>sunt</strong></span> <span class='ocrx_word' id='word_1_227' title='bbox 3214 1400 3442 1468; x_wconf 86' lang='lat' dir='ltr'><strong>pedibus</strong></span> 
     </span>
    </p>
   </div>
   <div class='ocr_carea' id='block_1_29' title="bbox 1857 1481 3441 1558">
    <p class='ocr_par' dir='ltr' id='par_1_29' title="bbox 1857 1481 3441 1558">
     <span class='ocr_line' id='line_1_29' title="bbox 1857 1481 3441 1558; baseline 0.005 -22"><span class='ocrx_word' id='word_1_228' title='bbox 1857 1481 1976 1553; x_wconf 83' lang='lat' dir='ltr'><strong>ejus</strong></span> <span class='ocrx_word' id='word_1_229' title='bbox 2013 1521 2029 1548; x_wconf 90' lang='lat'><strong>,</strong></span> <span class='ocrx_word' id='word_1_230' title='bbox 2056 1489 2111 1535; x_wconf 91' lang='lat' dir='ltr'><strong>et</strong></span> <span class='ocrx_word' id='word_1_231' title='bbox 2138 1491 2338 1549; x_wconf 89' lang='lat' dir='ltr'><strong>tamen,</strong></span> <span class='ocrx_word' id='word_1_232' title='bbox 2363 1484 2489 1554; x_wconf 85' lang='lat' dir='ltr'><strong>quia</strong></span> <span class='ocrx_word' id='word_1_233' title='bbox 2510 1484 2578 1539; x_wconf 92' lang='lat' dir='ltr'><strong>ab</strong></span> <span class='ocrx_word' id='word_1_234' title='bbox 2607 1499 2671 1538; x_wconf 92' lang='lat' dir='ltr'><strong>eo</strong></span> <span class='ocrx_word' id='word_1_235' title='bbox 2712 1486 2765 1540; x_wconf 89' lang='lat' dir='ltr'><strong>in</strong></span> <span class='ocrx_word' id='word_1_236' title='bbox 2795 1486 2992 1542; x_wconf 87' lang='lat' dir='ltr'><strong>bonam</strong></span> <span class='ocrx_word' id='word_1_237' title='bbox 3031 1499 3246 1558; x_wconf 90' lang='lat' dir='ltr'><strong>partem</strong></span> <span class='ocrx_word' id='word_1_238' title='bbox 3271 1492 3441 1545; x_wconf 84' lang='lat' dir='ltr'><strong>creati</strong></span> 
     </span>
    </p>
   </div>
   <div class='ocr_carea' id='block_1_30' title="bbox 1859 1573 3439 1648">
    <p class='ocr_par' dir='ltr' id='par_1_30' title="bbox 1859 1573 3439 1648">
     <span class='ocr_line' id='line_1_30' title="bbox 1859 1573 3439 1648; baseline 0.004 -20"><span class='ocrx_word' id='word_1_239' title='bbox 1859 1583 2006 1640; x_wconf 89' lang='lat' dir='ltr'><strong>sunt,</strong></span> <span class='ocrx_word' id='word_1_240' title='bbox 2063 1573 2264 1629; x_wconf 87' lang='lat' dir='ltr'><strong>subditi</strong></span> <span class='ocrx_word' id='word_1_241' title='bbox 2321 1583 2448 1630; x_wconf 90' lang='lat' dir='ltr'><strong>sunt</strong></span> <span class='ocrx_word' id='word_1_242' title='bbox 2507 1576 2761 1644; x_wconf 87' lang='lat' dir='ltr'><strong>potestati</strong></span> <span class='ocrx_word' id='word_1_243' title='bbox 2816 1577 2932 1648; x_wconf 86' lang='lat' dir='ltr'><strong>ejus</strong></span> <span class='ocrx_word' id='word_1_244' title='bbox 2986 1579 3172 1645; x_wconf 90' lang='lat' dir='ltr'><strong>inviti,</strong></span> <span class='ocrx_word' id='word_1_245' title='bbox 3228 1581 3439 1636; x_wconf 85' lang='lat' dir='ltr'><strong>tametsi</strong></span> 
     </span>
    </p>
   </div>
   <div class='ocr_carea' id='block_1_31' title="bbox 1861 1663 3438 1737">
    <p class='ocr_par' dir='ltr' id='par_1_31' title="bbox 1861 1663 3438 1737">
     <span class='ocr_line' id='line_1_31' title="bbox 1861 1663 3438 1737; baseline 0.007 -19"><span class='ocrx_word' id='word_1_246' title='bbox 1861 1663 2146 1720; x_wconf 88' lang='lat' dir='ltr'><strong>adversum</strong></span> <span class='ocrx_word' id='word_1_247' title='bbox 2185 1681 2308 1720; x_wconf 90' lang='lat' dir='ltr'><strong>eum</strong></span> <span class='ocrx_word' id='word_1_248' title='bbox 2350 1675 2648 1737; x_wconf 88' lang='lat' dir='ltr'><strong>repugnent</strong></span> <span class='ocrx_word' id='word_1_249' title='bbox 2691 1668 2846 1723; x_wconf 88' lang='lat' dir='ltr'><strong>liberi</strong></span> <span class='ocrx_word' id='word_1_250' title='bbox 2887 1671 3097 1725; x_wconf 90' lang='lat' dir='ltr'><strong>arbitrii</strong></span> <span class='ocrx_word' id='word_1_251' title='bbox 3139 1673 3438 1730; x_wconf 85' lang='lat' dir='ltr'><strong>voluntate.</strong></span> 
     </span>
    </p>
   </div>
   <div class='ocr_carea' id='block_1_32' title="bbox 1862 1752 3443 1832">
    <p class='ocr_par' dir='ltr' id='par_1_32' title="bbox 1862 1752 3443 1832">
     <span class='ocr_line' id='line_1_32' title="bbox 1862 1752 3443 1832; baseline 0.008 -24"><span class='ocrx_word' id='word_1_252' title='bbox 1862 1752 1999 1809; x_wconf 85' lang='lat' dir='ltr'><strong>Huic</strong></span> <span class='ocrx_word' id='word_1_253' title='bbox 2036 1755 2219 1810; x_wconf 85' lang='lat' dir='ltr'><strong>sensui</strong></span> <span class='ocrx_word' id='word_1_254' title='bbox 2261 1763 2319 1810; x_wconf 91' lang='lat' dir='ltr'><strong>et</strong></span> <span class='ocrx_word' id='word_1_255' title='bbox 2360 1755 2486 1811; x_wconf 91' lang='lat' dir='ltr'><strong>illud</strong></span> <span class='ocrx_word' id='word_1_256' title='bbox 2521 1757 2663 1827; x_wconf 89' lang='lat' dir='ltr'><strong>quod</strong></span> <span class='ocrx_word' id='word_1_257' title='bbox 2701 1761 2944 1828; x_wconf 90' lang='lat' dir='ltr'><strong>sequitur</strong></span> <span class='ocrx_word' id='word_1_258' title='bbox 2994 1771 3276 1832; x_wconf 89' lang='lat' dir='ltr'><strong>coaptatur</strong></span> <span class='ocrx_word' id='word_1_259' title='bbox 3318 1783 3332 1819; x_wconf 90' lang='lat'><strong>:</strong></span> <span class='ocrx_word' id='word_1_260' title='bbox 3371 1765 3443 1822; x_wconf 86' lang='lat' dir='ltr'><strong>Et</strong></span> 
     </span>
    </p>
   </div>
   <div class='ocr_carea' id='block_1_33' title="bbox 169 1843 1764 1940">
    <p class='ocr_par' dir='ltr' id='par_1_33' title="bbox 169 1866 1750 1940">
     <span class='ocr_line' id='line_1_33' title="bbox 169 1866 1750 1940; baseline -0.004 -13"><span class='ocrx_word' id='word_1_261' title='bbox 169 1871 258 1927; x_wconf 78' lang='lat' dir='ltr'><strong>fas</strong></span> <span class='ocrx_word' id='word_1_262' title='bbox 298 1881 383 1927; x_wconf 86' lang='lat' dir='ltr'><strong>est</strong></span> <span class='ocrx_word' id='word_1_263' title='bbox 417 1886 539 1927; x_wconf 90' lang='lat' dir='ltr'><strong>eum</strong></span> <span class='ocrx_word' id='word_1_264' title='bbox 581 1870 672 1940; x_wconf 92' lang='lat' dir='ltr'><strong>qui</strong></span> <span class='ocrx_word' id='word_1_265' title='bbox 717 1869 895 1924; x_wconf 87' lang='lat' dir='ltr'><strong>divina</strong></span> <span class='ocrx_word' id='word_1_266' title='bbox 945 1868 1171 1923; x_wconf 87' lang='lat' dir='ltr'><strong>lectione</strong></span> <span class='ocrx_word' id='word_1_267' title='bbox 1219 1866 1394 1922; x_wconf 80' lang='lat' dir='ltr'><strong>fuerat</strong></span> <span class='ocrx_word' id='word_1_268' title='bbox 1435 1867 1750 1930; x_wconf 89' lang='lat' dir='ltr'><strong>instructus,</strong></span> 
     </span>
    </p>
   </div>
   <div class='ocr_carea' id='block_1_34' title="bbox 1865 1843 3446 1940">
    <p class='ocr_par' dir='ltr' id='par_1_34' title="bbox 1865 1843 3446 1924">
     <span class='ocr_line' id='line_1_34' title="bbox 1865 1843 3446 1924; baseline 0.009 -27"><span class='ocrx_word' id='word_1_269' title='bbox 1865 1843 2032 1915; x_wconf 83' lang='lat' dir='ltr'><strong>ipsum</strong></span> <span class='ocrx_word' id='word_1_270' title='bbox 2067 1844 2208 1897; x_wconf 86' lang='lat' dir='ltr'><strong>dedit</strong></span> <span class='ocrx_word' id='word_1_271' title='bbox 2235 1855 2388 1916; x_wconf 89' lang='lat' dir='ltr'><strong>caput</strong></span> <span class='ocrx_word' id='word_1_272' title='bbox 2418 1863 2574 1917; x_wconf 87' lang='lat' dir='ltr'><strong>super</strong></span> <span class='ocrx_word' id='word_1_273' title='bbox 2594 1850 2768 1902; x_wconf 83' lang='lat' dir='ltr'><strong>omnia</strong></span> <span class='ocrx_word' id='word_1_274' title='bbox 2794 1849 3063 1917; x_wconf 74' lang='lat' dir='ltr'><strong>Ecclesiw,</strong></span> <span class='ocrx_word' id='word_1_275' title='bbox 3093 1870 3210 1924; x_wconf 80' lang='lat' dir='ltr'><strong>qua:</strong></span> <span class='ocrx_word' id='word_1_276' title='bbox 3230 1865 3305 1910; x_wconf 87' lang='lat' dir='ltr'><strong>est</strong></span> <span class='ocrx_word' id='word_1_277' title='bbox 3330 1873 3446 1910; x_wconf 86' lang='lat' dir='ltr'><strong>cor-</strong></span> 
     </span>
    </p>
   </div>
   <div class='ocr_carea' id='block_1_35' title="bbox 167 1956 1757 2034">
    <p class='ocr_par' dir='ltr' id='par_1_35' title="bbox 167 1956 1757 2034">
     <span class='ocr_line' id='line_1_35' title="bbox 167 1956 1757 2034; baseline -0.006 -14"><span class='ocrx_word' id='word_1_278' title='bbox 167 1964 377 2034; x_wconf 87' lang='lat' dir='ltr'><strong>aliquid</strong></span> <span class='ocrx_word' id='word_1_279' title='bbox 406 1963 642 2018; x_wconf 91' lang='lat' dir='ltr'><strong>locutum</strong></span> <span class='ocrx_word' id='word_1_280' title='bbox 671 1968 880 2031; x_wconf 89' lang='lat' dir='ltr'><strong>putare,</strong></span> <span class='ocrx_word' id='word_1_281' title='bbox 911 1959 1051 2029; x_wconf 86' lang='lat' dir='ltr'><strong>quod</strong></span> <span class='ocrx_word' id='word_1_282' title='bbox 1084 1959 1136 2012; x_wconf 89' lang='lat' dir='ltr'><strong>in</strong></span> <span class='ocrx_word' id='word_1_283' title='bbox 1166 1959 1368 2013; x_wconf 87' lang='lat' dir='ltr'><strong>sanctis</strong></span> <span class='ocrx_word' id='word_1_284' title='bbox 1395 1956 1757 2011; x_wconf 88' lang='lat' dir='ltr'><strong>voluminibus</strong></span> 
     </span>
    </p>
   </div>
   <div class='ocr_carea' id='block_1_36' title="bbox 169 2045 1758 2117">
    <p class='ocr_par' dir='ltr' id='par_1_36' title="bbox 169 2045 1758 2117">
     <span class='ocr_line' id='line_1_36' title="bbox 169 2045 1758 2117; baseline -0.006 -9"><span class='ocrx_word' id='word_1_285' title='bbox 169 2070 281 2108; x_wconf 89' lang='lat' dir='ltr'><strong>non</strong></span> <span class='ocrx_word' id='word_1_286' title='bbox 309 2053 558 2106; x_wconf 87' lang='lat' dir='ltr'><strong>habetur.</strong></span> <span class='ocrx_word' id='word_1_287' title='bbox 589 2049 838 2105; x_wconf 84' lang='lat' dir='ltr'><strong>Arbitror</strong></span> <span class='ocrx_word' id='word_1_288' title='bbox 869 2049 1048 2117; x_wconf 89' lang='lat' dir='ltr'><strong>itaque</strong></span> <span class='ocrx_word' id='word_1_289' title='bbox 1077 2047 1223 2101; x_wconf 92' lang='lat' dir='ltr'><strong>illum</strong></span> <span class='ocrx_word' id='word_1_290' title='bbox 1250 2055 1343 2101; x_wconf 91' lang='lat' dir='ltr'><strong>aut</strong></span> <span class='ocrx_word' id='word_1_291' title='bbox 1369 2048 1433 2102; x_wconf 91' lang='lat' dir='ltr'><strong>de</strong></span> <span class='ocrx_word' id='word_1_292' title='bbox 1460 2045 1758 2101; x_wconf 88' lang='lat' dir='ltr'><strong>traditioni-</strong></span> 
     </span>
    </p>
   </div>
   <div class='ocr_carea' id='block_1_37' title="bbox 169 2137 1757 2210">
    <p class='ocr_par' dir='ltr' id='par_1_37' title="bbox 169 2137 1757 2210">
     <span class='ocr_line' id='line_1_37' title="bbox 169 2137 1757 2210; baseline -0.005 -12"><span class='ocrx_word' id='word_1_293' title='bbox 169 2143 277 2198; x_wconf 83' lang='lat' dir='ltr'><strong>bus</strong></span> <span class='ocrx_word' id='word_1_294' title='bbox 303 2141 653 2196; x_wconf 65' lang='lat' dir='ltr'><strong>Hebraeorum</strong></span> <span class='ocrx_word' id='word_1_295' title='bbox 683 2153 746 2194; x_wconf 90' lang='lat' dir='ltr'><strong>ea</strong></span> <span class='ocrx_word' id='word_1_296' title='bbox 769 2155 887 2210; x_wconf 68' lang='lat' dir='ltr'><strong>qua:</strong></span> <span class='ocrx_word' id='word_1_297' title='bbox 913 2147 1119 2194; x_wconf 85' lang='lat' dir='ltr'><strong>secreta</strong></span> <span class='ocrx_word' id='word_1_298' title='bbox 1149 2146 1274 2193; x_wconf 88' lang='lat' dir='ltr'><strong>sunt</strong></span> <span class='ocrx_word' id='word_1_299' title='bbox 1303 2137 1356 2192; x_wconf 90' lang='lat' dir='ltr'><strong>in</strong></span> <span class='ocrx_word' id='word_1_300' title='bbox 1377 2137 1611 2192; x_wconf 90' lang='lat' dir='ltr'><strong>medium</strong></span> <span class='ocrx_word' id='word_1_301' title='bbox 1637 2151 1757 2205; x_wconf 90' lang='lat' dir='ltr'><strong>pro-</strong></span> 
     </span>
    </p>
   </div>
   <div class='ocr_carea' id='block_1_38' title="bbox 169 2230 1759 2303">
    <p class='ocr_par' dir='ltr' id='par_1_38' title="bbox 169 2230 1759 2303">
     <span class='ocr_line' id='line_1_38' title="bbox 169 2230 1759 2303; baseline -0.003 -14"><span class='ocrx_word' id='word_1_302' title='bbox 169 2235 387 2299; x_wconf 89' lang='lat' dir='ltr'><strong>tulisse,</strong></span> <span class='ocrx_word' id='word_1_303' title='bbox 422 2241 515 2288; x_wconf 88' lang='lat' dir='ltr'><strong>aut</strong></span> <span class='ocrx_word' id='word_1_304' title='bbox 563 2243 709 2288; x_wconf 88' lang='lat' dir='ltr'><strong>certe</strong></span> <span class='ocrx_word' id='word_1_305' title='bbox 756 2248 874 2303; x_wconf 69' lang='lat' dir='ltr'><strong>quae</strong></span> <span class='ocrx_word' id='word_1_306' title='bbox 921 2233 1075 2302; x_wconf 88' lang='lat' dir='ltr'><strong>quasi</strong></span> <span class='ocrx_word' id='word_1_307' title='bbox 1114 2231 1269 2302; x_wconf 79' lang='lat' dir='ltr'><strong>juxta</strong></span> <span class='ocrx_word' id='word_1_308' title='bbox 1310 2230 1594 2285; x_wconf 88' lang='lat' dir='ltr'><strong>historiam</strong></span> <span class='ocrx_word' id='word_1_309' title='bbox 1622 2230 1759 2286; x_wconf 89' lang='lat' dir='ltr'><strong>scri-</strong></span> 
     </span>
    </p>
   </div>
   <div class='ocr_carea' id='block_1_39' title="bbox 164 2321 1753 2396">
    <p class='ocr_par' dir='ltr' id='par_1_39' title="bbox 164 2321 1753 2396">
     <span class='ocr_line' id='line_1_39' title="bbox 164 2321 1753 2396; baseline -0.003 -16"><span class='ocrx_word' id='word_1_310' title='bbox 164 2336 264 2396; x_wconf 89' lang='lat' dir='ltr'><strong>pta</strong></span> <span class='ocrx_word' id='word_1_311' title='bbox 317 2333 463 2390; x_wconf 91' lang='lat' dir='ltr'><strong>sunt,</strong></span> <span class='ocrx_word' id='word_1_312' title='bbox 511 2341 632 2379; x_wconf 90' lang='lat' dir='ltr'><strong>cum</strong></span> <span class='ocrx_word' id='word_1_313' title='bbox 684 2321 1000 2394; x_wconf 85' lang='lat' dir='ltr'><strong>intelligeret</strong></span> <span class='ocrx_word' id='word_1_314' title='bbox 1047 2323 1220 2394; x_wconf 82' lang='lat' dir='ltr'><strong>legem</strong></span> <span class='ocrx_word' id='word_1_315' title='bbox 1269 2337 1387 2378; x_wconf 84' lang='lat' dir='ltr'><strong>esse</strong></span> <span class='ocrx_word' id='word_1_316' title='bbox 1436 2321 1753 2391; x_wconf 89' lang='lat' dir='ltr'><strong>spiritalem,</strong></span> 
     </span>
    </p>
   </div>
   <div class='ocr_carea' id='block_1_40' title="bbox 165 2413 1754 2484">
    <p class='ocr_par' dir='ltr' id='par_1_40' title="bbox 165 2413 1754 2484">
     <span class='ocr_line' id='line_1_40' title="bbox 165 2413 1754 2484; baseline -0.004 -11"><span class='ocrx_word' id='word_1_317' title='bbox 165 2416 418 2473; x_wconf 67' lang='lat' dir='ltr'><strong>misisse</strong></span> <span class='ocrx_word' id='word_1_318' title='bbox 435 2414 734 2480; x_wconf 87' lang='lat' dir='ltr'><strong>sublimius,</strong></span> <span class='ocrx_word' id='word_1_319' title='bbox 762 2422 816 2468; x_wconf 90' lang='lat' dir='ltr'><strong>et</strong></span> <span class='ocrx_word' id='word_1_320' title='bbox 843 2414 985 2484; x_wconf 87' lang='lat' dir='ltr'><strong>quod</strong></span> <span class='ocrx_word' id='word_1_321' title='bbox 1024 2414 1089 2469; x_wconf 90' lang='lat' dir='ltr'><strong>de</strong></span> <span class='ocrx_word' id='word_1_322' title='bbox 1119 2413 1332 2484; x_wconf 88' lang='lat' dir='ltr'><strong>regibus</strong></span> <span class='ocrx_word' id='word_1_323' title='bbox 1363 2422 1522 2481; x_wconf 89' lang='lat' dir='ltr'><strong>atque</strong></span> <span class='ocrx_word' id='word_1_324' title='bbox 1549 2413 1754 2482; x_wconf 84' lang='lat' dir='ltr'><strong>princi-</strong></span> 
     </span>
    </p>
   </div>
   <div class='ocr_carea' id='block_1_41' title="bbox 163 2502 1752 2581">
    <p class='ocr_par' dir='ltr' id='par_1_41' title="bbox 163 2502 1752 2581">
     <span class='ocr_line' id='line_1_41' title="bbox 163 2502 1752 2581; baseline -0.005 -18"><span class='ocrx_word' id='word_1_325' title='bbox 163 2509 334 2581; x_wconf 88' lang='lat' dir='ltr'><strong>pibus</strong></span> <span class='ocrx_word' id='word_1_326' title='bbox 361 2515 415 2562; x_wconf 90' lang='lat' dir='ltr'><strong>et</strong></span> <span class='ocrx_word' id='word_1_327' title='bbox 456 2507 682 2562; x_wconf 90' lang='lat' dir='ltr'><strong>ducibus</strong></span> <span class='ocrx_word' id='word_1_328' title='bbox 725 2519 958 2575; x_wconf 89' lang='lat' dir='ltr'><strong>quoque,</strong></span> <span class='ocrx_word' id='word_1_329' title='bbox 991 2504 1219 2557; x_wconf 87' lang='lat' dir='ltr'><strong>tribunis</strong></span> <span class='ocrx_word' id='word_1_330' title='bbox 1248 2511 1300 2557; x_wconf 88' lang='lat' dir='ltr'><strong>et</strong></span> <span class='ocrx_word' id='word_1_331' title='bbox 1329 2502 1752 2568; x_wconf 88' lang='lat' dir='ltr'><strong>centurionibus,</strong></span> 
     </span>
    </p>
   </div>
   <div class='ocr_carea' id='block_1_42' title="bbox 166 2592 1756 2668">
    <p class='ocr_par' dir='ltr' id='par_1_42' title="bbox 166 2592 1756 2668">
     <span class='ocr_line' id='line_1_42' title="bbox 166 2592 1756 2668; baseline -0.007 -11"><span class='ocrx_word' id='word_1_332' title='bbox 166 2602 228 2657; x_wconf 91' lang='lat' dir='ltr'><strong>in</strong></span> <span class='ocrx_word' id='word_1_333' title='bbox 257 2599 511 2656; x_wconf 75' lang='lat' dir='ltr'><strong>Numeris</strong></span> <span class='ocrx_word' id='word_1_334' title='bbox 537 2608 584 2652; x_wconf 90' lang='lat' dir='ltr'><strong>et</strong></span> <span class='ocrx_word' id='word_1_335' title='bbox 617 2599 670 2653; x_wconf 93' lang='lat' dir='ltr'><strong>in</strong></span> <span class='ocrx_word' id='word_1_336' title='bbox 697 2596 1002 2668; x_wconf 81' lang='lat' dir='ltr'><strong>Regnorum</strong></span> <span class='ocrx_word' id='word_1_337' title='bbox 1027 2593 1176 2650; x_wconf 85' lang='lat' dir='ltr'><strong>libris</strong></span> <span class='ocrx_word' id='word_1_338' title='bbox 1197 2593 1448 2658; x_wconf 86' lang='lat' dir='ltr'><strong>refertur,</strong></span> <span class='ocrx_word' id='word_1_339' title='bbox 1463 2592 1756 2661; x_wconf 78' lang='lat' dir='ltr'><strong>imaginem</strong></span> 
     </span>
    </p>
   </div>
   <div class='ocr_carea' id='block_1_43' title="bbox 166 2684 1758 2760">
    <p class='ocr_par' dir='ltr' id='par_1_43' title="bbox 166 2684 1758 2760">
     <span class='ocr_line' id='line_1_43' title="bbox 166 2684 1758 2760; baseline -0.006 -16"><span class='ocrx_word' id='word_1_340' title='bbox 166 2691 408 2745; x_wconf 85' lang='lat' dir='ltr'><strong>aliorum</strong></span> <span class='ocrx_word' id='word_1_341' title='bbox 440 2690 740 2760; x_wconf 88' lang='lat' dir='ltr'><strong>principum</strong></span> <span class='ocrx_word' id='word_1_342' title='bbox 769 2701 1059 2759; x_wconf 90' lang='lat' dir='ltr'><strong>regumque</strong></span> <span class='ocrx_word' id='word_1_343' title='bbox 1090 2686 1407 2756; x_wconf 79' lang='lat' dir='ltr'><strong>cognovisse</strong></span> <span class='ocrx_word' id='word_1_344' title='bbox 1438 2702 1451 2738; x_wconf 90' lang='lat'>:</span> <span class='ocrx_word' id='word_1_345' title='bbox 1482 2684 1624 2753; x_wconf 90' lang='lat' dir='ltr'><strong>quod</strong></span> <span class='ocrx_word' id='word_1_346' title='bbox 1653 2685 1758 2736; x_wconf 86' lang='lat' dir='ltr'><strong>sci-</strong></span> 
     </span>
    </p>
   </div>
   <div class='ocr_carea' id='block_1_44' title="bbox 163 2776 1754 2848">
    <p class='ocr_par' dir='ltr' id='par_1_44' title="bbox 163 2776 1754 2848">
     <span class='ocr_line' id='line_1_44' title="bbox 163 2776 1754 2848; baseline -0.006 -10"><span class='ocrx_word' id='word_1_347' title='bbox 163 2783 302 2838; x_wconf 81' lang='lat' dir='ltr'><strong>licet</strong></span> <span class='ocrx_word' id='word_1_348' title='bbox 340 2782 392 2836; x_wconf 91' lang='lat' dir='ltr'><strong>in</strong></span> <span class='ocrx_word' id='word_1_349' title='bbox 418 2780 725 2836; x_wconf 66' lang='lat' dir='ltr'><strong>caelestibus</strong></span> <span class='ocrx_word' id='word_1_350' title='bbox 766 2780 874 2834; x_wconf 91' lang='lat' dir='ltr'><strong>sint</strong></span> <span class='ocrx_word' id='word_1_351' title='bbox 905 2779 1256 2848; x_wconf 88' lang='lat' dir='ltr'><strong>principatus,</strong></span> <span class='ocrx_word' id='word_1_352' title='bbox 1296 2776 1405 2831; x_wconf 90' lang='lat' dir='ltr'><strong>sint</strong></span> <span class='ocrx_word' id='word_1_353' title='bbox 1439 2782 1754 2845; x_wconf 86' lang='lat' dir='ltr'><strong>potestates,</strong></span> 
     </span>
    </p>
   </div>
   <div class='ocr_carea' id='block_1_45' title="bbox 165 2869 1758 2943">
    <p class='ocr_par' dir='ltr' id='par_1_45' title="bbox 165 2869 1758 2943">
     <span class='ocr_line' id='line_1_45' title="bbox 165 2869 1758 2943; baseline -0.008 -10"><span class='ocrx_word' id='word_1_354' title='bbox 165 2879 284 2934; x_wconf 80' lang='lat' dir='ltr'><strong>sint</strong></span> <span class='ocrx_word' id='word_1_355' title='bbox 313 2876 710 2931; x_wconf 88' lang='lat' dir='ltr'><strong>dominationes</strong></span> <span class='ocrx_word' id='word_1_356' title='bbox 747 2883 906 2943; x_wconf 85' lang='lat' dir='ltr'><strong>atque</strong></span> <span class='ocrx_word' id='word_1_357' title='bbox 933 2873 1161 2927; x_wconf 88' lang='lat' dir='ltr'><strong>virtutes</strong></span> <span class='ocrx_word' id='word_1_358' title='bbox 1187 2880 1242 2926; x_wconf 89' lang='lat' dir='ltr'><strong>et</strong></span> <span class='ocrx_word' id='word_1_359' title='bbox 1279 2880 1472 2926; x_wconf 69' lang='lat' dir='ltr'><strong>caetera</strong></span> <span class='ocrx_word' id='word_1_360' title='bbox 1517 2869 1758 2923; x_wconf 57' lang='lat' dir='ltr'><strong>ministec</strong></span> 
     </span>
    </p>
   </div>
   <div class='ocr_carea' id='block_1_46' title="bbox 1857 1934 3448 2010">
    <p class='ocr_par' dir='ltr' id='par_1_46' title="bbox 1857 1934 3448 2010">
     <span class='ocr_line' id='line_1_46' title="bbox 1857 1934 3448 2010; baseline 0.011 -24"><span class='ocrx_word' id='word_1_361' title='bbox 1857 1951 1954 2005; x_wconf 84' lang='lat' dir='ltr'><strong>pus</strong></span> <span class='ocrx_word' id='word_1_362' title='bbox 1982 1935 2164 2005; x_wconf 83' lang='lat' dir='ltr'><strong>ipsius.</strong></span> <span class='ocrx_word' id='word_1_363' title='bbox 2190 1934 2470 2004; x_wconf 85' lang='lat' dir='ltr'><strong>Quomodo</strong></span> <span class='ocrx_word' id='word_1_364' title='bbox 2511 1939 2656 1992; x_wconf 90' lang='lat' dir='ltr'><strong>enim</strong></span> <span class='ocrx_word' id='word_1_365' title='bbox 2692 1949 2852 2010; x_wconf 90' lang='lat' dir='ltr'><strong>caput</strong></span> <span class='ocrx_word' id='word_1_366' title='bbox 2878 1941 3110 2010; x_wconf 90' lang='lat' dir='ltr'><strong>plurima</strong></span> <span class='ocrx_word' id='word_1_367' title='bbox 3149 1945 3252 2001; x_wconf 88' lang='lat' dir='ltr'><strong>sibi</strong></span> <span class='ocrx_word' id='word_1_368' title='bbox 3282 1947 3448 2003; x_wconf 88' lang='lat' dir='ltr'><strong>habet</strong></span> 
     </span>
    </p>
   </div>
   <div class='ocr_carea' id='block_1_47' title="bbox 1858 2024 3449 2096">
    <p class='ocr_par' dir='ltr' id='par_1_47' title="bbox 1858 2024 3449 2096">
     <span class='ocr_line' id='line_1_47' title="bbox 1858 2024 3449 2096; baseline 0.009 -16"><span class='ocrx_word' id='word_1_369' title='bbox 1858 2024 2100 2080; x_wconf 88' lang='lat' dir='ltr'><strong>membra</strong></span> <span class='ocrx_word' id='word_1_370' title='bbox 2137 2026 2399 2095; x_wconf 90' lang='lat' dir='ltr'><strong>subjecta,</strong></span> <span class='ocrx_word' id='word_1_371' title='bbox 2433 2042 2463 2082; x_wconf 91' lang='lat' dir='ltr'><strong>e</strong></span> <span class='ocrx_word' id='word_1_372' title='bbox 2495 2028 2691 2096; x_wconf 90' lang='lat' dir='ltr'><strong>quibus</strong></span> <span class='ocrx_word' id='word_1_373' title='bbox 2721 2039 2847 2085; x_wconf 91' lang='lat' dir='ltr'><strong>sunt</strong></span> <span class='ocrx_word' id='word_1_374' title='bbox 2879 2033 3136 2088; x_wconf 90' lang='lat' dir='ltr'><strong>nonnulla</strong></span> <span class='ocrx_word' id='word_1_375' title='bbox 3165 2036 3359 2092; x_wconf 91' lang='lat' dir='ltr'><strong>vitiosa</strong></span> <span class='ocrx_word' id='word_1_376' title='bbox 3390 2045 3449 2094; x_wconf 85' lang='lat' dir='ltr'><strong>et</strong></span> 
     </span>
    </p>
   </div>
   <div class='ocr_carea' id='block_1_48' title="bbox 1859 2115 3448 2184">
    <p class='ocr_par' dir='ltr' id='par_1_48' title="bbox 1859 2115 3448 2184">
     <span class='ocr_line' id='line_1_48' title="bbox 1859 2115 3448 2184; baseline 0.008 -14"><span class='ocrx_word' id='word_1_377' title='bbox 1859 2115 2052 2170; x_wconf 88' lang='lat' dir='ltr'><strong>debilia</strong></span> <span class='ocrx_word' id='word_1_378' title='bbox 2081 2133 2094 2170; x_wconf 87' lang='lat'><strong>:</strong></span> <span class='ocrx_word' id='word_1_379' title='bbox 2129 2116 2203 2172; x_wconf 87' lang='lat' dir='ltr'><strong>ita</strong></span> <span class='ocrx_word' id='word_1_380' title='bbox 2245 2125 2300 2170; x_wconf 90' lang='lat' dir='ltr'><strong>et</strong></span> <span class='ocrx_word' id='word_1_381' title='bbox 2333 2117 2594 2174; x_wconf 90' lang='lat' dir='ltr'><strong>Dominus</strong></span> <span class='ocrx_word' id='word_1_382' title='bbox 2628 2119 2771 2174; x_wconf 87' lang='lat' dir='ltr'><strong>Deus</strong></span> <span class='ocrx_word' id='word_1_383' title='bbox 2801 2130 2988 2178; x_wconf 90' lang='lat' dir='ltr'><strong>noster</strong></span> <span class='ocrx_word' id='word_1_384' title='bbox 3014 2123 3171 2180; x_wconf 85' lang='lat' dir='ltr'><strong>Jesus</strong></span> <span class='ocrx_word' id='word_1_385' title='bbox 3199 2125 3448 2184; x_wconf 87' lang='lat' dir='ltr'><strong>Christus</strong></span> 
     </span>
    </p>
   </div>
   <div class='ocr_carea' id='block_1_49' title="bbox 1858 2204 3446 2278">
    <p class='ocr_par' dir='ltr' id='par_1_49' title="bbox 1858 2204 3446 2278">
     <span class='ocr_line' id='line_1_49' title="bbox 1858 2204 3446 2278; baseline 0.006 -18"><span class='ocrx_word' id='word_1_386' title='bbox 1858 2204 2023 2272; x_wconf 86' lang='lat' dir='ltr'><strong>ﬁlius,</strong></span> <span class='ocrx_word' id='word_1_387' title='bbox 2038 2221 2160 2261; x_wconf 91' lang='lat' dir='ltr'><strong>cum</strong></span> <span class='ocrx_word' id='word_1_388' title='bbox 2184 2207 2252 2261; x_wconf 92' lang='lat' dir='ltr'><strong>sit</strong></span> <span class='ocrx_word' id='word_1_389' title='bbox 2278 2215 2440 2278; x_wconf 91' lang='lat' dir='ltr'><strong>caput</strong></span> <span class='ocrx_word' id='word_1_390' title='bbox 2455 2207 2730 2274; x_wconf 76' lang='lat' dir='ltr'><strong>Ecclesiae,</strong></span> <span class='ocrx_word' id='word_1_391' title='bbox 2757 2211 2920 2266; x_wconf 87' lang='lat' dir='ltr'><strong>habet</strong></span> <span class='ocrx_word' id='word_1_392' title='bbox 2948 2215 3188 2268; x_wconf 88' lang='lat' dir='ltr'><strong>membra</strong></span> <span class='ocrx_word' id='word_1_393' title='bbox 3209 2231 3304 2272; x_wconf 92' lang='lat' dir='ltr'><strong>eos</strong></span> <span class='ocrx_word' id='word_1_394' title='bbox 3323 2232 3446 2272; x_wconf 91' lang='lat' dir='ltr'><strong>om-</strong></span> 
     </span>
    </p>
   </div>
   <div class='ocr_carea' id='block_1_50' title="bbox 1865 2297 3447 2372">
    <p class='ocr_par' dir='ltr' id='par_1_50' title="bbox 1865 2297 3447 2372">
     <span class='ocr_line' id='line_1_50' title="bbox 1865 2297 3447 2372; baseline 0.008 -20"><span class='ocrx_word' id='word_1_395' title='bbox 1865 2312 1965 2353; x_wconf 91' lang='lat' dir='ltr'><strong>nes</strong></span> <span class='ocrx_word' id='word_1_396' title='bbox 1988 2299 2080 2368; x_wconf 91' lang='lat' dir='ltr'><strong>qui</strong></span> <span class='ocrx_word' id='word_1_397' title='bbox 2109 2299 2165 2352; x_wconf 90' lang='lat' dir='ltr'><strong>in</strong></span> <span class='ocrx_word' id='word_1_398' title='bbox 2190 2297 2426 2354; x_wconf 88' lang='lat' dir='ltr'><strong>Ecclesia</strong></span> <span class='ocrx_word' id='word_1_399' title='bbox 2457 2311 2852 2372; x_wconf 87' lang='lat' dir='ltr'><strong>congregantur</strong></span> <span class='ocrx_word' id='word_1_400' title='bbox 2877 2321 2889 2356; x_wconf 88' lang='lat'><strong>:</strong></span> <span class='ocrx_word' id='word_1_401' title='bbox 2927 2313 3033 2358; x_wconf 90' lang='lat' dir='ltr'><strong>tam</strong></span> <span class='ocrx_word' id='word_1_402' title='bbox 3056 2316 3272 2363; x_wconf 87' lang='lat' dir='ltr'><strong>sanctos</strong></span> <span class='ocrx_word' id='word_1_403' title='bbox 3298 2309 3447 2364; x_wconf 87' lang='lat' dir='ltr'><strong>vidc-</strong></span> 
     </span>
    </p>
   </div>
   <div class='ocr_carea' id='block_1_51' title="bbox 1860 2387 3450 2470">
    <p class='ocr_par' dir='ltr' id='par_1_51' title="bbox 1860 2387 3450 2470">
     <span class='ocr_line' id='line_1_51' title="bbox 1860 2387 3450 2470; baseline 0.008 -28"><span class='ocrx_word' id='word_1_404' title='bbox 1860 2387 1990 2446; x_wconf 88' lang='lat' dir='ltr'><strong>licet</strong></span> <span class='ocrx_word' id='word_1_405' title='bbox 2017 2406 2176 2460; x_wconf 90' lang='lat' dir='ltr'><strong>quam</strong></span> <span class='ocrx_word' id='word_1_406' title='bbox 2199 2398 2531 2461; x_wconf 88' lang='lat' dir='ltr'><strong>peccatores,</strong></span> <span class='ocrx_word' id='word_1_407' title='bbox 2581 2393 2675 2446; x_wconf 88' lang='lat' dir='ltr'><strong>sed</strong></span> <span class='ocrx_word' id='word_1_408' title='bbox 2701 2402 2914 2448; x_wconf 89' lang='lat' dir='ltr'><strong>sanctos</strong></span> <span class='ocrx_word' id='word_1_409' title='bbox 2942 2396 3236 2465; x_wconf 88' lang='lat' dir='ltr'><strong>voluntate,</strong></span> <span class='ocrx_word' id='word_1_410' title='bbox 3260 2414 3450 2470; x_wconf 88' lang='lat' dir='ltr'><strong>pecca-</strong></span> 
     </span>
    </p>
   </div>
   <div class='ocr_carea' id='block_1_52' title="bbox 1858 2482 3449 2560">
    <p class='ocr_par' dir='ltr' id='par_1_52' title="bbox 1858 2482 3449 2560">
     <span class='ocr_line' id='line_1_52' title="bbox 1858 2482 3449 2560; baseline 0.006 -23"><span class='ocrx_word' id='word_1_411' title='bbox 1858 2490 2007 2538; x_wconf 86' lang='lat' dir='ltr'><strong>tores</strong></span> <span class='ocrx_word' id='word_1_412' title='bbox 2027 2497 2155 2536; x_wconf 85' lang='lat' dir='ltr'><strong>vero</strong></span> <span class='ocrx_word' id='word_1_413' title='bbox 2176 2482 2276 2537; x_wconf 90' lang='lat' dir='ltr'><strong>sibi</strong></span> <span class='ocrx_word' id='word_1_414' title='bbox 2302 2483 2622 2538; x_wconf 88' lang='lat' dir='ltr'><strong>necessitate</strong></span> <span class='ocrx_word' id='word_1_415' title='bbox 2643 2483 2910 2553; x_wconf 88' lang='lat' dir='ltr'><strong>subjectos</strong></span> <span class='ocrx_word' id='word_1_416' title='bbox 2935 2505 2948 2540; x_wconf 92' lang='lat'><strong>:</strong></span> <span class='ocrx_word' id='word_1_417' title='bbox 2983 2496 3144 2560; x_wconf 86' lang='lat' dir='ltr'><strong>atque</strong></span> <span class='ocrx_word' id='word_1_418' title='bbox 3176 2491 3250 2545; x_wconf 85' lang='lat' dir='ltr'><strong>ita</strong></span> <span class='ocrx_word' id='word_1_419' title='bbox 3297 2492 3358 2546; x_wconf 87' lang='lat' dir='ltr'><strong>ﬁt</strong></span> <span class='ocrx_word' id='word_1_420' title='bbox 3389 2502 3449 2548; x_wconf 93' lang='lat' dir='ltr'><strong>ut</strong></span> 
     </span>
    </p>
   </div>
   <div class='ocr_carea' id='block_1_53' title="bbox 1859 2572 3447 2652">
    <p class='ocr_par' dir='ltr' id='par_1_53' title="bbox 1859 2572 3447 2652">
     <span class='ocr_line' id='line_1_53' title="bbox 1859 2572 3447 2652; baseline 0.007 -24"><span class='ocrx_word' id='word_1_421' title='bbox 1859 2573 2023 2628; x_wconf 88' lang='lat' dir='ltr'><strong>etiam</strong></span> <span class='ocrx_word' id='word_1_422' title='bbox 2046 2572 2250 2629; x_wconf 89' lang='lat' dir='ltr'><strong>inimici</strong></span> <span class='ocrx_word' id='word_1_423' title='bbox 2277 2572 2502 2642; x_wconf 84' lang='lat' dir='ltr'><strong>subjecti</strong></span> <span class='ocrx_word' id='word_1_424' title='bbox 2529 2573 2638 2628; x_wconf 90' lang='lat' dir='ltr'><strong>sint</strong></span> <span class='ocrx_word' id='word_1_425' title='bbox 2681 2577 2905 2645; x_wconf 90' lang='lat' dir='ltr'><strong>pedibus</strong></span> <span class='ocrx_word' id='word_1_426' title='bbox 2935 2577 3070 2648; x_wconf 89' lang='lat' dir='ltr'><strong>ejus.</strong></span> <span class='ocrx_word' id='word_1_427' title='bbox 3106 2579 3447 2652; x_wconf 86' lang='lat' dir='ltr'><strong>Quapropter</strong></span> 
     </span>
    </p>
   </div>
   <div class='ocr_carea' id='block_1_54' title="bbox 1859 2665 3440 2743">
    <p class='ocr_par' dir='ltr' id='par_1_54' title="bbox 1859 2665 3440 2743">
     <span class='ocr_line' id='line_1_54' title="bbox 1859 2665 3440 2743; baseline 0.008 -22"><span class='ocrx_word' id='word_1_428' title='bbox 1859 2666 1916 2721; x_wconf 91' lang='lat' dir='ltr'><strong>in</strong></span> <span class='ocrx_word' id='word_1_429' title='bbox 1958 2682 2022 2722; x_wconf 91' lang='lat' dir='ltr'><strong>eo</strong></span> <span class='ocrx_word' id='word_1_430' title='bbox 2061 2665 2202 2736; x_wconf 88' lang='lat' dir='ltr'><strong>quod</strong></span> <span class='ocrx_word' id='word_1_431' title='bbox 2238 2667 2312 2720; x_wconf 87' lang='lat' dir='ltr'><strong>ait</strong></span> <span class='ocrx_word' id='word_1_432' title='bbox 2339 2668 2551 2732; x_wconf 88' lang='lat' dir='ltr'><strong>omnia,</strong></span> <span class='ocrx_word' id='word_1_433' title='bbox 2589 2667 2800 2724; x_wconf 91' lang='lat' dir='ltr'><strong>videtur</strong></span> <span class='ocrx_word' id='word_1_434' title='bbox 2847 2670 3024 2728; x_wconf 88' lang='lat' dir='ltr'><strong>facere</strong></span> <span class='ocrx_word' id='word_1_435' title='bbox 3065 2676 3440 2743; x_wconf 72' lang='lat' dir='ltr'><strong>quaestionem.</strong></span> 
     </span>
    </p>
   </div>
   <div class='ocr_carea' id='block_1_55' title="bbox 1860 2757 3447 2833">
    <p class='ocr_par' dir='ltr' id='par_1_55' title="bbox 1860 2757 3447 2833">
     <span class='ocr_line' id='line_1_55' title="bbox 1860 2757 3447 2833; baseline 0.006 -19"><span class='ocrx_word' id='word_1_436' title='bbox 1860 2758 1997 2814; x_wconf 76' lang='lat' dir='ltr'><strong>Nam</strong></span> <span class='ocrx_word' id='word_1_437' title='bbox 2025 2758 2152 2812; x_wconf 88' lang='lat' dir='ltr'><strong>illud</strong></span> <span class='ocrx_word' id='word_1_438' title='bbox 2179 2758 2321 2826; x_wconf 85' lang='lat' dir='ltr'><strong>quod</strong></span> <span class='ocrx_word' id='word_1_439' title='bbox 2347 2757 2550 2812; x_wconf 90' lang='lat' dir='ltr'><strong>dictum</strong></span> <span class='ocrx_word' id='word_1_440' title='bbox 2575 2769 2659 2814; x_wconf 89' lang='lat' dir='ltr'><strong>est</strong></span> <span class='ocrx_word' id='word_1_441' title='bbox 2684 2778 2695 2812; x_wconf 93' lang='lat'>:</span> <span class='ocrx_word' id='word_1_442' title='bbox 2732 2759 2863 2814; x_wconf 89' lang='lat' dir='ltr'><strong>Sede</strong></span> <span class='ocrx_word' id='word_1_443' title='bbox 2888 2780 2919 2817; x_wconf 90' lang='lat' dir='ltr'><strong>a</strong></span> <span class='ocrx_word' id='word_1_444' title='bbox 2945 2763 3142 2819; x_wconf 76' lang='lat' dir='ltr'><strong>dextris</strong></span> <span class='ocrx_word' id='word_1_445' title='bbox 3178 2768 3326 2833; x_wconf 88' lang='lat' dir='ltr'><strong>meis,</strong></span> <span class='ocrx_word' id='word_1_446' title='bbox 3351 2768 3447 2823; x_wconf 83' lang='lat' dir='ltr'><strong>do-</strong></span> 
     </span>
    </p>
   </div>
   <div class='ocr_carea' id='block_1_56' title="bbox 1862 2849 3449 2924">
    <p class='ocr_par' dir='ltr' id='par_1_56' title="bbox 1862 2849 3449 2924">
     <span class='ocr_line' id='line_1_56' title="bbox 1862 2849 3449 2924; baseline 0.006 -20"><span class='ocrx_word' id='word_1_447' title='bbox 1862 2866 1954 2904; x_wconf 87' lang='lat' dir='ltr'><strong>nec</strong></span> <span class='ocrx_word' id='word_1_448' title='bbox 1979 2865 2168 2920; x_wconf 86' lang='lat' dir='ltr'><strong>ponam</strong></span> <span class='ocrx_word' id='word_1_449' title='bbox 2199 2849 2437 2904; x_wconf 78' lang='lat' dir='ltr'><strong>inimicos</strong></span> <span class='ocrx_word' id='word_1_450' title='bbox 2467 2860 2581 2903; x_wconf 88' lang='lat' dir='ltr'><strong>tuos</strong></span> <span class='ocrx_word' id='word_1_451' title='bbox 2603 2850 2882 2905; x_wconf 88' lang='lat' dir='ltr'><strong>scabellum</strong></span> <span class='ocrx_word' id='word_1_452' title='bbox 2903 2854 3091 2922; x_wconf 86' lang='lat' dir='ltr'><strong>pedum</strong></span> <span class='ocrx_word' id='word_1_453' title='bbox 3113 2865 3359 2924; x_wconf 86' lang='lat' dir='ltr'><strong>tuorum;</strong></span> <span class='ocrx_word' id='word_1_454' title='bbox 3392 2871 3449 2914; x_wconf 89' lang='lat' dir='ltr'><strong>et</strong></span> 
     </span>
    </p>
   </div>
   <div class='ocr_carea' id='block_1_57' title="bbox 168 2939 3446 3036">
    <p class='ocr_par' dir='ltr' id='par_1_57' title="bbox 168 2939 3446 3036">
     <span class='ocr_line' id='line_1_57' title="bbox 168 2939 3446 3036; baseline -0.003 -11"><span class='ocrx_word' id='word_1_455' title='bbox 168 2969 384 3024; x_wconf 89' lang='lat' dir='ltr'><strong>riorum</strong></span> <span class='ocrx_word' id='word_1_456' title='bbox 414 2965 692 3030; x_wconf 89' lang='lat' dir='ltr'><strong>vocabula,</strong></span> <span class='ocrx_word' id='word_1_457' title='bbox 721 2939 840 3036; x_wconf 55' lang='lat' dir='ltr'><strong>qua;</strong></span> <span class='ocrx_word' id='word_1_458' title='bbox 883 2979 983 3019; x_wconf 90' lang='lat' dir='ltr'><strong>nec</strong></span> <span class='ocrx_word' id='word_1_459' title='bbox 1021 2978 1118 3018; x_wconf 91' lang='lat' dir='ltr'><strong>nos</strong></span> <span class='ocrx_word' id='word_1_460' title='bbox 1147 2977 1431 3032; x_wconf 88' lang='lat' dir='ltr'><strong>possumus</strong></span> <span class='ocrx_word' id='word_1_461' title='bbox 1454 2959 1754 3023; x_wconf 89' lang='lat' dir='ltr'><strong>nominare,</strong></span> <span class='ocrx_word' id='word_1_462' title='bbox 1861 2940 1987 2995; x_wconf 67' lang='lat' dir='ltr'><strong>alibi</strong></span> <span class='ocrx_word' id='word_1_463' title='bbox 2015 2939 2270 3036; x_wconf 61' lang='lat' dir='ltr'><strong>=_0P0f’_’f‘</strong></span> <span class='ocrx_word' id='word_1_464' title='bbox 2294 2940 2431 3036; x_wconf 55' lang='grc' dir='ltr'><strong>εηίξη</strong></span> <span class='ocrx_word' id='word_1_465' title='bbox 2451 2939 2600 2994; x_wconf 69' lang='lat' dir='ltr'><strong>mum</strong></span> <span class='ocrx_word' id='word_1_466' title='bbox 2635 2958 2869 3010; x_wconf 68' lang='grc' dir='ltr'><strong>τεθηανει</strong></span> <span class='ocrx_word' id='word_1_467' title='bbox 2896 2942 3057 2998; x_wconf 68' lang='lat' dir='ltr'><strong>donec</strong></span> <span class='ocrx_word' id='word_1_468' title='bbox 3086 2957 3245 3016; x_wconf 77' lang='grc' dir='ltr'><strong>Ροηαι</strong></span> <span class='ocrx_word' id='word_1_469' title='bbox 3270 2949 3446 3003; x_wconf 60' lang='lat' dir='ltr'><strong>inlini-</strong></span> 
     </span>
    </p>
   </div>
   <div class='ocr_carea' id='block_1_58' title="bbox 167 3030 3448 3130">
    <p class='ocr_par' dir='ltr' id='par_1_58' title="bbox 167 3030 3448 3130">
     <span class='ocr_line' id='line_1_58' title="bbox 167 3030 3448 3130; baseline -0.005 -12"><span class='ocrx_word' id='word_1_470' title='bbox 167 3077 276 3118; x_wconf 89' lang='lat' dir='ltr'><strong>nec</strong></span> <span class='ocrx_word' id='word_1_471' title='bbox 307 3060 484 3130; x_wconf 88' lang='lat' dir='ltr'><strong>ipsum</strong></span> <span class='ocrx_word' id='word_1_472' title='bbox 498 3030 756 3121; x_wconf 35' lang='lat' dir='ltr'><strong>&#39;Paulum,</strong></span> <span class='ocrx_word' id='word_1_473' title='bbox 782 3064 930 3126; x_wconf 90' lang='lat' dir='ltr'><strong>puto,</strong></span> <span class='ocrx_word' id='word_1_474' title='bbox 958 3061 1017 3107; x_wconf 91' lang='lat' dir='ltr'><strong>ut</strong></span> <span class='ocrx_word' id='word_1_475' title='bbox 1042 3055 1094 3108; x_wconf 92' lang='lat' dir='ltr'><strong>in</strong></span> <span class='ocrx_word' id='word_1_476' title='bbox 1123 3030 1272 3125; x_wconf 78' lang='lat' dir='ltr'><strong>gravi</strong></span> <span class='ocrx_word' id='word_1_477' title='bbox 1298 3051 1615 3122; x_wconf 88' lang='lat' dir='ltr'><strong>corpusculo</strong></span> <span class='ocrx_word' id='word_1_478' title='bbox 1636 3065 1760 3105; x_wconf 91' lang='lat' dir='ltr'><strong>con-</strong></span> <span class='ocrx_word' id='word_1_479' title='bbox 1861 3047 1946 3084; x_wconf 73' lang='grc' dir='ltr'><strong>εοδ</strong></span> <span class='ocrx_word' id='word_1_480' title='bbox 1971 3031 2066 3084; x_wconf 62' lang='grc' dir='ltr'><strong>δαί)</strong></span> <span class='ocrx_word' id='word_1_481' title='bbox 2091 3030 2308 3100; x_wconf 68' lang='grc' dir='ltr'><strong>Ρεάίδαδ</strong></span> <span class='ocrx_word' id='word_1_482' title='bbox 2352 3031 2489 3130; x_wconf 39' lang='lat' dir='ltr'><strong>eff“)</strong></span> <span class='ocrx_word' id='word_1_483' title='bbox 2533 3046 2640 3130; x_wconf 56' lang='grc' dir='ltr'><strong>ξιοη</strong></span> <span class='ocrx_word' id='word_1_484' title='bbox 2682 3047 3003 3104; x_wconf 60' lang='lat' dir='ltr'><strong>magnopere</strong></span> <span class='ocrx_word' id='word_1_485' title='bbox 3043 3037 3237 3105; x_wconf 67' lang='grc' dir='ltr'><strong>(Ιυεεΐίι</strong></span> <span class='ocrx_word' id='word_1_486' title='bbox 3278 3039 3448 3095; x_wconf 63' lang='lat' dir='ltr'><strong>inier-</strong></span> 
     </span>
    </p>
   </div>
   <div class='ocr_carea' id='block_1_59' title="bbox 167 3124 1764 3210">
    <p class='ocr_par' dir='ltr' id='par_1_59' title="bbox 167 3139 1755 3210">
     <span class='ocr_line' id='line_1_59' title="bbox 167 3139 1755 3210; baseline -0.008 -5"><span class='ocrx_word' id='word_1_487' title='bbox 167 3151 426 3206; x_wconf 85' lang='lat' dir='ltr'><strong>stitutum</strong></span> <span class='ocrx_word' id='word_1_488' title='bbox 453 3161 772 3202; x_wconf 89' lang='lat' dir='ltr'><strong>enumerare</strong></span> <span class='ocrx_word' id='word_1_489' title='bbox 800 3143 1049 3198; x_wconf 87' lang='lat' dir='ltr'><strong>valuisse.</strong></span> <span class='ocrx_word' id='word_1_490' title='bbox 1067 3141 1124 3198; x_wconf 88' lang='lat' dir='ltr'><strong>Si</strong></span> <span class='ocrx_word' id='word_1_491' title='bbox 1141 3151 1318 3196; x_wconf 87' lang='lat' dir='ltr'><strong>autem</strong></span> <span class='ocrx_word' id='word_1_492' title='bbox 1345 3151 1469 3196; x_wconf 88' lang='lat' dir='ltr'><strong>sunt</strong></span> <span class='ocrx_word' id='word_1_493' title='bbox 1485 3139 1755 3210; x_wconf 90' lang='lat' dir='ltr'><strong>principa-</strong></span> 
     </span>
    </p>
   </div>
   <div class='ocr_carea' id='block_1_60' title="bbox 1865 3124 3444 3210">
    <p class='ocr_par' dir='ltr' id='par_1_60' title="bbox 1865 3124 3444 3206">
     <span class='ocr_line' id='line_1_60' title="bbox 1865 3124 3444 3206; baseline 0.005 -28"><span class='ocrx_word' id='word_1_494' title='bbox 1865 3134 2088 3196; x_wconf 88' lang='lat' dir='ltr'><strong>pretem,</strong></span> <span class='ocrx_word' id='word_1_495' title='bbox 2107 3131 2167 3178; x_wconf 92' lang='lat' dir='ltr'><strong>ut</strong></span> <span class='ocrx_word' id='word_1_496' title='bbox 2183 3139 2387 3206; x_wconf 67' lang='lat' dir='ltr'><strong>eaquae</strong></span> <span class='ocrx_word' id='word_1_497' title='bbox 2408 3124 2624 3179; x_wconf 89' lang='lat' dir='ltr'><strong>inimica</strong></span> <span class='ocrx_word' id='word_1_498' title='bbox 2647 3133 2792 3190; x_wconf 89' lang='lat' dir='ltr'><strong>sunt,</strong></span> <span class='ocrx_word' id='word_1_499' title='bbox 2807 3141 2927 3180; x_wconf 88' lang='lat' dir='ltr'><strong>cum</strong></span> <span class='ocrx_word' id='word_1_500' title='bbox 2949 3127 3148 3182; x_wconf 83' lang='lat' dir='ltr'><strong>fuerint</strong></span> <span class='ocrx_word' id='word_1_501' title='bbox 3168 3140 3444 3202; x_wconf 87' lang='lat' dir='ltr'><strong>superata,</strong></span> 
     </span>
    </p>
   </div>
   <div class='ocr_carea' id='block_1_61' title="bbox 171 3201 3449 3308">
    <p class='ocr_par' dir='ltr' id='par_1_61' title="bbox 171 3201 3449 3308">
     <span class='ocr_line' id='line_1_61' title="bbox 171 3201 3449 3308; baseline -0.005 -11"><span class='ocrx_word' id='word_1_502' title='bbox 171 3253 281 3308; x_wconf 90' lang='lat' dir='ltr'><strong>tus,</strong></span> <span class='ocrx_word' id='word_1_503' title='bbox 302 3253 360 3296; x_wconf 92' lang='lat' dir='ltr'><strong>et</strong></span> <span class='ocrx_word' id='word_1_504' title='bbox 380 3242 698 3304; x_wconf 89' lang='lat' dir='ltr'><strong>virtutes,et</strong></span> <span class='ocrx_word' id='word_1_505' title='bbox 714 3238 1196 3302; x_wconf 88' lang='lat' dir='ltr'><strong>dominationes,et</strong></span> <span class='ocrx_word' id='word_1_506' title='bbox 1211 3244 1761 3307; x_wconf 84' lang='lat' dir='ltr'><strong>potestates,necesse</strong></span> <span class='ocrx_word' id='word_1_507' title='bbox 1787 3201 1834 3266; x_wconf 64' lang='grc' dir='ltr'><strong>ρ</strong></span> <span class='ocrx_word' id='word_1_508' title='bbox 1866 3217 2220 3286; x_wconf 46' lang='lat' dir='ltr'><strong>“blitum”?</strong></span> <span class='ocrx_word' id='word_1_509' title='bbox 2265 3217 2488 3287; x_wconf 67' lang='lat' dir='ltr'><strong>Pedibus</strong></span> <span class='ocrx_word' id='word_1_510' title='bbox 2533 3218 2668 3288; x_wconf 62' lang='lat' dir='ltr'><strong>eius.</strong></span> <span class='ocrx_word' id='word_1_511' title='bbox 2700 3226 2755 3273; x_wconf 72' lang='grc' dir='ltr'>ει</span> <span class='ocrx_word' id='word_1_512' title='bbox 2805 3219 2860 3274; x_wconf 80' lang='lat' dir='ltr'><strong>in</strong></span> <span class='ocrx_word' id='word_1_513' title='bbox 2895 3220 3113 3276; x_wconf 65' lang='lat' dir='ltr'><strong>Victoris</strong></span> <span class='ocrx_word' id='word_1_514' title='bbox 3169 3232 3449 3281; x_wconf 82' lang='lat' dir='ltr'><strong>transeant</strong></span> 
     </span>
    </p>
   </div>
   <div class='ocr_carea' id='block_1_62' title="bbox 169 3308 1764 3399">
    <p class='ocr_par' dir='ltr' id='par_1_62' title="bbox 169 3326 1764 3399">
     <span class='ocr_line' id='line_1_62' title="bbox 169 3326 1764 3399; baseline -0.004 -13"><span class='ocrx_word' id='word_1_515' title='bbox 169 3341 258 3387; x_wconf 87' lang='lat' dir='ltr'><strong>est</strong></span> <span class='ocrx_word' id='word_1_516' title='bbox 276 3339 336 3385; x_wconf 92' lang='lat' dir='ltr'><strong>ut</strong></span> <span class='ocrx_word' id='word_1_517' title='bbox 349 3340 404 3384; x_wconf 90' lang='lat' dir='ltr'><strong>et</strong></span> <span class='ocrx_word' id='word_1_518' title='bbox 424 3328 694 3399; x_wconf 83' lang='lat' dir='ltr'><strong>subjectos</strong></span> <span class='ocrx_word' id='word_1_519' title='bbox 716 3328 964 3392; x_wconf 89' lang='lat' dir='ltr'><strong>habeant,</strong></span> <span class='ocrx_word' id='word_1_520' title='bbox 983 3336 1037 3382; x_wconf 88' lang='lat' dir='ltr'><strong>et</strong></span> <span class='ocrx_word' id='word_1_521' title='bbox 1057 3327 1307 3381; x_wconf 86' lang='lat' dir='ltr'><strong>timentes</strong></span> <span class='ocrx_word' id='word_1_522' title='bbox 1326 3342 1384 3381; x_wconf 92' lang='lat' dir='ltr'><strong>se</strong></span> <span class='ocrx_word' id='word_1_523' title='bbox 1397 3334 1450 3380; x_wconf 88' lang='lat' dir='ltr'><strong>et</strong></span> <span class='ocrx_word' id='word_1_524' title='bbox 1467 3326 1764 3380; x_wconf 88' lang='lat' dir='ltr'><strong>servientes</strong></span> 
     </span>
    </p>
   </div>
   <div class='ocr_carea' id='block_1_63' title="bbox 1865 3308 3441 3399">
    <p class='ocr_par' dir='ltr' id='par_1_63' title="bbox 1865 3308 3441 3384">
     <span class='ocr_line' id='line_1_63' title="bbox 1865 3308 3441 3384; baseline 0.004 -19"><span class='ocrx_word' id='word_1_525' title='bbox 1865 3318 2207 3382; x_wconf 87' lang='lat' dir='ltr'><strong>potestatem.</strong></span> <span class='ocrx_word' id='word_1_526' title='bbox 2234 3308 2342 3364; x_wconf 88' lang='lat' dir='ltr'><strong>Cur</strong></span> <span class='ocrx_word' id='word_1_527' title='bbox 2366 3317 2548 3364; x_wconf 77' lang='lat' dir='ltr'><strong>autem</strong></span> <span class='ocrx_word' id='word_1_528' title='bbox 2570 3308 2773 3375; x_wconf 87' lang='lat' dir='ltr'><strong>onmia,</strong></span> <span class='ocrx_word' id='word_1_529' title='bbox 2800 3309 2853 3364; x_wconf 92' lang='lat' dir='ltr'><strong>id</strong></span> <span class='ocrx_word' id='word_1_530' title='bbox 2878 3319 2982 3376; x_wconf 88' lang='lat' dir='ltr'><strong>est,</strong></span> <span class='ocrx_word' id='word_1_531' title='bbox 3014 3313 3212 3384; x_wconf 87' lang='lat' dir='ltr'><strong>angeli,</strong></span> <span class='ocrx_word' id='word_1_532' title='bbox 3241 3315 3441 3382; x_wconf 90' lang='lat' dir='ltr'><strong>throni,</strong></span> 
     </span>
    </p>
   </div>
   <div class='ocr_carea' id='block_1_64' title="bbox 173 3400 1764 3490">
    <p class='ocr_par' dir='ltr' id='par_1_64' title="bbox 173 3417 1764 3490">
     <span class='ocr_line' id='line_1_64' title="bbox 173 3417 1764 3490; baseline -0.004 -13"><span class='ocrx_word' id='word_1_533' title='bbox 173 3423 306 3488; x_wconf 85' lang='lat' dir='ltr'><strong>sibi,</strong></span> <span class='ocrx_word' id='word_1_534' title='bbox 323 3431 377 3476; x_wconf 91' lang='lat' dir='ltr'><strong>et</strong></span> <span class='ocrx_word' id='word_1_535' title='bbox 401 3437 496 3477; x_wconf 88' lang='lat' dir='ltr'><strong>eos</strong></span> <span class='ocrx_word' id='word_1_536' title='bbox 516 3421 605 3490; x_wconf 93' lang='lat' dir='ltr'><strong>qui</strong></span> <span class='ocrx_word' id='word_1_537' title='bbox 622 3435 718 3474; x_wconf 90' lang='lat' dir='ltr'><strong>sua</strong></span> <span class='ocrx_word' id='word_1_538' title='bbox 741 3419 1048 3474; x_wconf 78' lang='lat' dir='ltr'><strong>fortitudine</strong></span> <span class='ocrx_word' id='word_1_539' title='bbox 1072 3419 1418 3483; x_wconf 87' lang='lat' dir='ltr'><strong>roborentur;</strong></span> <span class='ocrx_word' id='word_1_540' title='bbox 1444 3433 1562 3487; x_wconf 71' lang='lat' dir='ltr'><strong>qua:</strong></span> <span class='ocrx_word' id='word_1_541' title='bbox 1581 3417 1764 3473; x_wconf 90' lang='lat' dir='ltr'><strong>distri-</strong></span> 
     </span>
    </p>
   </div>
   <div class='ocr_carea' id='block_1_65' title="bbox 1865 3400 3446 3490">
    <p class='ocr_par' dir='ltr' id='par_1_65' title="bbox 1865 3400 3446 3479">
     <span class='ocr_line' id='line_1_65' title="bbox 1865 3400 3446 3479; baseline 0.003 -20"><span class='ocrx_word' id='word_1_542' title='bbox 1865 3402 2283 3465; x_wconf 89' lang='lat' dir='ltr'><strong>dominationes,</strong></span> <span class='ocrx_word' id='word_1_543' title='bbox 2314 3407 2628 3470; x_wconf 87' lang='lat' dir='ltr'><strong>potestates,</strong></span> <span class='ocrx_word' id='word_1_544' title='bbox 2671 3408 2725 3454; x_wconf 89' lang='lat' dir='ltr'><strong>et</strong></span> <span class='ocrx_word' id='word_1_545' title='bbox 2785 3400 3010 3458; x_wconf 89' lang='lat' dir='ltr'><strong>virtutes</strong></span> <span class='ocrx_word' id='word_1_546' title='bbox 3065 3414 3291 3473; x_wconf 61' lang='lat' dir='ltr'><strong>cauerat,</strong></span> <span class='ocrx_word' id='word_1_547' title='bbox 3325 3424 3446 3479; x_wconf 75' lang='lat' dir='ltr'><strong>qua:</strong></span> 
     </span>
    </p>
   </div>
   <div class='ocr_carea' id='block_1_66' title="bbox 174 3490 3446 3580">
    <p class='ocr_par' dir='ltr' id='par_1_66' title="bbox 174 3490 3446 3580">
     <span class='ocr_line' id='line_1_66' title="bbox 174 3490 3446 3580; baseline -0.001 -13"><span class='ocrx_word' id='word_1_548' title='bbox 174 3513 436 3568; x_wconf 85' lang='lat' dir='ltr'><strong>butiones</strong></span> <span class='ocrx_word' id='word_1_549' title='bbox 465 3510 761 3566; x_wconf 83' lang='lat' dir='ltr'><strong>ofﬁciorum</strong></span> <span class='ocrx_word' id='word_1_550' title='bbox 799 3526 903 3565; x_wconf 92' lang='lat' dir='ltr'><strong>non</strong></span> <span class='ocrx_word' id='word_1_551' title='bbox 934 3509 1102 3564; x_wconf 90' lang='lat' dir='ltr'><strong>solum</strong></span> <span class='ocrx_word' id='word_1_552' title='bbox 1138 3508 1638 3580; x_wconf 63' lang='lat' dir='ltr'><strong>impraesentiarum,</strong></span> <span class='ocrx_word' id='word_1_553' title='bbox 1670 3508 1766 3562; x_wconf 90' lang='lat' dir='ltr'><strong>sed</strong></span> <span class='ocrx_word' id='word_1_554' title='bbox 1865 3509 2140 3561; x_wconf 74' lang='lat' dir='ltr'><strong>numle</strong></span> <span class='ocrx_word' id='word_1_555' title='bbox 2172 3493 2388 3547; x_wconf 71' lang='grc' dir='ltr'><strong>ῖιιθνυηῐ</strong></span> <span class='ocrx_word' id='word_1_556' title='bbox 2425 3490 2708 3547; x_wconf 53' lang='lat' dir='ltr'><strong>contraria?</strong></span> <span class='ocrx_word' id='word_1_557' title='bbox 2738 3492 2880 3559; x_wconf 67' lang='lat' dir='ltr'><strong>D00.</strong></span> <span class='ocrx_word' id='word_1_558' title='bbox 2910 3491 3026 3560; x_wconf 68' lang='lat' dir='ltr'><strong>eius</strong></span> <span class='ocrx_word' id='word_1_559' title='bbox 3064 3496 3288 3565; x_wconf 69' lang='lat' dir='ltr'><strong>Pedibus</strong></span> <span class='ocrx_word' id='word_1_560' title='bbox 3317 3501 3446 3555; x_wconf 68' lang='grc' dir='ltr'>θυι)-</span> 
     </span>
    </p>
   </div>
   <div class='ocr_carea' id='block_1_67' title="bbox 177 3582 3447 3668">
    <p class='ocr_par' dir='ltr' id='par_1_67' title="bbox 177 3582 3447 3668">
     <span class='ocr_line' id='line_1_67' title="bbox 177 3582 3447 3668; baseline -0.002 -15"><span class='ocrx_word' id='word_1_561' title='bbox 177 3602 350 3658; x_wconf 84' lang='lat' dir='ltr'><strong>etiam</strong></span> <span class='ocrx_word' id='word_1_562' title='bbox 382 3602 438 3656; x_wconf 88' lang='lat' dir='ltr'><strong>in</strong></span> <span class='ocrx_word' id='word_1_563' title='bbox 467 3599 648 3654; x_wconf 79' lang='lat' dir='ltr'><strong>futuro</strong></span> <span class='ocrx_word' id='word_1_564' title='bbox 673 3599 870 3654; x_wconf 67' lang='lat' dir='ltr'><strong>sazculo</strong></span> <span class='ocrx_word' id='word_1_565' title='bbox 894 3608 1074 3663; x_wconf 91' lang='lat' dir='ltr'><strong>erunt,</strong></span> <span class='ocrx_word' id='word_1_566' title='bbox 1119 3606 1179 3652; x_wconf 87' lang='lat' dir='ltr'><strong>ut</strong></span> <span class='ocrx_word' id='word_1_567' title='bbox 1219 3613 1316 3667; x_wconf 91' lang='lat' dir='ltr'><strong>per</strong></span> <span class='ocrx_word' id='word_1_568' title='bbox 1355 3597 1592 3668; x_wconf 85' lang='lat' dir='ltr'><strong>singulos</strong></span> <span class='ocrx_word' id='word_1_569' title='bbox 1635 3612 1763 3668; x_wconf 86' lang='lat' dir='ltr'><strong>pro-</strong></span> <span class='ocrx_word' id='word_1_570' title='bbox 1861 3584 2166 3656; x_wconf 85' lang='lat' dir='ltr'><strong>jiciantur?</strong></span> <span class='ocrx_word' id='word_1_571' title='bbox 2196 3582 2420 3638; x_wconf 74' lang='lat' dir='ltr'><strong>Videtur</strong></span> <span class='ocrx_word' id='word_1_572' title='bbox 2446 3583 2755 3638; x_wconf 89' lang='lat' dir='ltr'><strong>obscurum.</strong></span> <span class='ocrx_word' id='word_1_573' title='bbox 2795 3584 2979 3641; x_wconf 87' lang='lat' dir='ltr'><strong>Potest</strong></span> <span class='ocrx_word' id='word_1_574' title='bbox 3007 3587 3188 3658; x_wconf 88' lang='lat' dir='ltr'><strong>itaque</strong></span> <span class='ocrx_word' id='word_1_575' title='bbox 3218 3606 3447 3660; x_wconf 89' lang='lat' dir='ltr'><strong>respon-</strong></span> 
     </span>
    </p>
   </div>
   <div class='ocr_carea' id='block_1_68' title="bbox 173 3691 1765 3760">
    <p class='ocr_par' dir='ltr' id='par_1_68' title="bbox 173 3691 1765 3760">
     <span class='ocr_line' id='line_1_68' title="bbox 173 3691 1765 3760; baseline -0.004 -9"><span class='ocrx_word' id='word_1_576' title='bbox 173 3696 363 3751; x_wconf 80' lang='lat' dir='ltr'><strong>fectus</strong></span> <span class='ocrx_word' id='word_1_577' title='bbox 387 3703 444 3750; x_wconf 89' lang='lat' dir='ltr'><strong>et</strong></span> <span class='ocrx_word' id='word_1_578' title='bbox 464 3695 720 3760; x_wconf 89' lang='lat' dir='ltr'><strong>honores,</strong></span> <span class='ocrx_word' id='word_1_579' title='bbox 741 3693 1082 3749; x_wconf 89' lang='lat' dir='ltr'><strong>ascensiones</strong></span> <span class='ocrx_word' id='word_1_580' title='bbox 1106 3691 1270 3748; x_wconf 90' lang='lat' dir='ltr'><strong>etiam</strong></span> <span class='ocrx_word' id='word_1_581' title='bbox 1292 3702 1345 3746; x_wconf 93' lang='lat' dir='ltr'><strong>et</strong></span> <span class='ocrx_word' id='word_1_582' title='bbox 1369 3692 1765 3756; x_wconf 88' lang='lat' dir='ltr'><strong>descensiones,</strong></span> 
     </span>
    </p>
   </div>
   <div class='ocr_carea' id='block_1_69' title="bbox 172 3780 1769 3855">
    <p class='ocr_par' dir='ltr' id='par_1_69' title="bbox 172 3780 1769 3855">
     <span class='ocr_line' id='line_1_69' title="bbox 172 3780 1769 3855; baseline -0.005 -13"><span class='ocrx_word' id='word_1_583' title='bbox 172 3788 270 3843; x_wconf 79' lang='lat' dir='ltr'><strong>vel</strong></span> <span class='ocrx_word' id='word_1_584' title='bbox 298 3795 506 3842; x_wconf 86' lang='lat' dir='ltr'><strong>crescat</strong></span> <span class='ocrx_word' id='word_1_585' title='bbox 534 3784 745 3855; x_wconf 90' lang='lat' dir='ltr'><strong>aliquis,</strong></span> <span class='ocrx_word' id='word_1_586' title='bbox 775 3784 858 3838; x_wconf 89' lang='lat' dir='ltr'><strong>vel</strong></span> <span class='ocrx_word' id='word_1_587' title='bbox 899 3784 1195 3846; x_wconf 90' lang='lat' dir='ltr'><strong>decrescat,</strong></span> <span class='ocrx_word' id='word_1_588' title='bbox 1240 3791 1295 3836; x_wconf 92' lang='lat' dir='ltr'><strong>et</strong></span> <span class='ocrx_word' id='word_1_589' title='bbox 1331 3782 1430 3836; x_wconf 90' lang='lat' dir='ltr'><strong>sub</strong></span> <span class='ocrx_word' id='word_1_590' title='bbox 1475 3780 1578 3834; x_wconf 89' lang='lat' dir='ltr'><strong>alia</strong></span> <span class='ocrx_word' id='word_1_591' title='bbox 1607 3790 1769 3849; x_wconf 88' lang='lat' dir='ltr'><strong>atque</strong></span> 
     </span>
    </p>
   </div>
   <div class='ocr_carea' id='block_1_70' title="bbox 175 3873 1770 3949">
    <p class='ocr_par' dir='ltr' id='par_1_70' title="bbox 175 3873 1770 3949">
     <span class='ocr_line' id='line_1_70' title="bbox 175 3873 1770 3949; baseline -0.003 -16"><span class='ocrx_word' id='word_1_592' title='bbox 175 3879 292 3934; x_wconf 85' lang='lat' dir='ltr'><strong>alia</strong></span> <span class='ocrx_word' id='word_1_593' title='bbox 349 3885 643 3949; x_wconf 87' lang='lat' dir='ltr'><strong>potestate,</strong></span> <span class='ocrx_word' id='word_1_594' title='bbox 682 3877 912 3940; x_wconf 88' lang='lat' dir='ltr'><strong>virtute,</strong></span> <span class='ocrx_word' id='word_1_595' title='bbox 956 3875 1258 3945; x_wconf 88' lang='lat' dir='ltr'><strong>principatu</strong></span> <span class='ocrx_word' id='word_1_596' title='bbox 1309 3882 1364 3928; x_wconf 88' lang='lat' dir='ltr'><strong>et</strong></span> <span class='ocrx_word' id='word_1_597' title='bbox 1406 3873 1770 3929; x_wconf 89' lang='lat' dir='ltr'><strong>dominatione</strong></span> 
     </span>
    </p>
   </div>
   <div class='ocr_carea' id='block_1_71' title="bbox 180 3964 1772 4034">
    <p class='ocr_par' dir='ltr' id='par_1_71' title="bbox 180 3964 1772 4034">
     <span class='ocr_line' id='line_1_71' title="bbox 180 3964 1772 4034; baseline -0.004 -10"><span class='ocrx_word' id='word_1_598' title='bbox 180 3969 302 4024; x_wconf 82' lang='lat' dir='ltr'><strong>ﬁat.</strong></span> <span class='ocrx_word' id='word_1_599' title='bbox 337 3967 450 4022; x_wconf 79' lang='lat' dir='ltr'><strong>Nos</strong></span> <span class='ocrx_word' id='word_1_600' title='bbox 476 3965 786 4023; x_wconf 92' lang='lat' dir='ltr'><strong>homunculi</strong></span> <span class='ocrx_word' id='word_1_601' title='bbox 816 3966 922 4020; x_wconf 90' lang='lat' dir='ltr'><strong>cito</strong></span> <span class='ocrx_word' id='word_1_602' title='bbox 954 3965 1008 4020; x_wconf 92' lang='lat' dir='ltr'><strong>in</strong></span> <span class='ocrx_word' id='word_1_603' title='bbox 1045 3965 1280 4020; x_wconf 87' lang='lat' dir='ltr'><strong>cinerem</strong></span> <span class='ocrx_word' id='word_1_604' title='bbox 1315 3972 1369 4018; x_wconf 89' lang='lat' dir='ltr'><strong>et</strong></span> <span class='ocrx_word' id='word_1_605' title='bbox 1393 3964 1668 4034; x_wconf 89' lang='lat' dir='ltr'><strong>pulverem</strong></span> <span class='ocrx_word' id='word_1_606' title='bbox 1690 3979 1772 4019; x_wconf 85' lang='lat' dir='ltr'><strong>re-</strong></span> 
     </span>
    </p>
   </div>
   <div class='ocr_carea' id='block_1_72' title="bbox 179 4055 1767 4126">
    <p class='ocr_par' dir='ltr' id='par_1_72' title="bbox 179 4055 1767 4126">
     <span class='ocr_line' id='line_1_72' title="bbox 179 4055 1767 4126; baseline -0.003 -10"><span class='ocrx_word' id='word_1_607' title='bbox 179 4059 455 4123; x_wconf 80' lang='lat' dir='ltr'><strong>solvendi,</strong></span> <span class='ocrx_word' id='word_1_608' title='bbox 502 4058 547 4112; x_wconf 89' lang='lat' dir='ltr'><strong>si</strong></span> <span class='ocrx_word' id='word_1_609' title='bbox 592 4072 858 4112; x_wconf 89' lang='lat' dir='ltr'><strong>consensu</strong></span> <span class='ocrx_word' id='word_1_610' title='bbox 900 4056 1174 4111; x_wconf 89' lang='lat' dir='ltr'><strong>hominum</strong></span> <span class='ocrx_word' id='word_1_611' title='bbox 1212 4055 1451 4110; x_wconf 88' lang='lat' dir='ltr'><strong>levemur</strong></span> <span class='ocrx_word' id='word_1_612' title='bbox 1489 4055 1545 4110; x_wconf 92' lang='lat' dir='ltr'><strong>in</strong></span> <span class='ocrx_word' id='word_1_613' title='bbox 1590 4070 1767 4126; x_wconf 87' lang='lat' dir='ltr'><strong>reges,</strong></span> 
     </span>
    </p>
   </div>
   <div class='ocr_carea' id='block_1_73' title="bbox 181 4147 1772 4205">
    <p class='ocr_par' dir='ltr' id='par_1_73' title="bbox 181 4147 1772 4205">
     <span class='ocr_line' id='line_1_73' title="bbox 181 4147 1772 4205; baseline -0.001 -1"><span class='ocrx_word' id='word_1_614' title='bbox 181 4157 369 4205; x_wconf 85' lang='lat' dir='ltr'><strong>tantas</strong></span> <span class='ocrx_word' id='word_1_615' title='bbox 408 4147 667 4203; x_wconf 89' lang='lat' dir='ltr'><strong>habemus</strong></span> <span class='ocrx_word' id='word_1_616' title='bbox 705 4147 1125 4203; x_wconf 91' lang='lat' dir='ltr'><strong>ministeriorum</strong></span> <span class='ocrx_word' id='word_1_617' title='bbox 1161 4147 1498 4203; x_wconf 88' lang='lat' dir='ltr'><strong>diversitates</strong></span> <span class='ocrx_word' id='word_1_618' title='bbox 1538 4157 1594 4203; x_wconf 87' lang='lat' dir='ltr'><strong>et</strong></span> <span class='ocrx_word' id='word_1_619' title='bbox 1622 4147 1772 4204; x_wconf 91' lang='lat' dir='ltr'><strong>simi-</strong></span> 
     </span>
    </p>
   </div>
   <div class='ocr_carea' id='block_1_74' title="bbox 182 4239 1772 4311">
    <p class='ocr_par' dir='ltr' id='par_1_74' title="bbox 182 4239 1772 4311">
     <span class='ocr_line' id='line_1_74' title="bbox 182 4239 1772 4311; baseline -0.003 -14"><span class='ocrx_word' id='word_1_620' title='bbox 182 4241 467 4306; x_wconf 79' lang='lat' dir='ltr'><strong>litudines,</strong></span> <span class='ocrx_word' id='word_1_621' title='bbox 489 4249 718 4311; x_wconf 89' lang='lat' dir='ltr'><strong>quantas</strong></span> <span class='ocrx_word' id='word_1_622' title='bbox 743 4239 952 4295; x_wconf 76' lang='lat' dir='ltr'><strong>facilius</strong></span> <span class='ocrx_word' id='word_1_623' title='bbox 977 4254 1262 4310; x_wconf 91' lang='lat' dir='ltr'><strong>possumus</strong></span> <span class='ocrx_word' id='word_1_624' title='bbox 1284 4240 1485 4295; x_wconf 88' lang='lat' dir='ltr'><strong>sentire</strong></span> <span class='ocrx_word' id='word_1_625' title='bbox 1510 4255 1669 4309; x_wconf 90' lang='lat' dir='ltr'><strong>quam</strong></span> <span class='ocrx_word' id='word_1_626' title='bbox 1695 4239 1772 4294; x_wconf 91' lang='lat' dir='ltr'><strong>di-</strong></span> 
     </span>
    </p>
   </div>
   <div class='ocr_carea' id='block_1_75' title="bbox 183 4330 1770 4404">
    <p class='ocr_par' dir='ltr' id='par_1_75' title="bbox 183 4330 1770 4404">
     <span class='ocr_line' id='line_1_75' title="bbox 183 4330 1770 4404; baseline -0.003 -16"><span class='ocrx_word' id='word_1_627' title='bbox 183 4347 336 4388; x_wconf 85' lang='lat' dir='ltr'><strong>cere.</strong></span> <span class='ocrx_word' id='word_1_628' title='bbox 371 4331 536 4386; x_wconf 79' lang='lat' dir='ltr'><strong>Verbi</strong></span> <span class='ocrx_word' id='word_1_629' title='bbox 561 4346 744 4397; x_wconf 89' lang='lat' dir='ltr'><strong>causa,</strong></span> <span class='ocrx_word' id='word_1_630' title='bbox 775 4332 918 4404; x_wconf 88' lang='lat' dir='ltr'><strong>quod</strong></span> <span class='ocrx_word' id='word_1_631' title='bbox 951 4330 1236 4402; x_wconf 61' lang='lat' dir='ltr'><strong>praefectus</strong></span> <span class='ocrx_word' id='word_1_632' title='bbox 1258 4331 1310 4384; x_wconf 88' lang='lat' dir='ltr'><strong>in</strong></span> <span class='ocrx_word' id='word_1_633' title='bbox 1333 4339 1484 4402; x_wconf 88' lang='lat' dir='ltr'><strong>parte</strong></span> <span class='ocrx_word' id='word_1_634' title='bbox 1514 4330 1659 4386; x_wconf 90' lang='lat' dir='ltr'><strong>civili</strong></span> <span class='ocrx_word' id='word_1_635' title='bbox 1681 4330 1770 4401; x_wconf 81' lang='lat' dir='ltr'><strong>ju-</strong></span> 
     </span>
    </p>
   </div>
   <div class='ocr_carea' id='block_1_76' title="bbox 183 4422 1770 4494">
    <p class='ocr_par' dir='ltr' id='par_1_76' title="bbox 183 4422 1770 4494">
     <span class='ocr_line' id='line_1_76' title="bbox 183 4422 1770 4494; baseline -0.002 -16"><span class='ocrx_word' id='word_1_636' title='bbox 183 4424 340 4479; x_wconf 82' lang='lat' dir='ltr'><strong>dices</strong></span> <span class='ocrx_word' id='word_1_637' title='bbox 363 4438 465 4494; x_wconf 88' lang='lat' dir='ltr'><strong>per</strong></span> <span class='ocrx_word' id='word_1_638' title='bbox 491 4422 797 4494; x_wconf 83' lang='lat' dir='ltr'><strong>provincias</strong></span> <span class='ocrx_word' id='word_1_639' title='bbox 836 4431 889 4477; x_wconf 91' lang='lat' dir='ltr'><strong>et</strong></span> <span class='ocrx_word' id='word_1_640' title='bbox 919 4422 1162 4477; x_wconf 90' lang='lat' dir='ltr'><strong>ordinem</strong></span> <span class='ocrx_word' id='word_1_641' title='bbox 1193 4437 1346 4476; x_wconf 90' lang='lat' dir='ltr'><strong>suum</strong></span> <span class='ocrx_word' id='word_1_642' title='bbox 1381 4422 1612 4488; x_wconf 87' lang='lat' dir='ltr'><strong>habeat;</strong></span> <span class='ocrx_word' id='word_1_643' title='bbox 1645 4437 1770 4476; x_wconf 85' lang='lat' dir='ltr'><strong>rur-</strong></span> 
     </span>
    </p>
   </div>
   <div class='ocr_carea' id='block_1_77' title="bbox 1871 3676 3448 3746">
    <p class='ocr_par' dir='ltr' id='par_1_77' title="bbox 1871 3676 3448 3746">
     <span class='ocr_line' id='line_1_77' title="bbox 1871 3676 3448 3746; baseline 0.003 -13"><span class='ocrx_word' id='word_1_644' title='bbox 1871 3677 2006 3742; x_wconf 87' lang='lat' dir='ltr'><strong>dcri,</strong></span> <span class='ocrx_word' id='word_1_645' title='bbox 2034 3676 2178 3746; x_wconf 89' lang='lat' dir='ltr'><strong>quod</strong></span> <span class='ocrx_word' id='word_1_646' title='bbox 2206 3677 2410 3745; x_wconf 89' lang='lat' dir='ltr'><strong>absque</strong></span> <span class='ocrx_word' id='word_1_647' title='bbox 2437 3685 2657 3744; x_wconf 88' lang='lat' dir='ltr'><strong>peccato</strong></span> <span class='ocrx_word' id='word_1_648' title='bbox 2698 3676 2877 3732; x_wconf 91' lang='lat' dir='ltr'><strong>nullus</strong></span> <span class='ocrx_word' id='word_1_649' title='bbox 2918 3679 3008 3743; x_wconf 89' lang='lat' dir='ltr'><strong>sit,</strong></span> <span class='ocrx_word' id='word_1_650' title='bbox 3055 3689 3113 3734; x_wconf 88' lang='lat' dir='ltr'><strong>et</strong></span> <span class='ocrx_word' id='word_1_651' title='bbox 3155 3681 3332 3736; x_wconf 90' lang='lat' dir='ltr'><strong>sidera</strong></span> <span class='ocrx_word' id='word_1_652' title='bbox 3360 3684 3448 3738; x_wconf 91' lang='lat' dir='ltr'><strong>illa</strong></span> 
     </span>
    </p>
   </div>
   <div class='ocr_carea' id='block_1_78' title="bbox 1869 3769 3449 3843">
    <p class='ocr_par' dir='ltr' id='par_1_78' title="bbox 1869 3769 3449 3843">
     <span class='ocr_line' id='line_1_78' title="bbox 1869 3769 3449 3843; baseline 0.003 -17"><span class='ocrx_word' id='word_1_653' title='bbox 1869 3785 1980 3826; x_wconf 86' lang='lat' dir='ltr'><strong>non</strong></span> <span class='ocrx_word' id='word_1_654' title='bbox 2033 3779 2162 3824; x_wconf 88' lang='lat' dir='ltr'><strong>sunt</strong></span> <span class='ocrx_word' id='word_1_655' title='bbox 2208 3769 2406 3823; x_wconf 86' lang='lat' dir='ltr'><strong>munda</strong></span> <span class='ocrx_word' id='word_1_656' title='bbox 2459 3784 2641 3823; x_wconf 90' lang='lat' dir='ltr'><strong>coram</strong></span> <span class='ocrx_word' id='word_1_657' title='bbox 2691 3769 2824 3835; x_wconf 91' lang='lat' dir='ltr'><strong>Deo,</strong></span> <span class='ocrx_word' id='word_1_658' title='bbox 2865 3771 3147 3843; x_wconf 82' lang='lat' dir='ltr'><strong>omnisque</strong></span> <span class='ocrx_word' id='word_1_659' title='bbox 3196 3784 3449 3830; x_wconf 87' lang='lat' dir='ltr'><strong>creatura</strong></span> 
     </span>
    </p>
   </div>
   <div class='ocr_carea' id='block_1_79' title="bbox 1872 3858 3451 3928">
    <p class='ocr_par' dir='ltr' id='par_1_79' title="bbox 1872 3858 3451 3928">
     <span class='ocr_line' id='line_1_79' title="bbox 1872 3858 3451 3928; baseline 0.004 -12"><span class='ocrx_word' id='word_1_660' title='bbox 1872 3861 2136 3916; x_wconf 89' lang='lat' dir='ltr'><strong>creatoris</strong></span> <span class='ocrx_word' id='word_1_661' title='bbox 2172 3868 2365 3928; x_wconf 88' lang='lat' dir='ltr'><strong>paveat</strong></span> <span class='ocrx_word' id='word_1_662' title='bbox 2392 3858 2698 3915; x_wconf 90' lang='lat' dir='ltr'><strong>adventum.</strong></span> <span class='ocrx_word' id='word_1_663' title='bbox 2733 3860 2882 3916; x_wconf 88' lang='lat' dir='ltr'><strong>Unde</strong></span> <span class='ocrx_word' id='word_1_664' title='bbox 2906 3871 2959 3916; x_wconf 92' lang='lat' dir='ltr'><strong>et</strong></span> <span class='ocrx_word' id='word_1_665' title='bbox 2995 3878 3127 3918; x_wconf 82' lang='lat' dir='ltr'><strong>crux</strong></span> <span class='ocrx_word' id='word_1_666' title='bbox 3153 3863 3451 3922; x_wconf 70' lang='lat' dir='ltr'><strong>Salvator-is</strong></span> 
     </span>
    </p>
   </div>
   <div class='ocr_carea' id='block_1_80' title="bbox 1870 3953 3451 4035">
    <p class='ocr_par' dir='ltr' id='par_1_80' title="bbox 1870 3953 3451 4035">
     <span class='ocr_line' id='line_1_80' title="bbox 1870 3953 3451 4035; baseline 0.004 -25"><span class='ocrx_word' id='word_1_667' title='bbox 1870 3970 1980 4010; x_wconf 88' lang='lat' dir='ltr'><strong>non</strong></span> <span class='ocrx_word' id='word_1_668' title='bbox 2006 3953 2177 4008; x_wconf 89' lang='lat' dir='ltr'><strong>solum</strong></span> <span class='ocrx_word' id='word_1_669' title='bbox 2204 3968 2266 4007; x_wconf 91' lang='lat' dir='ltr'><strong>ea</strong></span> <span class='ocrx_word' id='word_1_670' title='bbox 2291 3968 2410 4023; x_wconf 80' lang='lat' dir='ltr'><strong>quae</strong></span> <span class='ocrx_word' id='word_1_671' title='bbox 2447 3953 2499 4006; x_wconf 90' lang='lat' dir='ltr'><strong>in</strong></span> <span class='ocrx_word' id='word_1_672' title='bbox 2540 3961 2706 4019; x_wconf 89' lang='lat' dir='ltr'><strong>terra,</strong></span> <span class='ocrx_word' id='word_1_673' title='bbox 2737 3954 2828 4008; x_wconf 87' lang='lat' dir='ltr'><strong>sed</strong></span> <span class='ocrx_word' id='word_1_674' title='bbox 2847 3955 3022 4035; x_wconf 77' lang='lat' dir='ltr'><strong>etiam</strong></span> <span class='ocrx_word' id='word_1_675' title='bbox 3050 3971 3168 4026; x_wconf 71' lang='lat' dir='ltr'><strong>quae</strong></span> <span class='ocrx_word' id='word_1_676' title='bbox 3213 3959 3267 4025; x_wconf 85' lang='lat' dir='ltr'><strong>in</strong></span> <span class='ocrx_word' id='word_1_677' title='bbox 3299 3961 3451 4018; x_wconf 76' lang='lat' dir='ltr'><strong>cmlis</strong></span> 
     </span>
    </p>
   </div>
   <div class='ocr_carea' id='block_1_81' title="bbox 1871 4043 3449 4115">
    <p class='ocr_par' dir='ltr' id='par_1_81' title="bbox 1871 4043 3449 4115">
     <span class='ocr_line' id='line_1_81' title="bbox 1871 4043 3449 4115; baseline 0.004 -15"><span class='ocrx_word' id='word_1_678' title='bbox 1871 4053 2029 4100; x_wconf 89' lang='lat' dir='ltr'><strong>erant</strong></span> <span class='ocrx_word' id='word_1_679' title='bbox 2055 4058 2314 4115; x_wconf 88' lang='lat' dir='ltr'><strong>purgasse</strong></span> <span class='ocrx_word' id='word_1_680' title='bbox 2341 4043 2655 4114; x_wconf 86' lang='lat' dir='ltr'><strong>perhibetur</strong></span> <span class='ocrx_word' id='word_1_681' title='bbox 2695 4061 2708 4096; x_wconf 89' lang='lat'><strong>:</strong></span> <span class='ocrx_word' id='word_1_682' title='bbox 2754 4044 2890 4100; x_wconf 90' lang='lat' dir='ltr'><strong>alius</strong></span> <span class='ocrx_word' id='word_1_683' title='bbox 2931 4061 3057 4102; x_wconf 86' lang='lat' dir='ltr'><strong>vero</strong></span> <span class='ocrx_word' id='word_1_684' title='bbox 3099 4050 3302 4115; x_wconf 88' lang='lat' dir='ltr'><strong>omnia,</strong></span> <span class='ocrx_word' id='word_1_685' title='bbox 3341 4067 3449 4106; x_wconf 90' lang='lat' dir='ltr'><strong>non</strong></span> 
     </span>
    </p>
   </div>
   <div class='ocr_carea' id='block_1_82' title="bbox 1873 4132 3451 4208">
    <p class='ocr_par' dir='ltr' id='par_1_82' title="bbox 1873 4132 3451 4208">
     <span class='ocr_line' id='line_1_82' title="bbox 1873 4132 3451 4208; baseline 0.004 -17"><span class='ocrx_word' id='word_1_686' title='bbox 1873 4135 1941 4191; x_wconf 87' lang='lat' dir='ltr'><strong>ad</strong></span> <span class='ocrx_word' id='word_1_687' title='bbox 1968 4133 2391 4197; x_wconf 87' lang='lat' dir='ltr'><strong>universitatem,</strong></span> <span class='ocrx_word' id='word_1_688' title='bbox 2419 4133 2511 4187; x_wconf 90' lang='lat' dir='ltr'><strong>sed</strong></span> <span class='ocrx_word' id='word_1_689' title='bbox 2538 4132 2605 4186; x_wconf 94' lang='lat' dir='ltr'><strong>ad</strong></span> <span class='ocrx_word' id='word_1_690' title='bbox 2629 4147 2692 4187; x_wconf 89' lang='lat' dir='ltr'><strong>ea</strong></span> <span class='ocrx_word' id='word_1_691' title='bbox 2725 4141 2932 4188; x_wconf 92' lang='lat' dir='ltr'><strong>tantum</strong></span> <span class='ocrx_word' id='word_1_692' title='bbox 2960 4134 3126 4192; x_wconf 84' lang='lat' dir='ltr'><strong>refert</strong></span> <span class='ocrx_word' id='word_1_693' title='bbox 3163 4137 3229 4192; x_wconf 90' lang='lat' dir='ltr'><strong>de</strong></span> <span class='ocrx_word' id='word_1_694' title='bbox 3255 4139 3451 4208; x_wconf 78' lang='lat' dir='ltr'><strong>quibus</strong></span> 
     </span>
    </p>
   </div>
   <div class='ocr_carea' id='block_1_83' title="bbox 1871 4224 3450 4296">
    <p class='ocr_par' dir='ltr' id='par_1_83' title="bbox 1871 4224 3450 4296">
     <span class='ocr_line' id='line_1_83' title="bbox 1871 4224 3450 4296; baseline 0.003 -15"><span class='ocrx_word' id='word_1_695' title='bbox 1871 4227 2198 4296; x_wconf 88' lang='lat' dir='ltr'><strong>disputatum</strong></span> <span class='ocrx_word' id='word_1_696' title='bbox 2227 4233 2328 4279; x_wconf 88' lang='lat' dir='ltr'><strong>est.</strong></span> <span class='ocrx_word' id='word_1_697' title='bbox 2364 4224 2461 4280; x_wconf 75' lang='lat' dir='ltr'><strong>Vel</strong></span> <span class='ocrx_word' id='word_1_698' title='bbox 2505 4225 2606 4280; x_wconf 91' lang='lat' dir='ltr'><strong>hoc</strong></span> <span class='ocrx_word' id='word_1_699' title='bbox 2629 4224 2808 4292; x_wconf 90' lang='lat' dir='ltr'><strong>modo,</strong></span> <span class='ocrx_word' id='word_1_700' title='bbox 2835 4226 3011 4281; x_wconf 90' lang='lat' dir='ltr'><strong>omnis</strong></span> <span class='ocrx_word' id='word_1_701' title='bbox 3049 4227 3242 4284; x_wconf 90' lang='lat' dir='ltr'><strong>civitas</strong></span> <span class='ocrx_word' id='word_1_702' title='bbox 3266 4231 3450 4286; x_wconf 84' lang='lat' dir='ltr'><strong>excla-</strong></span> 
     </span>
    </p>
   </div>
   <div class='ocr_carea' id='block_1_84' title="bbox 1871 4313 3454 4386">
    <p class='ocr_par' dir='ltr' id='par_1_84' title="bbox 1871 4313 3454 4386">
     <span class='ocr_line' id='line_1_84' title="bbox 1871 4313 3454 4386; baseline 0.003 -14"><span class='ocrx_word' id='word_1_703' title='bbox 1871 4317 2060 4381; x_wconf 88' lang='lat' dir='ltr'><strong>mavit,</strong></span> <span class='ocrx_word' id='word_1_704' title='bbox 2083 4330 2189 4370; x_wconf 93' lang='lat' dir='ltr'><strong>non</strong></span> <span class='ocrx_word' id='word_1_705' title='bbox 2214 4329 2320 4384; x_wconf 91' lang='lat' dir='ltr'><strong>quo</strong></span> <span class='ocrx_word' id='word_1_706' title='bbox 2342 4313 2533 4384; x_wconf 87' lang='lat' dir='ltr'><strong>aliquis</strong></span> <span class='ocrx_word' id='word_1_707' title='bbox 2557 4321 2736 4369; x_wconf 90' lang='lat' dir='ltr'><strong>tacens</strong></span> <span class='ocrx_word' id='word_1_708' title='bbox 2758 4315 2810 4368; x_wconf 91' lang='lat' dir='ltr'><strong>in</strong></span> <span class='ocrx_word' id='word_1_709' title='bbox 2850 4315 2980 4370; x_wconf 89' lang='lat' dir='ltr'><strong>urbe</strong></span> <span class='ocrx_word' id='word_1_710' title='bbox 3011 4331 3117 4371; x_wconf 93' lang='lat' dir='ltr'><strong>non</strong></span> <span class='ocrx_word' id='word_1_711' title='bbox 3138 4317 3322 4386; x_wconf 79' lang='lat' dir='ltr'><strong>fuerit,</strong></span> <span class='ocrx_word' id='word_1_712' title='bbox 3359 4321 3454 4376; x_wconf 87' lang='lat' dir='ltr'><strong>sed</strong></span> 
     </span>
    </p>
   </div>
   <div class='ocr_carea' id='block_1_85' title="bbox 1872 4406 3454 4480">
    <p class='ocr_par' dir='ltr' id='par_1_85' title="bbox 1872 4406 3454 4480">
     <span class='ocr_line' id='line_1_85' title="bbox 1872 4406 3454 4480; baseline 0.002 -17"><span class='ocrx_word' id='word_1_713' title='bbox 1872 4423 1939 4463; x_wconf 80' lang='lat' dir='ltr'><strong>ex</strong></span> <span class='ocrx_word' id='word_1_714' title='bbox 1963 4417 2116 4480; x_wconf 83' lang='lat' dir='ltr'><strong>parte</strong></span> <span class='ocrx_word' id='word_1_715' title='bbox 2139 4407 2372 4462; x_wconf 80' lang='lat' dir='ltr'><strong>maxima</strong></span> <span class='ocrx_word' id='word_1_716' title='bbox 2394 4406 2558 4460; x_wconf 86' lang='lat' dir='ltr'><strong>etiam</strong></span> <span class='ocrx_word' id='word_1_717' title='bbox 2579 4421 2642 4460; x_wconf 85' lang='lat' dir='ltr'><strong>ea</strong></span> <span class='ocrx_word' id='word_1_718' title='bbox 2659 4421 2778 4474; x_wconf 71' lang='lat' dir='ltr'><strong>qua:</strong></span> <span class='ocrx_word' id='word_1_719' title='bbox 2807 4406 3014 4461; x_wconf 89' lang='lat' dir='ltr'><strong>minora</strong></span> <span class='ocrx_word' id='word_1_720' title='bbox 3035 4416 3161 4462; x_wconf 90' lang='lat' dir='ltr'><strong>sunt</strong></span> <span class='ocrx_word' id='word_1_721' title='bbox 3182 4411 3454 4480; x_wconf 88' lang='lat' dir='ltr'><strong>appellen-</strong></span> 
     </span>
    </p>
   </div>
   <div class='ocr_carea' id='block_1_86' title="bbox 182 4497 1764 4580">
    <p class='ocr_par' dir='ltr' id='par_1_86' title="bbox 182 4514 1764 4580">
     <span class='ocr_line' id='line_1_86' title="bbox 182 4514 1764 4580; baseline -0.002 -9"><span class='ocrx_word' id='word_1_722' title='bbox 182 4532 310 4572; x_wconf 88' lang='lat' dir='ltr'><strong>sum</strong></span> <span class='ocrx_word' id='word_1_723' title='bbox 347 4515 540 4570; x_wconf 90' lang='lat' dir='ltr'><strong>militia</strong></span> <span class='ocrx_word' id='word_1_724' title='bbox 573 4516 628 4570; x_wconf 93' lang='lat' dir='ltr'><strong>in</strong></span> <span class='ocrx_word' id='word_1_725' title='bbox 659 4523 737 4570; x_wconf 90' lang='lat' dir='ltr'><strong>tot</strong></span> <span class='ocrx_word' id='word_1_726' title='bbox 761 4515 1004 4580; x_wconf 89' lang='lat' dir='ltr'><strong>comites,</strong></span> <span class='ocrx_word' id='word_1_727' title='bbox 1031 4516 1214 4580; x_wconf 90' lang='lat' dir='ltr'><strong>duces,</strong></span> <span class='ocrx_word' id='word_1_728' title='bbox 1246 4515 1490 4570; x_wconf 87' lang='lat' dir='ltr'><strong>tribunos</strong></span> <span class='ocrx_word' id='word_1_729' title='bbox 1510 4523 1564 4570; x_wconf 90' lang='lat' dir='ltr'><strong>et</strong></span> <span class='ocrx_word' id='word_1_730' title='bbox 1592 4514 1764 4569; x_wconf 89' lang='lat' dir='ltr'><strong>multi-</strong></span> 
     </span>
    </p>
   </div>
   <div class='ocr_carea' id='block_1_87' title="bbox 1865 4497 3451 4580">
    <p class='ocr_par' dir='ltr' id='par_1_87' title="bbox 1875 4497 3451 4572">
     <span class='ocr_line' id='line_1_87' title="bbox 1875 4497 3451 4572; baseline 0.001 -17"><span class='ocrx_word' id='word_1_731' title='bbox 1875 4508 1991 4568; x_wconf 91' lang='lat' dir='ltr'><strong>tur;</strong></span> <span class='ocrx_word' id='word_1_732' title='bbox 2025 4509 2079 4556; x_wconf 93' lang='lat' dir='ltr'><strong>et</strong></span> <span class='ocrx_word' id='word_1_733' title='bbox 2115 4500 2229 4572; x_wconf 88' lang='lat' dir='ltr'><strong>ipse</strong></span> <span class='ocrx_word' id='word_1_734' title='bbox 2253 4498 2578 4569; x_wconf 83' lang='lat' dir='ltr'><strong>Apostolus:</strong></span> <span class='ocrx_word' id='word_1_735' title='bbox 2610 4497 2821 4565; x_wconf 88' lang='lat' dir='ltr'><strong>Omnes,</strong></span> <span class='ocrx_word' id='word_1_736' title='bbox 2853 4499 3047 4569; x_wconf 88' lang='lat' dir='ltr'><strong>inquit,</strong></span> <span class='ocrx_word' id='word_1_737' title='bbox 3072 4517 3169 4556; x_wconf 82' lang='lat' dir='ltr'><strong>sua</strong></span> <span class='ocrx_word' id='word_1_738' title='bbox 3187 4515 3451 4572; x_wconf 57' lang='lat' dir='ltr'><strong>quierunt,</strong></span> 
     </span>
    </p>
   </div>
   <div class='ocr_carea' id='block_1_88' title="bbox 181 4587 1764 4682">
    <p class='ocr_par' dir='ltr' id='par_1_88' title="bbox 181 4609 1764 4682">
     <span class='ocr_line' id='line_1_88' title="bbox 181 4609 1764 4682; baseline -0.001 -19"><span class='ocrx_word' id='word_1_739' title='bbox 181 4610 389 4682; x_wconf 85' lang='lat' dir='ltr'><strong>plicem</strong></span> <span class='ocrx_word' id='word_1_740' title='bbox 429 4609 706 4664; x_wconf 88' lang='lat' dir='ltr'><strong>scindatur</strong></span> <span class='ocrx_word' id='word_1_741' title='bbox 743 4610 1069 4675; x_wconf 81' lang='lat' dir='ltr'><strong>exercitum;</strong></span> <span class='ocrx_word' id='word_1_742' title='bbox 1098 4617 1152 4663; x_wconf 88' lang='lat' dir='ltr'><strong>et</strong></span> <span class='ocrx_word' id='word_1_743' title='bbox 1196 4616 1446 4678; x_wconf 91' lang='lat' dir='ltr'><strong>putamus</strong></span> <span class='ocrx_word' id='word_1_744' title='bbox 1485 4609 1764 4664; x_wconf 88' lang='lat' dir='ltr'><strong>Dominum</strong></span> 
     </span>
    </p>
   </div>
   <div class='ocr_carea' id='block_1_89' title="bbox 1865 4587 3455 4682">
    <p class='ocr_par' dir='ltr' id='par_1_89' title="bbox 1876 4587 3455 4662">
     <span class='ocr_line' id='line_1_89' title="bbox 1876 4587 3455 4662; baseline 0.001 -14"><span class='ocrx_word' id='word_1_745' title='bbox 1876 4609 1980 4648; x_wconf 90' lang='lat' dir='ltr'><strong>non</strong></span> <span class='ocrx_word' id='word_1_746' title='bbox 2000 4609 2061 4646; x_wconf 91' lang='lat' dir='ltr'><strong>ea</strong></span> <span class='ocrx_word' id='word_1_747' title='bbox 2086 4607 2203 4662; x_wconf 50' lang='lat' dir='ltr'><strong>quae</strong></span> <span class='ocrx_word' id='word_1_748' title='bbox 2229 4599 2349 4644; x_wconf 88' lang='lat' dir='ltr'><strong>sunt</strong></span> <span class='ocrx_word' id='word_1_749' title='bbox 2375 4587 2472 4644; x_wconf 88' lang='lat' dir='ltr'><strong>Dei</strong></span> <span class='ocrx_word' id='word_1_750' title='bbox 2495 4587 2715 4660; x_wconf 83' lang='lat' dir='ltr'><strong>(Philip.</strong></span> <span class='ocrx_word' id='word_1_751' title='bbox 2741 4588 2836 4661; x_wconf 77' lang='lat'><strong>11);</strong></span> <span class='ocrx_word' id='word_1_752' title='bbox 2863 4598 2918 4644; x_wconf 91' lang='lat' dir='ltr'><strong>et</strong></span> <span class='ocrx_word' id='word_1_753' title='bbox 2943 4605 2957 4643; x_wconf 90' lang='lat'><strong>:</strong></span> <span class='ocrx_word' id='word_1_754' title='bbox 2990 4588 3182 4646; x_wconf 88' lang='lat' dir='ltr'><strong>Omnes</strong></span> <span class='ocrx_word' id='word_1_755' title='bbox 3208 4610 3288 4647; x_wconf 90' lang='lat' dir='ltr'><strong>me</strong></span> <span class='ocrx_word' id='word_1_756' title='bbox 3313 4594 3455 4650; x_wconf 84' lang='lat' dir='ltr'><strong>dere—</strong></span> 
     </span>
    </p>
   </div>
   <div class='ocr_carea' id='block_1_90' title="bbox 185 4679 1764 4772">
    <p class='ocr_par' dir='ltr' id='par_1_90' title="bbox 185 4700 1764 4772">
     <span class='ocr_line' id='line_1_90' title="bbox 185 4700 1764 4772; baseline -0.002 -15"><span class='ocrx_word' id='word_1_757' title='bbox 185 4702 537 4757; x_wconf 88' lang='lat' dir='ltr'><strong>dominorum</strong></span> <span class='ocrx_word' id='word_1_758' title='bbox 581 4715 870 4772; x_wconf 88' lang='lat' dir='ltr'><strong>regemque</strong></span> <span class='ocrx_word' id='word_1_759' title='bbox 917 4700 1255 4772; x_wconf 89' lang='lat' dir='ltr'><strong>regnantium</strong></span> <span class='ocrx_word' id='word_1_760' title='bbox 1293 4700 1524 4770; x_wconf 89' lang='lat' dir='ltr'><strong>simplici</strong></span> <span class='ocrx_word' id='word_1_761' title='bbox 1567 4708 1764 4756; x_wconf 79' lang='lat' dir='ltr'><strong>tantum</strong></span> 
     </span>
    </p>
   </div>
   <div class='ocr_carea' id='block_1_91' title="bbox 1865 4679 3452 4772">
    <p class='ocr_par' dir='ltr' id='par_1_91' title="bbox 1872 4679 3452 4756">
     <span class='ocr_line' id='line_1_91' title="bbox 1872 4679 3452 4756; baseline 0.002 -19"><span class='ocrx_word' id='word_1_762' title='bbox 1872 4682 2158 4754; x_wconf 82' lang='lat' dir='ltr'><strong>liquerunt,</strong></span> <span class='ocrx_word' id='word_1_763' title='bbox 2183 4697 2289 4738; x_wconf 92' lang='lat' dir='ltr'><strong>non</strong></span> <span class='ocrx_word' id='word_1_764' title='bbox 2313 4681 2455 4751; x_wconf 90' lang='lat' dir='ltr'><strong>quod</strong></span> <span class='ocrx_word' id='word_1_765' title='bbox 2478 4688 2532 4734; x_wconf 91' lang='lat' dir='ltr'><strong>et</strong></span> <span class='ocrx_word' id='word_1_766' title='bbox 2553 4679 2888 4747; x_wconf 88' lang='lat' dir='ltr'><strong>Timotheus,</strong></span> <span class='ocrx_word' id='word_1_767' title='bbox 2913 4689 2969 4737; x_wconf 88' lang='lat' dir='ltr'><strong>et</strong></span> <span class='ocrx_word' id='word_1_768' title='bbox 2985 4683 3166 4739; x_wconf 67' lang='lat' dir='ltr'><strong>ueteri</strong></span> <span class='ocrx_word' id='word_1_769' title='bbox 3186 4683 3452 4756; x_wconf 90' lang='lat' dir='ltr'><strong>discipuli,</strong></span> 
     </span>
    </p>
   </div>
   <div class='ocr_carea' id='block_1_92' title="bbox 184 4771 1764 4869">
    <p class='ocr_par' dir='ltr' id='par_1_92' title="bbox 184 4792 1764 4869">
     <span class='ocr_line' id='line_1_92' title="bbox 184 4792 1764 4869; baseline -0.003 -19"><span class='ocrx_word' id='word_1_770' title='bbox 184 4793 500 4850; x_wconf 85' lang='lat' dir='ltr'><strong>ministerio</strong></span> <span class='ocrx_word' id='word_1_771' title='bbox 538 4807 657 4849; x_wconf 90' lang='lat' dir='ltr'><strong>esse</strong></span> <span class='ocrx_word' id='word_1_772' title='bbox 707 4793 1048 4869; x_wconf 82' lang='lat' dir='ltr'><strong>contentum?</strong></span> <span class='ocrx_word' id='word_1_773' title='bbox 1092 4792 1161 4846; x_wconf 87' lang='lat' dir='ltr'><strong>Et</strong></span> <span class='ocrx_word' id='word_1_774' title='bbox 1200 4793 1375 4847; x_wconf 89' lang='lat' dir='ltr'><strong>omnia</strong></span> <span class='ocrx_word' id='word_1_775' title='bbox 1415 4792 1631 4862; x_wconf 87' lang='lat' dir='ltr'><strong>subjecit</strong></span> <span class='ocrx_word' id='word_1_776' title='bbox 1679 4792 1764 4847; x_wconf 80' lang='lat' dir='ltr'><strong>sub</strong></span> 
     </span>
    </p>
   </div>
   <div class='ocr_carea' id='block_1_93' title="bbox 1865 4771 3454 4869">
    <p class='ocr_par' dir='ltr' id='par_1_93' title="bbox 1875 4771 3454 4846">
     <span class='ocr_line' id='line_1_93' title="bbox 1875 4771 3454 4846; baseline 0.004 -16"><span class='ocrx_word' id='word_1_777' title='bbox 1875 4776 1968 4846; x_wconf 91' lang='lat' dir='ltr'><strong>qui</strong></span> <span class='ocrx_word' id='word_1_778' title='bbox 1999 4775 2091 4830; x_wconf 89' lang='lat' dir='ltr'><strong>illo</strong></span> <span class='ocrx_word' id='word_1_779' title='bbox 2119 4783 2360 4845; x_wconf 90' lang='lat' dir='ltr'><strong>tempore</strong></span> <span class='ocrx_word' id='word_1_780' title='bbox 2388 4788 2495 4843; x_wconf 89' lang='lat' dir='ltr'><strong>quo</strong></span> <span class='ocrx_word' id='word_1_781' title='bbox 2520 4771 2772 4843; x_wconf 73' lang='lat' dir='ltr'><strong>Epistola:</strong></span> <span class='ocrx_word' id='word_1_782' title='bbox 2797 4773 3192 4842; x_wconf 89' lang='lat' dir='ltr'><strong>scribebantur,</strong></span> <span class='ocrx_word' id='word_1_783' title='bbox 3225 4793 3350 4833; x_wconf 90' lang='lat' dir='ltr'><strong>cum</strong></span> <span class='ocrx_word' id='word_1_784' title='bbox 3388 4794 3454 4836; x_wconf 90' lang='lat' dir='ltr'><strong>eo</strong></span> 
     </span>
    </p>
   </div>
   <div class='ocr_carea' id='block_1_94' title="bbox 184 4883 1777 4958">
    <p class='ocr_par' dir='ltr' id='par_1_94' title="bbox 184 4883 1777 4958">
     <span class='ocr_line' id='line_1_94' title="bbox 184 4883 1777 4958; baseline -0.001 -19"><span class='ocrx_word' id='word_1_785' title='bbox 184 4885 414 4958; x_wconf 81' lang='lat' dir='ltr'><strong>pedibus</strong></span> <span class='ocrx_word' id='word_1_786' title='bbox 436 4883 569 4955; x_wconf 83' lang='lat' dir='ltr'><strong>ejus,</strong></span> <span class='ocrx_word' id='word_1_787' title='bbox 600 4895 646 4939; x_wconf 89' lang='lat' dir='ltr'><strong>et</strong></span> <span class='ocrx_word' id='word_1_788' title='bbox 669 4886 838 4955; x_wconf 85' lang='lat' dir='ltr'><strong>ipsum</strong></span> <span class='ocrx_word' id='word_1_789' title='bbox 859 4885 998 4938; x_wconf 88' lang='lat' dir='ltr'><strong>dedit</strong></span> <span class='ocrx_word' id='word_1_790' title='bbox 1026 4893 1179 4953; x_wconf 88' lang='lat' dir='ltr'><strong>caput</strong></span> <span class='ocrx_word' id='word_1_791' title='bbox 1202 4900 1358 4954; x_wconf 86' lang='lat' dir='ltr'><strong>supra</strong></span> <span class='ocrx_word' id='word_1_792' title='bbox 1398 4883 1570 4937; x_wconf 85' lang='lat' dir='ltr'><strong>omnia</strong></span> <span class='ocrx_word' id='word_1_793' title='bbox 1595 4883 1777 4938; x_wconf 86' lang='lat' dir='ltr'><strong>Eccle-</strong></span> 
     </span>
    </p>
   </div>
   <div class='ocr_carea' id='block_1_95' title="bbox 185 4977 1777 5051">
    <p class='ocr_par' dir='ltr' id='par_1_95' title="bbox 185 4977 1777 5051">
     <span class='ocr_line' id='line_1_95' title="bbox 185 4977 1777 5051; baseline -0.003 -16"><span class='ocrx_word' id='word_1_794' title='bbox 185 4981 307 5045; x_wconf 67' lang='lat' dir='ltr'><strong>siae,</strong></span> <span class='ocrx_word' id='word_1_795' title='bbox 335 4995 456 5051; x_wconf 75' lang='lat' dir='ltr'><strong>qua:</strong></span> <span class='ocrx_word' id='word_1_796' title='bbox 491 4987 564 5034; x_wconf 83' lang='lat' dir='ltr'><strong>est</strong></span> <span class='ocrx_word' id='word_1_797' title='bbox 599 4995 785 5049; x_wconf 90' lang='lat' dir='ltr'><strong>corpus</strong></span> <span class='ocrx_word' id='word_1_798' title='bbox 821 4978 1002 5049; x_wconf 89' lang='lat' dir='ltr'><strong>ipsius,</strong></span> <span class='ocrx_word' id='word_1_799' title='bbox 1028 4977 1294 5046; x_wconf 87' lang='lat' dir='ltr'><strong>plenitudo</strong></span> <span class='ocrx_word' id='word_1_800' title='bbox 1323 4977 1457 5047; x_wconf 87' lang='lat' dir='ltr'><strong>ejus,</strong></span> <span class='ocrx_word' id='word_1_801' title='bbox 1483 4977 1573 5047; x_wconf 79' lang='lat' dir='ltr'><strong>qui</strong></span> <span class='ocrx_word' id='word_1_802' title='bbox 1601 4977 1777 5032; x_wconf 89' lang='lat' dir='ltr'><strong>omnia</strong></span> 
     </span>
    </p>
   </div>
   <div class='ocr_carea' id='block_1_96' title="bbox 186 5066 1778 5140">
    <p class='ocr_par' dir='ltr' id='par_1_96' title="bbox 186 5066 1778 5140">
     <span class='ocr_line' id='line_1_96' title="bbox 186 5066 1778 5140; baseline -0.001 -16"><span class='ocrx_word' id='word_1_803' title='bbox 186 5070 247 5124; x_wconf 87' lang='lat' dir='ltr'><strong>in</strong></span> <span class='ocrx_word' id='word_1_804' title='bbox 297 5069 540 5125; x_wconf 87' lang='lat' dir='ltr'><strong>omnibus</strong></span> <span class='ocrx_word' id='word_1_805' title='bbox 593 5069 923 5139; x_wconf 85' lang='lat' dir='ltr'><strong>adimpletur.</strong></span> <span class='ocrx_word' id='word_1_806' title='bbox 978 5067 1194 5140; x_wconf 85' lang='lat' dir='ltr'><strong>(llier.)</strong></span> <span class='ocrx_word' id='word_1_807' title='bbox 1245 5066 1380 5121; x_wconf 85' lang='lat' dir='ltr'><strong>Huic</strong></span> <span class='ocrx_word' id='word_1_808' title='bbox 1419 5066 1624 5122; x_wconf 83' lang='lat' dir='ltr'><strong>videtur</strong></span> <span class='ocrx_word' id='word_1_809' title='bbox 1657 5082 1778 5123; x_wconf 90' lang='lat' dir='ltr'><strong>esse</strong></span> 
     </span>
    </p>
   </div>
   <div class='ocr_carea' id='block_1_97' title="bbox 189 5158 1777 5244">
    <p class='ocr_par' dir='ltr' id='par_1_97' title="bbox 189 5158 1777 5244">
     <span class='ocr_line' id='line_1_97' title="bbox 189 5158 1777 5244; baseline -0.002 -27"><span class='ocrx_word' id='word_1_810' title='bbox 189 5161 556 5244; x_wconf 66' lang='lat' dir='ltr'><strong>contrarium,</strong></span> <span class='ocrx_word' id='word_1_811' title='bbox 596 5160 734 5230; x_wconf 91' lang='lat' dir='ltr'><strong>quod</strong></span> <span class='ocrx_word' id='word_1_812' title='bbox 772 5159 897 5214; x_wconf 91' lang='lat' dir='ltr'><strong>alibi</strong></span> <span class='ocrx_word' id='word_1_813' title='bbox 938 5160 1196 5230; x_wconf 89' lang='lat' dir='ltr'><strong>scriptum</strong></span> <span class='ocrx_word' id='word_1_814' title='bbox 1224 5167 1344 5214; x_wconf 88' lang='lat' dir='ltr'><strong>est:</strong></span> <span class='ocrx_word' id='word_1_815' title='bbox 1378 5158 1617 5214; x_wconf 85' lang='lat' dir='ltr'><strong>Necdum</strong></span> <span class='ocrx_word' id='word_1_816' title='bbox 1641 5161 1777 5215; x_wconf 85' lang='lat' dir='ltr'><strong>enim</strong></span> 
     </span>
    </p>
   </div>
   <div class='ocr_carea' id='block_1_98' title="bbox 191 5251 1774 5324">
    <p class='ocr_par' dir='ltr' id='par_1_98' title="bbox 191 5251 1774 5324">
     <span class='ocr_line' id='line_1_98' title="bbox 191 5251 1774 5324; baseline 0.001 -16"><span class='ocrx_word' id='word_1_817' title='bbox 191 5255 433 5309; x_wconf 72' lang='lat' dir='ltr'><strong>ridemus</strong></span> <span class='ocrx_word' id='word_1_818' title='bbox 455 5253 501 5306; x_wconf 88' lang='lat' dir='ltr'><strong>ei</strong></span> <span class='ocrx_word' id='word_1_819' title='bbox 522 5254 695 5307; x_wconf 90' lang='lat' dir='ltr'><strong>omnia</strong></span> <span class='ocrx_word' id='word_1_820' title='bbox 718 5270 826 5307; x_wconf 85' lang='lat' dir='ltr'><strong>esse</strong></span> <span class='ocrx_word' id='word_1_821' title='bbox 845 5253 1072 5323; x_wconf 88' lang='lat' dir='ltr'><strong>subjecta</strong></span> <span class='ocrx_word' id='word_1_822' title='bbox 1096 5251 1282 5324; x_wconf 84' lang='lat' dir='ltr'><strong>(Hebr.</strong></span> <span class='ocrx_word' id='word_1_823' title='bbox 1305 5252 1399 5322; x_wconf 85' lang='lat'><strong>11);</strong></span> <span class='ocrx_word' id='word_1_824' title='bbox 1425 5255 1519 5309; x_wconf 87' lang='lat' dir='ltr'><strong>sed</strong></span> <span class='ocrx_word' id='word_1_825' title='bbox 1539 5262 1593 5308; x_wconf 92' lang='lat' dir='ltr'><strong>et</strong></span> <span class='ocrx_word' id='word_1_826' title='bbox 1615 5253 1774 5309; x_wconf 89' lang='lat' dir='ltr'><strong>illud:</strong></span> 
     </span>
    </p>
   </div>
   <div class='ocr_carea' id='block_1_99' title="bbox 197 5343 1776 5416">
    <p class='ocr_par' dir='ltr' id='par_1_99' title="bbox 197 5343 1776 5416">
     <span class='ocr_line' id='line_1_99' title="bbox 197 5343 1776 5416; baseline 0.001 -17"><span class='ocrx_word' id='word_1_827' title='bbox 197 5344 420 5416; x_wconf 87' lang='lat' dir='ltr'><strong>Oportet</strong></span> <span class='ocrx_word' id='word_1_828' title='bbox 446 5345 582 5398; x_wconf 88' lang='lat' dir='ltr'><strong>enim</strong></span> <span class='ocrx_word' id='word_1_829' title='bbox 608 5343 756 5398; x_wconf 87' lang='lat' dir='ltr'><strong>illum</strong></span> <span class='ocrx_word' id='word_1_830' title='bbox 785 5361 1021 5416; x_wconf 87' lang='lat' dir='ltr'><strong>regnare,</strong></span> <span class='ocrx_word' id='word_1_831' title='bbox 1048 5344 1209 5397; x_wconf 85' lang='lat' dir='ltr'><strong>donec</strong></span> <span class='ocrx_word' id='word_1_832' title='bbox 1231 5353 1387 5413; x_wconf 84' lang='lat' dir='ltr'><strong>ponat</strong></span> <span class='ocrx_word' id='word_1_833' title='bbox 1414 5345 1652 5400; x_wconf 89' lang='lat' dir='ltr'><strong>inimicos</strong></span> <span class='ocrx_word' id='word_1_834' title='bbox 1682 5345 1776 5400; x_wconf 90' lang='lat' dir='ltr'><strong>sub</strong></span> 
     </span>
    </p>
   </div>
   <div class='ocr_carea' id='block_1_100' title="bbox 196 5432 1778 5508">
    <p class='ocr_par' dir='ltr' id='par_1_100' title="bbox 196 5432 1778 5508">
     <span class='ocr_line' id='line_1_100' title="bbox 196 5432 1778 5508; baseline 0.003 -20"><span class='ocrx_word' id='word_1_835' title='bbox 196 5435 420 5505; x_wconf 82' lang='lat' dir='ltr'><strong>pedibus</strong></span> <span class='ocrx_word' id='word_1_836' title='bbox 455 5433 566 5506; x_wconf 86' lang='lat' dir='ltr'><strong>ejus</strong></span> <span class='ocrx_word' id='word_1_837' title='bbox 595 5432 648 5506; x_wconf 96' lang='grc'><strong>(1</strong></span> <span class='ocrx_word' id='word_1_838' title='bbox 677 5432 800 5490; x_wconf 88' lang='lat' dir='ltr'><strong>Cor.</strong></span> <span class='ocrx_word' id='word_1_839' title='bbox 841 5435 951 5508; x_wconf 86' lang='lat' dir='ltr'><strong>xv).</strong></span> <span class='ocrx_word' id='word_1_840' title='bbox 985 5433 1043 5488; x_wconf 89' lang='lat' dir='ltr'><strong>Si</strong></span> <span class='ocrx_word' id='word_1_841' title='bbox 1081 5434 1224 5490; x_wconf 91' lang='lat' dir='ltr'><strong>enim</strong></span> <span class='ocrx_word' id='word_1_842' title='bbox 1268 5437 1496 5491; x_wconf 89' lang='lat' dir='ltr'><strong>necdum</strong></span> <span class='ocrx_word' id='word_1_843' title='bbox 1551 5437 1600 5492; x_wconf 92' lang='lat' dir='ltr'><strong>ei</strong></span> <span class='ocrx_word' id='word_1_844' title='bbox 1649 5439 1778 5493; x_wconf 88' lang='lat' dir='ltr'><strong>sub-</strong></span> 
     </span>
    </p>
   </div>
   <div class='ocr_carea' id='block_1_101' title="bbox 191 5528 1780 5603">
    <p class='ocr_par' dir='ltr' id='par_1_101' title="bbox 191 5528 1780 5603">
     <span class='ocr_line' id='line_1_101' title="bbox 191 5528 1780 5603; baseline 0.001 -18"><span class='ocrx_word' id='word_1_845' title='bbox 191 5528 342 5600; x_wconf 86' lang='lat' dir='ltr'><strong>jecta</strong></span> <span class='ocrx_word' id='word_1_846' title='bbox 375 5537 503 5585; x_wconf 91' lang='lat' dir='ltr'><strong>sunt</strong></span> <span class='ocrx_word' id='word_1_847' title='bbox 524 5531 728 5596; x_wconf 88' lang='lat' dir='ltr'><strong>omnia,</strong></span> <span class='ocrx_word' id='word_1_848' title='bbox 775 5539 829 5586; x_wconf 91' lang='lat' dir='ltr'><strong>et</strong></span> <span class='ocrx_word' id='word_1_849' title='bbox 864 5539 1072 5602; x_wconf 91' lang='lat' dir='ltr'><strong>oportet</strong></span> <span class='ocrx_word' id='word_1_850' title='bbox 1109 5547 1231 5586; x_wconf 91' lang='lat' dir='ltr'><strong>eum</strong></span> <span class='ocrx_word' id='word_1_851' title='bbox 1269 5547 1496 5603; x_wconf 87' lang='lat' dir='ltr'><strong>regnare</strong></span> <span class='ocrx_word' id='word_1_852' title='bbox 1527 5531 1698 5587; x_wconf 91' lang='lat' dir='ltr'><strong>donec</strong></span> <span class='ocrx_word' id='word_1_853' title='bbox 1731 5532 1780 5586; x_wconf 93' lang='lat' dir='ltr'><strong>ei</strong></span> 
     </span>
    </p>
   </div>
   <div class='ocr_carea' id='block_1_102' title="bbox 201 5621 1784 5696">
    <p class='ocr_par' dir='ltr' id='par_1_102' title="bbox 201 5621 1784 5696">
     <span class='ocr_line' id='line_1_102' title="bbox 201 5621 1784 5696; baseline 0 -17"><span class='ocrx_word' id='word_1_854' title='bbox 201 5621 560 5691; x_wconf 85' lang='lat' dir='ltr'><strong>subjiciantur</strong></span> <span class='ocrx_word' id='word_1_855' title='bbox 585 5624 787 5690; x_wconf 91' lang='lat' dir='ltr'><strong>omnia,</strong></span> <span class='ocrx_word' id='word_1_856' title='bbox 816 5623 1084 5696; x_wconf 87' lang='lat' dir='ltr'><strong>quomodo</strong></span> <span class='ocrx_word' id='word_1_857' title='bbox 1123 5639 1262 5679; x_wconf 91' lang='lat' dir='ltr'><strong>nunc</strong></span> <span class='ocrx_word' id='word_1_858' title='bbox 1295 5623 1392 5679; x_wconf 88' lang='lat' dir='ltr'><strong>sub</strong></span> <span class='ocrx_word' id='word_1_859' title='bbox 1414 5623 1640 5694; x_wconf 87' lang='lat' dir='ltr'><strong>pedibus</strong></span> <span class='ocrx_word' id='word_1_860' title='bbox 1666 5621 1784 5693; x_wconf 85' lang='lat' dir='ltr'><strong>ejus</strong></span> 
     </span>
    </p>
   </div>
   <div class='ocr_carea' id='block_1_103' title="bbox 207 5713 1785 5787">
    <p class='ocr_par' dir='ltr' id='par_1_103' title="bbox 207 5713 1785 5787">
     <span class='ocr_line' id='line_1_103' title="bbox 207 5713 1785 5787; baseline -0.001 -13"><span class='ocrx_word' id='word_1_861' title='bbox 207 5713 354 5774; x_wconf 85' lang='lat' dir='ltr'><strong>Dens</strong></span> <span class='ocrx_word' id='word_1_862' title='bbox 395 5718 648 5772; x_wconf 89' lang='lat' dir='ltr'><strong>universa</strong></span> <span class='ocrx_word' id='word_1_863' title='bbox 698 5716 958 5787; x_wconf 87' lang='lat' dir='ltr'><strong>subjecit?</strong></span> <span class='ocrx_word' id='word_1_864' title='bbox 997 5718 1249 5782; x_wconf 79' lang='lat' dir='ltr'><strong>maxime,</strong></span> <span class='ocrx_word' id='word_1_865' title='bbox 1290 5733 1410 5771; x_wconf 87' lang='lat' dir='ltr'><strong>cum</strong></span> <span class='ocrx_word' id='word_1_866' title='bbox 1442 5717 1495 5771; x_wconf 91' lang='lat' dir='ltr'><strong>in</strong></span> <span class='ocrx_word' id='word_1_867' title='bbox 1525 5715 1629 5770; x_wconf 91' lang='lat' dir='ltr'><strong>alio</strong></span> <span class='ocrx_word' id='word_1_868' title='bbox 1665 5716 1785 5772; x_wconf 91' lang='lat' dir='ltr'><strong>loco</strong></span> 
     </span>
    </p>
   </div>
   <div class='ocr_carea' id='block_1_104' title="bbox 208 5807 1785 5872">
    <p class='ocr_par' dir='ltr' id='par_1_104' title="bbox 208 5807 1785 5872">
     <span class='ocr_line' id='line_1_104' title="bbox 208 5807 1785 5872; baseline -0.003 -8"><span class='ocrx_word' id='word_1_869' title='bbox 208 5807 407 5866; x_wconf 87' lang='lat' dir='ltr'><strong>Paulus</strong></span> <span class='ocrx_word' id='word_1_870' title='bbox 435 5817 698 5866; x_wconf 87' lang='lat' dir='ltr'><strong>testetur:</strong></span> <span class='ocrx_word' id='word_1_871' title='bbox 740 5807 871 5864; x_wconf 87' lang='lat' dir='ltr'><strong>Cum</strong></span> <span class='ocrx_word' id='word_1_872' title='bbox 897 5819 1066 5864; x_wconf 86' lang='lat' dir='ltr'><strong>autem</strong></span> <span class='ocrx_word' id='word_1_873' title='bbox 1100 5810 1146 5862; x_wconf 84' lang='lat' dir='ltr'><strong>ei</strong></span> <span class='ocrx_word' id='word_1_874' title='bbox 1181 5807 1413 5872; x_wconf 85' lang='lat' dir='ltr'><strong>subiecta</strong></span> <span class='ocrx_word' id='word_1_875' title='bbox 1441 5809 1630 5862; x_wconf 70' lang='lat' dir='ltr'><strong>fuerint</strong></span> <span class='ocrx_word' id='word_1_876' title='bbox 1669 5823 1785 5862; x_wconf 88' lang='lat' dir='ltr'><strong>om-</strong></span> 
     </span>
    </p>
   </div>
   <div class='ocr_carea' id='block_1_105' title="bbox 1875 4865 3456 4942">
    <p class='ocr_par' dir='ltr' id='par_1_105' title="bbox 1875 4865 3456 4942">
     <span class='ocr_line' id='line_1_105' title="bbox 1875 4865 3456 4942; baseline 0.001 -18"><span class='ocrx_word' id='word_1_877' title='bbox 1875 4877 2053 4935; x_wconf 90' lang='lat' dir='ltr'><strong>erant,</strong></span> <span class='ocrx_word' id='word_1_878' title='bbox 2085 4868 2236 4924; x_wconf 92' lang='lat' dir='ltr'><strong>illum</strong></span> <span class='ocrx_word' id='word_1_879' title='bbox 2287 4866 2628 4937; x_wconf 90' lang='lat' dir='ltr'><strong>reliquerint,</strong></span> <span class='ocrx_word' id='word_1_880' title='bbox 2676 4865 2770 4920; x_wconf 87' lang='lat' dir='ltr'><strong>sed</strong></span> <span class='ocrx_word' id='word_1_881' title='bbox 2820 4865 3022 4922; x_wconf 90' lang='lat' dir='ltr'><strong>idcirco</strong></span> <span class='ocrx_word' id='word_1_882' title='bbox 3073 4868 3199 4940; x_wconf 90' lang='lat' dir='ltr'><strong>quia</strong></span> <span class='ocrx_word' id='word_1_883' title='bbox 3259 4886 3292 4926; x_wconf 87' lang='lat' dir='ltr'><strong>a</strong></span> <span class='ocrx_word' id='word_1_884' title='bbox 3338 4871 3456 4942; x_wconf 89' lang='lat' dir='ltr'><strong>plu-</strong></span> 
     </span>
    </p>
   </div>
   <div class='ocr_carea' id='block_1_106' title="bbox 1879 4957 3456 5024">
    <p class='ocr_par' dir='ltr' id='par_1_106' title="bbox 1879 4957 3456 5024">
     <span class='ocr_line' id='line_1_106' title="bbox 1879 4957 3456 5024; baseline 0.002 -8"><span class='ocrx_word' id='word_1_885' title='bbox 1879 4962 2028 5016; x_wconf 87' lang='lat' dir='ltr'><strong>ribus</strong></span> <span class='ocrx_word' id='word_1_886' title='bbox 2067 4960 2139 5015; x_wconf 92' lang='lat' dir='ltr'><strong>sit</strong></span> <span class='ocrx_word' id='word_1_887' title='bbox 2171 4960 2448 5024; x_wconf 87' lang='lat' dir='ltr'><strong>desertus,</strong></span> <span class='ocrx_word' id='word_1_888' title='bbox 2488 4959 2556 5012; x_wconf 91' lang='lat' dir='ltr'><strong>ab</strong></span> <span class='ocrx_word' id='word_1_889' title='bbox 2603 4957 2873 5024; x_wconf 91' lang='lat' dir='ltr'><strong>omnibus,</strong></span> <span class='ocrx_word' id='word_1_890' title='bbox 2918 4957 2971 5014; x_wconf 93' lang='lat' dir='ltr'><strong>id</strong></span> <span class='ocrx_word' id='word_1_891' title='bbox 3010 4969 3096 5016; x_wconf 91' lang='lat' dir='ltr'><strong>est</strong></span> <span class='ocrx_word' id='word_1_892' title='bbox 3141 4975 3172 5016; x_wconf 91' lang='lat' dir='ltr'><strong>a</strong></span> <span class='ocrx_word' id='word_1_893' title='bbox 3218 4965 3456 5020; x_wconf 81' lang='lat' dir='ltr'><strong>maxima</strong></span> 
     </span>
    </p>
   </div>
   <div class='ocr_carea' id='block_1_107' title="bbox 1878 5048 3456 5124">
    <p class='ocr_par' dir='ltr' id='par_1_107' title="bbox 1878 5048 3456 5124">
     <span class='ocr_line' id='line_1_107' title="bbox 1878 5048 3456 5124; baseline 0.003 -17"><span class='ocrx_word' id='word_1_894' title='bbox 1878 5061 2033 5124; x_wconf 87' lang='lat' dir='ltr'><strong>parte</strong></span> <span class='ocrx_word' id='word_1_895' title='bbox 2047 5052 2319 5108; x_wconf 88' lang='lat' dir='ltr'><strong>desertum</strong></span> <span class='ocrx_word' id='word_1_896' title='bbox 2341 5065 2398 5105; x_wconf 91' lang='lat' dir='ltr'><strong>se</strong></span> <span class='ocrx_word' id='word_1_897' title='bbox 2413 5063 2533 5104; x_wconf 90' lang='lat' dir='ltr'><strong>esse</strong></span> <span class='ocrx_word' id='word_1_898' title='bbox 2553 5048 2919 5119; x_wconf 87' lang='lat' dir='ltr'><strong>conqueritur.</strong></span> <span class='ocrx_word' id='word_1_899' title='bbox 2937 5048 3090 5118; x_wconf 85' lang='lat' dir='ltr'><strong>Quod</strong></span> <span class='ocrx_word' id='word_1_900' title='bbox 3105 5061 3159 5107; x_wconf 90' lang='lat' dir='ltr'><strong>et</strong></span> <span class='ocrx_word' id='word_1_901' title='bbox 3179 5052 3234 5108; x_wconf 92' lang='lat' dir='ltr'><strong>in</strong></span> <span class='ocrx_word' id='word_1_902' title='bbox 3248 5055 3456 5124; x_wconf 88' lang='lat' dir='ltr'><strong>psalmo</strong></span> 
     </span>
    </p>
   </div>
   <div class='ocr_carea' id='block_1_108' title="bbox 1879 5139 3454 5216">
    <p class='ocr_par' dir='ltr' id='par_1_108' title="bbox 1879 5139 3454 5216">
     <span class='ocr_line' id='line_1_108' title="bbox 1879 5139 3454 5216; baseline 0 -16"><span class='ocrx_word' id='word_1_903' title='bbox 1879 5152 2038 5201; x_wconf 87' lang='lat' dir='ltr'><strong>sonat</strong></span> <span class='ocrx_word' id='word_1_904' title='bbox 2062 5163 2074 5199; x_wconf 91' lang='lat'>:</span> <span class='ocrx_word' id='word_1_905' title='bbox 2093 5141 2284 5198; x_wconf 87' lang='lat' dir='ltr'><strong>Omnes</strong></span> <span class='ocrx_word' id='word_1_906' title='bbox 2305 5140 2711 5207; x_wconf 85' lang='lat' dir='ltr'><strong>declinaverunt,</strong></span> <span class='ocrx_word' id='word_1_907' title='bbox 2732 5139 2890 5195; x_wconf 88' lang='lat' dir='ltr'><strong>simul</strong></span> <span class='ocrx_word' id='word_1_908' title='bbox 2911 5141 3120 5197; x_wconf 84' lang='lat' dir='ltr'><strong>inutiles</strong></span> <span class='ocrx_word' id='word_1_909' title='bbox 3140 5145 3269 5216; x_wconf 80' lang='lat' dir='ltr'><strong>facti</strong></span> <span class='ocrx_word' id='word_1_910' title='bbox 3293 5158 3413 5202; x_wconf 88' lang='lat' dir='ltr'><strong>sunt</strong></span> <span class='ocrx_word' id='word_1_911' title='bbox 3435 5163 3454 5200; x_wconf 92' lang='lat'><strong><em>:</em></strong></span> 
     </span>
    </p>
   </div>
   <div class='ocr_carea' id='block_1_109' title="bbox 1879 5233 3457 5308">
    <p class='ocr_par' dir='ltr' id='par_1_109' title="bbox 1879 5233 3457 5308">
     <span class='ocr_line' id='line_1_109' title="bbox 1879 5233 3457 5308; baseline 0.003 -17"><span class='ocrx_word' id='word_1_912' title='bbox 1879 5252 1982 5291; x_wconf 88' lang='lat' dir='ltr'><strong>non</strong></span> <span class='ocrx_word' id='word_1_913' title='bbox 2025 5245 2100 5289; x_wconf 89' lang='lat' dir='ltr'><strong>est</strong></span> <span class='ocrx_word' id='word_1_914' title='bbox 2135 5234 2223 5302; x_wconf 86' lang='lat' dir='ltr'><strong>qui</strong></span> <span class='ocrx_word' id='word_1_915' title='bbox 2262 5234 2421 5303; x_wconf 78' lang='lat' dir='ltr'><strong>faciat</strong></span> <span class='ocrx_word' id='word_1_916' title='bbox 2469 5233 2680 5299; x_wconf 88' lang='lat' dir='ltr'><strong>bonum,</strong></span> <span class='ocrx_word' id='word_1_917' title='bbox 2720 5249 2822 5288; x_wconf 89' lang='lat' dir='ltr'><strong>non</strong></span> <span class='ocrx_word' id='word_1_918' title='bbox 2867 5244 2942 5289; x_wconf 86' lang='lat' dir='ltr'><strong>est</strong></span> <span class='ocrx_word' id='word_1_919' title='bbox 2989 5252 3149 5308; x_wconf 82' lang='lat' dir='ltr'><strong>usque</strong></span> <span class='ocrx_word' id='word_1_920' title='bbox 3179 5239 3250 5292; x_wconf 87' lang='lat' dir='ltr'><strong>ad</strong></span> <span class='ocrx_word' id='word_1_921' title='bbox 3294 5257 3457 5295; x_wconf 87' lang='lat' dir='ltr'><strong>unum</strong></span> 
     </span>
    </p>
   </div>
   <div class='ocr_carea' id='block_1_110' title="bbox 1881 5322 3454 5400">
    <p class='ocr_par' dir='ltr' id='par_1_110' title="bbox 1881 5322 3454 5400">
     <span class='ocr_line' id='line_1_110' title="bbox 1881 5322 3454 5400; baseline 0.004 -23"><span class='ocrx_word' id='word_1_922' title='bbox 1881 5322 2052 5397; x_wconf 86' lang='lat' dir='ltr'><strong>(Psal.</strong></span> <span class='ocrx_word' id='word_1_923' title='bbox 2075 5323 2219 5398; x_wconf 69' lang='grc' dir='ltr'>χιιι).</span> <span class='ocrx_word' id='word_1_924' title='bbox 2246 5323 2300 5380; x_wconf 87' lang='lat' dir='ltr'><strong>Si</strong></span> <span class='ocrx_word' id='word_1_925' title='bbox 2324 5325 2467 5380; x_wconf 88' lang='lat' dir='ltr'><strong>enim</strong></span> <span class='ocrx_word' id='word_1_926' title='bbox 2491 5339 2679 5382; x_wconf 89' lang='lat' dir='ltr'><strong>omnes</strong></span> <span class='ocrx_word' id='word_1_927' title='bbox 2699 5325 3121 5394; x_wconf 88' lang='lat' dir='ltr'><strong>declinaverunt,</strong></span> <span class='ocrx_word' id='word_1_928' title='bbox 3136 5343 3265 5400; x_wconf 85' lang='lat' dir='ltr'><strong>ergo</strong></span> <span class='ocrx_word' id='word_1_929' title='bbox 3288 5329 3454 5385; x_wconf 90' lang='lat' dir='ltr'><strong>decli-</strong></span> 
     </span>
    </p>
   </div>
   <div class='ocr_carea' id='block_1_111' title="bbox 1877 5416 3455 5491">
    <p class='ocr_par' dir='ltr' id='par_1_111' title="bbox 1877 5416 3455 5491">
     <span class='ocr_line' id='line_1_111' title="bbox 1877 5416 3455 5491; baseline 0.003 -19"><span class='ocrx_word' id='word_1_930' title='bbox 1877 5416 2029 5472; x_wconf 89' lang='lat' dir='ltr'><strong>navit</strong></span> <span class='ocrx_word' id='word_1_931' title='bbox 2053 5424 2108 5472; x_wconf 89' lang='lat' dir='ltr'><strong>et</strong></span> <span class='ocrx_word' id='word_1_932' title='bbox 2137 5417 2250 5486; x_wconf 91' lang='lat' dir='ltr'><strong>ipse</strong></span> <span class='ocrx_word' id='word_1_933' title='bbox 2283 5417 2374 5488; x_wconf 89' lang='lat' dir='ltr'><strong>qui</strong></span> <span class='ocrx_word' id='word_1_934' title='bbox 2405 5416 2664 5486; x_wconf 88' lang='lat' dir='ltr'><strong>loquitur.</strong></span> <span class='ocrx_word' id='word_1_935' title='bbox 2693 5417 2760 5473; x_wconf 89' lang='lat' dir='ltr'><strong>Et</strong></span> <span class='ocrx_word' id='word_1_936' title='bbox 2791 5419 2920 5474; x_wconf 87' lang='lat' dir='ltr'><strong>alibi</strong></span> <span class='ocrx_word' id='word_1_937' title='bbox 2951 5437 2963 5473; x_wconf 90' lang='lat'><strong>:</strong></span> <span class='ocrx_word' id='word_1_938' title='bbox 2995 5419 3108 5491; x_wconf 88' lang='lat' dir='ltr'><strong>Ego</strong></span> <span class='ocrx_word' id='word_1_939' title='bbox 3139 5421 3252 5475; x_wconf 74' lang='lat' dir='ltr'><strong>dixi</strong></span> <span class='ocrx_word' id='word_1_940' title='bbox 3277 5422 3334 5476; x_wconf 90' lang='lat' dir='ltr'><strong>in</strong></span> <span class='ocrx_word' id='word_1_941' title='bbox 3360 5439 3455 5477; x_wconf 78' lang='lat' dir='ltr'><strong>ea:-</strong></span> 
     </span>
    </p>
   </div>
   <div class='ocr_carea' id='block_1_112' title="bbox 1879 5505 3457 5582">
    <p class='ocr_par' dir='ltr' id='par_1_112' title="bbox 1879 5505 3457 5582">
     <span class='ocr_line' id='line_1_112' title="bbox 1879 5505 3457 5582; baseline 0.001 -19"><span class='ocrx_word' id='word_1_942' title='bbox 1879 5525 2027 5564; x_wconf 83' lang='lat' dir='ltr'><strong>cessu</strong></span> <span class='ocrx_word' id='word_1_943' title='bbox 2076 5524 2189 5564; x_wconf 90' lang='lat' dir='ltr'><strong>meo</strong></span> <span class='ocrx_word' id='word_1_944' title='bbox 2221 5520 2240 5558; x_wconf 89' lang='lat'><strong><em>:</em></strong></span> <span class='ocrx_word' id='word_1_945' title='bbox 2271 5505 2453 5562; x_wconf 80' lang='lat' dir='ltr'><strong>Omnis</strong></span> <span class='ocrx_word' id='word_1_946' title='bbox 2487 5508 2644 5562; x_wconf 72' lang='lat' dir='ltr'><strong>homo</strong></span> <span class='ocrx_word' id='word_1_947' title='bbox 2673 5509 2899 5572; x_wconf 74' lang='lat' dir='ltr'><strong>mendas:</strong></span> <span class='ocrx_word' id='word_1_948' title='bbox 2939 5507 3111 5580; x_wconf 80' lang='lat' dir='ltr'><strong>(Psal.</strong></span> <span class='ocrx_word' id='word_1_949' title='bbox 3155 5509 3300 5582; x_wconf 65' lang='grc' dir='ltr'><strong>ειν).</strong></span> <span class='ocrx_word' id='word_1_950' title='bbox 3349 5511 3457 5566; x_wconf 84' lang='lat' dir='ltr'><strong>Aut</strong></span> 
     </span>
    </p>
   </div>
   <div class='ocr_carea' id='block_1_113' title="bbox 1879 5599 3454 5670">
    <p class='ocr_par' dir='ltr' id='par_1_113' title="bbox 1879 5599 3454 5670">
     <span class='ocr_line' id='line_1_113' title="bbox 1879 5599 3454 5670; baseline -0.001 -12"><span class='ocrx_word' id='word_1_951' title='bbox 1879 5601 2026 5658; x_wconf 85' lang='lat' dir='ltr'><strong>enim</strong></span> <span class='ocrx_word' id='word_1_952' title='bbox 2054 5613 2239 5654; x_wconf 79' lang='lat' dir='ltr'><strong>verum</strong></span> <span class='ocrx_word' id='word_1_953' title='bbox 2269 5606 2353 5654; x_wconf 87' lang='lat' dir='ltr'><strong>est</strong></span> <span class='ocrx_word' id='word_1_954' title='bbox 2379 5599 2480 5656; x_wconf 86' lang='lat' dir='ltr'><strong>hoc</strong></span> <span class='ocrx_word' id='word_1_955' title='bbox 2497 5613 2660 5654; x_wconf 87' lang='lat' dir='ltr'><strong>omne</strong></span> <span class='ocrx_word' id='word_1_956' title='bbox 2685 5600 2828 5670; x_wconf 90' lang='lat' dir='ltr'><strong>quod</strong></span> <span class='ocrx_word' id='word_1_957' title='bbox 2857 5601 3014 5668; x_wconf 82' lang='lat' dir='ltr'><strong>dixit,</strong></span> <span class='ocrx_word' id='word_1_958' title='bbox 3037 5610 3130 5656; x_wconf 85' lang='lat' dir='ltr'><strong>aut</strong></span> <span class='ocrx_word' id='word_1_959' title='bbox 3155 5601 3344 5657; x_wconf 82' lang='lat' dir='ltr'><strong>falsum</strong></span> <span class='ocrx_word' id='word_1_960' title='bbox 3369 5618 3384 5654; x_wconf 91' lang='lat'><strong>:</strong></span> <span class='ocrx_word' id='word_1_961' title='bbox 3407 5602 3454 5658; x_wconf 84' lang='lat' dir='ltr'><strong>si</strong></span> 
     </span>
    </p>
   </div>
   <div class='ocr_carea' id='block_1_114' title="bbox 1881 5693 3458 5766">
    <p class='ocr_par' dir='ltr' id='par_1_114' title="bbox 1881 5693 3458 5766">
     <span class='ocr_line' id='line_1_114' title="bbox 1881 5693 3458 5766; baseline -0.001 -16"><span class='ocrx_word' id='word_1_962' title='bbox 1881 5695 2028 5750; x_wconf 89' lang='lat' dir='ltr'><strong>enim</strong></span> <span class='ocrx_word' id='word_1_963' title='bbox 2051 5693 2226 5750; x_wconf 87' lang='lat' dir='ltr'><strong>omnis</strong></span> <span class='ocrx_word' id='word_1_964' title='bbox 2257 5693 2420 5752; x_wconf 89' lang='lat' dir='ltr'><strong>homo</strong></span> <span class='ocrx_word' id='word_1_965' title='bbox 2470 5693 2700 5748; x_wconf 81' lang='lat' dir='ltr'><strong>mendax</strong></span> <span class='ocrx_word' id='word_1_966' title='bbox 2731 5702 2836 5760; x_wconf 90' lang='lat' dir='ltr'><strong>est,</strong></span> <span class='ocrx_word' id='word_1_967' title='bbox 2881 5710 3009 5766; x_wconf 85' lang='lat' dir='ltr'><strong>ergo</strong></span> <span class='ocrx_word' id='word_1_968' title='bbox 3037 5695 3264 5766; x_wconf 78' lang='lat' dir='ltr'><strong>mendax</strong></span> <span class='ocrx_word' id='word_1_969' title='bbox 3299 5702 3382 5748; x_wconf 85' lang='lat' dir='ltr'><strong>est</strong></span> <span class='ocrx_word' id='word_1_970' title='bbox 3402 5703 3458 5749; x_wconf 90' lang='lat' dir='ltr'><strong>et</strong></span> 
     </span>
    </p>
   </div>
   <div class='ocr_carea' id='block_1_115' title="bbox 1885 5761 3453 5859">
    <p class='ocr_par' dir='ltr' id='par_1_115' title="bbox 1885 5761 3453 5859">
     <span class='ocr_line' id='line_1_115' title="bbox 1885 5761 3453 5859; baseline -0.001 -17"><span class='ocrx_word' id='word_1_971' title='bbox 1885 5788 2000 5859; x_wconf 88' lang='lat' dir='ltr'><strong>ipse</strong></span> <span class='ocrx_word' id='word_1_972' title='bbox 2030 5787 2118 5857; x_wconf 87' lang='lat' dir='ltr'><strong>qui</strong></span> <span class='ocrx_word' id='word_1_973' title='bbox 2156 5784 2405 5854; x_wconf 87' lang='lat' dir='ltr'><strong>loquitur.</strong></span> <span class='ocrx_word' id='word_1_974' title='bbox 2450 5783 2504 5839; x_wconf 92' lang='lat' dir='ltr'><strong>Si</strong></span> <span class='ocrx_word' id='word_1_975' title='bbox 2535 5792 2711 5841; x_wconf 86' lang='lat' dir='ltr'><strong>autem</strong></span> <span class='ocrx_word' id='word_1_976' title='bbox 2739 5761 2970 5840; x_wconf 49' lang='lat' dir='ltr'><strong>mendas</strong></span> <span class='ocrx_word' id='word_1_977' title='bbox 3019 5793 3100 5840; x_wconf 91' lang='lat' dir='ltr'><strong>cst</strong></span> <span class='ocrx_word' id='word_1_978' title='bbox 3139 5761 3193 5840; x_wconf 70' lang='lat' dir='ltr'><strong>et</strong></span> <span class='ocrx_word' id='word_1_979' title='bbox 3223 5785 3334 5856; x_wconf 85' lang='lat' dir='ltr'><strong>ipse</strong></span> <span class='ocrx_word' id='word_1_980' title='bbox 3362 5795 3453 5855; x_wconf 74' lang='lat' dir='ltr'><strong>qui</strong></span> 
     </span>
    </p>
   </div>
  </div>
