3986 6338
593 372 701 436 399

591 582 864 644 hominem
885 602 1004 644 esse
1028 590 1359 647 mendacem.
1372 592 1540 650 Porro
1563 596 1609 651 si
1631 610 1757 651 vera
1775 597 2040 653 sententia
2049 606 2157 664 est,

589 689 767 733 omnes
791 678 870 734 sic
906 681 1278 752 accipiendum
1303 692 1405 750 est,
1436 693 1498 741 ut
1525 686 1778 754 diximus,
1801 690 1943 759 quod
1962 704 2157 760 magna

587 782 719 840 pars
747 768 1021 833 hominum
1062 773 1367 828 mentiatur.
1399 772 1599 832 Scribit
1628 784 1684 832 et
1710 776 1837 833 alibi
1869 778 2156 849 Apostolus

584 852 845 929 (Coloss.1
871 869 918 915 et
941 860 1078 933 111),:
1098 862 1349 917 docentes
1367 878 1582 920 omnem
1608 866 1898 932 hominem,
1924 886 1945 920 ι
1969 875 2158 923 etrur-

583 962 725 1013 sum,
746 966 766 1000 (
777 958 1175 1007 commonentes
1187 967 1400 1008 omnem
1415 954 1709 1021 hominem,
1720 974 1741 1009 ι
1760 970 1865 1012 non
1880 957 2024 1027 quod
2036 973 2155 1014 om-

584 1054 683 1096 nes
716 1041 961 1098 homines
998 1043 1263 1111 docuerit,
1305 1045 1493 1115 quanti
1531 1046 1676 1102 enim
1700 1056 1826 1103 sunt
1851 1049 1943 1119 qui
1984 1063 2155 1119 usque

583 1130 744 1188 hodie
771 1147 871 1187 nec
898 1132 1194 1188 doctrinam
1219 1132 1458 1204 Apostoli
1486 1134 1767 1201 audivere,
1799 1151 1900 1192 nec
1923 1139 2154 1193 nomen?

581 1226 675 1280 sed
701 1226 844 1296 quod
870 1240 964 1282 eos
992 1241 1178 1281 omnes
1206 1226 1395 1283 doceat
1429 1234 1485 1282 et
1516 1228 1800 1284 admoneat
1836 1229 1928 1297 qui
1957 1229 2013 1284 in
2050 1229 2154 1286 Ec-

579 1314 744 1372 clesia
779 1325 923 1383 sunt,
949 1324 1004 1372 et
1044 1316 1263 1385 cupiunt
1296 1316 1435 1372 scire
1462 1333 1580 1387 quae
1630 1318 1725 1374 Dei
1772 1317 2150 1390 sunt.-Sequi-

579 1412 688 1472 tur,
734 1405 1001 1476 plenitudo
1034 1407 1166 1475 ejus,
1212 1407 1302 1479 qui
1324 1407 1500 1461 omnia
1545 1408 1601 1463 in
1627 1408 1865 1464 omnibus
1892 1408 2148 1481 adimple-

578 1504 684 1549 tur.
708 1495 863 1563 Quod
883 1495 1098 1566 quidem
1121 1496 1201 1551 sic
1224 1497 1488 1567 accipitur
1520 1505 1576 1552 et
1599 1496 1728 1553 illud
1750 1514 1772 1550 ι
1800 1506 1927 1555 tunc
1944 1498 1992 1555 ei
2016 1499 2147 1554 sub-

570 1585 791 1652 jicietur
813 1585 903 1655 qui
937 1584 1039 1641 sibi
1072 1584 1514 1654 subjecitomnia,
1538 1598 1599 1642 ut
1629 1587 1701 1645 sit
1729 1587 1871 1645 Deus
1891 1590 2148 1646 omniain

573 1678 822 1733 omnibus
847 1691 862 1732 :
895 1697 913 1729 ι
945 1693 1089 1734 nunc
1115 1679 1258 1733 enim
1285 1679 1428 1735 Deus
1450 1679 1611 1736 Pater
1636 1696 1735 1752 per
1750 1689 1935 1752 partes
1959 1681 2015 1736 in
2036 1682 2147 1738 sin-

571 1766 710 1837 gulis
736 1775 838 1832 est,
867 1767 969 1822 hoc
1006 1776 1110 1831 est,
1142 1768 1196 1824 in
1247 1768 1353 1824 alio
1392 1767 1623 1838 iustitia,
1664 1770 1721 1826 in
1756 1770 1866 1827 alio
1899 1771 2143 1840 castitas,

1242 381 1304 440 Β.
1343 383 1597 443 RABANI
1633 385 1851 446 MAURI
1880 386 2199 447 ARCHIEP.
2236 383 2545 451 IOGUN’I‘.
2579 388 2864 455 OPERUM
2886 394 3068 456 PARS
3101 398 3193 461 ΙΙΙ.

591 491 850 562 loquitur,
873 506 942 550 ne
966 493 1069 554 hoc
1093 497 1310 568 quidem
1335 500 1475 570 quod
1502 501 1578 557 ait
1602 517 1789 558 verum
1814 511 1914 570 est,
1939 519 2155 562 omnem
2178 508 2236 570 Α

3710 405 3831 465 ιω

2871 530 3097 590 CAPUT
3138 532 3204 591 ll.

2252 641 2589 702 Inducuntur
2611 646 2823 770 Ephesii
2852 649 2922 703 ad
2946 660 3239 720 gratiarum
3257 652 3534 722 actionem,
3556 656 3680 728 quia
3697 668 3821 714 sunt

2357 732 2393 770 a
2419 725 2628 770 peccato
2678 717 2863 770 iberati
2890 728 2938 770 et
2973 719 3037 770 ab
3061 720 3183 770 aliis
3205 724 3438 770 αεηιειηιι
3461 728 3704 770 amara“,

2357 732 2393 770 α
2418 725 2628 788 peccato
2657 717 2863 773 liberati
2890 717 3037 774 et'ab
3061 720 3183 776 aliis
3204 724 3438 793 gentibus
3461 717 3709 797 sepdrati.

2319 845 2392 903 Et
2410 863 2497 904 uos
2516 864 2634 905 cum
2664 852 2842 907 essetis
2870 853 3063 907 mortui
3083 853 3284 912 delictis
3318 858 3522 925 uestris,
3548 860 3607 916 in
3633 861 3821 933 quibus

2249 932 2532 1007 aliquando
2541 937 2847 995 ambulastis
2864 943 3149 998 secundum
3164 945 3416 1002 socculum
3434 948 3596 1020 hujus
3614 954 3820 1010 mundi.

2250 1026 2485 1101 (Ambr.)
2499 1028 2734 1088 Mortuus
2752 1031 2903 1099 dicit,
2919 1035 3046 1105 quia
3064 1050 3277 1094 errores
3292 1040 3475 1097 saeculi
3496 1055 3818 1114 sequuntur.

2249 1114 2517 1189 Quidquid
2559 1121 2707 1175 enim
2750 1123 2819 1179 ab
2865 1125 3023 1181 unius
3069 1127 3168 1183 Dei
3217 1128 3549 1201 professione
3592 1138 3820 1205 recedit,

2248 1214 2519 1263 mortuum
2563 1208 2813 1279 habetur,
2856 1213 2985 1283 quia
3014 1230 3125 1273 non
3172 1228 3354 1276 manet
3395 1237 3451 1277 1n
3495 1223 3701 1292 radice,
3752 1243 3821 1285 ex

2247 1311 2355 1368 qua
2388 1298 2557 1355 trahit
2598 1299 2886 1373 originem.
2918 1302 3119 1380 (Ηὶεν.)
3146 1305 3218 1363 Et
3259 1326 3366 1378 uos,
3408 1312 3603 1384 inquit,
3643 1327 3822 1388 gentes

2245 1403 2366 1442 cum
2399 1390 2600 1457 essetis,
2633 1407 2731 1462 pro
2754 1393 2922 1449 nimia
2952 1405 3292 1465 peccatorum
3321 1403 3535 1458 sarcina
3561 1405 3823 1475 spiritali-

2246 1485 2335 1535 ter
2354 1480 2576 1547 mortui,
2605 1483 2999 1541 conviviticavit
3017 1501 3114 1543 vos
3136 1488 3190 1543 in
3210 1489 3446 1558 Christo,
3473 1493 3617 1550 sicut
3644 1495 3702 1551 in
3732 1512 3821 1553 se-

2245 1568 2533 1639 quentibus
2558 1571 2707 1627 dicit.
2737 1571 2876 1639 Quid
2904 1574 3075 1631 distet.
3104 1577 3248 1633 inter
3276 1578 3469 1637 delicta
3494 1593 3551 1638 et
3566 1596 3819 1655 peccata,

2245 1658 2322 1755 ita
2349 1659 2687 1728 discernitur,
2733 1663 2876 1732 quod
2902 1663 3097 1721 delicta
3123 1668 3252 1735 sint,
3284 1685 3408 1725 cum
3443 1687 3509 1728 ea
3543 1686 3822 1755 quaelsunt

2244 1748 2488 1808 facienda
2516 1767 2625 1809 non
2669 1754 2917 1824 agimus:
2946 1765 3163 1829 peccata
3207 1776 3336 1817 vero
3379 1773 3537 1831 sunt,
3582 1748 3719 1823 add.
3758 1784 3821 1825 ea

572 1856 625 1911 in
656 1856 762 1911 alio
797 1850 1171 1928 temperantia,
1202 1858 1258 1914 in
1285 1859 1393 1915 alio
1434 1860 1695 1932 sapientia
1714 1901 1731 1928 ,
1766 1861 1822 1916 in
1850 1860 1958 1918 alio
1978 1839 2139 1920 forti?-
2168 1853 2220 1916 Β
2247 1839 2456 1911 “Simus
2478 1855 2616 1932 qua,
2637 1840 2820 1900 Ῑδθθτθ
2851 1859 2957 1901 non
2984 1844 3260 1905 debemus-
3290 1848 3588 1910 δεειιηάαηι
3614 1858 3819 1926 Princi-

570 1946 719 2012 tudo,
742 1954 799 2002 et
836 1945 1049 2002 ditlicile
1072 1956 1157 2019 est
1179 1947 1344 2004 etiam
1378 1949 1434 2004 in
1458 1950 1661 2007 sanctis
1684 1950 1818 2008 viris
1840 1960 2004 2022 atque
2019 1968 2144 2024 per-

573 2032 728 2091 ieetis
750 2050 938 2091 omnes
957 2036 1163 2106 pariter
1182 2037 1412 2093 virtutes
1439 2039 1699 2096 invenire.
1723 2039 1857 2096 Cum
1885 2049 2065 2098 autem
2083 2042 2140 2098 in

568 2123 676 2181 line
714 2140 916 2192 rerum,
947 2135 1004 2181 et
1026 2126 1082 2181 in
1112 2129 1573 2185 consummatione
1619 2132 1803 2186 mundi
1854 2133 1905 2188 ei
1940 2132 2141 2189 fuerint

563 2217 816 2273 universa
865 2218 1126 2289 subjecta,
1156 2217 1535 2289 adimplebitur
1559 2222 1740 2277 omnia
1774 2223 1828 2277 in
1867 2223 2134 2290 omnibus,

565 2317 624 2362 ut
638 2310 791 2378 juxta
816 2311 957 2379 quod
985 2311 1125 2366 Deus
1151 2319 1236 2366 est
1252 2313 1462 2367 cunctis
1481 2313 1768 2370 virtutibus
1790 2315 2000 2388 plenus,
2024 2332 2139 2372 om-

566 2398 656 2452 nia
680 2398 734 2452 in
757 2398 1005 2454 omnibus
1027 2399 1403 2470 adimpleatur,
1419 2412 1474 2457 et
1491 2402 1599 2457 sint
1624 2404 1862 2458 universi
1877 2404 2138 2462 habentes

561 2489 764 2554 omnia,
792 2505 914 2560 qua:
941 2500 1066 2546 ante
1092 2491 1298 2561 singula
1339 2493 1530 2564 singuli
1558 2495 1919 2563 possidebant.
1953 2494 2059 2552 Sed
2081 2505 2137 2552 et

564 2580 667 2636 hoc
689 2582 834 2651 quod
859 2582 956 2646 ait,
977 2592 1025 2636 et
1048 2582 1214 2653 ipsum
1235 2582 1375 2638 dedit
1404 2594 1556 2654 caput
1580 2601 1735 2656 super
1756 2586 1931 2639 omnia
1955 2585 2135 2641 Eccle-

557 2672 671 2739 δὶα»,
694 2688 812 2744 qua:
838 2684 912 2728 est
934 2689 1121 2745 corpus
1142 2674 1325 2743 ipsius,
1349 2674 1615 2745 plenitudo
1634 2677 1747 2747 ejus
1767 2678 1857 2747 qui
1883 2679 2057 2733 omnia
2077 2679 2133 2733 in

556 2767 797 2822 omnibus
834 2767 1169 2839 adimpletur,
1197 2783 1302 2824 non
1326 2770 1499 2824 solum
1536 2769 1812 2825 hominum
1842 2771 1935 2826 sed
1963 2772 2130 2826 etiam

556 2855 871 2926 angelorum
907 2866 1329 2929 cunctarumque
1355 2859 1612 2914 virtutum
1642 2867 1697 2915 et
1732 2860 2130 2917 rationabilium

556 2957 927 3005 creaturarum
949 2949 1186 3005 Ecclesia
1208 2951 1429 3023 intelligi
1452 2958 1645 3022 potest.
1659 2951 1770 3008 Nec
1789 2967 1896 3008 non
1908 2962 1964 3008 et
1984 2953 2087 3011 hoc
2110 2971 2124 3008 :

556 3040 661 3109 Qui
686 3057 857 3097 omnia
882 3057 938 3097 tn
967 3041 1205 3097 omnibus
1232 3041 1570 3113 adimpletur,
1602 3059 1944 3114 nequaquam
1972 3044 2046 3099 ita
2069 3053 2129 3098 ut

553 3145 773 3193 resonat
797 3136 1195 3208 acctpiendum;
1243 3151 1350 3191 non
1392 3137 1536 3190 enim
1563 3137 1639 3192 ait
1670 3154 1685 3191 ε
1716 3136 1821 3205 Qui
1862 3137 2042 3192 omnia
2069 3136 2123 3192 in

2240 1945 2359 2001 pem
2379 1931 2644 2002 potestatis
2679 1935 2816 1990 aeris
2858 1935 3037 2007 hujus,
3066 1939 3279 2009 spiritus
3307 1945 3396 2014 qui
3424 1961 3529 2000 non
3573 1960 3820 2017 operatur

2242 2022 2298 2076 in
2320 2020 2460 2092 ﬁlios
2484 2024 2797 2097 diﬁidentiae.
2837 2025 3072 2099 (Ambr.)
3108 2030 3411 2104 Principem
3434 2039 3745 2105 potestatis,
3768 2040 3820 2094 id

2240 2121 2326 2169 est
2365 2113 2649 2182 diabolum,
2687 2117 2957 2190 signiﬁcat
2987 2121 3166 2178 saeculi
3197 2124 3602 2197 intelligentiam
3631 2146 3819 2188 corru-

2239 2203 2408 2275 pisse,
2432 2213 2492 2260 ut
2513 2207 2583 2263 ab
2608 2222 2715 2263 uno
2752 2209 2864 2265 Deo
2896 2212 3231 2281 recederent,
3258 2215 3550 2274 multorum
3586 2219 3817 2278 deorum

2239 2297 2543 2367 opinionem
2555 2300 2928 2371 suscipientes,
2944 2312 3002 2359 ut
3021 2304 3195 2360 socios
3207 2305 3327 2362 illos
3338 2323 3448 2364 suae
3459 2312 3719 2384 conspira
3727 2315 3818 2370 tio-

2238 2389 2324 2443 nis
2347 2389 2600 2457 elliceret,
2618 2393 2743 2448 dum
2764 2394 2819 2449 in
2839 2396 3027 2452 eadem
3046 2399 3321 2470 impietate
3347 2403 3704 2462 inveniuntur
3728 2424 3816 2465 ne-

2237 2493 2425 2553 gantes
2454 2500 2618 2540 unum
2662 2486 2850 2543 Deum.
2893 2487 3196 2561 Principem
3237 2508 3366 2563 ergo
3419 2496 3565 2553 hunc
3603 2502 3814 2558 erroris

2236 2575 2357 2632 ideo
2369 2578 2513 2634 aeris
2524 2578 2651 2634 dicit
2673 2579 2943 2650 spiritum,
2962 2591 3021 2637 ut
3033 2585 3282 2641 ostendat
3293 2587 3421 2657 quia
3443 2589 3583 2646 hanc
3598 2602 3811 2662 partem

2235 2665 2338 2722 sibi
2373 2670 2651 2739 usurpavit
2678 2684 2746 2725 an
2786 2665 3141 2728 exercendam
3174 2674 3615 2735 dominationem.
3656 2680 3813 2739 Aliud

2232 2766 2316 2814 est
2340 2758 2484 2814 enim
2524 2773 2637 2825 aer,
2657 2770 2711 2816 et
2738 2761 2881 2816 aliud
2908 2763 3181 2836 princeps,
3223 2767 3319 2822 sed
3350 2769 3478 2838 quia
3507 2770 3565 2824 in
3609 2774 3811 2829 mundo

2230 2847 2316 2902 vel
2369 2847 2425 2902 in
2474 2862 2601 2904 aere
2647 2848 2976 2917 dominatur,
3015 2852 3237 2923 spiritus
3288 2856 3432 2911 aeris
3485 2858 3807 2928 appellatur.

2229 2937 2299 2993 In
2326 2938 2512 3009 quibus
2540 2948 2597 2995 et-
2616 2956 2708 2995 nos
2747 2957 2924 2997 omnes
2964 2945 3247 3015 aliquando
3295 2951 3587 3004 conversati
3630 2969 3806 3007 sumus

2226 3028 2284 3082 in
2316 3027 2586 3084 desideriis
2615 3030 2789 3085 carnis
2817 3042 3028 3100 nostrw,
3056 3035 3305 3105 facientes
3344 3038 3668 3096 voluntatem
3699 3060 3808 3097 car-

2228 3117 2310 3174 nis
2335 3127 2383 3173 et
2417 3120 2812 3190 cogitationum,
2847 3131 2896 3177 et
2920 3139 3125 3178 eramus
3165 3136 3357 3182 natura
3394 3128 3495 3197 lilii
3520 3132 3645 3199 ine,
3680 3136 3805 3189 sicut

553 3228 805 3283 omnibus
831 3206 1106 3297 adimplet,
1140 3227 1234 3283 sed
1260 3241 1276 3281 :
1305 3227 1396 3298 qui
1422 3230 1597 3282 omnia
1615 3229 1672 3283 in
1699 3228 1936 3283 omnibus
1959 3229 2124 3284 adim-

2229 3217 2273 3263 et
2312 3210 2505 3264 centeri.
2555 3208 2753 3282 (Cass.)
2799 3209 2948 3268 Licet
2992 3212 3180 3269 beatus
3220 3214 3419 3274 Paulus
3456 3222 3648 3276 omnia
3684 3223 3804 3277 vitia

551 3319 740 3391 pletur.
757 3319 814 3375 Si
835 3318 1048 3390 quidem
1069 3318 1211 3374 aliud
1229 3328 1312 3374 est
1324 3318 1570 3390 implere,
1585 3319 1727 3375 aliud
1740 3319 1948 3390 impleri
1968 3338 1981 3374 :
1998 3320 2125 3391 quia

552 3412 609 3466 in
632 3411 802 3467 altero
821 3411 1049 3482 agentis,
1069 3411 1124 3466 in
1147 3410 1318 3466 altero
1335 3411 1592 3481 patientis
1614 3420 1696 3468 est
1716 3412 1959 3468 verbum.
1974 3410 2126 3468 Sicut

550 3518 680 3574 ergo
708 3501 1031 3572 adimpletur
1060 3501 1366 3572 imperator,
1403 3503 1449 3557 si
1499 3482 1738 3572 quotidie
1765 3500 1885 3572 ejus
1922 3517 2123 3574 augea-

550 3604 641 3649 tur
659 3594 950 3659 exercitus,
981 3600 1037 3650 et
1066 3592 1197 3648 liant
1216 3609 1369 3650 novae
1393 3594 1705 3665 provinciae,
1732 3601 1789 3650 et
1807 3593 2123 3665 populorum

548 3685 836 3741 multitudo
870 3695 1173 3741 succrescat
1204 3703 1216 3739 :
1245 3685 1322 3740 ita
1357 3693 1412 3741 et
1448 3684 1702 3740 Dominus
1747 3694 1931 3741 noster
1968 3683 2123 3742 lesus

546 3775 793 3833 Christus
828 3777 882 3832 in
917 3791 985 3832 eo
1023 3777 1164 3845 quod
1204 3775 1308 3832 sibi
1334 3777 1557 3832 credunt
1593 3777 1775 3832 omnia
1798 3785 1855 3833 et
1880 3792 1977 3848 per
2007 3778 2123 3835 dies

545 3866 785 3939 singulos
828 3867 896 3923 ad
942 3865 1099 3922 tidem
1141 3864 1255 3934 ejus
1281 3865 1522 3932 veniunt,
1572 3866 1686 3937 ipse
1719 3866 2038 3936 adimpletur
2066 3867 2123 3923 in

543 3959 831 4015 omnibus:
859 3958 939 4014 sic
965 3964 1166 4025 tamen,
1214 3965 1274 4013 ut
1306 3958 1487 4014 omnia
1517 3958 1875 4030 adimpleatur
1922 3960 1975 4013 in
2005 3975 2122 4016 om-

542 4049 721 4113 nibus,
751 4049 802 4103 id
835 4057 939 4114 est,
967 4057 1025 4103 ut
1051 4048 1140 4118 qui
1183 4048 1237 4103 in
1262 4063 1385 4104 eum
1416 4049 1643 4105 credunt
1669 4049 1878 4106 cunctis
1910 4050 2122 4106 virtuti-

541 4140 643 4196 bus
670 4140 810 4211 plcni
833 4140 961 4204 sint,
1004 4146 1060 4193 et
1078 4138 1233 4208 juxta
1262 4139 1608 4211 Evangelium
1635 4139 1786 4211 (Luc.
1819 4141 1880 4214 ιι)
1918 4141 2119 4199 faciant

540 4248 664 4287 eum
694 4230 952 4301 prolicere
979 4239 1153 4293 aetate,
1179 4231 1438 4300 sapientia
1461 4240 1517 4285 et
1540 4231 1732 4301 gratia.
1761 4232 1984 4303 (Ambr.)
2012 4232 2123 4287 Ali-

543 4330 627 4373 ter
652 4318 866 4374 Patrem
898 4320 1026 4375 dicit
1051 4320 1187 4376 Filio
1212 4336 1425 4376 omnem
1467 4331 1766 4377 creaturam
1802 4325 2116 4395 subjecisse,

541 4417 602 4463 ut
629 4410 753 4480 quia
779 4410 959 4465 omnia
1000 4428 1094 4481 per
1136 4411 1308 4481 ipsum
1338 4409 1489 4477 fecit,
1527 4413 1641 4482 ipse
1676 4414 1917 4468 omnium
1955 4423 2119 4485 caput

539 4501 611 4556 sit
645 4509 701 4557 et
738 4500 1016 4558 Dominus.
1039 4500 1191 4556 Tunc
1218 4500 1290 4555 illi
1329 4502 1511 4557 omnia
1541 4503 1791 4573 subiecit,
1818 4506 2034 4576 quando
2059 4507 2120 4563 il-

2225 3301 2550 3370 generaliter
2594 3304 3021 3373 pronuntiaverit
3060 3321 3179 3362 esse
3226 3309 3485 3376 carnalia,
3535 3313 3802 3386 siquidem

2225 3389 2537 3447 inimicitias
2559 3401 2616 3446 et
2644 3393 2755 3449 iras
2777 3404 2939 3463 atque
2966 3395 3198 3453 haereses
3232 3398 3377 3455 inter
3405 3410 3600 3458 caetera
3624 3407 3803 3463 carnis

2223 3498 2389 3555 opera
2410 3488 2792 3554 numeraverit,
2827 3504 2926 3543 nos
2950 3496 3128 3547 tamen
3156 3492 3223 3547 ad
3254 3491 3467 3549 illorum
3493 3498 3803 3555 curationes

2192 3576 2205 3583 “
2225 3586 2389 3647 atque
2424 3586 2647 3633 naturas
2684 3578 2992 3650 diligentius
3034 3581 3362 3654 colligendas
3395 3585 3594 3656 duplici
3623 3602 3695 3643 ea
3730 3590 3801 3645 di-

2220 3668 2429 3724 visione
2463 3668 2856 3740 distinguimus.
2903 3670 3039 3727 Nam
3071 3682 3126 3728 et
3159 3675 3276 3729 haec
3298 3676 3544 3748 quaedam
3571 3679 3801 3736 dicimus

2221 3776 2344 3817 esse
2380 3761 2639 3829 carnalia,
2668 3762 2914 3834 quaedam
2954 3781 3085 3823 vero
3124 3768 3406 3839 spiritalia,
3449 3781 3507 3829 et
3550 3773 3645 3830 illa
3685 3779 3797 3847 qui-

2223 3852 2345 3908 dem
2374 3851 2633 3919 carnalia,
2671 3868 2792 3924 quae
2827 3855 3132 3925 specialiter
3166 3858 3233 3914 ad
3270 3857 3514 3919 fomitem
3556 3879 3798 3922 sensum-

2220 3957 2327 4014 que
2351 3943 2622 4019 pertinent
2664 3946 2866 4014 carnis,
2901 3948 3094 4019 quibus
3134 3951 3221 4007 illa
3271 3952 3347 4010 ita
3391 3955 3701 4015 delectatur
3739 3976 3795 4016 ac

2220 4036 2481 4106 pascitur,
2505 4046 2566 4092 ut
2589 4040 2751 4094 etiam
2778 4041 2991 4111 quietas
3015 4043 3201 4100 incitet
3237 4056 3466 4114 mentes,
3492 4050 3795 4123 invitusque

2219 4144 2314 4185 eas
2334 4145 2716 4201 nonnunquam
2736 4135 3014 4204 pertrahat
3046 4138 3114 4193 ad
3154 4154 3265 4195 suae
3302 4141 3594 4200 voluntatis
3614 4162 3795 4204 assen-

2220 4236 2368 4288 sum;
2400 4222 2465 4277 de
2490 4223 2683 4291 quibus
2708 4223 2896 4280 beatus
2919 4224 3208 4297 Apostolus
3232 4247 3246 4284 :
3275 4229 3341 4284 In
3377 4233 3589 4300 quibus,
3622 4235 3721 4300 ait,
3748 4244 3793 4290 et

2220 4329 2312 4366 nos
2355 4328 2529 4366 omnes
2578 4312 2862 4384 aliquando
2904 4319 3193 4372 conversati
3225 4336 3405 4374 sumus
3435 4324 3489 4375 in
3520 4322 3791 4380 desideriis

2218 4406 2393 4460 carnis
2417 4417 2604 4460 nostra:
2627 4407 2874 4474 facientes
2905 4409 3218 4467 voluntatem
3245 4416 3418 4469 carnis
3447 4425 3497 4470 et
3527 4420 3789 4489 cogitatio-

2220 4511 2366 4560 num,
2397 4504 2445 4549 et
2476 4511 2684 4550 eramus
2710 4506 2900 4552 natura
2931 4499 3030 4568 ﬁlii
3050 4501 3145 4556 ira:
3163 4502 3297 4557 sicut
3319 4513 3367 4559 et
3396 4507 3591 4560 elateri.
3629 4507 3791 4578 Spiri-

537 4591 649 4647 lum
680 4600 805 4649 ante
840 4591 1020 4647 omnia
1049 4590 1246 4659 genuit,
1289 4600 1349 4646 ut
1393 4607 1492 4665 per
1535 4559 1708 4665 ipsum
1756 4559 1959 4651 facere:
1993 4613 2114 4669 qua;
2142 4559 2196 4622 θ
2219 4588 2346 4643 talia
2376 4604 2504 4646 vero
2537 4590 2764 4646 dicimus
2808 4607 2929 4662 quae
2958 4592 3215 4651 instinctu
3243 4596 3438 4651 animat
3461 4596 3632 4655 solius
3653 4559 3787 4665 grta,

536 4700 645 4740 non
671 4691 843 4741 erant.
872 4682 1097 4739 Omnem
1135 4682 1427 4740 Ecclesiam
1451 4685 1657 4752 dicens,
1696 4689 2000 4744 summatim
2031 4699 2114 4747 to-

537 4783 651 4832 tum
678 4775 1086 4847 comprehendit
1115 4774 1257 4846 quod
1296 4776 1351 4831 in
1388 4778 1528 4834 caelo
1562 4788 1646 4835 est
1683 4789 1740 4835 et
1766 4781 1820 4835 in
1856 4789 2022 4849 terra,
2052 4790 2113 4839 ut

2218 4694 2327 4737 non
2349 4681 2521 4737 solum
2545 4683 2677 4739 nihil
2694 4683 2982 4754 Voluptatis
3008 4686 3294 4744 conferunt
3312 4689 3488 4755 carui,
3513 4691 3612 4746 sed
3632 4693 3789 4748 etiam

2217 4773 2552 4843 gravissimis
2594 4788 2713 4829 eam
2764 4773 3111 4846 languoribus
3149 4776 3433 4834 allicientia
3471 4778 3788 4837 miserrima:

536 4865 593 4918 in
632 4878 827 4920 novum
876 4865 1147 4921 hominem
1189 4867 1428 4923 membra
1456 4866 1572 4937 ejus
1612 4868 1930 4938 efﬁciantur,
1983 4874 2110 4929 dum
2209 4860 2562 4932 Ιυουηάίιδιίε
2607 4872 2761 4934 Das“!
2803 4865 3037 4921 animam
3085 4875 3294 4924 tantum
3340 4871 3589 4926 nutriunt
3626 4887 3788 4945 argm-

536 4957 863 5015 conﬂtentur
888 4959 1034 5015 hunc
1062 4974 1200 5025 esse,
1242 4975 1340 5030 per
1375 4977 1534 5031 quem
1580 4961 1705 5018 facti
1742 4973 1871 5019 sunt
1906 4979 1939 5019 a
1976 4964 2107 5021 Deo.

538 5048 906 5120 Subjiciuntur
931 5054 1072 5108 enim
1113 5054 1203 5117 illi,
1231 5054 1385 5126 quasi
1427 5055 1589 5127 capiti
1620 5056 1884 5124 membra,
1913 5072 1977 5113 ex
2006 5074 2114 5129 quo

536 5144 759 5198 trahunt
780 5144 1066 5215 originem,
1094 5154 1153 5200 ut
1185 5147 1363 5202 omnia
1404 5147 1457 5201 in
1486 5146 1738 5202 omnibus
1776 5146 2113 5219 adimplean-

535 5240 642 5289 tur.
698 5232 835 5289 Cum
878 5233 1024 5290 enim
1074 5236 1300 5306 regressi
1348 5234 1549 5291 fuerint
1600 5238 1667 5291 ad
1719 5237 2111 5296 confessionem

532 5322 694 5379 unius
740 5323 839 5380 Dei
890 5322 1167 5381 ﬂectentes
1211 5338 1351 5395 genu
1401 5324 1647 5394 Christo,
1689 5328 2012 5400 adimpletur
2056 5332 2110 5389 in

529 5414 804 5483 omnibus,
833 5424 895 5472 ut
916 5415 989 5472 sit
1007 5415 1210 5481 omnia,
1233 5416 1361 5487 quia
1384 5418 1453 5473 ab
1482 5416 1598 5487 ipso
1622 5428 1766 5484 sunt,
1790 5434 1854 5474 ac
1883 5434 1987 5490 per
2007 5421 2112 5480 hoc

532 5508 648 5580 ipse
671 5508 728 5565 in
750 5508 831 5566 eis
853 5515 940 5566 est
961 5526 976 5563 :
1003 5508 1128 5579 quia
1151 5507 1353 5566 virtute
1371 5509 1491 5581 ejus
1517 5509 1837 5578 subsistunt,
1862 5512 2114 5570 receden-

531 5602 614 5657 tes
640 5600 787 5656 enim
815 5615 846 5656 a
876 5599 1008 5669 Deo,
1036 5614 1298 5656 evacuate
1322 5599 1475 5656 illum
1514 5601 1795 5669 videntur;
1831 5603 1979 5659 unde
2004 5603 2111 5660 alio

530 5693 648 5749 loco
673 5690 809 5761 dicit
841 5689 1063 5763 (Coloss.
1104 5691 1206 5764 11):
1245 5689 1315 5747 Ut
1355 5701 1591 5751 crescant
1628 5694 1806 5753 munia
1844 5694 1901 5749 in
1948 5694 2113 5751 incre-

527 5791 758 5838 mentum
790 5781 908 5839 Dei.

2216 4962 2533 5020 tantem;et
2557 4954 2759 5011 idcirco
2796 4956 2912 5013 haec
2941 4958 3156 5029 quidem
3192 4960 3420 5029 simplici
3448 4962 3633 5020 cordis
3652 4964 3785 5020 indi-

2213 5055 2341 5118 gent
2386 5048 2674 5114 medicina,
2718 5064 2837 5118 qua:
2883 5058 3061 5106 autem
3095 5052 3331 5108 carnalia
3367 5063 3509 5120 sunt,
3541 5071 3653 5112 non
3687 5053 3783 5111 nisi

2213 5139 2430 5208 duplici,
2457 5140 2906 5210 quemadmodum
2943 5142 3197 5211 diximus,
3223 5144 3291 5198 ad
3321 5145 3611 5202 sanitatem
3634 5161 3784 5203 cura-

2212 5229 2358 5284 tione
2394 5230 2735 5299 perveniunt.
2794 5230 2947 5287 Unde
2982 5232 3205 5303 puritati
3246 5234 3587 5291 studentibus
3621 5235 3784 5308 pluri—

2212 5337 2359 5378 mum
2391 5321 2621 5387 confert,
2650 5331 2710 5377 ut
2735 5323 2926 5378 harum
2954 5325 3249 5381 carnalium
3284 5327 3616 5398 passionum,
3646 5329 3784 5400 ipsas

2210 5413 2467 5469 materias
2493 5412 2595 5469 sibi
2628 5413 2878 5483 primitus
2907 5415 3246 5483 subtrahant,
3274 5418 3472 5488 quibus
3498 5427 3677 5489 potest
3704 5416 3782 5473 vel

2207 5506 2425 5562 occasio
2457 5505 2543 5562 vel
2565 5506 2868 5563 recordatio
2890 5522 3076 5563 earum
3098 5509 3383 5578 egrotanti
3404 5510 3582 5566 adhuc
3595 5510 3783 5564 anima.-

2208 5598 2476 5670 generari.
2508 5597 2741 5655 Necesse
2769 5605 2853 5655 est
2877 5599 3021 5655 enim
3048 5607 3109 5654 ut
3146 5601 3337 5656 morbo
3368 5600 3564 5670 duplici
3592 5600 3782 5669 duplex

2209 5692 2530 5750 adhibeatur
2562 5694 2791 5750 curatio.
2836 5692 2972 5749 Nam
2999 5693 3216 5763 corpori
3256 5708 3323 5749 ne
3357 5690 3782 5764 concupiscentia

2214 5788 2268 5843 in
2292 5785 2542 5842 eﬂ'ectum
2571 5792 2741 5842 tentet
2764 5798 3136 5859 prorumpere,
3165 5784 3475 5841 necessario
3500 5782 3705 5860 etiigies
3730 5788 3783 5835 ct

3916 4358 3921 4566 ί
