  <div class='ocr_page' id='page_1' title='image "/cluster/home/n/w/nwhite01/storage/ocr_20150623/112/hvd.32044015685407/206.png"; bbox 0 0 3986 6338; ppageno 0'>
   <div class='ocr_carea' id='block_1_1' title="bbox 216 349 329 408">
    <p class='ocr_par' dir='ltr' id='par_1_1' title="bbox 216 349 329 408">
     <span class='ocr_line' id='line_1_1' title="bbox 216 349 329 408; baseline 0 0"><span class='ocrx_word' id='word_1_1' title='bbox 216 349 329 408; x_wconf 72' lang='grc' dir='ltr'>ιοι</span> 
     </span>
    </p>
   </div>
   <div class='ocr_carea' id='block_1_2' title="bbox 692 345 3015 421">
    <p class='ocr_par' dir='ltr' id='par_1_2' title="bbox 692 345 3015 421">
     <span class='ocr_line' id='line_1_2' title="bbox 692 345 3015 421; baseline 0.007 -16"><span class='ocrx_word' id='word_1_2' title='bbox 692 346 1238 408; x_wconf 74' lang='lat' dir='ltr'><strong>ENARRATIONUM</strong></span> <span class='ocrx_word' id='word_1_3' title='bbox 1271 348 1341 406; x_wconf 83' lang='lat' dir='ltr'><strong>IN</strong></span> <span class='ocrx_word' id='word_1_4' title='bbox 1376 348 1522 406; x_wconf 87' lang='lat' dir='ltr'><strong>EPP.</strong></span> <span class='ocrx_word' id='word_1_5' title='bbox 1563 345 1771 409; x_wconf 77' lang='lat' dir='ltr'><strong>PAULI</strong></span> <span class='ocrx_word' id='word_1_6' title='bbox 1794 347 1935 412; x_wconf 80' lang='lat' dir='ltr'><strong>LIB.</strong></span> <span class='ocrx_word' id='word_1_7' title='bbox 1972 346 2133 411; x_wconf 82' lang='lat' dir='ltr'><strong>XVII.</strong></span> <span class='ocrx_word' id='word_1_8' title='bbox 2168 384 2242 398; x_wconf 89' lang='lat'><strong>-</strong></span> <span class='ocrx_word' id='word_1_9' title='bbox 2276 350 2346 413; x_wconf 87' lang='lat' dir='ltr'><strong>IN</strong></span> <span class='ocrx_word' id='word_1_10' title='bbox 2380 356 2599 418; x_wconf 82' lang='lat' dir='ltr'><strong>EPIST.</strong></span> <span class='ocrx_word' id='word_1_11' title='bbox 2645 362 2738 419; x_wconf 82' lang='lat' dir='ltr'><strong>AD</strong></span> <span class='ocrx_word' id='word_1_12' title='bbox 2770 362 3015 421; x_wconf 85' lang='lat' dir='ltr'><strong>EPHES.</strong></span> 
     </span>
    </p>
   </div>
   <div class='ocr_carea' id='block_1_3' title="bbox 2378 244 2410 277">
    <p class='ocr_par' dir='ltr' id='par_1_3' title="bbox 2378 244 2410 277">
     <span class='ocr_line' id='line_1_3' title="bbox 2378 244 2410 277; baseline 0 0"><span class='ocrx_word' id='word_1_13' title='bbox 2378 244 2410 277; x_wconf 59' lang='grc' dir='ltr'>κ</span> 
     </span>
    </p>
   </div>
   <div class='ocr_carea' id='block_1_4' title="bbox 3374 367 3480 424">
    <p class='ocr_par' dir='ltr' id='par_1_4' title="bbox 3374 367 3480 424">
     <span class='ocr_line' id='line_1_4' title="bbox 3374 367 3480 424; baseline 0.009 -1"><span class='ocrx_word' id='word_1_14' title='bbox 3374 367 3480 424; x_wconf 64' lang='grc'><strong>402</strong></span> 
     </span>
    </p>
   </div>
   <div class='ocr_carea' id='block_1_5' title="bbox 218 456 3481 548">
    <p class='ocr_par' dir='ltr' id='par_1_5' title="bbox 218 456 3481 548">
     <span class='ocr_line' id='line_1_5' title="bbox 218 456 3481 548; baseline 0.006 -32"><span class='ocrx_word' id='word_1_15' title='bbox 218 459 465 517; x_wconf 84' lang='lat' dir='ltr'><strong>materia</strong></span> <span class='ocrx_word' id='word_1_16' title='bbox 504 456 735 516; x_wconf 86' lang='lat' dir='ltr'><strong>illiciens</strong></span> <span class='ocrx_word' id='word_1_17' title='bbox 777 459 1143 516; x_wconf 86' lang='lat' dir='ltr'><strong>subtrahenda</strong></span> <span class='ocrx_word' id='word_1_18' title='bbox 1175 468 1277 529; x_wconf 91' lang='lat' dir='ltr'><strong>est,</strong></span> <span class='ocrx_word' id='word_1_19' title='bbox 1308 469 1362 518; x_wconf 90' lang='lat' dir='ltr'><strong>et</strong></span> <span class='ocrx_word' id='word_1_20' title='bbox 1398 462 1589 519; x_wconf 75' lang='lat' dir='ltr'><strong>anima:</strong></span> <span class='ocrx_word' id='word_1_21' title='bbox 1611 461 1805 518; x_wconf 58' lang='lat' dir='ltr'><strong>nihilo.</strong></span> <span class='ocrx_word' id='word_1_22' title='bbox 1831 462 1890 525; x_wconf 72' lang='grc' dir='ltr'>Α</span> <span class='ocrx_word' id='word_1_23' title='bbox 1909 465 2390 534; x_wconf 87' lang='lat' dir='ltr'><strong>quibusinLatinis</strong></span> <span class='ocrx_word' id='word_1_24' title='bbox 2403 472 2918 535; x_wconf 84' lang='lat' dir='ltr'><strong>codicibushabetur</strong></span> <span class='ocrx_word' id='word_1_25' title='bbox 2930 479 3481 548; x_wconf 75' lang='lat' dir='ltr'><strong>cogitationumJnter</strong></span> 
     </span>
    </p>
   </div>
   <div class='ocr_carea' id='block_1_6' title="bbox 220 552 1809 624">
    <p class='ocr_par' dir='ltr' id='par_1_6' title="bbox 220 552 1809 624">
     <span class='ocr_line' id='line_1_6' title="bbox 220 552 1809 624; baseline 0.001 -15"><span class='ocrx_word' id='word_1_26' title='bbox 220 554 451 620; x_wconf 88' lang='lat' dir='ltr'><strong>minus,</strong></span> <span class='ocrx_word' id='word_1_27' title='bbox 479 565 549 609; x_wconf 86' lang='lat' dir='ltr'><strong>ne</strong></span> <span class='ocrx_word' id='word_1_28' title='bbox 574 566 695 609; x_wconf 89' lang='lat' dir='ltr'><strong>eam</strong></span> <span class='ocrx_word' id='word_1_29' title='bbox 740 552 825 608; x_wconf 87' lang='lat' dir='ltr'><strong>vel</strong></span> <span class='ocrx_word' id='word_1_30' title='bbox 871 553 1196 624; x_wconf 91' lang='lat' dir='ltr'><strong>cogitatione</strong></span> <span class='ocrx_word' id='word_1_31' title='bbox 1223 553 1522 624; x_wconf 74' lang='lat' dir='ltr'><strong>concipiat,</strong></span> <span class='ocrx_word' id='word_1_32' title='bbox 1550 554 1809 611; x_wconf 72' lang='lat' dir='ltr'><strong>attentius</strong></span> 
     </span>
    </p>
   </div>
   <div class='ocr_carea' id='block_1_7' title="bbox 220 642 1803 718">
    <p class='ocr_par' dir='ltr' id='par_1_7' title="bbox 220 642 1803 718">
     <span class='ocr_line' id='line_1_7' title="bbox 220 642 1803 718; baseline 0.001 -20"><span class='ocrx_word' id='word_1_33' title='bbox 220 643 512 701; x_wconf 79' lang='lat' dir='ltr'><strong>meditatio</strong></span> <span class='ocrx_word' id='word_1_34' title='bbox 570 642 974 713; x_wconf 87' lang='lat' dir='ltr'><strong>Scripturarum</strong></span> <span class='ocrx_word' id='word_1_35' title='bbox 1035 651 1091 701; x_wconf 90' lang='lat' dir='ltr'><strong>et</strong></span> <span class='ocrx_word' id='word_1_36' title='bbox 1149 643 1450 701; x_wconf 86' lang='lat' dir='ltr'><strong>sollicitudo</strong></span> <span class='ocrx_word' id='word_1_37' title='bbox 1502 645 1803 718; x_wconf 75' lang='lat' dir='ltr'><strong>pervigilet.</strong></span> 
     </span>
    </p>
   </div>
   <div class='ocr_carea' id='block_1_8' title="bbox 222 730 1807 806">
    <p class='ocr_par' dir='ltr' id='par_1_8' title="bbox 222 730 1807 806">
     <span class='ocr_line' id='line_1_8' title="bbox 222 730 1807 806; baseline 0.002 -16"><span class='ocrx_word' id='word_1_38' title='bbox 222 731 464 806; x_wconf 63' lang='lat' dir='ltr'><strong>(Anton)</strong></span> <span class='ocrx_word' id='word_1_39' title='bbox 508 730 796 788; x_wconf 88' lang='lat' dir='ltr'><strong>Perﬁdiam</strong></span> <span class='ocrx_word' id='word_1_40' title='bbox 837 733 1129 806; x_wconf 87' lang='lat' dir='ltr'><strong>signiﬁcat,</strong></span> <span class='ocrx_word' id='word_1_41' title='bbox 1158 734 1285 790; x_wconf 90' lang='lat' dir='ltr'><strong>dum</strong></span> <span class='ocrx_word' id='word_1_42' title='bbox 1319 735 1588 791; x_wconf 90' lang='lat' dir='ltr'><strong>desideria</strong></span> <span class='ocrx_word' id='word_1_43' title='bbox 1626 737 1807 793; x_wconf 87' lang='lat' dir='ltr'><strong>carnis</strong></span> 
     </span>
    </p>
   </div>
   <div class='ocr_carea' id='block_1_9' title="bbox 224 822 1807 894">
    <p class='ocr_par' dir='ltr' id='par_1_9' title="bbox 224 822 1807 894">
     <span class='ocr_line' id='line_1_9' title="bbox 224 822 1807 894; baseline 0 -14"><span class='ocrx_word' id='word_1_44' title='bbox 224 830 517 880; x_wconf 81' lang='lat' dir='ltr'><strong>memorat.</strong></span> <span class='ocrx_word' id='word_1_45' title='bbox 546 822 805 894; x_wconf 75' lang='lat' dir='ltr'><strong>Voluptas</strong></span> <span class='ocrx_word' id='word_1_46' title='bbox 828 823 974 878; x_wconf 92' lang='lat' dir='ltr'><strong>enim</strong></span> <span class='ocrx_word' id='word_1_47' title='bbox 1009 822 1187 879; x_wconf 88' lang='lat' dir='ltr'><strong>carnis</strong></span> <span class='ocrx_word' id='word_1_48' title='bbox 1208 831 1295 880; x_wconf 91' lang='lat' dir='ltr'><strong>est</strong></span> <span class='ocrx_word' id='word_1_49' title='bbox 1322 823 1621 883; x_wconf 91' lang='lat' dir='ltr'><strong>visibilibus</strong></span> <span class='ocrx_word' id='word_1_50' title='bbox 1658 822 1807 880; x_wconf 87' lang='lat' dir='ltr'><strong>ohle-</strong></span> 
     </span>
    </p>
   </div>
   <div class='ocr_carea' id='block_1_10' title="bbox 223 913 1807 986">
    <p class='ocr_par' dir='ltr' id='par_1_10' title="bbox 223 913 1807 986">
     <span class='ocr_line' id='line_1_10' title="bbox 223 913 1807 986; baseline -0.001 -14"><span class='ocrx_word' id='word_1_51' title='bbox 223 916 391 982; x_wconf 86' lang='lat' dir='ltr'><strong>etari,</strong></span> <span class='ocrx_word' id='word_1_52' title='bbox 412 922 476 971; x_wconf 91' lang='lat' dir='ltr'><strong>ut</strong></span> <span class='ocrx_word' id='word_1_53' title='bbox 496 913 782 981; x_wconf 90' lang='lat' dir='ltr'><strong>elementa,</strong></span> <span class='ocrx_word' id='word_1_54' title='bbox 810 928 933 985; x_wconf 71' lang='lat' dir='ltr'><strong>qua:</strong></span> <span class='ocrx_word' id='word_1_55' title='bbox 958 914 1100 970; x_wconf 90' lang='lat' dir='ltr'><strong>Deus</strong></span> <span class='ocrx_word' id='word_1_56' title='bbox 1127 914 1487 986; x_wconf 85' lang='lat' dir='ltr'><strong>gubernacula</strong></span> <span class='ocrx_word' id='word_1_57' title='bbox 1513 915 1698 971; x_wconf 91' lang='lat' dir='ltr'><strong>mundi</strong></span> <span class='ocrx_word' id='word_1_58' title='bbox 1724 915 1807 971; x_wconf 88' lang='lat' dir='ltr'><strong>in-</strong></span> 
     </span>
    </p>
   </div>
   <div class='ocr_carea' id='block_1_11' title="bbox 223 1004 1811 1076">
    <p class='ocr_par' dir='ltr' id='par_1_11' title="bbox 223 1004 1811 1076">
     <span class='ocr_line' id='line_1_11' title="bbox 223 1004 1811 1076; baseline -0.001 -13"><span class='ocrx_word' id='word_1_59' title='bbox 223 1006 429 1071; x_wconf 87' lang='lat' dir='ltr'><strong>stituit,</strong></span> <span class='ocrx_word' id='word_1_60' title='bbox 460 1005 588 1062; x_wconf 88' lang='lat' dir='ltr'><strong>deos</strong></span> <span class='ocrx_word' id='word_1_61' title='bbox 629 1004 878 1076; x_wconf 85' lang='lat' dir='ltr'><strong>appellet,</strong></span> <span class='ocrx_word' id='word_1_62' title='bbox 907 1020 1032 1060; x_wconf 87' lang='lat' dir='ltr'><strong>eum</strong></span> <span class='ocrx_word' id='word_1_63' title='bbox 1065 1005 1170 1063; x_wconf 93' lang='lat' dir='ltr'><strong>hoc</strong></span> <span class='ocrx_word' id='word_1_64' title='bbox 1207 1020 1403 1062; x_wconf 88' lang='lat' dir='ltr'><strong>nomen</strong></span> <span class='ocrx_word' id='word_1_65' title='bbox 1433 1006 1525 1061; x_wconf 89' lang='lat' dir='ltr'><strong>uni</strong></span> <span class='ocrx_word' id='word_1_66' title='bbox 1562 1007 1674 1062; x_wconf 92' lang='lat' dir='ltr'><strong>Deo</strong></span> <span class='ocrx_word' id='word_1_67' title='bbox 1711 1006 1811 1062; x_wconf 37' lang='lat' dir='ltr'><strong>des</strong></span> 
     </span>
    </p>
   </div>
   <div class='ocr_carea' id='block_1_12' title="bbox 222 1095 1807 1167">
    <p class='ocr_par' dir='ltr' id='par_1_12' title="bbox 222 1095 1807 1167">
     <span class='ocr_line' id='line_1_12' title="bbox 222 1095 1807 1167; baseline 0 -16"><span class='ocrx_word' id='word_1_68' title='bbox 222 1095 447 1160; x_wconf 86' lang='lat' dir='ltr'><strong>beatur,</strong></span> <span class='ocrx_word' id='word_1_69' title='bbox 472 1110 540 1150; x_wconf 78' lang='lat' dir='ltr'><strong>ex</strong></span> <span class='ocrx_word' id='word_1_70' title='bbox 567 1110 676 1167; x_wconf 92' lang='lat' dir='ltr'><strong>quo</strong></span> <span class='ocrx_word' id='word_1_71' title='bbox 701 1101 828 1150; x_wconf 90' lang='lat' dir='ltr'><strong>sunt</strong></span> <span class='ocrx_word' id='word_1_72' title='bbox 860 1096 1060 1160; x_wconf 86' lang='lat' dir='ltr'><strong>omnia,</strong></span> <span class='ocrx_word' id='word_1_73' title='bbox 1089 1104 1153 1151; x_wconf 90' lang='lat' dir='ltr'><strong>ut</strong></span> <span class='ocrx_word' id='word_1_74' title='bbox 1177 1095 1318 1151; x_wconf 86' lang='lat' dir='ltr'><strong>sicut</strong></span> <span class='ocrx_word' id='word_1_75' title='bbox 1353 1095 1554 1151; x_wconf 90' lang='lat' dir='ltr'><strong>nullum</strong></span> <span class='ocrx_word' id='word_1_76' title='bbox 1581 1096 1807 1167; x_wconf 52' lang='lat' dir='ltr'><strong>partieia</strong></span> 
     </span>
    </p>
   </div>
   <div class='ocr_carea' id='block_1_13' title="bbox 220 1184 1807 1257">
    <p class='ocr_par' dir='ltr' id='par_1_13' title="bbox 220 1184 1807 1257">
     <span class='ocr_line' id='line_1_13' title="bbox 220 1184 1807 1257; baseline 0.001 -16"><span class='ocrx_word' id='word_1_77' title='bbox 220 1201 354 1257; x_wconf 86' lang='lat' dir='ltr'><strong>pem</strong></span> <span class='ocrx_word' id='word_1_78' title='bbox 394 1184 558 1242; x_wconf 81' lang='lat' dir='ltr'><strong>habet</strong></span> <span class='ocrx_word' id='word_1_79' title='bbox 597 1200 666 1242; x_wconf 79' lang='lat' dir='ltr'><strong>ex</strong></span> <span class='ocrx_word' id='word_1_80' title='bbox 705 1184 790 1241; x_wconf 89' lang='lat' dir='ltr'><strong>his</strong></span> <span class='ocrx_word' id='word_1_81' title='bbox 815 1185 869 1240; x_wconf 93' lang='lat' dir='ltr'><strong>in</strong></span> <span class='ocrx_word' id='word_1_82' title='bbox 897 1186 1126 1252; x_wconf 87' lang='lat' dir='ltr'><strong>virtute,</strong></span> <span class='ocrx_word' id='word_1_83' title='bbox 1154 1187 1229 1241; x_wconf 91' lang='lat' dir='ltr'><strong>ita</strong></span> <span class='ocrx_word' id='word_1_84' title='bbox 1258 1195 1315 1243; x_wconf 91' lang='lat' dir='ltr'><strong>et</strong></span> <span class='ocrx_word' id='word_1_85' title='bbox 1354 1186 1557 1242; x_wconf 89' lang='lat' dir='ltr'><strong>nullum</strong></span> <span class='ocrx_word' id='word_1_86' title='bbox 1611 1186 1807 1243; x_wconf 87' lang='lat' dir='ltr'><strong>habeat</strong></span> 
     </span>
    </p>
   </div>
   <div class='ocr_carea' id='block_1_14' title="bbox 222 1274 1806 1333">
    <p class='ocr_par' dir='ltr' id='par_1_14' title="bbox 222 1274 1806 1333">
     <span class='ocr_line' id='line_1_14' title="bbox 222 1274 1806 1333; baseline 0.002 -4"><span class='ocrx_word' id='word_1_87' title='bbox 222 1282 537 1329; x_wconf 81' lang='lat' dir='ltr'><strong>consortem</strong></span> <span class='ocrx_word' id='word_1_88' title='bbox 560 1274 615 1329; x_wconf 92' lang='lat' dir='ltr'><strong>in</strong></span> <span class='ocrx_word' id='word_1_89' title='bbox 639 1274 875 1329; x_wconf 88' lang='lat' dir='ltr'><strong>nomine.</strong></span> <span class='ocrx_word' id='word_1_90' title='bbox 902 1274 1118 1331; x_wconf 86' lang='lat' dir='ltr'><strong>Christo</strong></span> <span class='ocrx_word' id='word_1_91' title='bbox 1142 1283 1323 1331; x_wconf 88' lang='lat' dir='ltr'><strong>autem</strong></span> <span class='ocrx_word' id='word_1_92' title='bbox 1344 1276 1548 1332; x_wconf 89' lang='lat' dir='ltr'><strong>idcirco</strong></span> <span class='ocrx_word' id='word_1_93' title='bbox 1574 1276 1677 1332; x_wconf 92' lang='lat' dir='ltr'><strong>hoc</strong></span> <span class='ocrx_word' id='word_1_94' title='bbox 1705 1291 1806 1333; x_wconf 90' lang='lat' dir='ltr'><strong>no-</strong></span> 
     </span>
    </p>
   </div>
   <div class='ocr_carea' id='block_1_15' title="bbox 224 1366 1807 1436">
    <p class='ocr_par' dir='ltr' id='par_1_15' title="bbox 224 1366 1807 1436">
     <span class='ocr_line' id='line_1_15' title="bbox 224 1366 1807 1436; baseline 0.003 -15"><span class='ocrx_word' id='word_1_95' title='bbox 224 1380 358 1421; x_wconf 89' lang='lat' dir='ltr'><strong>men</strong></span> <span class='ocrx_word' id='word_1_96' title='bbox 406 1379 513 1420; x_wconf 90' lang='lat' dir='ltr'><strong>non</strong></span> <span class='ocrx_word' id='word_1_97' title='bbox 551 1373 798 1436; x_wconf 81' lang='lat' dir='ltr'><strong>negatur,</strong></span> <span class='ocrx_word' id='word_1_98' title='bbox 845 1366 970 1436; x_wconf 88' lang='lat' dir='ltr'><strong>quia</strong></span> <span class='ocrx_word' id='word_1_99' title='bbox 1000 1367 1139 1421; x_wconf 80' lang='lat' dir='ltr'><strong>sicut</strong></span> <span class='ocrx_word' id='word_1_100' title='bbox 1167 1368 1468 1424; x_wconf 87' lang='lat' dir='ltr'><strong>communis</strong></span> <span class='ocrx_word' id='word_1_101' title='bbox 1506 1368 1586 1424; x_wconf 90' lang='lat' dir='ltr'><strong>eis</strong></span> <span class='ocrx_word' id='word_1_102' title='bbox 1612 1377 1807 1425; x_wconf 89' lang='lat' dir='ltr'><strong>natura</strong></span> 
     </span>
    </p>
   </div>
   <div class='ocr_carea' id='block_1_16' title="bbox 223 1455 1806 1521">
    <p class='ocr_par' dir='ltr' id='par_1_16' title="bbox 223 1455 1806 1521">
     <span class='ocr_line' id='line_1_16' title="bbox 223 1455 1806 1521; baseline 0.004 -12"><span class='ocrx_word' id='word_1_103' title='bbox 223 1462 333 1521; x_wconf 88' lang='lat' dir='ltr'><strong>est,</strong></span> <span class='ocrx_word' id='word_1_104' title='bbox 366 1456 441 1510; x_wconf 89' lang='lat' dir='ltr'><strong>ita</strong></span> <span class='ocrx_word' id='word_1_105' title='bbox 471 1455 577 1512; x_wconf 90' lang='lat' dir='ltr'><strong>erit</strong></span> <span class='ocrx_word' id='word_1_106' title='bbox 599 1465 653 1511; x_wconf 87' lang='lat' dir='ltr'><strong>et</strong></span> <span class='ocrx_word' id='word_1_107' title='bbox 689 1470 904 1513; x_wconf 88' lang='lat' dir='ltr'><strong>nomen.</strong></span> <span class='ocrx_word' id='word_1_108' title='bbox 952 1456 1065 1512; x_wconf 84' lang='lat' dir='ltr'><strong>Hoc</strong></span> <span class='ocrx_word' id='word_1_109' title='bbox 1109 1464 1287 1513; x_wconf 90' lang='lat' dir='ltr'><strong>tamen</strong></span> <span class='ocrx_word' id='word_1_110' title='bbox 1328 1458 1469 1514; x_wconf 86' lang='lat' dir='ltr'><strong>inter</strong></span> <span class='ocrx_word' id='word_1_111' title='bbox 1494 1456 1709 1514; x_wconf 86' lang='lat' dir='ltr'><strong>Patrem</strong></span> <span class='ocrx_word' id='word_1_112' title='bbox 1750 1466 1806 1516; x_wconf 88' lang='lat' dir='ltr'><strong>et</strong></span> 
     </span>
    </p>
   </div>
   <div class='ocr_carea' id='block_1_17' title="bbox 222 1543 1807 1620">
    <p class='ocr_par' dir='ltr' id='par_1_17' title="bbox 222 1543 1807 1620">
     <span class='ocr_line' id='line_1_17' title="bbox 222 1543 1807 1620; baseline 0.004 -21"><span class='ocrx_word' id='word_1_113' title='bbox 222 1543 427 1600; x_wconf 82' lang='lat' dir='ltr'><strong>Filium</strong></span> <span class='ocrx_word' id='word_1_114' title='bbox 456 1545 703 1613; x_wconf 83' lang='lat' dir='ltr'><strong>interest,</strong></span> <span class='ocrx_word' id='word_1_115' title='bbox 730 1547 856 1618; x_wconf 90' lang='lat' dir='ltr'><strong>quia</strong></span> <span class='ocrx_word' id='word_1_116' title='bbox 880 1545 1040 1603; x_wconf 87' lang='lat' dir='ltr'><strong>Pater</strong></span> <span class='ocrx_word' id='word_1_117' title='bbox 1068 1564 1100 1603; x_wconf 91' lang='lat' dir='ltr'><strong>a</strong></span> <span class='ocrx_word' id='word_1_118' title='bbox 1128 1549 1276 1603; x_wconf 90' lang='lat' dir='ltr'><strong>nullo</strong></span> <span class='ocrx_word' id='word_1_119' title='bbox 1295 1549 1399 1604; x_wconf 89' lang='lat' dir='ltr'><strong>hoc</strong></span> <span class='ocrx_word' id='word_1_120' title='bbox 1417 1549 1657 1620; x_wconf 88' lang='lat' dir='ltr'><strong>acccepit</strong></span> <span class='ocrx_word' id='word_1_121' title='bbox 1678 1563 1695 1603; x_wconf 91' lang='lat'><strong>:</strong></span> <span class='ocrx_word' id='word_1_122' title='bbox 1717 1548 1807 1606; x_wconf 70' lang='grc' dir='ltr'><strong>Εἱ-</strong></span> 
     </span>
    </p>
   </div>
   <div class='ocr_carea' id='block_1_18' title="bbox 222 1635 1804 1711">
    <p class='ocr_par' dir='ltr' id='par_1_18' title="bbox 222 1635 1804 1711">
     <span class='ocr_line' id='line_1_18' title="bbox 222 1635 1804 1711; baseline 0.003 -20"><span class='ocrx_word' id='word_1_123' title='bbox 222 1635 335 1692; x_wconf 85' lang='lat' dir='ltr'><strong>lius</strong></span> <span class='ocrx_word' id='word_1_124' title='bbox 362 1643 544 1697; x_wconf 78' lang='lat' dir='ltr'><strong>autem</strong></span> <span class='ocrx_word' id='word_1_125' title='bbox 580 1651 678 1706; x_wconf 91' lang='lat' dir='ltr'><strong>per</strong></span> <span class='ocrx_word' id='word_1_126' title='bbox 704 1637 1107 1709; x_wconf 83' lang='lat' dir='ltr'><strong>generationem</strong></span> <span class='ocrx_word' id='word_1_127' title='bbox 1152 1639 1333 1694; x_wconf 88' lang='lat' dir='ltr'><strong>omnia</strong></span> <span class='ocrx_word' id='word_1_128' title='bbox 1360 1638 1539 1696; x_wconf 85' lang='lat' dir='ltr'><strong>Patris</strong></span> <span class='ocrx_word' id='word_1_129' title='bbox 1574 1641 1804 1711; x_wconf 90' lang='lat' dir='ltr'><strong>accepit,</strong></span> 
     </span>
    </p>
   </div>
   <div class='ocr_carea' id='block_1_19' title="bbox 220 1727 1807 1788">
    <p class='ocr_par' dir='ltr' id='par_1_19' title="bbox 220 1727 1807 1788">
     <span class='ocr_line' id='line_1_19' title="bbox 220 1727 1807 1788; baseline 0.004 -6"><span class='ocrx_word' id='word_1_130' title='bbox 220 1735 287 1782; x_wconf 88' lang='lat' dir='ltr'><strong>ut</strong></span> <span class='ocrx_word' id='word_1_131' title='bbox 312 1727 373 1783; x_wconf 91' lang='lat' dir='ltr'><strong>in</strong></span> <span class='ocrx_word' id='word_1_132' title='bbox 393 1729 592 1785; x_wconf 86' lang='lat' dir='ltr'><strong>virtute</strong></span> <span class='ocrx_word' id='word_1_133' title='bbox 617 1735 673 1784; x_wconf 87' lang='lat' dir='ltr'><strong>et</strong></span> <span class='ocrx_word' id='word_1_134' title='bbox 705 1729 1003 1786; x_wconf 83' lang='lat' dir='ltr'><strong>substantia</strong></span> <span class='ocrx_word' id='word_1_135' title='bbox 1048 1739 1105 1785; x_wconf 90' lang='lat' dir='ltr'><strong>et</strong></span> <span class='ocrx_word' id='word_1_136' title='bbox 1128 1731 1343 1787; x_wconf 91' lang='lat' dir='ltr'><strong>nomine</strong></span> <span class='ocrx_word' id='word_1_137' title='bbox 1375 1731 1509 1787; x_wconf 86' lang='lat' dir='ltr'><strong>nihil</strong></span> <span class='ocrx_word' id='word_1_138' title='bbox 1534 1731 1697 1788; x_wconf 87' lang='lat' dir='ltr'><strong>distet</strong></span> <span class='ocrx_word' id='word_1_139' title='bbox 1716 1731 1807 1788; x_wconf 89' lang='lat' dir='ltr'><strong>Fi-</strong></span> 
     </span>
    </p>
   </div>
   <div class='ocr_carea' id='block_1_20' title="bbox 225 1811 1950 1903">
    <p class='ocr_par' dir='ltr' id='par_1_20' title="bbox 225 1811 1950 1903">
     <span class='ocr_line' id='line_1_20' title="bbox 225 1811 1950 1903; baseline 0.005 -28"><span class='ocrx_word' id='word_1_140' title='bbox 225 1820 338 1877; x_wconf 88' lang='lat' dir='ltr'><strong>lius</strong></span> <span class='ocrx_word' id='word_1_141' title='bbox 363 1836 397 1876; x_wconf 91' lang='lat' dir='ltr'><strong>a</strong></span> <span class='ocrx_word' id='word_1_142' title='bbox 420 1821 611 1889; x_wconf 83' lang='lat' dir='ltr'><strong>Patre;</strong></span> <span class='ocrx_word' id='word_1_143' title='bbox 638 1822 781 1878; x_wconf 91' lang='lat' dir='ltr'><strong>unde</strong></span> <span class='ocrx_word' id='word_1_144' title='bbox 807 1822 957 1889; x_wconf 87' lang='lat' dir='ltr'><strong>dicit,</strong></span> <span class='ocrx_word' id='word_1_145' title='bbox 981 1824 1158 1878; x_wconf 79' lang='lat' dir='ltr'><strong>omnia</strong></span> <span class='ocrx_word' id='word_1_146' title='bbox 1184 1840 1302 1895; x_wconf 78' lang='lat' dir='ltr'><strong>qua:</strong></span> <span class='ocrx_word' id='word_1_147' title='bbox 1327 1824 1479 1878; x_wconf 75' lang='lat' dir='ltr'><strong>habet</strong></span> <span class='ocrx_word' id='word_1_148' title='bbox 1506 1822 1668 1879; x_wconf 85' lang='lat' dir='ltr'><strong>Pater</strong></span> <span class='ocrx_word' id='word_1_149' title='bbox 1692 1841 1807 1880; x_wconf 84' lang='lat' dir='ltr'><strong>mea</strong></span> <span class='ocrx_word' id='word_1_150' title='bbox 1837 1811 1888 1875; x_wconf 73' lang='grc' dir='ltr'><strong>Β</strong></span> 
     </span>
    </p>
   </div>
   <div class='ocr_carea' id='block_1_21' title="bbox 220 1911 1814 1985">
    <p class='ocr_par' dir='ltr' id='par_1_21' title="bbox 220 1911 1814 1985">
     <span class='ocr_line' id='line_1_21' title="bbox 220 1911 1814 1985; baseline 0.003 -19"><span class='ocrx_word' id='word_1_151' title='bbox 220 1921 373 1977; x_wconf 76' lang='lat' dir='ltr'><strong>sunt,</strong></span> <span class='ocrx_word' id='word_1_152' title='bbox 405 1922 455 1967; x_wconf 86' lang='lat' dir='ltr'><strong>et</strong></span> <span class='ocrx_word' id='word_1_153' title='bbox 488 1928 602 1967; x_wconf 87' lang='lat' dir='ltr'><strong>mea</strong></span> <span class='ocrx_word' id='word_1_154' title='bbox 632 1911 831 1967; x_wconf 87' lang='lat' dir='ltr'><strong>Patris.</strong></span> <span class='ocrx_word' id='word_1_155' title='bbox 868 1911 983 1968; x_wconf 82' lang='lat' dir='ltr'><strong>Non</strong></span> <span class='ocrx_word' id='word_1_156' title='bbox 1008 1928 1138 1984; x_wconf 85' lang='lat' dir='ltr'><strong>ergo</strong></span> <span class='ocrx_word' id='word_1_157' title='bbox 1163 1914 1461 1985; x_wconf 86' lang='lat' dir='ltr'><strong>indignum,</strong></span> <span class='ocrx_word' id='word_1_158' title='bbox 1486 1928 1663 1985; x_wconf 90' lang='lat' dir='ltr'><strong>neque</strong></span> <span class='ocrx_word' id='word_1_159' title='bbox 1689 1929 1814 1971; x_wconf 87' lang='lat' dir='ltr'><strong>con-</strong></span> 
     </span>
    </p>
   </div>
   <div class='ocr_carea' id='block_1_22' title="bbox 226 2000 1811 2067">
    <p class='ocr_par' dir='ltr' id='par_1_22' title="bbox 226 2000 1811 2067">
     <span class='ocr_line' id='line_1_22' title="bbox 226 2000 1811 2067; baseline 0.004 -12"><span class='ocrx_word' id='word_1_160' title='bbox 226 2002 461 2056; x_wconf 89' lang='lat' dir='ltr'><strong>trarium</strong></span> <span class='ocrx_word' id='word_1_161' title='bbox 488 2009 591 2067; x_wconf 89' lang='lat' dir='ltr'><strong>est,</strong></span> <span class='ocrx_word' id='word_1_162' title='bbox 616 2002 662 2058; x_wconf 90' lang='lat' dir='ltr'><strong>si</strong></span> <span class='ocrx_word' id='word_1_163' title='bbox 689 2008 745 2058; x_wconf 89' lang='lat' dir='ltr'><strong>et</strong></span> <span class='ocrx_word' id='word_1_164' title='bbox 773 2000 1020 2058; x_wconf 85' lang='lat' dir='ltr'><strong>Christus</strong></span> <span class='ocrx_word' id='word_1_165' title='bbox 1048 2002 1190 2059; x_wconf 89' lang='lat' dir='ltr'><strong>Deus</strong></span> <span class='ocrx_word' id='word_1_166' title='bbox 1211 2002 1458 2060; x_wconf 80' lang='lat' dir='ltr'><strong>dicatur?</strong></span> <span class='ocrx_word' id='word_1_167' title='bbox 1482 2004 1575 2060; x_wconf 89' lang='lat' dir='ltr'><strong>sed</strong></span> <span class='ocrx_word' id='word_1_168' title='bbox 1606 2003 1675 2060; x_wconf 89' lang='lat' dir='ltr'><strong>de</strong></span> <span class='ocrx_word' id='word_1_169' title='bbox 1700 2003 1811 2061; x_wconf 88' lang='lat' dir='ltr'><strong>Deo</strong></span> 
     </span>
    </p>
   </div>
   <div class='ocr_carea' id='block_1_23' title="bbox 228 2090 1813 2157">
    <p class='ocr_par' dir='ltr' id='par_1_23' title="bbox 228 2090 1813 2157">
     <span class='ocr_line' id='line_1_23' title="bbox 228 2090 1813 2157; baseline 0.004 -12"><span class='ocrx_word' id='word_1_170' title='bbox 228 2090 414 2157; x_wconf 86' lang='lat' dir='ltr'><strong>Patre,</strong></span> <span class='ocrx_word' id='word_1_171' title='bbox 445 2102 506 2149; x_wconf 91' lang='lat' dir='ltr'><strong>ut</strong></span> <span class='ocrx_word' id='word_1_172' title='bbox 543 2093 700 2149; x_wconf 91' lang='lat' dir='ltr'><strong>unius</strong></span> <span class='ocrx_word' id='word_1_173' title='bbox 728 2092 825 2148; x_wconf 88' lang='lat' dir='ltr'><strong>Dei</strong></span> <span class='ocrx_word' id='word_1_174' title='bbox 861 2095 1156 2150; x_wconf 86' lang='lat' dir='ltr'><strong>auctoritas</strong></span> <span class='ocrx_word' id='word_1_175' title='bbox 1194 2103 1561 2151; x_wconf 87' lang='lat' dir='ltr'><strong>conservetur.</strong></span> <span class='ocrx_word' id='word_1_176' title='bbox 1601 2094 1734 2149; x_wconf 83' lang='lat' dir='ltr'><strong>Nam</strong></span> <span class='ocrx_word' id='word_1_177' title='bbox 1763 2097 1813 2152; x_wconf 88' lang='lat' dir='ltr'><strong>si</strong></span> 
     </span>
    </p>
   </div>
   <div class='ocr_carea' id='block_1_24' title="bbox 226 2185 1814 2258">
    <p class='ocr_par' dir='ltr' id='par_1_24' title="bbox 226 2185 1814 2258">
     <span class='ocr_line' id='line_1_24' title="bbox 226 2185 1814 2258; baseline 0.002 -18"><span class='ocrx_word' id='word_1_178' title='bbox 226 2186 355 2256; x_wconf 85' lang='lat' dir='ltr'><strong>quis</strong></span> <span class='ocrx_word' id='word_1_179' title='bbox 399 2185 548 2242; x_wconf 90' lang='lat' dir='ltr'><strong>aliud</strong></span> <span class='ocrx_word' id='word_1_180' title='bbox 588 2192 744 2257; x_wconf 88' lang='lat' dir='ltr'><strong>putat</strong></span> <span class='ocrx_word' id='word_1_181' title='bbox 787 2185 1092 2258; x_wconf 86' lang='lat' dir='ltr'><strong>signiﬁcare</strong></span> <span class='ocrx_word' id='word_1_182' title='bbox 1144 2201 1268 2243; x_wconf 90' lang='lat' dir='ltr'><strong>eum</strong></span> <span class='ocrx_word' id='word_1_183' title='bbox 1316 2187 1649 2243; x_wconf 77' lang='lat' dir='ltr'><strong>voluntatem</strong></span> <span class='ocrx_word' id='word_1_184' title='bbox 1693 2202 1814 2243; x_wconf 86' lang='lat' dir='ltr'><strong>car-</strong></span> 
     </span>
    </p>
   </div>
   <div class='ocr_carea' id='block_1_25' title="bbox 226 2276 1811 2349">
    <p class='ocr_par' dir='ltr' id='par_1_25' title="bbox 226 2276 1811 2349">
     <span class='ocr_line' id='line_1_25' title="bbox 226 2276 1811 2349; baseline 0.003 -17"><span class='ocrx_word' id='word_1_185' title='bbox 226 2277 317 2332; x_wconf 88' lang='lat' dir='ltr'><strong>nis</strong></span> <span class='ocrx_word' id='word_1_186' title='bbox 370 2276 605 2349; x_wconf 82' lang='lat' dir='ltr'><strong>ﬂagitat,</strong></span> <span class='ocrx_word' id='word_1_187' title='bbox 656 2278 794 2334; x_wconf 84' lang='lat' dir='ltr'><strong>sciat</strong></span> <span class='ocrx_word' id='word_1_188' title='bbox 845 2277 1158 2349; x_wconf 85' lang='lat' dir='ltr'><strong>Apostolum</strong></span> <span class='ocrx_word' id='word_1_189' title='bbox 1205 2281 1463 2336; x_wconf 89' lang='lat' dir='ltr'><strong>mundam</strong></span> <span class='ocrx_word' id='word_1_190' title='bbox 1507 2282 1675 2336; x_wconf 88' lang='lat' dir='ltr'><strong>vitam</strong></span> <span class='ocrx_word' id='word_1_191' title='bbox 1716 2281 1811 2336; x_wconf 85' lang='lat' dir='ltr'><strong>ba-</strong></span> 
     </span>
    </p>
   </div>
   <div class='ocr_carea' id='block_1_26' title="bbox 228 2369 1811 2444">
    <p class='ocr_par' dir='ltr' id='par_1_26' title="bbox 228 2369 1811 2444">
     <span class='ocr_line' id='line_1_26' title="bbox 228 2369 1811 2444; baseline 0.008 -20"><span class='ocrx_word' id='word_1_192' title='bbox 228 2369 413 2425; x_wconf 85' lang='lat' dir='ltr'><strong>buisse</strong></span> <span class='ocrx_word' id='word_1_193' title='bbox 437 2410 455 2436; x_wconf 92' lang='lat'><strong>,</strong></span> <span class='ocrx_word' id='word_1_194' title='bbox 499 2371 632 2442; x_wconf 84' lang='lat' dir='ltr'><strong>quia</strong></span> <span class='ocrx_word' id='word_1_195' title='bbox 683 2369 975 2427; x_wconf 89' lang='lat' dir='ltr'><strong>secundum</strong></span> <span class='ocrx_word' id='word_1_196' title='bbox 1023 2369 1287 2441; x_wconf 87' lang='lat' dir='ltr'><strong>justitiam</strong></span> <span class='ocrx_word' id='word_1_197' title='bbox 1342 2372 1478 2444; x_wconf 87' lang='lat' dir='ltr'><strong>legis</strong></span> <span class='ocrx_word' id='word_1_198' title='bbox 1525 2388 1811 2436; x_wconf 73' lang='lat' dir='ltr'><strong>wnversa-</strong></span> 
     </span>
    </p>
   </div>
   <div class='ocr_carea' id='block_1_27' title="bbox 230 2461 1814 2540">
    <p class='ocr_par' dir='ltr' id='par_1_27' title="bbox 230 2461 1814 2540">
     <span class='ocr_line' id='line_1_27' title="bbox 230 2461 1814 2540; baseline 0.009 -27"><span class='ocrx_word' id='word_1_199' title='bbox 230 2468 321 2515; x_wconf 90' lang='lat' dir='ltr'><strong>tns</strong></span> <span class='ocrx_word' id='word_1_200' title='bbox 370 2469 455 2517; x_wconf 84' lang='lat' dir='ltr'><strong>est</strong></span> <span class='ocrx_word' id='word_1_201' title='bbox 510 2461 629 2517; x_wconf 89' lang='lat' dir='ltr'><strong>sine</strong></span> <span class='ocrx_word' id='word_1_202' title='bbox 685 2462 950 2533; x_wconf 85' lang='lat' dir='ltr'><strong>querela;</strong></span> <span class='ocrx_word' id='word_1_203' title='bbox 1015 2462 1109 2518; x_wconf 87' lang='lat' dir='ltr'><strong>sed</strong></span> <span class='ocrx_word' id='word_1_204' title='bbox 1179 2463 1303 2538; x_wconf 82' lang='lat' dir='ltr'><strong>quia</strong></span> <span class='ocrx_word' id='word_1_205' title='bbox 1358 2477 1675 2540; x_wconf 80' lang='lat' dir='ltr'><strong>persecutus</strong></span> <span class='ocrx_word' id='word_1_206' title='bbox 1729 2480 1814 2527; x_wconf 84' lang='lat' dir='ltr'><strong>est</strong></span> 
     </span>
    </p>
   </div>
   <div class='ocr_carea' id='block_1_28' title="bbox 234 2550 1809 2630">
    <p class='ocr_par' dir='ltr' id='par_1_28' title="bbox 234 2550 1809 2630">
     <span class='ocr_line' id='line_1_28' title="bbox 234 2550 1809 2630; baseline 0.006 -23"><span class='ocrx_word' id='word_1_207' title='bbox 234 2552 399 2608; x_wconf 74' lang='lat' dir='ltr'><strong>ﬁdem</strong></span> <span class='ocrx_word' id='word_1_208' title='bbox 443 2550 674 2621; x_wconf 85' lang='lat' dir='ltr'><strong>Christi,</strong></span> <span class='ocrx_word' id='word_1_209' title='bbox 720 2553 927 2612; x_wconf 86' lang='lat' dir='ltr'><strong>idcirco</strong></span> <span class='ocrx_word' id='word_1_210' title='bbox 953 2568 1243 2613; x_wconf 70' lang='lat' dir='ltr'><strong>conuersata</strong></span> <span class='ocrx_word' id='word_1_211' title='bbox 1263 2598 1281 2626; x_wconf 96' lang='lat'><strong>,</strong></span> <span class='ocrx_word' id='word_1_212' title='bbox 1306 2560 1512 2630; x_wconf 86' lang='lat' dir='ltr'><strong>inquit,</strong></span> <span class='ocrx_word' id='word_1_213' title='bbox 1545 2577 1725 2616; x_wconf 79' lang='lat' dir='ltr'><strong>sumus</strong></span> <span class='ocrx_word' id='word_1_214' title='bbox 1753 2562 1809 2616; x_wconf 82' lang='lat' dir='ltr'><strong>in</strong></span> 
     </span>
    </p>
   </div>
   <div class='ocr_carea' id='block_1_29' title="bbox 230 2646 1812 2719">
    <p class='ocr_par' dir='ltr' id='par_1_29' title="bbox 230 2646 1812 2719">
     <span class='ocr_line' id='line_1_29' title="bbox 230 2646 1812 2719; baseline 0.006 -21"><span class='ocrx_word' id='word_1_215' title='bbox 230 2646 510 2700; x_wconf 82' lang='lat' dir='ltr'><strong>desideriis</strong></span> <span class='ocrx_word' id='word_1_216' title='bbox 533 2647 706 2701; x_wconf 79' lang='lat' dir='ltr'><strong>carnis</strong></span> <span class='ocrx_word' id='word_1_217' title='bbox 737 2656 952 2703; x_wconf 67' lang='lat' dir='ltr'><strong>nostra.</strong></span> <span class='ocrx_word' id='word_1_218' title='bbox 993 2646 1165 2704; x_wconf 88' lang='lat' dir='ltr'><strong>Omne</strong></span> <span class='ocrx_word' id='word_1_219' title='bbox 1203 2649 1349 2704; x_wconf 91' lang='lat' dir='ltr'><strong>enim</strong></span> <span class='ocrx_word' id='word_1_220' title='bbox 1375 2659 1655 2719; x_wconf 90' lang='lat' dir='ltr'><strong>peccatum</strong></span> <span class='ocrx_word' id='word_1_221' title='bbox 1682 2665 1812 2709; x_wconf 91' lang='lat' dir='ltr'><strong>caro</strong></span> 
     </span>
    </p>
   </div>
   <div class='ocr_carea' id='block_1_30' title="bbox 232 2737 1812 2810">
    <p class='ocr_par' dir='ltr' id='par_1_30' title="bbox 232 2737 1812 2810">
     <span class='ocr_line' id='line_1_30' title="bbox 232 2737 1812 2810; baseline 0.005 -18"><span class='ocrx_word' id='word_1_222' title='bbox 232 2737 463 2802; x_wconf 88' lang='lat' dir='ltr'><strong>dicitur,</strong></span> <span class='ocrx_word' id='word_1_223' title='bbox 514 2738 748 2793; x_wconf 79' lang='lat' dir='ltr'><strong>maxime</strong></span> <span class='ocrx_word' id='word_1_224' title='bbox 790 2738 1014 2810; x_wconf 90' lang='lat' dir='ltr'><strong>perﬁdia</strong></span> <span class='ocrx_word' id='word_1_225' title='bbox 1034 2780 1050 2807; x_wconf 95' lang='lat'><strong>,</strong></span> <span class='ocrx_word' id='word_1_226' title='bbox 1090 2755 1211 2810; x_wconf 65' lang='lat' dir='ltr'><strong>quae</strong></span> <span class='ocrx_word' id='word_1_227' title='bbox 1250 2748 1336 2798; x_wconf 90' lang='lat' dir='ltr'><strong>est</strong></span> <span class='ocrx_word' id='word_1_228' title='bbox 1373 2742 1537 2798; x_wconf 88' lang='lat' dir='ltr'><strong>totius</strong></span> <span class='ocrx_word' id='word_1_229' title='bbox 1589 2742 1812 2800; x_wconf 82' lang='lat' dir='ltr'><strong>sceleris</strong></span> 
     </span>
    </p>
   </div>
   <div class='ocr_carea' id='block_1_31' title="bbox 235 2828 1812 2905">
    <p class='ocr_par' dir='ltr' id='par_1_31' title="bbox 235 2828 1812 2905">
     <span class='ocr_line' id='line_1_31' title="bbox 235 2828 1812 2905; baseline 0.006 -23"><span class='ocrx_word' id='word_1_230' title='bbox 235 2838 434 2883; x_wconf 87' lang='lat' dir='ltr'><strong>mater.</strong></span> <span class='ocrx_word' id='word_1_231' title='bbox 467 2828 607 2885; x_wconf 84' lang='lat' dir='ltr'><strong>Nulli</strong></span> <span class='ocrx_word' id='word_1_232' title='bbox 630 2845 795 2901; x_wconf 84' lang='lat' dir='ltr'><strong>opera</strong></span> <span class='ocrx_word' id='word_1_233' title='bbox 820 2832 962 2887; x_wconf 88' lang='lat' dir='ltr'><strong>bona</strong></span> <span class='ocrx_word' id='word_1_234' title='bbox 990 2840 1048 2889; x_wconf 92' lang='lat' dir='ltr'><strong>et</strong></span> <span class='ocrx_word' id='word_1_235' title='bbox 1070 2833 1296 2890; x_wconf 85' lang='lat' dir='ltr'><strong>castitas</strong></span> <span class='ocrx_word' id='word_1_236' title='bbox 1330 2834 1613 2905; x_wconf 86' lang='lat' dir='ltr'><strong>proderit,</strong></span> <span class='ocrx_word' id='word_1_237' title='bbox 1652 2836 1697 2891; x_wconf 92' lang='lat' dir='ltr'><strong>si</strong></span> <span class='ocrx_word' id='word_1_238' title='bbox 1741 2836 1812 2891; x_wconf 85' lang='lat' dir='ltr'><strong>sit</strong></span> 
     </span>
    </p>
   </div>
   <div class='ocr_carea' id='block_1_32' title="bbox 230 2919 1815 2992">
    <p class='ocr_par' dir='ltr' id='par_1_32' title="bbox 230 2919 1815 2992">
     <span class='ocr_line' id='line_1_32' title="bbox 230 2919 1815 2992; baseline 0.006 -18"><span class='ocrx_word' id='word_1_239' title='bbox 230 2919 514 2989; x_wconf 87' lang='lat' dir='ltr'><strong>perﬁdus:</strong></span> <span class='ocrx_word' id='word_1_240' title='bbox 542 2921 769 2992; x_wconf 91' lang='lat' dir='ltr'><strong>perﬁdia</strong></span> <span class='ocrx_word' id='word_1_241' title='bbox 806 2923 952 2977; x_wconf 88' lang='lat' dir='ltr'><strong>enim</strong></span> <span class='ocrx_word' id='word_1_242' title='bbox 992 2923 1110 2980; x_wconf 69' lang='lat' dir='ltr'><strong>haec</strong></span> <span class='ocrx_word' id='word_1_243' title='bbox 1148 2924 1329 2980; x_wconf 88' lang='lat' dir='ltr'><strong>omnia</strong></span> <span class='ocrx_word' id='word_1_244' title='bbox 1368 2925 1621 2981; x_wconf 87' lang='lat' dir='ltr'><strong>maculat.</strong></span> <span class='ocrx_word' id='word_1_245' title='bbox 1674 2925 1815 2983; x_wconf 80' lang='lat' dir='ltr'><strong>Hine</strong></span> 
     </span>
    </p>
   </div>
   <div class='ocr_carea' id='block_1_33' title="bbox 232 3012 1814 3084">
    <p class='ocr_par' dir='ltr' id='par_1_33' title="bbox 232 3012 1814 3084">
     <span class='ocr_line' id='line_1_33' title="bbox 232 3012 1814 3084; baseline 0.003 -18"><span class='ocrx_word' id='word_1_246' title='bbox 232 3018 319 3066; x_wconf 84' lang='lat' dir='ltr'><strong>est</strong></span> <span class='ocrx_word' id='word_1_247' title='bbox 350 3012 494 3081; x_wconf 90' lang='lat' dir='ltr'><strong>quod</strong></span> <span class='ocrx_word' id='word_1_248' title='bbox 529 3012 782 3077; x_wconf 85' lang='lat' dir='ltr'><strong>subdidit,</strong></span> <span class='ocrx_word' id='word_1_249' title='bbox 816 3023 865 3068; x_wconf 87' lang='lat' dir='ltr'><strong>et</strong></span> <span class='ocrx_word' id='word_1_250' title='bbox 886 3029 1094 3069; x_wconf 83' lang='lat' dir='ltr'><strong>eramus</strong></span> <span class='ocrx_word' id='word_1_251' title='bbox 1124 3024 1316 3069; x_wconf 85' lang='lat' dir='ltr'><strong>natura</strong></span> <span class='ocrx_word' id='word_1_252' title='bbox 1343 3014 1441 3084; x_wconf 84' lang='lat' dir='ltr'><strong>ﬁlii</strong></span> <span class='ocrx_word' id='word_1_253' title='bbox 1460 3016 1574 3081; x_wconf 77' lang='lat' dir='ltr'><strong>ine,</strong></span> <span class='ocrx_word' id='word_1_254' title='bbox 1606 3018 1739 3073; x_wconf 85' lang='lat' dir='ltr'><strong>sicut</strong></span> <span class='ocrx_word' id='word_1_255' title='bbox 1764 3026 1814 3072; x_wconf 82' lang='lat' dir='ltr'><strong>et</strong></span> 
     </span>
    </p>
   </div>
   <div class='ocr_carea' id='block_1_34' title="bbox 235 3100 1809 3178">
    <p class='ocr_par' dir='ltr' id='par_1_34' title="bbox 235 3100 1809 3178">
     <span class='ocr_line' id='line_1_34' title="bbox 235 3100 1809 3178; baseline 0.004 -23"><span class='ocrx_word' id='word_1_256' title='bbox 235 3103 441 3156; x_wconf 70' lang='lat' dir='ltr'><strong>ceteri.</strong></span> <span class='ocrx_word' id='word_1_257' title='bbox 488 3100 708 3159; x_wconf 79' lang='lat' dir='ltr'><strong>Natura:</strong></span> <span class='ocrx_word' id='word_1_258' title='bbox 745 3104 890 3160; x_wconf 91' lang='lat' dir='ltr'><strong>enim</strong></span> <span class='ocrx_word' id='word_1_259' title='bbox 939 3120 1062 3161; x_wconf 91' lang='lat' dir='ltr'><strong>eum</strong></span> <span class='ocrx_word' id='word_1_260' title='bbox 1088 3105 1229 3161; x_wconf 88' lang='lat' dir='ltr'><strong>mala</strong></span> <span class='ocrx_word' id='word_1_261' title='bbox 1270 3106 1519 3163; x_wconf 79' lang='lat' dir='ltr'><strong>voluntas</strong></span> <span class='ocrx_word' id='word_1_262' title='bbox 1552 3107 1809 3178; x_wconf 89' lang='lat' dir='ltr'><strong>supponi-</strong></span> 
     </span>
    </p>
   </div>
   <div class='ocr_carea' id='block_1_35' title="bbox 238 3180 1887 3270">
    <p class='ocr_par' dir='ltr' id='par_1_35' title="bbox 238 3180 1887 3270">
     <span class='ocr_line' id='line_1_35' title="bbox 238 3180 1887 3270; baseline 0.005 -22"><span class='ocrx_word' id='word_1_263' title='bbox 238 3202 353 3260; x_wconf 87' lang='lat' dir='ltr'><strong>tur,</strong></span> <span class='ocrx_word' id='word_1_264' title='bbox 380 3193 445 3250; x_wconf 75' lang='lat' dir='ltr'><strong>si</strong></span> <span class='ocrx_word' id='word_1_265' title='bbox 485 3204 679 3252; x_wconf 87' lang='lat' dir='ltr'><strong>natura</strong></span> <span class='ocrx_word' id='word_1_266' title='bbox 708 3197 834 3264; x_wconf 63' lang='lat' dir='ltr'><strong>irae,</strong></span> <span class='ocrx_word' id='word_1_267' title='bbox 868 3198 926 3254; x_wconf 90' lang='lat' dir='ltr'><strong>id</strong></span> <span class='ocrx_word' id='word_1_268' title='bbox 966 3207 1080 3266; x_wconf 88' lang='lat' dir='ltr'><strong>est,</strong></span> <span class='ocrx_word' id='word_1_269' title='bbox 1105 3215 1225 3270; x_wconf 81' lang='lat' dir='ltr'><strong>qua:</strong></span> <span class='ocrx_word' id='word_1_270' title='bbox 1252 3199 1443 3255; x_wconf 91' lang='lat' dir='ltr'><strong>ultioni</strong></span> <span class='ocrx_word' id='word_1_271' title='bbox 1481 3194 1814 3269; x_wconf 76' lang='lat' dir='ltr'><strong>subjicienda</strong></span> <span class='ocrx_word' id='word_1_272' title='bbox 1840 3180 1887 3243; x_wconf 89' lang='lat' dir='ltr'><strong>C</strong></span> 
     </span>
    </p>
   </div>
   <div class='ocr_carea' id='block_1_36' title="bbox 237 3284 1813 3354">
    <p class='ocr_par' dir='ltr' id='par_1_36' title="bbox 237 3284 1813 3354">
     <span class='ocr_line' id='line_1_36' title="bbox 237 3284 1813 3354; baseline 0.004 -15"><span class='ocrx_word' id='word_1_273' title='bbox 237 3285 334 3350; x_wconf 87' lang='lat' dir='ltr'><strong>sit,</strong></span> <span class='ocrx_word' id='word_1_274' title='bbox 364 3284 672 3350; x_wconf 89' lang='lat' dir='ltr'><strong>immutata,</strong></span> <span class='ocrx_word' id='word_1_275' title='bbox 704 3302 813 3343; x_wconf 91' lang='lat' dir='ltr'><strong>non</strong></span> <span class='ocrx_word' id='word_1_276' title='bbox 848 3288 1172 3354; x_wconf 87' lang='lat' dir='ltr'><strong>substantia,</strong></span> <span class='ocrx_word' id='word_1_277' title='bbox 1209 3289 1305 3344; x_wconf 89' lang='lat' dir='ltr'><strong>sed</strong></span> <span class='ocrx_word' id='word_1_278' title='bbox 1338 3289 1478 3343; x_wconf 90' lang='lat' dir='ltr'><strong>mala</strong></span> <span class='ocrx_word' id='word_1_279' title='bbox 1518 3289 1813 3346; x_wconf 85' lang='lat' dir='ltr'><strong>voluntate.</strong></span> 
     </span>
    </p>
   </div>
   <div class='ocr_carea' id='block_1_37' title="bbox 239 3372 1816 3451">
    <p class='ocr_par' dir='ltr' id='par_1_37' title="bbox 239 3372 1816 3451">
     <span class='ocr_line' id='line_1_37' title="bbox 239 3372 1816 3451; baseline 0.005 -23"><span class='ocrx_word' id='word_1_280' title='bbox 239 3372 358 3430; x_wconf 79' lang='lat' dir='ltr'><strong>Hoc</strong></span> <span class='ocrx_word' id='word_1_281' title='bbox 405 3375 552 3431; x_wconf 90' lang='lat' dir='ltr'><strong>enim</strong></span> <span class='ocrx_word' id='word_1_282' title='bbox 601 3376 896 3448; x_wconf 88' lang='lat' dir='ltr'><strong>deputatur</strong></span> <span class='ocrx_word' id='word_1_283' title='bbox 933 3386 1160 3445; x_wconf 71' lang='lat' dir='ltr'><strong>naturae,</strong></span> <span class='ocrx_word' id='word_1_284' title='bbox 1191 3379 1336 3449; x_wconf 91' lang='lat' dir='ltr'><strong>quod</strong></span> <span class='ocrx_word' id='word_1_285' title='bbox 1368 3380 1630 3451; x_wconf 88' lang='lat' dir='ltr'><strong>sequitur.</strong></span> <span class='ocrx_word' id='word_1_286' title='bbox 1662 3378 1816 3438; x_wconf 86' lang='lat' dir='ltr'><strong>Unde</strong></span> 
     </span>
    </p>
   </div>
   <div class='ocr_carea' id='block_1_38' title="bbox 242 3464 1820 3541">
    <p class='ocr_par' dir='ltr' id='par_1_38' title="bbox 242 3464 1820 3541">
     <span class='ocr_line' id='line_1_38' title="bbox 242 3464 1820 3541; baseline 0.003 -21"><span class='ocrx_word' id='word_1_287' title='bbox 242 3464 321 3520; x_wconf 86' lang='lat' dir='ltr'><strong>ait</strong></span> <span class='ocrx_word' id='word_1_288' title='bbox 346 3466 401 3520; x_wconf 90' lang='lat' dir='ltr'><strong>in</strong></span> <span class='ocrx_word' id='word_1_289' title='bbox 428 3465 569 3522; x_wconf 86' lang='lat' dir='ltr'><strong>Isaia</strong></span> <span class='ocrx_word' id='word_1_290' title='bbox 595 3483 609 3521; x_wconf 92' lang='lat'><strong>:</strong></span> <span class='ocrx_word' id='word_1_291' title='bbox 648 3466 840 3523; x_wconf 80' lang='lat' dir='ltr'><strong>Semen</strong></span> <span class='ocrx_word' id='word_1_292' title='bbox 879 3468 1157 3539; x_wconf 74' lang='lat' dir='ltr'><strong>pessimum</strong></span> <span class='ocrx_word' id='word_1_293' title='bbox 1193 3468 1331 3540; x_wconf 88' lang='lat' dir='ltr'><strong>(Isa.</strong></span> <span class='ocrx_word' id='word_1_294' title='bbox 1361 3469 1427 3541; x_wconf 87' lang='grc' dir='ltr'><strong>ι),</strong></span> <span class='ocrx_word' id='word_1_295' title='bbox 1466 3479 1525 3524; x_wconf 88' lang='lat' dir='ltr'><strong>et</strong></span> <span class='ocrx_word' id='word_1_296' title='bbox 1551 3484 1721 3541; x_wconf 87' lang='lat' dir='ltr'><strong>quare</strong></span> <span class='ocrx_word' id='word_1_297' title='bbox 1747 3470 1820 3527; x_wconf 85' lang='lat' dir='ltr'><strong>sit</strong></span> 
     </span>
    </p>
   </div>
   <div class='ocr_carea' id='block_1_39' title="bbox 240 3558 1821 3633">
    <p class='ocr_par' dir='ltr' id='par_1_39' title="bbox 240 3558 1821 3633">
     <span class='ocr_line' id='line_1_39' title="bbox 240 3558 1821 3633; baseline 0.002 -19"><span class='ocrx_word' id='word_1_298' title='bbox 240 3571 431 3614; x_wconf 72' lang='lat' dir='ltr'><strong>scineu</strong></span> <span class='ocrx_word' id='word_1_299' title='bbox 460 3559 776 3629; x_wconf 86' lang='lat' dir='ltr'><strong>pessimum,</strong></span> <span class='ocrx_word' id='word_1_300' title='bbox 821 3558 1092 3630; x_wconf 83' lang='lat' dir='ltr'><strong>snbjeeit:</strong></span> <span class='ocrx_word' id='word_1_301' title='bbox 1124 3561 1425 3633; x_wconf 79' lang='lat' dir='ltr'><strong>Reliquistis</strong></span> <span class='ocrx_word' id='word_1_302' title='bbox 1460 3563 1599 3617; x_wconf 86' lang='lat' dir='ltr'><strong>enim</strong></span> <span class='ocrx_word' id='word_1_303' title='bbox 1636 3562 1821 3617; x_wconf 83' lang='lat' dir='ltr'><strong>Domi-</strong></span> 
     </span>
    </p>
   </div>
   <div class='ocr_carea' id='block_1_40' title="bbox 242 3651 1815 3723">
    <p class='ocr_par' dir='ltr' id='par_1_40' title="bbox 242 3651 1815 3723">
     <span class='ocr_line' id='line_1_40' title="bbox 242 3651 1815 3723; baseline 0.004 -20"><span class='ocrx_word' id='word_1_304' title='bbox 242 3666 393 3715; x_wconf 74' lang='lat' dir='ltr'><strong>num,</strong></span> <span class='ocrx_word' id='word_1_305' title='bbox 425 3652 523 3717; x_wconf 88' lang='lat' dir='ltr'><strong>ait,</strong></span> <span class='ocrx_word' id='word_1_306' title='bbox 552 3661 600 3707; x_wconf 84' lang='lat' dir='ltr'><strong>et</strong></span> <span class='ocrx_word' id='word_1_307' title='bbox 628 3651 697 3706; x_wconf 89' lang='lat' dir='ltr'><strong>ad</strong></span> <span class='ocrx_word' id='word_1_308' title='bbox 726 3652 1056 3708; x_wconf 78' lang='lat' dir='ltr'><strong>iracundiam</strong></span> <span class='ocrx_word' id='word_1_309' title='bbox 1085 3654 1343 3709; x_wconf 80' lang='lat' dir='ltr'><strong>incitastis</strong></span> <span class='ocrx_word' id='word_1_310' title='bbox 1365 3666 1605 3710; x_wconf 82' lang='lat' dir='ltr'><strong>sanctum</strong></span> <span class='ocrx_word' id='word_1_311' title='bbox 1626 3654 1815 3723; x_wconf 82' lang='lat' dir='ltr'><strong>Israel,</strong></span> 
     </span>
    </p>
   </div>
   <div class='ocr_carea' id='block_1_41' title="bbox 240 3743 1819 3816">
    <p class='ocr_par' dir='ltr' id='par_1_41' title="bbox 240 3743 1819 3816">
     <span class='ocr_line' id='line_1_41' title="bbox 240 3743 1819 3816; baseline 0.002 -18"><span class='ocrx_word' id='word_1_312' title='bbox 240 3752 307 3798; x_wconf 89' lang='lat' dir='ltr'><strong>ut</strong></span> <span class='ocrx_word' id='word_1_313' title='bbox 356 3752 547 3798; x_wconf 87' lang='lat' dir='ltr'><strong>natura</strong></span> <span class='ocrx_word' id='word_1_314' title='bbox 577 3759 699 3815; x_wconf 72' lang='lat' dir='ltr'><strong>qua:</strong></span> <span class='ocrx_word' id='word_1_315' title='bbox 725 3743 929 3801; x_wconf 86' lang='lat' dir='ltr'><strong>deserit</strong></span> <span class='ocrx_word' id='word_1_316' title='bbox 959 3744 1152 3812; x_wconf 91' lang='lat' dir='ltr'><strong>Deum,</strong></span> <span class='ocrx_word' id='word_1_317' title='bbox 1184 3760 1368 3801; x_wconf 88' lang='lat' dir='ltr'><strong>semen</strong></span> <span class='ocrx_word' id='word_1_318' title='bbox 1394 3746 1688 3816; x_wconf 86' lang='lat' dir='ltr'><strong>pessimum</strong></span> <span class='ocrx_word' id='word_1_319' title='bbox 1733 3746 1819 3801; x_wconf 91' lang='lat' dir='ltr'><strong>di-</strong></span> 
     </span>
    </p>
   </div>
   <div class='ocr_carea' id='block_1_42' title="bbox 240 3834 1817 3905">
    <p class='ocr_par' dir='ltr' id='par_1_42' title="bbox 240 3834 1817 3905">
     <span class='ocr_line' id='line_1_42' title="bbox 240 3834 1817 3905; baseline 0.001 -16"><span class='ocrx_word' id='word_1_320' title='bbox 240 3844 425 3889; x_wconf 87' lang='lat' dir='ltr'><strong>catur.</strong></span> <span class='ocrx_word' id='word_1_321' title='bbox 471 3835 810 3905; x_wconf 83' lang='lat' dir='ltr'><strong>Degenerare</strong></span> <span class='ocrx_word' id='word_1_322' title='bbox 849 3836 993 3890; x_wconf 91' lang='lat' dir='ltr'><strong>enim</strong></span> <span class='ocrx_word' id='word_1_323' title='bbox 1032 3844 1118 3891; x_wconf 86' lang='lat' dir='ltr'><strong>est</strong></span> <span class='ocrx_word' id='word_1_324' title='bbox 1163 3836 1233 3890; x_wconf 90' lang='lat' dir='ltr'><strong>ab</strong></span> <span class='ocrx_word' id='word_1_325' title='bbox 1270 3844 1494 3890; x_wconf 88' lang='lat' dir='ltr'><strong>auctore</strong></span> <span class='ocrx_word' id='word_1_326' title='bbox 1538 3834 1817 3900; x_wconf 85' lang='lat' dir='ltr'><strong>recedere,</strong></span> 
     </span>
    </p>
   </div>
   <div class='ocr_carea' id='block_1_43' title="bbox 236 3922 1821 3995">
    <p class='ocr_par' dir='ltr' id='par_1_43' title="bbox 236 3922 1821 3995">
     <span class='ocr_line' id='line_1_43' title="bbox 236 3922 1821 3995; baseline 0.002 -19"><span class='ocrx_word' id='word_1_327' title='bbox 236 3932 295 3978; x_wconf 90' lang='lat' dir='ltr'><strong>et</strong></span> <span class='ocrx_word' id='word_1_328' title='bbox 321 3939 449 3979; x_wconf 88' lang='lat' dir='ltr'><strong>eum</strong></span> <span class='ocrx_word' id='word_1_329' title='bbox 478 3923 679 3979; x_wconf 91' lang='lat' dir='ltr'><strong>malum</strong></span> <span class='ocrx_word' id='word_1_330' title='bbox 713 3923 1014 3995; x_wconf 79' lang='lat' dir='ltr'><strong>exemplum</strong></span> <span class='ocrx_word' id='word_1_331' title='bbox 1031 3924 1240 3980; x_wconf 65' lang='lat' dir='ltr'><strong>caeteris</strong></span> <span class='ocrx_word' id='word_1_332' title='bbox 1257 3924 1481 3994; x_wconf 64' lang='lat' dir='ltr'><strong>praebet,</strong></span> <span class='ocrx_word' id='word_1_333' title='bbox 1508 3922 1712 3978; x_wconf 89' lang='lat' dir='ltr'><strong>malum</strong></span> <span class='ocrx_word' id='word_1_334' title='bbox 1734 3930 1821 3979; x_wconf 91' lang='lat' dir='ltr'><strong>est</strong></span> 
     </span>
    </p>
   </div>
   <div class='ocr_carea' id='block_1_44' title="bbox 238 4016 1822 4089">
    <p class='ocr_par' dir='ltr' id='par_1_44' title="bbox 238 4016 1822 4089">
     <span class='ocr_line' id='line_1_44' title="bbox 238 4016 1822 4089; baseline -0.001 -15"><span class='ocrx_word' id='word_1_335' title='bbox 238 4032 433 4074; x_wconf 87' lang='lat' dir='ltr'><strong>semen</strong></span> <span class='ocrx_word' id='word_1_336' title='bbox 465 4036 479 4073; x_wconf 92' lang='lat'><strong>:</strong></span> <span class='ocrx_word' id='word_1_337' title='bbox 507 4017 717 4074; x_wconf 73' lang='lat' dir='ltr'><strong>fructus</strong></span> <span class='ocrx_word' id='word_1_338' title='bbox 757 4018 903 4073; x_wconf 91' lang='lat' dir='ltr'><strong>enim</strong></span> <span class='ocrx_word' id='word_1_339' title='bbox 942 4018 1205 4089; x_wconf 88' lang='lat' dir='ltr'><strong>pessimos</strong></span> <span class='ocrx_word' id='word_1_340' title='bbox 1236 4016 1384 4082; x_wconf 81' lang='lat' dir='ltr'><strong>facit,</strong></span> <span class='ocrx_word' id='word_1_341' title='bbox 1410 4016 1457 4072; x_wconf 89' lang='lat' dir='ltr'><strong>si</strong></span> <span class='ocrx_word' id='word_1_342' title='bbox 1481 4031 1611 4073; x_wconf 89' lang='lat' dir='ltr'><strong>vero</strong></span> <span class='ocrx_word' id='word_1_343' title='bbox 1637 4017 1822 4072; x_wconf 88' lang='lat' dir='ltr'><strong>redeat</strong></span> 
     </span>
    </p>
   </div>
   <div class='ocr_carea' id='block_1_45' title="bbox 243 4106 1821 4189">
    <p class='ocr_par' dir='ltr' id='par_1_45' title="bbox 243 4106 1821 4189">
     <span class='ocr_line' id='line_1_45' title="bbox 243 4106 1821 4189; baseline -0.004 -22"><span class='ocrx_word' id='word_1_344' title='bbox 243 4113 312 4169; x_wconf 90' lang='lat' dir='ltr'><strong>ad</strong></span> <span class='ocrx_word' id='word_1_345' title='bbox 346 4120 650 4179; x_wconf 88' lang='lat' dir='ltr'><strong>auctorem,</strong></span> <span class='ocrx_word' id='word_1_346' title='bbox 672 4112 813 4167; x_wconf 89' lang='lat' dir='ltr'><strong>bona</strong></span> <span class='ocrx_word' id='word_1_347' title='bbox 827 4111 931 4167; x_wconf 90' lang='lat' dir='ltr'><strong>erit</strong></span> <span class='ocrx_word' id='word_1_348' title='bbox 952 4118 1140 4165; x_wconf 86' lang='lat' dir='ltr'><strong>natura</strong></span> <span class='ocrx_word' id='word_1_349' title='bbox 1164 4109 1458 4165; x_wconf 88' lang='lat' dir='ltr'><strong>secundum</strong></span> <span class='ocrx_word' id='word_1_350' title='bbox 1486 4106 1821 4189; x_wconf 64' lang='lat' dir='ltr'><strong>Apostoluma</strong></span> 
     </span>
    </p>
   </div>
   <div class='ocr_carea' id='block_1_46' title="bbox 244 4201 1825 4274">
    <p class='ocr_par' dir='ltr' id='par_1_46' title="bbox 244 4201 1825 4274">
     <span class='ocr_line' id='line_1_46' title="bbox 244 4201 1825 4274; baseline -0.003 -16"><span class='ocrx_word' id='word_1_351' title='bbox 244 4204 342 4274; x_wconf 91' lang='lat' dir='ltr'><strong>qui</strong></span> <span class='ocrx_word' id='word_1_352' title='bbox 370 4203 709 4268; x_wconf 88' lang='lat' dir='ltr'><strong>immutatus,</strong></span> <span class='ocrx_word' id='word_1_353' title='bbox 739 4201 867 4257; x_wconf 91' lang='lat' dir='ltr'><strong>dum</strong></span> <span class='ocrx_word' id='word_1_354' title='bbox 894 4201 1142 4273; x_wconf 89' lang='lat' dir='ltr'><strong>agnoscit</strong></span> <span class='ocrx_word' id='word_1_355' title='bbox 1169 4207 1477 4255; x_wconf 81' lang='lat' dir='ltr'><strong>creatorem</strong></span> <span class='ocrx_word' id='word_1_356' title='bbox 1503 4212 1665 4256; x_wconf 78' lang='lat' dir='ltr'><strong>suum</strong></span> <span class='ocrx_word' id='word_1_357' title='bbox 1682 4237 1701 4264; x_wconf 92' lang='lat'><strong>,</strong></span> <span class='ocrx_word' id='word_1_358' title='bbox 1726 4211 1825 4253; x_wconf 92' lang='lat' dir='ltr'><strong>vas</strong></span> 
     </span>
    </p>
   </div>
   <div class='ocr_carea' id='block_1_47' title="bbox 245 4289 1819 4366">
    <p class='ocr_par' dir='ltr' id='par_1_47' title="bbox 245 4289 1819 4366">
     <span class='ocr_line' id='line_1_47' title="bbox 245 4289 1819 4366; baseline -0.004 -13"><span class='ocrx_word' id='word_1_359' title='bbox 245 4295 531 4353; x_wconf 86' lang='lat' dir='ltr'><strong>electionis</strong></span> <span class='ocrx_word' id='word_1_360' title='bbox 574 4293 892 4366; x_wconf 88' lang='lat' dir='ltr'><strong>appellatur.</strong></span> <span class='ocrx_word' id='word_1_361' title='bbox 942 4292 1139 4365; x_wconf 68' lang='lat' dir='ltr'><strong>(Hien)</strong></span> <span class='ocrx_word' id='word_1_362' title='bbox 1188 4292 1451 4363; x_wconf 89' lang='lat' dir='ltr'><strong>Superius</strong></span> <span class='ocrx_word' id='word_1_363' title='bbox 1493 4291 1660 4358; x_wconf 91' lang='lat' dir='ltr'><strong>enim,</strong></span> <span class='ocrx_word' id='word_1_364' title='bbox 1689 4289 1819 4361; x_wconf 87' lang='lat' dir='ltr'><strong>quia</strong></span> 
     </span>
    </p>
   </div>
   <div class='ocr_carea' id='block_1_48' title="bbox 245 4384 1815 4459">
    <p class='ocr_par' dir='ltr' id='par_1_48' title="bbox 245 4384 1815 4459">
     <span class='ocr_line' id='line_1_48' title="bbox 245 4384 1815 4459; baseline -0.003 -15"><span class='ocrx_word' id='word_1_365' title='bbox 245 4388 357 4443; x_wconf 88' lang='lat' dir='ltr'><strong>duo</strong></span> <span class='ocrx_word' id='word_1_366' title='bbox 392 4387 602 4459; x_wconf 89' lang='lat' dir='ltr'><strong>pariter</strong></span> <span class='ocrx_word' id='word_1_367' title='bbox 624 4396 902 4458; x_wconf 87' lang='lat' dir='ltr'><strong>posuerat,</strong></span> <span class='ocrx_word' id='word_1_368' title='bbox 940 4395 988 4442; x_wconf 90' lang='lat' dir='ltr'><strong>et</strong></span> <span class='ocrx_word' id='word_1_369' title='bbox 1011 4402 1117 4451; x_wconf 83' lang='lat' dir='ltr'><strong>vos,</strong></span> <span class='ocrx_word' id='word_1_370' title='bbox 1158 4402 1277 4440; x_wconf 83' lang='lat' dir='ltr'><strong>cum</strong></span> <span class='ocrx_word' id='word_1_371' title='bbox 1302 4386 1478 4440; x_wconf 86' lang='lat' dir='ltr'><strong>essetis</strong></span> <span class='ocrx_word' id='word_1_372' title='bbox 1502 4384 1697 4439; x_wconf 83' lang='lat' dir='ltr'><strong>mortui</strong></span> <span class='ocrx_word' id='word_1_373' title='bbox 1725 4384 1815 4439; x_wconf 87' lang='lat' dir='ltr'><strong>de—</strong></span> 
     </span>
    </p>
   </div>
   <div class='ocr_carea' id='block_1_49' title="bbox 246 4478 1825 4552">
    <p class='ocr_par' dir='ltr' id='par_1_49' title="bbox 246 4478 1825 4552">
     <span class='ocr_line' id='line_1_49' title="bbox 246 4478 1825 4552; baseline -0.001 -17"><span class='ocrx_word' id='word_1_374' title='bbox 246 4482 389 4536; x_wconf 86' lang='lat' dir='ltr'><strong>lictis</strong></span> <span class='ocrx_word' id='word_1_375' title='bbox 432 4490 484 4536; x_wconf 86' lang='lat' dir='ltr'><strong>et</strong></span> <span class='ocrx_word' id='word_1_376' title='bbox 522 4482 748 4552; x_wconf 78' lang='lat' dir='ltr'><strong>peccatis</strong></span> <span class='ocrx_word' id='word_1_377' title='bbox 783 4482 984 4547; x_wconf 77' lang='lat' dir='ltr'><strong>vestris,</strong></span> <span class='ocrx_word' id='word_1_378' title='bbox 1019 4490 1074 4537; x_wconf 92' lang='lat' dir='ltr'><strong>et</strong></span> <span class='ocrx_word' id='word_1_379' title='bbox 1103 4480 1173 4535; x_wconf 92' lang='lat' dir='ltr'><strong>ad</strong></span> <span class='ocrx_word' id='word_1_380' title='bbox 1194 4488 1419 4551; x_wconf 89' lang='lat' dir='ltr'><strong>peccata</strong></span> <span class='ocrx_word' id='word_1_381' title='bbox 1450 4480 1715 4535; x_wconf 88' lang='lat' dir='ltr'><strong>retulerat</strong></span> <span class='ocrx_word' id='word_1_382' title='bbox 1746 4478 1825 4534; x_wconf 85' lang='lat' dir='ltr'><strong>di-</strong></span> 
     </span>
    </p>
   </div>
   <div class='ocr_carea' id='block_1_50' title="bbox 245 4572 1826 4645">
    <p class='ocr_par' dir='ltr' id='par_1_50' title="bbox 245 4572 1826 4645">
     <span class='ocr_line' id='line_1_50' title="bbox 245 4572 1826 4645; baseline -0.003 -13"><span class='ocrx_word' id='word_1_383' title='bbox 245 4590 379 4632; x_wconf 70' lang='lat' dir='ltr'><strong>cells</strong></span> <span class='ocrx_word' id='word_1_384' title='bbox 402 4593 417 4628; x_wconf 90' lang='lat'><strong>:</strong></span> <span class='ocrx_word' id='word_1_385' title='bbox 448 4575 504 4628; x_wconf 82' lang='lat' dir='ltr'><strong>in</strong></span> <span class='ocrx_word' id='word_1_386' title='bbox 522 4575 710 4645; x_wconf 85' lang='lat' dir='ltr'><strong>quibus</strong></span> <span class='ocrx_word' id='word_1_387' title='bbox 734 4573 1016 4645; x_wconf 79' lang='lat' dir='ltr'><strong>aliquando</strong></span> <span class='ocrx_word' id='word_1_388' title='bbox 1036 4572 1361 4637; x_wconf 86' lang='lat' dir='ltr'><strong>ambulastis,</strong></span> <span class='ocrx_word' id='word_1_389' title='bbox 1390 4573 1459 4628; x_wconf 88' lang='lat' dir='ltr'><strong>ad</strong></span> <span class='ocrx_word' id='word_1_390' title='bbox 1479 4572 1672 4630; x_wconf 87' lang='lat' dir='ltr'><strong>delicta</strong></span> <span class='ocrx_word' id='word_1_391' title='bbox 1696 4586 1826 4628; x_wconf 86' lang='lat' dir='ltr'><strong>vero</strong></span> 
     </span>
    </p>
   </div>
   <div class='ocr_carea' id='block_1_51' title="bbox 248 4664 1827 4735">
    <p class='ocr_par' dir='ltr' id='par_1_51' title="bbox 248 4664 1827 4735">
     <span class='ocr_line' id='line_1_51' title="bbox 248 4664 1827 4735; baseline -0.001 -13"><span class='ocrx_word' id='word_1_392' title='bbox 248 4664 388 4722; x_wconf 80' lang='lat' dir='ltr'><strong>nihil</strong></span> <span class='ocrx_word' id='word_1_393' title='bbox 434 4664 542 4721; x_wconf 87' lang='lat' dir='ltr'><strong>tale</strong></span> <span class='ocrx_word' id='word_1_394' title='bbox 586 4665 861 4721; x_wconf 82' lang='lat' dir='ltr'><strong>videbatur</strong></span> <span class='ocrx_word' id='word_1_395' title='bbox 914 4672 1157 4721; x_wconf 90' lang='lat' dir='ltr'><strong>secutum</strong></span> <span class='ocrx_word' id='word_1_396' title='bbox 1199 4664 1343 4734; x_wconf 89' lang='lat' dir='ltr'><strong>quod</strong></span> <span class='ocrx_word' id='word_1_397' title='bbox 1378 4678 1594 4719; x_wconf 86' lang='lat' dir='ltr'><strong>sensum</strong></span> <span class='ocrx_word' id='word_1_398' title='bbox 1638 4672 1827 4735; x_wconf 77' lang='lat' dir='ltr'><strong>posset</strong></span> 
     </span>
    </p>
   </div>
   <div class='ocr_carea' id='block_1_52' title="bbox 248 4756 1825 4830">
    <p class='ocr_par' dir='ltr' id='par_1_52' title="bbox 248 4756 1825 4830">
     <span class='ocr_line' id='line_1_52' title="bbox 248 4756 1825 4830; baseline -0.003 -14"><span class='ocrx_word' id='word_1_399' title='bbox 248 4759 496 4830; x_wconf 72' lang='lat' dir='ltr'><strong>explere,</strong></span> <span class='ocrx_word' id='word_1_400' title='bbox 541 4774 683 4815; x_wconf 90' lang='lat' dir='ltr'><strong>nunc</strong></span> <span class='ocrx_word' id='word_1_401' title='bbox 709 4758 789 4814; x_wconf 84' lang='lat' dir='ltr'><strong>ait</strong></span> <span class='ocrx_word' id='word_1_402' title='bbox 817 4775 831 4812; x_wconf 94' lang='lat'><strong>:</strong></span> <span class='ocrx_word' id='word_1_403' title='bbox 858 4757 914 4814; x_wconf 78' lang='lat' dir='ltr'><strong>in</strong></span> <span class='ocrx_word' id='word_1_404' title='bbox 951 4757 1136 4829; x_wconf 82' lang='lat' dir='ltr'><strong>quibus</strong></span> <span class='ocrx_word' id='word_1_405' title='bbox 1177 4756 1381 4812; x_wconf 81' lang='lat' dir='ltr'><strong>delictis</strong></span> <span class='ocrx_word' id='word_1_406' title='bbox 1426 4766 1473 4812; x_wconf 85' lang='lat' dir='ltr'><strong>et</strong></span> <span class='ocrx_word' id='word_1_407' title='bbox 1518 4774 1619 4812; x_wconf 80' lang='lat' dir='ltr'><strong>nos</strong></span> <span class='ocrx_word' id='word_1_408' title='bbox 1647 4772 1825 4812; x_wconf 85' lang='lat' dir='ltr'><strong>omnes</strong></span> 
     </span>
    </p>
   </div>
   <div class='ocr_carea' id='block_1_53' title="bbox 248 4848 1824 4919">
    <p class='ocr_par' dir='ltr' id='par_1_53' title="bbox 248 4848 1824 4919">
     <span class='ocr_line' id='line_1_53' title="bbox 248 4848 1824 4919; baseline -0.003 -14"><span class='ocrx_word' id='word_1_409' title='bbox 248 4851 544 4905; x_wconf 71' lang='lat' dir='ltr'><strong>conversati</strong></span> <span class='ocrx_word' id='word_1_410' title='bbox 573 4866 773 4916; x_wconf 81' lang='lat' dir='ltr'><strong>sumus,</strong></span> <span class='ocrx_word' id='word_1_411' title='bbox 806 4848 1096 4919; x_wconf 89' lang='lat' dir='ltr'><strong>simulque,</strong></span> <span class='ocrx_word' id='word_1_412' title='bbox 1133 4864 1205 4904; x_wconf 90' lang='lat' dir='ltr'><strong>ne</strong></span> <span class='ocrx_word' id='word_1_413' title='bbox 1232 4848 1288 4903; x_wconf 91' lang='lat' dir='ltr'><strong>in</strong></span> <span class='ocrx_word' id='word_1_414' title='bbox 1313 4862 1381 4904; x_wconf 89' lang='lat' dir='ltr'><strong>eo</strong></span> <span class='ocrx_word' id='word_1_415' title='bbox 1405 4848 1548 4919; x_wconf 84' lang='lat' dir='ltr'><strong>quod</strong></span> <span class='ocrx_word' id='word_1_416' title='bbox 1573 4848 1783 4903; x_wconf 84' lang='lat' dir='ltr'><strong>dixerat</strong></span> <span class='ocrx_word' id='word_1_417' title='bbox 1810 4864 1824 4900; x_wconf 96' lang='lat'><strong>:</strong></span> 
     </span>
    </p>
   </div>
   <div class='ocr_carea' id='block_1_54' title="bbox 249 4941 1831 5015">
    <p class='ocr_par' dir='ltr' id='par_1_54' title="bbox 249 4941 1831 5015">
     <span class='ocr_line' id='line_1_54' title="bbox 249 4941 1831 5015; baseline -0.002 -17"><span class='ocrx_word' id='word_1_418' title='bbox 249 4953 301 4998; x_wconf 84' lang='lat' dir='ltr'><strong>et</strong></span> <span class='ocrx_word' id='word_1_419' title='bbox 330 4944 561 5015; x_wconf 78' lang='lat' dir='ltr'><strong>peccatis</strong></span> <span class='ocrx_word' id='word_1_420' title='bbox 590 4944 771 5009; x_wconf 76' lang='lat' dir='ltr'><strong>uestris</strong></span> <span class='ocrx_word' id='word_1_421' title='bbox 807 4943 862 4998; x_wconf 83' lang='lat' dir='ltr'><strong>in</strong></span> <span class='ocrx_word' id='word_1_422' title='bbox 887 4941 1073 5014; x_wconf 85' lang='lat' dir='ltr'><strong>quibus</strong></span> <span class='ocrx_word' id='word_1_423' title='bbox 1098 4951 1145 4997; x_wconf 85' lang='lat' dir='ltr'><strong>et</strong></span> <span class='ocrx_word' id='word_1_424' title='bbox 1177 4958 1272 4997; x_wconf 85' lang='lat' dir='ltr'><strong>nos</strong></span> <span class='ocrx_word' id='word_1_425' title='bbox 1321 4957 1497 4996; x_wconf 82' lang='lat' dir='ltr'><strong>omnes</strong></span> <span class='ocrx_word' id='word_1_426' title='bbox 1540 4941 1831 4997; x_wconf 77' lang='lat' dir='ltr'><strong>conversati</strong></span> 
     </span>
    </p>
   </div>
   <div class='ocr_carea' id='block_1_55' title="bbox 249 5032 1832 5104">
    <p class='ocr_par' dir='ltr' id='par_1_55' title="bbox 249 5032 1832 5104">
     <span class='ocr_line' id='line_1_55' title="bbox 249 5032 1832 5104; baseline -0.003 -14"><span class='ocrx_word' id='word_1_427' title='bbox 249 5050 460 5097; x_wconf 73' lang='lat' dir='ltr'><strong>uacus,</strong></span> <span class='ocrx_word' id='word_1_428' title='bbox 482 5048 543 5089; x_wconf 85' lang='lat' dir='ltr'><strong>se</strong></span> <span class='ocrx_word' id='word_1_429' title='bbox 556 5048 650 5104; x_wconf 90' lang='lat' dir='ltr'><strong>per</strong></span> <span class='ocrx_word' id='word_1_430' title='bbox 662 5033 970 5104; x_wconf 85' lang='lat' dir='ltr'><strong>superbiam</strong></span> <span class='ocrx_word' id='word_1_431' title='bbox 986 5047 1016 5087; x_wconf 91' lang='lat' dir='ltr'><strong>a</strong></span> <span class='ocrx_word' id='word_1_432' title='bbox 1037 5040 1260 5102; x_wconf 90' lang='lat' dir='ltr'><strong>peccato</strong></span> <span class='ocrx_word' id='word_1_433' title='bbox 1272 5032 1545 5087; x_wconf 78' lang='lat' dir='ltr'><strong>videretur</strong></span> <span class='ocrx_word' id='word_1_434' title='bbox 1562 5032 1832 5101; x_wconf 75' lang='lat' dir='ltr'><strong>excipere,</strong></span> 
     </span>
    </p>
   </div>
   <div class='ocr_carea' id='block_1_56' title="bbox 251 5123 1838 5197">
    <p class='ocr_par' dir='ltr' id='par_1_56' title="bbox 251 5123 1838 5197">
     <span class='ocr_line' id='line_1_56' title="bbox 251 5123 1838 5197; baseline -0.001 -16"><span class='ocrx_word' id='word_1_435' title='bbox 251 5125 536 5197; x_wconf 71' lang='lat' dir='ltr'><strong>adiunxit:</strong></span> <span class='ocrx_word' id='word_1_436' title='bbox 560 5123 627 5180; x_wconf 87' lang='lat' dir='ltr'><strong>In</strong></span> <span class='ocrx_word' id='word_1_437' title='bbox 645 5126 832 5197; x_wconf 86' lang='lat' dir='ltr'><strong>quibus</strong></span> <span class='ocrx_word' id='word_1_438' title='bbox 852 5133 901 5180; x_wconf 89' lang='lat' dir='ltr'><strong>et</strong></span> <span class='ocrx_word' id='word_1_439' title='bbox 921 5141 1015 5180; x_wconf 84' lang='lat' dir='ltr'><strong>nos</strong></span> <span class='ocrx_word' id='word_1_440' title='bbox 1031 5141 1203 5181; x_wconf 83' lang='lat' dir='ltr'><strong>omnes</strong></span> <span class='ocrx_word' id='word_1_441' title='bbox 1219 5125 1505 5180; x_wconf 79' lang='lat' dir='ltr'><strong>conrersati</strong></span> <span class='ocrx_word' id='word_1_442' title='bbox 1517 5141 1719 5180; x_wconf 76' lang='lat' dir='ltr'><strong>smnus.</strong></span> <span class='ocrx_word' id='word_1_443' title='bbox 1733 5123 1838 5193; x_wconf 87' lang='lat' dir='ltr'><strong>Qui</strong></span> 
     </span>
    </p>
   </div>
   <div class='ocr_carea' id='block_1_57' title="bbox 253 5217 1836 5287">
    <p class='ocr_par' dir='ltr' id='par_1_57' title="bbox 253 5217 1836 5287">
     <span class='ocr_line' id='line_1_57' title="bbox 253 5217 1836 5287; baseline 0 -13"><span class='ocrx_word' id='word_1_444' title='bbox 253 5226 443 5275; x_wconf 87' lang='lat' dir='ltr'><strong>autem</strong></span> <span class='ocrx_word' id='word_1_445' title='bbox 459 5227 835 5275; x_wconf 87' lang='lat' dir='ltr'><strong>conversatum</strong></span> <span class='ocrx_word' id='word_1_446' title='bbox 855 5232 914 5274; x_wconf 87' lang='lat' dir='ltr'><strong>se</strong></span> <span class='ocrx_word' id='word_1_447' title='bbox 931 5232 1049 5273; x_wconf 87' lang='lat' dir='ltr'><strong>esse</strong></span> <span class='ocrx_word' id='word_1_448' title='bbox 1067 5218 1196 5274; x_wconf 88' lang='lat' dir='ltr'><strong>dicit</strong></span> <span class='ocrx_word' id='word_1_449' title='bbox 1215 5218 1280 5272; x_wconf 89' lang='lat' dir='ltr'><strong>de</strong></span> <span class='ocrx_word' id='word_1_450' title='bbox 1294 5218 1584 5287; x_wconf 81' lang='lat' dir='ltr'><strong>praeteritis</strong></span> <span class='ocrx_word' id='word_1_451' title='bbox 1602 5217 1836 5285; x_wconf 90' lang='lat' dir='ltr'><strong>delictis,</strong></span> 
     </span>
    </p>
   </div>
   <div class='ocr_carea' id='block_1_58' title="bbox 252 5308 1835 5380">
    <p class='ocr_par' dir='ltr' id='par_1_58' title="bbox 252 5308 1835 5380">
     <span class='ocr_line' id='line_1_58' title="bbox 252 5308 1835 5380; baseline -0.003 -14"><span class='ocrx_word' id='word_1_452' title='bbox 252 5320 315 5366; x_wconf 80' lang='lat' dir='ltr'><strong>et</strong></span> <span class='ocrx_word' id='word_1_453' title='bbox 334 5326 449 5366; x_wconf 84' lang='lat' dir='ltr'><strong>non</strong></span> <span class='ocrx_word' id='word_1_454' title='bbox 471 5309 537 5366; x_wconf 79' lang='lat' dir='ltr'><strong>de</strong></span> <span class='ocrx_word' id='word_1_455' title='bbox 556 5309 913 5380; x_wconf 64' lang='lat' dir='ltr'><strong>praesentibus</strong></span> <span class='ocrx_word' id='word_1_456' title='bbox 942 5308 1228 5365; x_wconf 88' lang='lat' dir='ltr'><strong>conﬁtetur</strong></span> <span class='ocrx_word' id='word_1_457' title='bbox 1257 5325 1269 5360; x_wconf 91' lang='lat'><strong>:</strong></span> <span class='ocrx_word' id='word_1_458' title='bbox 1296 5309 1610 5374; x_wconf 83' lang='lat' dir='ltr'><strong>conversati,</strong></span> <span class='ocrx_word' id='word_1_459' title='bbox 1637 5308 1835 5378; x_wconf 88' lang='lat' dir='ltr'><strong>inquit,</strong></span> 
     </span>
    </p>
   </div>
   <div class='ocr_carea' id='block_1_59' title="bbox 253 5399 1841 5473">
    <p class='ocr_par' dir='ltr' id='par_1_59' title="bbox 253 5399 1841 5473">
     <span class='ocr_line' id='line_1_59' title="bbox 253 5399 1841 5473; baseline -0.003 -17"><span class='ocrx_word' id='word_1_460' title='bbox 253 5417 446 5456; x_wconf 61' lang='lat' dir='ltr'><strong>minus</strong></span> <span class='ocrx_word' id='word_1_461' title='bbox 471 5399 775 5473; x_wconf 81' lang='lat' dir='ltr'><strong>aliquando,</strong></span> <span class='ocrx_word' id='word_1_462' title='bbox 806 5415 915 5456; x_wconf 93' lang='lat' dir='ltr'><strong>non</strong></span> <span class='ocrx_word' id='word_1_463' title='bbox 949 5399 1002 5455; x_wconf 91' lang='lat' dir='ltr'><strong>in</strong></span> <span class='ocrx_word' id='word_1_464' title='bbox 1030 5414 1140 5454; x_wconf 91' lang='lat' dir='ltr'><strong>uno</strong></span> <span class='ocrx_word' id='word_1_465' title='bbox 1172 5399 1463 5464; x_wconf 85' lang='lat' dir='ltr'><strong>desiderio,</strong></span> <span class='ocrx_word' id='word_1_466' title='bbox 1493 5399 1587 5454; x_wconf 91' lang='lat' dir='ltr'><strong>sed</strong></span> <span class='ocrx_word' id='word_1_467' title='bbox 1615 5400 1671 5453; x_wconf 83' lang='lat' dir='ltr'><strong>in</strong></span> <span class='ocrx_word' id='word_1_468' title='bbox 1698 5399 1841 5453; x_wconf 82' lang='lat' dir='ltr'><strong>desi-</strong></span> 
     </span>
    </p>
   </div>
   <div class='ocr_carea' id='block_1_60' title="bbox 253 5489 1839 5561">
    <p class='ocr_par' dir='ltr' id='par_1_60' title="bbox 253 5489 1839 5561">
     <span class='ocr_line' id='line_1_60' title="bbox 253 5489 1839 5561; baseline -0.003 -12"><span class='ocrx_word' id='word_1_469' title='bbox 253 5492 426 5549; x_wconf 82' lang='lat' dir='ltr'><strong>deriis</strong></span> <span class='ocrx_word' id='word_1_470' title='bbox 455 5493 631 5547; x_wconf 80' lang='lat' dir='ltr'><strong>carnis</strong></span> <span class='ocrx_word' id='word_1_471' title='bbox 653 5501 844 5548; x_wconf 70' lang='lat' dir='ltr'><strong>nostris</strong></span> <span class='ocrx_word' id='word_1_472' title='bbox 870 5505 889 5543; x_wconf 91' lang='lat'><strong>:</strong></span> <span class='ocrx_word' id='word_1_473' title='bbox 919 5506 1048 5547; x_wconf 89' lang='lat' dir='ltr'><strong>caro</strong></span> <span class='ocrx_word' id='word_1_474' title='bbox 1073 5490 1270 5561; x_wconf 86' lang='lat' dir='ltr'><strong>quippe</strong></span> <span class='ocrx_word' id='word_1_475' title='bbox 1291 5489 1562 5545; x_wconf 89' lang='lat' dir='ltr'><strong>desiderat</strong></span> <span class='ocrx_word' id='word_1_476' title='bbox 1583 5490 1839 5545; x_wconf 81' lang='lat' dir='ltr'><strong>adversus</strong></span> 
     </span>
    </p>
   </div>
   <div class='ocr_carea' id='block_1_61' title="bbox 257 5576 1842 5653">
    <p class='ocr_par' dir='ltr' id='par_1_61' title="bbox 257 5576 1842 5653">
     <span class='ocr_line' id='line_1_61' title="bbox 257 5576 1842 5653; baseline -0.002 -16"><span class='ocrx_word' id='word_1_477' title='bbox 257 5581 534 5653; x_wconf 81' lang='lat' dir='ltr'><strong>spiritum,</strong></span> <span class='ocrx_word' id='word_1_478' title='bbox 568 5591 623 5638; x_wconf 89' lang='lat' dir='ltr'><strong>et</strong></span> <span class='ocrx_word' id='word_1_479' title='bbox 659 5582 884 5653; x_wconf 88' lang='lat' dir='ltr'><strong>spiritus</strong></span> <span class='ocrx_word' id='word_1_480' title='bbox 909 5581 1168 5637; x_wconf 88' lang='lat' dir='ltr'><strong>adversus</strong></span> <span class='ocrx_word' id='word_1_481' title='bbox 1214 5595 1432 5635; x_wconf 87' lang='lat' dir='ltr'><strong>carnem</strong></span> <span class='ocrx_word' id='word_1_482' title='bbox 1469 5576 1609 5650; x_wconf 81' lang='lat' dir='ltr'><strong>(Gal.</strong></span> <span class='ocrx_word' id='word_1_483' title='bbox 1644 5579 1720 5650; x_wconf 89' lang='lat' dir='ltr'><strong>v),</strong></span> <span class='ocrx_word' id='word_1_484' title='bbox 1766 5578 1842 5634; x_wconf 82' lang='lat' dir='ltr'><strong>fa-</strong></span> 
     </span>
    </p>
   </div>
   <div class='ocr_carea' id='block_1_62' title="bbox 259 5668 1842 5737">
    <p class='ocr_par' dir='ltr' id='par_1_62' title="bbox 259 5668 1842 5737">
     <span class='ocr_line' id='line_1_62' title="bbox 259 5668 1842 5737; baseline -0.004 -8"><span class='ocrx_word' id='word_1_485' title='bbox 259 5674 473 5730; x_wconf 88' lang='lat' dir='ltr'><strong>cientes</strong></span> <span class='ocrx_word' id='word_1_486' title='bbox 498 5689 603 5729; x_wconf 91' lang='lat' dir='ltr'><strong>non</strong></span> <span class='ocrx_word' id='word_1_487' title='bbox 630 5688 793 5729; x_wconf 91' lang='lat' dir='ltr'><strong>unam</strong></span> <span class='ocrx_word' id='word_1_488' title='bbox 824 5672 1152 5728; x_wconf 82' lang='lat' dir='ltr'><strong>voluntatem</strong></span> <span class='ocrx_word' id='word_1_489' title='bbox 1182 5669 1394 5733; x_wconf 88' lang='lat' dir='ltr'><strong>carnis,</strong></span> <span class='ocrx_word' id='word_1_490' title='bbox 1425 5668 1518 5724; x_wconf 84' lang='lat' dir='ltr'><strong>sed</strong></span> <span class='ocrx_word' id='word_1_491' title='bbox 1548 5669 1760 5737; x_wconf 89' lang='lat' dir='ltr'><strong>plures,</strong></span> <span class='ocrx_word' id='word_1_492' title='bbox 1784 5676 1842 5723; x_wconf 91' lang='lat' dir='ltr'><strong>et</strong></span> 
     </span>
    </p>
   </div>
   <div class='ocr_carea' id='block_1_63' title="bbox 260 5759 1843 5833">
    <p class='ocr_par' dir='ltr' id='par_1_63' title="bbox 260 5759 1843 5833">
     <span class='ocr_line' id='line_1_63' title="bbox 260 5759 1843 5833; baseline -0.004 -10"><span class='ocrx_word' id='word_1_493' title='bbox 260 5781 376 5823; x_wconf 79' lang='lat' dir='ltr'><strong>non</strong></span> <span class='ocrx_word' id='word_1_494' title='bbox 400 5766 577 5821; x_wconf 85' lang='lat' dir='ltr'><strong>solum</strong></span> <span class='ocrx_word' id='word_1_495' title='bbox 596 5765 902 5823; x_wconf 80' lang='lat' dir='ltr'><strong>voluntates</strong></span> <span class='ocrx_word' id='word_1_496' title='bbox 916 5762 1123 5830; x_wconf 82' lang='lat' dir='ltr'><strong>carnis,</strong></span> <span class='ocrx_word' id='word_1_497' title='bbox 1136 5759 1230 5821; x_wconf 85' lang='lat' dir='ltr'><strong>sed</strong></span> <span class='ocrx_word' id='word_1_498' title='bbox 1251 5760 1419 5819; x_wconf 84' lang='lat' dir='ltr'><strong>etiam</strong></span> <span class='ocrx_word' id='word_1_499' title='bbox 1442 5761 1727 5827; x_wconf 88' lang='lat' dir='ltr'><strong>mentium,</strong></span> <span class='ocrx_word' id='word_1_500' title='bbox 1742 5776 1843 5833; x_wconf 81' lang='lat' dir='ltr'><strong>pro</strong></span> 
     </span>
    </p>
   </div>
   <div class='ocr_carea' id='block_1_64' title="bbox 1907 563 3478 641">
    <p class='ocr_par' dir='ltr' id='par_1_64' title="bbox 1907 563 3478 641">
     <span class='ocr_line' id='line_1_64' title="bbox 1907 563 3478 641; baseline 0.01 -29"><span class='ocrx_word' id='word_1_501' title='bbox 1907 567 2127 627; x_wconf 87' lang='lat' dir='ltr'><strong>peccata</strong></span> <span class='ocrx_word' id='word_1_502' title='bbox 2149 571 2326 617; x_wconf 87' lang='lat' dir='ltr'><strong>autem</strong></span> <span class='ocrx_word' id='word_1_503' title='bbox 2347 563 2526 620; x_wconf 90' lang='lat' dir='ltr'><strong>carnis</strong></span> <span class='ocrx_word' id='word_1_504' title='bbox 2543 573 2600 621; x_wconf 89' lang='lat' dir='ltr'><strong>et</strong></span> <span class='ocrx_word' id='word_1_505' title='bbox 2618 566 2879 622; x_wconf 90' lang='lat' dir='ltr'><strong>mentium</strong></span> <span class='ocrx_word' id='word_1_506' title='bbox 2903 581 3023 622; x_wconf 89' lang='lat' dir='ltr'><strong>esse</strong></span> <span class='ocrx_word' id='word_1_507' title='bbox 3042 568 3147 624; x_wconf 92' lang='lat' dir='ltr'><strong>hoc</strong></span> <span class='ocrx_word' id='word_1_508' title='bbox 3160 579 3310 638; x_wconf 87' lang='lat' dir='ltr'><strong>puto,</strong></span> <span class='ocrx_word' id='word_1_509' title='bbox 3333 572 3478 641; x_wconf 78' lang='lat' dir='ltr'><strong>quod</strong></span> 
     </span>
    </p>
   </div>
   <div class='ocr_carea' id='block_1_65' title="bbox 1906 649 3478 729">
    <p class='ocr_par' dir='ltr' id='par_1_65' title="bbox 1906 649 3478 729">
     <span class='ocr_line' id='line_1_65' title="bbox 1906 649 3478 729; baseline 0.01 -25"><span class='ocrx_word' id='word_1_510' title='bbox 1906 649 2089 706; x_wconf 90' lang='lat' dir='ltr'><strong>carnis</strong></span> <span class='ocrx_word' id='word_1_511' title='bbox 2115 660 2391 721; x_wconf 90' lang='lat' dir='ltr'><strong>peceatum</strong></span> <span class='ocrx_word' id='word_1_512' title='bbox 2413 661 2496 710; x_wconf 90' lang='lat' dir='ltr'><strong>est</strong></span> <span class='ocrx_word' id='word_1_513' title='bbox 2519 653 2852 726; x_wconf 86' lang='lat' dir='ltr'><strong>impudicitia</strong></span> <span class='ocrx_word' id='word_1_514' title='bbox 2880 666 3043 729; x_wconf 89' lang='lat' dir='ltr'><strong>atque</strong></span> <span class='ocrx_word' id='word_1_515' title='bbox 3071 657 3308 728; x_wconf 78' lang='lat' dir='ltr'><strong>luxuria,</strong></span> <span class='ocrx_word' id='word_1_516' title='bbox 3337 668 3394 716; x_wconf 91' lang='lat' dir='ltr'><strong>et</strong></span> <span class='ocrx_word' id='word_1_517' title='bbox 3411 675 3478 720; x_wconf 87' lang='lat' dir='ltr'><strong>ea</strong></span> 
     </span>
    </p>
   </div>
   <div class='ocr_carea' id='block_1_66' title="bbox 1906 744 3476 822">
    <p class='ocr_par' dir='ltr' id='par_1_66' title="bbox 1906 744 3476 822">
     <span class='ocr_line' id='line_1_66' title="bbox 1906 744 3476 822; baseline 0.009 -26"><span class='ocrx_word' id='word_1_518' title='bbox 1906 756 2027 813; x_wconf 73' lang='lat' dir='ltr'><strong>qua:</strong></span> <span class='ocrx_word' id='word_1_519' title='bbox 2050 758 2149 813; x_wconf 88' lang='lat' dir='ltr'><strong>per</strong></span> <span class='ocrx_word' id='word_1_520' title='bbox 2172 744 2532 802; x_wconf 87' lang='lat' dir='ltr'><strong>ministerium</strong></span> <span class='ocrx_word' id='word_1_521' title='bbox 2570 746 2689 818; x_wconf 76' lang='lat' dir='ltr'><strong>ejus</strong></span> <span class='ocrx_word' id='word_1_522' title='bbox 2729 749 2783 804; x_wconf 92' lang='lat' dir='ltr'><strong>in</strong></span> <span class='ocrx_word' id='word_1_523' title='bbox 2822 749 3101 806; x_wconf 83' lang='lat' dir='ltr'><strong>libidinem</strong></span> <span class='ocrx_word' id='word_1_524' title='bbox 3141 750 3429 822; x_wconf 79' lang='lat' dir='ltr'><strong>explentur</strong></span> <span class='ocrx_word' id='word_1_525' title='bbox 3455 767 3476 810; x_wconf 89' lang='lat'><strong>:</strong></span> 
     </span>
    </p>
   </div>
   <div class='ocr_carea' id='block_1_67' title="bbox 1904 835 3482 914">
    <p class='ocr_par' dir='ltr' id='par_1_67' title="bbox 1904 835 3482 914">
     <span class='ocr_line' id='line_1_67' title="bbox 1904 835 3482 914; baseline 0.009 -25"><span class='ocrx_word' id='word_1_526' title='bbox 1904 835 2169 891; x_wconf 89' lang='lat' dir='ltr'><strong>mentium</strong></span> <span class='ocrx_word' id='word_1_527' title='bbox 2196 850 2327 892; x_wconf 87' lang='lat' dir='ltr'><strong>vero</strong></span> <span class='ocrx_word' id='word_1_528' title='bbox 2351 836 2604 896; x_wconf 89' lang='lat' dir='ltr'><strong>delictum</strong></span> <span class='ocrx_word' id='word_1_529' title='bbox 2634 841 2703 896; x_wconf 89' lang='lat' dir='ltr'><strong>ad</strong></span> <span class='ocrx_word' id='word_1_530' title='bbox 2726 843 2976 912; x_wconf 89' lang='lat' dir='ltr'><strong>dogmata</strong></span> <span class='ocrx_word' id='word_1_531' title='bbox 2999 843 3236 914; x_wconf 89' lang='lat' dir='ltr'><strong>pertinet</strong></span> <span class='ocrx_word' id='word_1_532' title='bbox 3265 851 3482 903; x_wconf 75' lang='lat' dir='ltr'><strong>contra-</strong></span> 
     </span>
    </p>
   </div>
   <div class='ocr_carea' id='block_1_68' title="bbox 1905 922 3480 1006">
    <p class='ocr_par' dir='ltr' id='par_1_68' title="bbox 1905 922 3480 1006">
     <span class='ocr_line' id='line_1_68' title="bbox 1905 922 3480 1006; baseline 0.008 -27"><span class='ocrx_word' id='word_1_533' title='bbox 1905 922 1957 979; x_wconf 91' lang='lat' dir='ltr'><strong>ia</strong></span> <span class='ocrx_word' id='word_1_534' title='bbox 1984 925 2202 982; x_wconf 83' lang='lat' dir='ltr'><strong>veritati</strong></span> <span class='ocrx_word' id='word_1_535' title='bbox 2222 935 2279 982; x_wconf 90' lang='lat' dir='ltr'><strong>et</strong></span> <span class='ocrx_word' id='word_1_536' title='bbox 2298 928 2607 986; x_wconf 64' lang='lat' dir='ltr'><strong>haereticam</strong></span> <span class='ocrx_word' id='word_1_537' title='bbox 2627 932 2968 1003; x_wconf 88' lang='lat' dir='ltr'><strong>pravitatem,</strong></span> <span class='ocrx_word' id='word_1_538' title='bbox 2990 933 3067 989; x_wconf 90' lang='lat' dir='ltr'><strong>ita</strong></span> <span class='ocrx_word' id='word_1_539' title='bbox 3093 942 3156 990; x_wconf 90' lang='lat' dir='ltr'><strong>ut</strong></span> <span class='ocrx_word' id='word_1_540' title='bbox 3176 935 3480 1006; x_wconf 87' lang='lat' dir='ltr'><strong>possimusr</strong></span> 
     </span>
    </p>
   </div>
   <div class='ocr_carea' id='block_1_69' title="bbox 1905 1016 3476 1095">
    <p class='ocr_par' dir='ltr' id='par_1_69' title="bbox 1905 1016 3476 1095">
     <span class='ocr_line' id='line_1_69' title="bbox 1905 1016 3476 1095; baseline 0.006 -22"><span class='ocrx_word' id='word_1_541' title='bbox 1905 1016 2084 1074; x_wconf 89' lang='lat' dir='ltr'><strong>dicere</strong></span> <span class='ocrx_word' id='word_1_542' title='bbox 2103 1016 2387 1089; x_wconf 88' lang='lat' dir='ltr'><strong>plerosque</strong></span> <span class='ocrx_word' id='word_1_543' title='bbox 2403 1020 2776 1079; x_wconf 77' lang='lat' dir='ltr'><strong>haereticorum</strong></span> <span class='ocrx_word' id='word_1_544' title='bbox 2792 1022 3128 1095; x_wconf 88' lang='lat' dir='ltr'><strong>(quanquam</strong></span> <span class='ocrx_word' id='word_1_545' title='bbox 3159 1025 3263 1083; x_wconf 89' lang='lat' dir='ltr'><strong>hoc</strong></span> <span class='ocrx_word' id='word_1_546' title='bbox 3288 1041 3476 1091; x_wconf 81' lang='lat' dir='ltr'><strong>rarum</strong></span> 
     </span>
    </p>
   </div>
   <div class='ocr_carea' id='block_1_70' title="bbox 1905 1109 3479 1183">
    <p class='ocr_par' dir='ltr' id='par_1_70' title="bbox 1905 1109 3479 1183">
     <span class='ocr_line' id='line_1_70' title="bbox 1905 1109 3479 1183; baseline 0.008 -17"><span class='ocrx_word' id='word_1_547' title='bbox 1905 1109 1996 1182; x_wconf 88' lang='lat' dir='ltr'><strong>sit)</strong></span> <span class='ocrx_word' id='word_1_548' title='bbox 2030 1111 2339 1167; x_wconf 83' lang='lat' dir='ltr'><strong>voluntates</strong></span> <span class='ocrx_word' id='word_1_549' title='bbox 2377 1113 2638 1169; x_wconf 89' lang='lat' dir='ltr'><strong>mentium</strong></span> <span class='ocrx_word' id='word_1_550' title='bbox 2667 1113 2879 1183; x_wconf 81' lang='lat' dir='ltr'><strong>facere,</strong></span> <span class='ocrx_word' id='word_1_551' title='bbox 2928 1126 2984 1174; x_wconf 89' lang='lat' dir='ltr'><strong>et</strong></span> <span class='ocrx_word' id='word_1_552' title='bbox 3026 1134 3135 1174; x_wconf 92' lang='lat' dir='ltr'><strong>non</strong></span> <span class='ocrx_word' id='word_1_553' title='bbox 3169 1120 3479 1179; x_wconf 88' lang='lat' dir='ltr'><strong>voluntates</strong></span> 
     </span>
    </p>
   </div>
   <div class='ocr_carea' id='block_1_71' title="bbox 1905 1204 3475 1271">
    <p class='ocr_par' dir='ltr' id='par_1_71' title="bbox 1905 1204 3475 1271">
     <span class='ocr_line' id='line_1_71' title="bbox 1905 1204 3475 1271; baseline 0.008 -13"><span class='ocrx_word' id='word_1_554' title='bbox 1905 1204 2106 1271; x_wconf 89' lang='lat' dir='ltr'><strong>carnis,</strong></span> <span class='ocrx_word' id='word_1_555' title='bbox 2130 1214 2186 1261; x_wconf 91' lang='lat' dir='ltr'><strong>et</strong></span> <span class='ocrx_word' id='word_1_556' title='bbox 2210 1205 2408 1263; x_wconf 89' lang='lat' dir='ltr'><strong>multos</strong></span> <span class='ocrx_word' id='word_1_557' title='bbox 2436 1216 2625 1263; x_wconf 88' lang='lat' dir='ltr'><strong>contra</strong></span> <span class='ocrx_word' id='word_1_558' title='bbox 2646 1209 3044 1268; x_wconf 86' lang='lat' dir='ltr'><strong>ecclesiasticos</strong></span> <span class='ocrx_word' id='word_1_559' title='bbox 3066 1212 3251 1269; x_wconf 89' lang='lat' dir='ltr'><strong>carnis</strong></span> <span class='ocrx_word' id='word_1_560' title='bbox 3281 1223 3339 1270; x_wconf 91' lang='lat' dir='ltr'><strong>et</strong></span> <span class='ocrx_word' id='word_1_561' title='bbox 3361 1229 3475 1270; x_wconf 89' lang='lat' dir='ltr'><strong>non</strong></span> 
     </span>
    </p>
   </div>
   <div class='ocr_carea' id='block_1_72' title="bbox 1905 1295 3479 1378">
    <p class='ocr_par' dir='ltr' id='par_1_72' title="bbox 1905 1295 3479 1378">
     <span class='ocr_line' id='line_1_72' title="bbox 1905 1295 3479 1378; baseline 0.01 -28"><span class='ocrx_word' id='word_1_562' title='bbox 1905 1297 2166 1353; x_wconf 89' lang='lat' dir='ltr'><strong>mentium</strong></span> <span class='ocrx_word' id='word_1_563' title='bbox 2199 1295 2380 1354; x_wconf 77' lang='lat' dir='ltr'><strong>facere</strong></span> <span class='ocrx_word' id='word_1_564' title='bbox 2398 1299 2727 1366; x_wconf 85' lang='lat' dir='ltr'><strong>voluntates,</strong></span> <span class='ocrx_word' id='word_1_565' title='bbox 2747 1310 2802 1358; x_wconf 91' lang='lat' dir='ltr'><strong>et</strong></span> <span class='ocrx_word' id='word_1_566' title='bbox 2827 1318 2946 1359; x_wconf 87' lang='lat' dir='ltr'><strong>esse</strong></span> <span class='ocrx_word' id='word_1_567' title='bbox 2973 1303 3156 1374; x_wconf 88' lang='lat' dir='ltr'><strong>plures</strong></span> <span class='ocrx_word' id='word_1_568' title='bbox 3177 1306 3269 1378; x_wconf 92' lang='lat' dir='ltr'><strong>qui</strong></span> <span class='ocrx_word' id='word_1_569' title='bbox 3296 1306 3479 1365; x_wconf 90' lang='lat' dir='ltr'><strong>carnis</strong></span> 
     </span>
    </p>
   </div>
   <div class='ocr_carea' id='block_1_73' title="bbox 1904 1389 3478 1459">
    <p class='ocr_par' dir='ltr' id='par_1_73' title="bbox 1904 1389 3478 1459">
     <span class='ocr_line' id='line_1_73' title="bbox 1904 1389 3478 1459; baseline 0.004 -15"><span class='ocrx_word' id='word_1_570' title='bbox 1904 1395 1959 1444; x_wconf 83' lang='lat' dir='ltr'><strong>et</strong></span> <span class='ocrx_word' id='word_1_571' title='bbox 1986 1389 2246 1443; x_wconf 88' lang='lat' dir='ltr'><strong>mentium</strong></span> <span class='ocrx_word' id='word_1_572' title='bbox 2285 1389 2493 1459; x_wconf 84' lang='lat' dir='ltr'><strong>pariter</strong></span> <span class='ocrx_word' id='word_1_573' title='bbox 2532 1389 2736 1446; x_wconf 84' lang='lat' dir='ltr'><strong>faciant</strong></span> <span class='ocrx_word' id='word_1_574' title='bbox 2777 1393 3100 1450; x_wconf 84' lang='lat' dir='ltr'><strong>voluntates.</strong></span> <span class='ocrx_word' id='word_1_575' title='bbox 3136 1394 3262 1451; x_wconf 70' lang='lat' dir='ltr'><strong>Huic</strong></span> <span class='ocrx_word' id='word_1_576' title='bbox 3294 1404 3478 1451; x_wconf 90' lang='lat' dir='ltr'><strong>autem</strong></span> 
     </span>
    </p>
   </div>
   <div class='ocr_carea' id='block_1_74' title="bbox 1905 1480 3480 1552">
    <p class='ocr_par' dir='ltr' id='par_1_74' title="bbox 1905 1480 3480 1552">
     <span class='ocr_line' id='line_1_74' title="bbox 1905 1480 3480 1552; baseline 0.006 -16"><span class='ocrx_word' id='word_1_577' title='bbox 1905 1480 2171 1546; x_wconf 84' lang='lat' dir='ltr'><strong>diximus,</strong></span> <span class='ocrx_word' id='word_1_578' title='bbox 2206 1497 2313 1537; x_wconf 89' lang='lat' dir='ltr'><strong>non</strong></span> <span class='ocrx_word' id='word_1_579' title='bbox 2348 1483 2490 1552; x_wconf 89' lang='lat' dir='ltr'><strong>quod</strong></span> <span class='ocrx_word' id='word_1_580' title='bbox 2520 1482 2759 1541; x_wconf 78' lang='lat' dir='ltr'><strong>haeretici</strong></span> <span class='ocrx_word' id='word_1_581' title='bbox 2789 1487 2968 1542; x_wconf 90' lang='lat' dir='ltr'><strong>carnis</strong></span> <span class='ocrx_word' id='word_1_582' title='bbox 3008 1503 3117 1544; x_wconf 91' lang='lat' dir='ltr'><strong>non</strong></span> <span class='ocrx_word' id='word_1_583' title='bbox 3149 1488 3352 1545; x_wconf 75' lang='lat' dir='ltr'><strong>iaciant</strong></span> <span class='ocrx_word' id='word_1_584' title='bbox 3386 1504 3480 1545; x_wconf 91' lang='lat' dir='ltr'><strong>vo-</strong></span> 
     </span>
    </p>
   </div>
   <div class='ocr_carea' id='block_1_75' title="bbox 1904 1569 3476 1651">
    <p class='ocr_par' dir='ltr' id='par_1_75' title="bbox 1904 1569 3476 1651">
     <span class='ocr_line' id='line_1_75' title="bbox 1904 1569 3476 1651; baseline 0.007 -26"><span class='ocrx_word' id='word_1_585' title='bbox 1904 1569 2176 1639; x_wconf 90' lang='lat' dir='ltr'><strong>luntates;</strong></span> <span class='ocrx_word' id='word_1_586' title='bbox 2202 1571 2358 1642; x_wconf 90' lang='lat' dir='ltr'><strong>plura</strong></span> <span class='ocrx_word' id='word_1_587' title='bbox 2380 1573 2578 1645; x_wconf 86' lang='lat' dir='ltr'><strong>quippe</strong></span> <span class='ocrx_word' id='word_1_588' title='bbox 2606 1576 2748 1646; x_wconf 91' lang='lat' dir='ltr'><strong>apud</strong></span> <span class='ocrx_word' id='word_1_589' title='bbox 2777 1592 2872 1635; x_wconf 87' lang='lat' dir='ltr'><strong>eos</strong></span> <span class='ocrx_word' id='word_1_590' title='bbox 2902 1579 3033 1635; x_wconf 88' lang='lat' dir='ltr'><strong>vitia</strong></span> <span class='ocrx_word' id='word_1_591' title='bbox 3058 1581 3303 1651; x_wconf 90' lang='lat' dir='ltr'><strong>corporis</strong></span> <span class='ocrx_word' id='word_1_592' title='bbox 3329 1591 3476 1649; x_wconf 89' lang='lat' dir='ltr'><strong>sunt,</strong></span> 
     </span>
    </p>
   </div>
   <div class='ocr_carea' id='block_1_76' title="bbox 1905 1668 3478 1743">
    <p class='ocr_par' dir='ltr' id='par_1_76' title="bbox 1905 1668 3478 1743">
     <span class='ocr_line' id='line_1_76' title="bbox 1905 1668 3478 1743; baseline 0.008 -24"><span class='ocrx_word' id='word_1_593' title='bbox 1905 1678 2068 1735; x_wconf 91' lang='lat' dir='ltr'><strong>quam</strong></span> <span class='ocrx_word' id='word_1_594' title='bbox 2094 1668 2234 1736; x_wconf 87' lang='lat' dir='ltr'><strong>apud</strong></span> <span class='ocrx_word' id='word_1_595' title='bbox 2257 1676 2501 1735; x_wconf 89' lang='lat' dir='ltr'><strong>nostros;</strong></span> <span class='ocrx_word' id='word_1_596' title='bbox 2530 1669 2623 1725; x_wconf 90' lang='lat' dir='ltr'><strong>sed</strong></span> <span class='ocrx_word' id='word_1_597' title='bbox 2650 1678 2731 1737; x_wconf 92' lang='lat' dir='ltr'><strong>ut,</strong></span> <span class='ocrx_word' id='word_1_598' title='bbox 2756 1672 3001 1741; x_wconf 82' lang='lat' dir='ltr'><strong>exemplo</strong></span> <span class='ocrx_word' id='word_1_599' title='bbox 3022 1674 3220 1743; x_wconf 90' lang='lat' dir='ltr'><strong>posito,</strong></span> <span class='ocrx_word' id='word_1_600' title='bbox 3244 1673 3478 1743; x_wconf 81' lang='lat' dir='ltr'><strong>facilius,</strong></span> 
     </span>
    </p>
   </div>
   <div class='ocr_carea' id='block_1_77' title="bbox 1910 1758 3473 1836">
    <p class='ocr_par' dir='ltr' id='par_1_77' title="bbox 1910 1758 3473 1836">
     <span class='ocr_line' id='line_1_77' title="bbox 1910 1758 3473 1836; baseline 0.006 -24"><span class='ocrx_word' id='word_1_601' title='bbox 1910 1759 2052 1829; x_wconf 87' lang='lat' dir='ltr'><strong>quod</strong></span> <span class='ocrx_word' id='word_1_602' title='bbox 2074 1758 2407 1826; x_wconf 87' lang='lat' dir='ltr'><strong>volebamus,</strong></span> <span class='ocrx_word' id='word_1_603' title='bbox 2439 1762 2614 1831; x_wconf 85' lang='lat' dir='ltr'><strong>possit</strong></span> <span class='ocrx_word' id='word_1_604' title='bbox 2641 1762 2886 1836; x_wconf 90' lang='lat' dir='ltr'><strong>intelligi.</strong></span> <span class='ocrx_word' id='word_1_605' title='bbox 2918 1765 2984 1820; x_wconf 85' lang='lat' dir='ltr'><strong>Et</strong></span> <span class='ocrx_word' id='word_1_606' title='bbox 3016 1781 3223 1820; x_wconf 81' lang='lat' dir='ltr'><strong>eramus</strong></span> <span class='ocrx_word' id='word_1_607' title='bbox 3259 1776 3473 1833; x_wconf 86' lang='lat' dir='ltr'><strong>natura,</strong></span> 
     </span>
    </p>
   </div>
   <div class='ocr_carea' id='block_1_78' title="bbox 1952 1848 3476 1926">
    <p class='ocr_par' dir='ltr' id='par_1_78' title="bbox 1952 1848 3476 1926">
     <span class='ocr_line' id='line_1_78' title="bbox 1952 1848 3476 1926; baseline 0.007 -23"><span class='ocrx_word' id='word_1_608' title='bbox 1952 1848 2104 1919; x_wconf 70' lang='lat' dir='ltr'><strong>lquit,</strong></span> <span class='ocrx_word' id='word_1_609' title='bbox 2120 1849 2219 1918; x_wconf 81' lang='lat' dir='ltr'><strong>ﬁlii</strong></span> <span class='ocrx_word' id='word_1_610' title='bbox 2236 1849 2353 1917; x_wconf 77' lang='lat' dir='ltr'><strong>irm,</strong></span> <span class='ocrx_word' id='word_1_611' title='bbox 2373 1850 2507 1906; x_wconf 86' lang='lat' dir='ltr'><strong>sicut</strong></span> <span class='ocrx_word' id='word_1_612' title='bbox 2527 1862 2575 1906; x_wconf 91' lang='lat' dir='ltr'><strong>et</strong></span> <span class='ocrx_word' id='word_1_613' title='bbox 2598 1854 2791 1909; x_wconf 80' lang='lat' dir='ltr'><strong>creteri.</strong></span> <span class='ocrx_word' id='word_1_614' title='bbox 2814 1853 3194 1926; x_wconf 81' lang='lat' dir='ltr'><strong>Respondeant</strong></span> <span class='ocrx_word' id='word_1_615' title='bbox 3215 1856 3476 1925; x_wconf 65' lang='lat' dir='ltr'><strong>haeretici,</strong></span> 
     </span>
    </p>
   </div>
   <div class='ocr_carea' id='block_1_79' title="bbox 1910 1942 3480 2021">
    <p class='ocr_par' dir='ltr' id='par_1_79' title="bbox 1910 1942 3480 2021">
     <span class='ocr_line' id='line_1_79' title="bbox 1910 1942 3480 2021; baseline 0.007 -23"><span class='ocrx_word' id='word_1_616' title='bbox 1910 1944 2002 2014; x_wconf 92' lang='lat' dir='ltr'><strong>qui</strong></span> <span class='ocrx_word' id='word_1_617' title='bbox 2029 1942 2269 1999; x_wconf 87' lang='lat' dir='ltr'><strong>diversas</strong></span> <span class='ocrx_word' id='word_1_618' title='bbox 2294 1952 2519 2001; x_wconf 89' lang='lat' dir='ltr'><strong>naturas</strong></span> <span class='ocrx_word' id='word_1_619' title='bbox 2544 1961 2663 2004; x_wconf 91' lang='lat' dir='ltr'><strong>esse</strong></span> <span class='ocrx_word' id='word_1_620' title='bbox 2684 1950 3034 2018; x_wconf 90' lang='lat' dir='ltr'><strong>contendunt,</strong></span> <span class='ocrx_word' id='word_1_621' title='bbox 3056 1953 3327 2021; x_wconf 92' lang='lat' dir='ltr'><strong>quomodo</strong></span> <span class='ocrx_word' id='word_1_622' title='bbox 3346 1951 3480 2009; x_wconf 87' lang='lat' dir='ltr'><strong>Pau-</strong></span> 
     </span>
    </p>
   </div>
   <div class='ocr_carea' id='block_1_80' title="bbox 1908 2041 3479 2132">
    <p class='ocr_par' dir='ltr' id='par_1_80' title="bbox 1908 2041 3479 2132">
     <span class='ocr_line' id='line_1_80' title="bbox 1908 2041 3479 2132; baseline 0.004 -35"><span class='ocrx_word' id='word_1_623' title='bbox 1908 2041 2015 2108; x_wconf 90' lang='lat' dir='ltr'><strong>lus,</strong></span> <span class='ocrx_word' id='word_1_624' title='bbox 2042 2058 2201 2132; x_wconf 54' lang='lat' dir='ltr'><strong>qugn</strong></span> <span class='ocrx_word' id='word_1_625' title='bbox 2227 2045 2411 2114; x_wconf 90' lang='lat' dir='ltr'><strong>utique</strong></span> <span class='ocrx_word' id='word_1_626' title='bbox 2439 2044 2694 2116; x_wconf 88' lang='lat' dir='ltr'><strong>spiritalis</strong></span> <span class='ocrx_word' id='word_1_627' title='bbox 2720 2054 2925 2102; x_wconf 70' lang='lat' dir='ltr'><strong>natura:</strong></span> <span class='ocrx_word' id='word_1_628' title='bbox 2969 2062 3090 2104; x_wconf 91' lang='lat' dir='ltr'><strong>esse</strong></span> <span class='ocrx_word' id='word_1_629' title='bbox 3118 2063 3225 2103; x_wconf 92' lang='lat' dir='ltr'><strong>non</strong></span> <span class='ocrx_word' id='word_1_630' title='bbox 3254 2048 3479 2110; x_wconf 88' lang='lat' dir='ltr'><strong>dubium</strong></span> 
     </span>
    </p>
   </div>
   <div class='ocr_carea' id='block_1_81' title="bbox 1909 2134 3479 2212">
    <p class='ocr_par' dir='ltr' id='par_1_81' title="bbox 1909 2134 3479 2212">
     <span class='ocr_line' id='line_1_81' title="bbox 1909 2134 3479 2212; baseline 0.006 -23"><span class='ocrx_word' id='word_1_631' title='bbox 1909 2144 2032 2200; x_wconf 90' lang='lat' dir='ltr'><strong>est,</strong></span> <span class='ocrx_word' id='word_1_632' title='bbox 2076 2134 2240 2191; x_wconf 84' lang='lat' dir='ltr'><strong>fuerit</strong></span> <span class='ocrx_word' id='word_1_633' title='bbox 2290 2145 2482 2192; x_wconf 87' lang='lat' dir='ltr'><strong>natura</strong></span> <span class='ocrx_word' id='word_1_634' title='bbox 2531 2136 2671 2192; x_wconf 89' lang='lat' dir='ltr'><strong>ﬁlius</strong></span> <span class='ocrx_word' id='word_1_635' title='bbox 2702 2138 2814 2203; x_wconf 77' lang='lat' dir='ltr'><strong>irte,</strong></span> <span class='ocrx_word' id='word_1_636' title='bbox 2865 2139 3006 2195; x_wconf 90' lang='lat' dir='ltr'><strong>sicut</strong></span> <span class='ocrx_word' id='word_1_637' title='bbox 3038 2147 3092 2196; x_wconf 94' lang='lat' dir='ltr'><strong>et</strong></span> <span class='ocrx_word' id='word_1_638' title='bbox 3133 2140 3345 2207; x_wconf 69' lang='lat' dir='ltr'><strong>caeteri,</strong></span> <span class='ocrx_word' id='word_1_639' title='bbox 3382 2141 3479 2212; x_wconf 86' lang='lat' dir='ltr'><strong>qui</strong></span> 
     </span>
    </p>
   </div>
   <div class='ocr_carea' id='block_1_82' title="bbox 1910 2225 3482 2297">
    <p class='ocr_par' dir='ltr' id='par_1_82' title="bbox 1910 2225 3482 2297">
     <span class='ocr_line' id='line_1_82' title="bbox 1910 2225 3482 2297; baseline 0.006 -18"><span class='ocrx_word' id='word_1_640' title='bbox 1910 2225 2085 2280; x_wconf 87' lang='lat' dir='ltr'><strong>adhuc</strong></span> <span class='ocrx_word' id='word_1_641' title='bbox 2106 2226 2159 2280; x_wconf 90' lang='lat' dir='ltr'><strong>in</strong></span> <span class='ocrx_word' id='word_1_642' title='bbox 2190 2240 2374 2281; x_wconf 86' lang='lat' dir='ltr'><strong>errore</strong></span> <span class='ocrx_word' id='word_1_643' title='bbox 2401 2234 2526 2282; x_wconf 91' lang='lat' dir='ltr'><strong>sunt</strong></span> <span class='ocrx_word' id='word_1_644' title='bbox 2550 2226 2755 2297; x_wconf 86' lang='lat' dir='ltr'><strong>positi?</strong></span> <span class='ocrx_word' id='word_1_645' title='bbox 2793 2227 2899 2283; x_wconf 82' lang='lat' dir='ltr'><strong>Nos</strong></span> <span class='ocrx_word' id='word_1_646' title='bbox 2938 2244 3067 2283; x_wconf 83' lang='lat' dir='ltr'><strong>vero</strong></span> <span class='ocrx_word' id='word_1_647' title='bbox 3107 2229 3334 2284; x_wconf 88' lang='lat' dir='ltr'><strong>dicimus</strong></span> <span class='ocrx_word' id='word_1_648' title='bbox 3357 2244 3482 2290; x_wconf 85' lang='lat' dir='ltr'><strong>esse</strong></span> 
     </span>
    </p>
   </div>
   <div class='ocr_carea' id='block_1_83' title="bbox 1908 2317 3481 2394">
    <p class='ocr_par' dir='ltr' id='par_1_83' title="bbox 1908 2317 3481 2394">
     <span class='ocr_line' id='line_1_83' title="bbox 1908 2317 3481 2394; baseline 0.005 -24"><span class='ocrx_word' id='word_1_649' title='bbox 1908 2317 2138 2385; x_wconf 89' lang='lat' dir='ltr'><strong>primum</strong></span> <span class='ocrx_word' id='word_1_650' title='bbox 2162 2331 2349 2372; x_wconf 89' lang='lat' dir='ltr'><strong>omnes</strong></span> <span class='ocrx_word' id='word_1_651' title='bbox 2375 2318 2618 2374; x_wconf 87' lang='lat' dir='ltr'><strong>homines</strong></span> <span class='ocrx_word' id='word_1_652' title='bbox 2642 2329 2831 2374; x_wconf 88' lang='lat' dir='ltr'><strong>natura</strong></span> <span class='ocrx_word' id='word_1_653' title='bbox 2860 2319 2996 2376; x_wconf 88' lang='lat' dir='ltr'><strong>ﬁlios</strong></span> <span class='ocrx_word' id='word_1_654' title='bbox 3022 2321 3134 2387; x_wconf 79' lang='lat' dir='ltr'><strong>irae,</strong></span> <span class='ocrx_word' id='word_1_655' title='bbox 3158 2320 3242 2376; x_wconf 91' lang='lat' dir='ltr'><strong>vel</strong></span> <span class='ocrx_word' id='word_1_656' title='bbox 3262 2329 3481 2394; x_wconf 85' lang='lat' dir='ltr'><strong>propter</strong></span> 
     </span>
    </p>
   </div>
   <div class='ocr_carea' id='block_1_84' title="bbox 1910 2408 3480 2486">
    <p class='ocr_par' dir='ltr' id='par_1_84' title="bbox 1910 2408 3480 2486">
     <span class='ocr_line' id='line_1_84' title="bbox 1910 2408 3480 2486; baseline 0.002 -19"><span class='ocrx_word' id='word_1_657' title='bbox 1910 2424 2105 2484; x_wconf 79' lang='lat' dir='ltr'><strong>corpus</strong></span> <span class='ocrx_word' id='word_1_658' title='bbox 2148 2408 2469 2469; x_wconf 83' lang='lat' dir='ltr'><strong>humilitatis</strong></span> <span class='ocrx_word' id='word_1_659' title='bbox 2509 2426 2811 2486; x_wconf 79' lang='lat' dir='ltr'><strong>rnrpnsqne</strong></span> <span class='ocrx_word' id='word_1_660' title='bbox 2856 2412 3076 2476; x_wconf 85' lang='lat' dir='ltr'><strong>mortis,</strong></span> <span class='ocrx_word' id='word_1_661' title='bbox 3121 2422 3177 2468; x_wconf 89' lang='lat' dir='ltr'><strong>et</strong></span> <span class='ocrx_word' id='word_1_662' title='bbox 3220 2414 3363 2484; x_wconf 87' lang='lat' dir='ltr'><strong>quod</strong></span> <span class='ocrx_word' id='word_1_663' title='bbox 3409 2414 3480 2470; x_wconf 88' lang='lat' dir='ltr'><strong>ab</strong></span> 
     </span>
    </p>
   </div>
   <div class='ocr_carea' id='block_1_85' title="bbox 1910 2506 3481 2581">
    <p class='ocr_par' dir='ltr' id='par_1_85' title="bbox 1910 2506 3481 2581">
     <span class='ocr_line' id='line_1_85' title="bbox 1910 2506 3481 2581; baseline 0.001 -19"><span class='ocrx_word' id='word_1_664' title='bbox 1910 2508 2272 2564; x_wconf 90' lang='lat' dir='ltr'><strong>adolescentia</strong></span> <span class='ocrx_word' id='word_1_665' title='bbox 2321 2523 2417 2564; x_wconf 91' lang='lat' dir='ltr'><strong>sua</strong></span> <span class='ocrx_word' id='word_1_666' title='bbox 2470 2524 2623 2563; x_wconf 90' lang='lat' dir='ltr'><strong>mens</strong></span> <span class='ocrx_word' id='word_1_667' title='bbox 2672 2509 2946 2563; x_wconf 84' lang='lat' dir='ltr'><strong>hominum</strong></span> <span class='ocrx_word' id='word_1_668' title='bbox 3002 2506 3246 2581; x_wconf 73' lang='lat' dir='ltr'><strong>apposita</strong></span> <span class='ocrx_word' id='word_1_669' title='bbox 3295 2506 3365 2565; x_wconf 81' lang='lat' dir='ltr'><strong>sit</strong></span> <span class='ocrx_word' id='word_1_670' title='bbox 3412 2506 3481 2564; x_wconf 85' lang='lat' dir='ltr'><strong>ad</strong></span> 
     </span>
    </p>
   </div>
   <div class='ocr_carea' id='block_1_86' title="bbox 1910 2598 3478 2673">
    <p class='ocr_par' dir='ltr' id='par_1_86' title="bbox 1910 2598 3478 2673">
     <span class='ocr_line' id='line_1_86' title="bbox 1910 2598 3478 2673; baseline -0.001 -18"><span class='ocrx_word' id='word_1_671' title='bbox 1910 2600 2188 2655; x_wconf 89' lang='lat' dir='ltr'><strong>malitiam.</strong></span> <span class='ocrx_word' id='word_1_672' title='bbox 2232 2599 2386 2656; x_wconf 88' lang='lat' dir='ltr'><strong>Unde</strong></span> <span class='ocrx_word' id='word_1_673' title='bbox 2420 2609 2475 2654; x_wconf 91' lang='lat' dir='ltr'><strong>et</strong></span> <span class='ocrx_word' id='word_1_674' title='bbox 2500 2598 2751 2657; x_wconf 81' lang='lat' dir='ltr'><strong>Salomon</strong></span> <span class='ocrx_word' id='word_1_675' title='bbox 2787 2601 2863 2656; x_wconf 87' lang='lat' dir='ltr'><strong>ait</strong></span> <span class='ocrx_word' id='word_1_676' title='bbox 2892 2617 2903 2654; x_wconf 89' lang='lat'><strong>:</strong></span> <span class='ocrx_word' id='word_1_677' title='bbox 2940 2600 3064 2656; x_wconf 86' lang='lat' dir='ltr'><strong>Non</strong></span> <span class='ocrx_word' id='word_1_678' title='bbox 3095 2612 3168 2656; x_wconf 85' lang='lat' dir='ltr'><strong>est</strong></span> <span class='ocrx_word' id='word_1_679' title='bbox 3199 2602 3379 2673; x_wconf 85' lang='lat' dir='ltr'><strong>justus</strong></span> <span class='ocrx_word' id='word_1_680' title='bbox 3424 2601 3478 2655; x_wconf 83' lang='lat' dir='ltr'><strong>in</strong></span> 
     </span>
    </p>
   </div>
   <div class='ocr_carea' id='block_1_87' title="bbox 1910 2689 3484 2764">
    <p class='ocr_par' dir='ltr' id='par_1_87' title="bbox 1910 2689 3484 2764">
     <span class='ocr_line' id='line_1_87' title="bbox 1910 2689 3484 2764; baseline 0.002 -22"><span class='ocrx_word' id='word_1_681' title='bbox 1910 2698 2048 2743; x_wconf 84' lang='lat' dir='ltr'><strong>terra</strong></span> <span class='ocrx_word' id='word_1_682' title='bbox 2071 2689 2159 2759; x_wconf 85' lang='lat' dir='ltr'><strong>qui</strong></span> <span class='ocrx_word' id='word_1_683' title='bbox 2188 2689 2353 2759; x_wconf 72' lang='lat' dir='ltr'><strong>faciat</strong></span> <span class='ocrx_word' id='word_1_684' title='bbox 2379 2689 2568 2744; x_wconf 83' lang='lat' dir='ltr'><strong>bonum</strong></span> <span class='ocrx_word' id='word_1_685' title='bbox 2606 2700 2653 2745; x_wconf 89' lang='lat' dir='ltr'><strong>et</strong></span> <span class='ocrx_word' id='word_1_686' title='bbox 2696 2708 2800 2745; x_wconf 85' lang='lat' dir='ltr'><strong>non</strong></span> <span class='ocrx_word' id='word_1_687' title='bbox 2826 2701 2998 2762; x_wconf 84' lang='lat' dir='ltr'><strong>peccet</strong></span> <span class='ocrx_word' id='word_1_688' title='bbox 3021 2690 3211 2763; x_wconf 83' lang='lat' dir='ltr'><strong>(Eccli.</strong></span> <span class='ocrx_word' id='word_1_689' title='bbox 3235 2692 3370 2764; x_wconf 85' lang='lat' dir='ltr'><strong>vlt);</strong></span> <span class='ocrx_word' id='word_1_690' title='bbox 3398 2689 3484 2747; x_wconf 75' lang='lat' dir='ltr'><strong>vel</strong></span> 
     </span>
    </p>
   </div>
   <div class='ocr_carea' id='block_1_88' title="bbox 1913 2779 3487 2853">
    <p class='ocr_par' dir='ltr' id='par_1_88' title="bbox 1913 2779 3487 2853">
     <span class='ocr_line' id='line_1_88' title="bbox 1913 2779 3487 2853; baseline 0.003 -22"><span class='ocrx_word' id='word_1_691' title='bbox 1913 2779 2055 2853; x_wconf 89' lang='lat' dir='ltr'><strong>quod</strong></span> <span class='ocrx_word' id='word_1_692' title='bbox 2107 2793 2171 2833; x_wconf 91' lang='lat' dir='ltr'><strong>eo</strong></span> <span class='ocrx_word' id='word_1_693' title='bbox 2224 2786 2464 2848; x_wconf 88' lang='lat' dir='ltr'><strong>tempore</strong></span> <span class='ocrx_word' id='word_1_694' title='bbox 2490 2820 2505 2846; x_wconf 90' lang='lat'><strong>,</strong></span> <span class='ocrx_word' id='word_1_695' title='bbox 2548 2796 2654 2849; x_wconf 85' lang='lat' dir='ltr'><strong>quo</strong></span> <span class='ocrx_word' id='word_1_696' title='bbox 2701 2796 2984 2850; x_wconf 88' lang='lat' dir='ltr'><strong>possumus</strong></span> <span class='ocrx_word' id='word_1_697' title='bbox 3008 2781 3210 2836; x_wconf 87' lang='lat' dir='ltr'><strong>habere</strong></span> <span class='ocrx_word' id='word_1_698' title='bbox 3238 2781 3487 2837; x_wconf 89' lang='lat' dir='ltr'><strong>notitiam</strong></span> 
     </span>
    </p>
   </div>
   <div class='ocr_carea' id='block_1_89' title="bbox 1913 2868 3485 2941">
    <p class='ocr_par' dir='ltr' id='par_1_89' title="bbox 1913 2868 3485 2941">
     <span class='ocr_line' id='line_1_89' title="bbox 1913 2868 3485 2941; baseline 0.003 -18"><span class='ocrx_word' id='word_1_699' title='bbox 1913 2868 2007 2923; x_wconf 89' lang='lat' dir='ltr'><strong>Dei</strong></span> <span class='ocrx_word' id='word_1_700' title='bbox 2035 2876 2089 2922; x_wconf 91' lang='lat' dir='ltr'><strong>et</strong></span> <span class='ocrx_word' id='word_1_701' title='bbox 2111 2869 2177 2923; x_wconf 85' lang='lat' dir='ltr'><strong>ad</strong></span> <span class='ocrx_word' id='word_1_702' title='bbox 2200 2869 2538 2941; x_wconf 87' lang='lat' dir='ltr'><strong>pubertatem</strong></span> <span class='ocrx_word' id='word_1_703' title='bbox 2564 2870 2828 2936; x_wconf 83' lang='lat' dir='ltr'><strong>venimus,</strong></span> <span class='ocrx_word' id='word_1_704' title='bbox 2855 2886 3046 2928; x_wconf 89' lang='lat' dir='ltr'><strong>omnes</strong></span> <span class='ocrx_word' id='word_1_705' title='bbox 3072 2880 3168 2927; x_wconf 91' lang='lat' dir='ltr'><strong>aut</strong></span> <span class='ocrx_word' id='word_1_706' title='bbox 3190 2886 3374 2941; x_wconf 90' lang='lat' dir='ltr'><strong>opere,</strong></span> <span class='ocrx_word' id='word_1_707' title='bbox 3392 2879 3485 2928; x_wconf 90' lang='lat' dir='ltr'><strong>aut</strong></span> 
     </span>
    </p>
   </div>
   <div class='ocr_carea' id='block_1_90' title="bbox 1912 2960 3491 3037">
    <p class='ocr_par' dir='ltr' id='par_1_90' title="bbox 1912 2960 3491 3037">
     <span class='ocr_line' id='line_1_90' title="bbox 1912 2960 3491 3037; baseline 0.001 -20"><span class='ocrx_word' id='word_1_708' title='bbox 1912 2961 2236 3033; x_wconf 85' lang='lat' dir='ltr'><strong>cogitatione</strong></span> <span class='ocrx_word' id='word_1_709' title='bbox 2258 2976 2559 3032; x_wconf 90' lang='lat' dir='ltr'><strong>peccemus.</strong></span> <span class='ocrx_word' id='word_1_710' title='bbox 2585 2960 2814 3016; x_wconf 84' lang='lat' dir='ltr'><strong>Eramus</strong></span> <span class='ocrx_word' id='word_1_711' title='bbox 2841 2961 3003 3034; x_wconf 85' lang='lat' dir='ltr'><strong>igitur</strong></span> <span class='ocrx_word' id='word_1_712' title='bbox 3024 2970 3216 3017; x_wconf 89' lang='lat' dir='ltr'><strong>natura</strong></span> <span class='ocrx_word' id='word_1_713' title='bbox 3240 2961 3334 3018; x_wconf 89' lang='lat' dir='ltr'><strong>ﬁlii</strong></span> <span class='ocrx_word' id='word_1_714' title='bbox 3366 2963 3491 3037; x_wconf 66' lang='lat' dir='ltr'><strong>irai,</strong></span> 
     </span>
    </p>
   </div>
   <div class='ocr_carea' id='block_1_91' title="bbox 1914 3053 3490 3127">
    <p class='ocr_par' dir='ltr' id='par_1_91' title="bbox 1914 3053 3490 3127">
     <span class='ocr_line' id='line_1_91' title="bbox 1914 3053 3490 3127; baseline 0.006 -19"><span class='ocrx_word' id='word_1_715' title='bbox 1914 3054 2055 3109; x_wconf 90' lang='lat' dir='ltr'><strong>sicut</strong></span> <span class='ocrx_word' id='word_1_716' title='bbox 2076 3061 2131 3108; x_wconf 90' lang='lat' dir='ltr'><strong>et</strong></span> <span class='ocrx_word' id='word_1_717' title='bbox 2156 3053 2335 3109; x_wconf 63' lang='lat' dir='ltr'><strong>ceteri</strong></span> <span class='ocrx_word' id='word_1_718' title='bbox 2361 3062 2417 3110; x_wconf 91' lang='lat' dir='ltr'><strong>et</strong></span> <span class='ocrx_word' id='word_1_719' title='bbox 2445 3068 2634 3109; x_wconf 88' lang='lat' dir='ltr'><strong>omnes</strong></span> <span class='ocrx_word' id='word_1_720' title='bbox 2663 3054 2863 3119; x_wconf 86' lang='lat' dir='ltr'><strong>sancti,</strong></span> <span class='ocrx_word' id='word_1_721' title='bbox 2890 3054 2981 3125; x_wconf 90' lang='lat' dir='ltr'><strong>qui</strong></span> <span class='ocrx_word' id='word_1_722' title='bbox 3009 3056 3077 3110; x_wconf 90' lang='lat' dir='ltr'><strong>ab</strong></span> <span class='ocrx_word' id='word_1_723' title='bbox 3102 3055 3185 3110; x_wconf 88' lang='lat' dir='ltr'><strong>ira</strong></span> <span class='ocrx_word' id='word_1_724' title='bbox 3211 3055 3490 3127; x_wconf 71' lang='lat' dir='ltr'><strong>sanguinis</strong></span> 
     </span>
    </p>
   </div>
   <div class='ocr_carea' id='block_1_92' title="bbox 1916 3145 3491 3225">
    <p class='ocr_par' dir='ltr' id='par_1_92' title="bbox 1916 3145 3491 3225">
     <span class='ocr_line' id='line_1_92' title="bbox 1916 3145 3491 3225; baseline 0.001 -21"><span class='ocrx_word' id='word_1_725' title='bbox 1916 3147 2116 3204; x_wconf 86' lang='lat' dir='ltr'><strong>Christi</strong></span> <span class='ocrx_word' id='word_1_726' title='bbox 2163 3146 2424 3218; x_wconf 89' lang='lat' dir='ltr'><strong>redempti</strong></span> <span class='ocrx_word' id='word_1_727' title='bbox 2470 3155 2614 3202; x_wconf 90' lang='lat' dir='ltr'><strong>sunt.</strong></span> <span class='ocrx_word' id='word_1_728' title='bbox 2652 3145 2708 3201; x_wconf 90' lang='lat' dir='ltr'><strong>Si</strong></span> <span class='ocrx_word' id='word_1_729' title='bbox 2748 3147 2893 3202; x_wconf 90' lang='lat' dir='ltr'><strong>enim</strong></span> <span class='ocrx_word' id='word_1_730' title='bbox 2927 3146 3155 3215; x_wconf 90' lang='lat' dir='ltr'><strong>Paulus,</strong></span> <span class='ocrx_word' id='word_1_731' title='bbox 3200 3147 3294 3219; x_wconf 89' lang='lat' dir='ltr'><strong>qui</strong></span> <span class='ocrx_word' id='word_1_732' title='bbox 3331 3148 3491 3225; x_wconf 74' lang='lat' dir='ltr'><strong>juxta</strong></span> 
     </span>
    </p>
   </div>
   <div class='ocr_carea' id='block_1_93' title="bbox 1912 3237 3488 3310">
    <p class='ocr_par' dir='ltr' id='par_1_93' title="bbox 1912 3237 3488 3310">
     <span class='ocr_line' id='line_1_93' title="bbox 1912 3237 3488 3310; baseline 0.003 -16"><span class='ocrx_word' id='word_1_733' title='bbox 1912 3238 2176 3310; x_wconf 79' lang='lat' dir='ltr'><strong>justitiam</strong></span> <span class='ocrx_word' id='word_1_734' title='bbox 2202 3253 2321 3309; x_wconf 74' lang='lat' dir='ltr'><strong>qua:</strong></span> <span class='ocrx_word' id='word_1_735' title='bbox 2338 3239 2389 3292; x_wconf 92' lang='lat' dir='ltr'><strong>in</strong></span> <span class='ocrx_word' id='word_1_736' title='bbox 2404 3237 2520 3309; x_wconf 77' lang='lat' dir='ltr'><strong>lege</strong></span> <span class='ocrx_word' id='word_1_737' title='bbox 2540 3237 2660 3304; x_wconf 85' lang='lat' dir='ltr'><strong>fuit,</strong></span> <span class='ocrx_word' id='word_1_738' title='bbox 2685 3238 3229 3308; x_wconf 85' lang='lat' dir='ltr'><strong>irreprehensibiliter</strong></span> <span class='ocrx_word' id='word_1_739' title='bbox 3246 3247 3332 3299; x_wconf 86' lang='lat' dir='ltr'><strong>est</strong></span> <span class='ocrx_word' id='word_1_740' title='bbox 3353 3254 3488 3299; x_wconf 79' lang='lat' dir='ltr'><strong>cou-</strong></span> 
     </span>
    </p>
   </div>
   <div class='ocr_carea' id='block_1_94' title="bbox 1917 3332 3493 3400">
    <p class='ocr_par' dir='ltr' id='par_1_94' title="bbox 1917 3332 3493 3400">
     <span class='ocr_line' id='line_1_94' title="bbox 1917 3332 3493 3400; baseline 0.004 -13"><span class='ocrx_word' id='word_1_741' title='bbox 1917 3341 2203 3400; x_wconf 88' lang='lat' dir='ltr'><strong>versatus,</strong></span> <span class='ocrx_word' id='word_1_742' title='bbox 2256 3332 2386 3388; x_wconf 89' lang='lat' dir='ltr'><strong>dicit</strong></span> <span class='ocrx_word' id='word_1_743' title='bbox 2431 3348 2489 3388; x_wconf 90' lang='lat' dir='ltr'><strong>se</strong></span> <span class='ocrx_word' id='word_1_744' title='bbox 2534 3341 2726 3388; x_wconf 89' lang='lat' dir='ltr'><strong>natura</strong></span> <span class='ocrx_word' id='word_1_745' title='bbox 2776 3333 2941 3389; x_wconf 79' lang='lat' dir='ltr'><strong>fuisse</strong></span> <span class='ocrx_word' id='word_1_746' title='bbox 2984 3334 3152 3390; x_wconf 90' lang='lat' dir='ltr'><strong>ﬁlium</strong></span> <span class='ocrx_word' id='word_1_747' title='bbox 3210 3336 3352 3394; x_wconf 65' lang='lat' dir='ltr'><strong>irae:</strong></span> <span class='ocrx_word' id='word_1_748' title='bbox 3392 3351 3493 3394; x_wconf 87' lang='lat' dir='ltr'><strong>cur</strong></span> 
     </span>
    </p>
   </div>
   <div class='ocr_carea' id='block_1_95' title="bbox 1917 3424 3497 3484">
    <p class='ocr_par' dir='ltr' id='par_1_95' title="bbox 1917 3424 3497 3484">
     <span class='ocr_line' id='line_1_95' title="bbox 1917 3424 3497 3484; baseline 0.004 -6"><span class='ocrx_word' id='word_1_749' title='bbox 1917 3424 2204 3480; x_wconf 89' lang='lat' dir='ltr'><strong>timeamus</strong></span> <span class='ocrx_word' id='word_1_750' title='bbox 2245 3426 2408 3480; x_wconf 88' lang='lat' dir='ltr'><strong>etiam</strong></span> <span class='ocrx_word' id='word_1_751' title='bbox 2450 3434 2595 3481; x_wconf 89' lang='lat' dir='ltr'><strong>retro</strong></span> <span class='ocrx_word' id='word_1_752' title='bbox 2618 3434 2833 3481; x_wconf 86' lang='lat' dir='ltr'><strong>sanctos</strong></span> <span class='ocrx_word' id='word_1_753' title='bbox 2869 3425 3016 3481; x_wconf 86' lang='lat' dir='ltr'><strong>viros</strong></span> <span class='ocrx_word' id='word_1_754' title='bbox 3043 3424 3182 3481; x_wconf 88' lang='lat' dir='ltr'><strong>ﬁlios</strong></span> <span class='ocrx_word' id='word_1_755' title='bbox 3208 3426 3303 3482; x_wconf 73' lang='lat' dir='ltr'><strong>ira:</strong></span> <span class='ocrx_word' id='word_1_756' title='bbox 3326 3425 3497 3484; x_wconf 78' lang='lat' dir='ltr'><strong>fuisse</strong></span> 
     </span>
    </p>
   </div>
   <div class='ocr_carea' id='block_1_96' title="bbox 1918 3515 3494 3589">
    <p class='ocr_par' dir='ltr' id='par_1_96' title="bbox 1918 3515 3494 3589">
     <span class='ocr_line' id='line_1_96' title="bbox 1918 3515 3494 3589; baseline 0.003 -20"><span class='ocrx_word' id='word_1_757' title='bbox 1918 3515 2141 3571; x_wconf 87' lang='lat' dir='ltr'><strong>testari?</strong></span> <span class='ocrx_word' id='word_1_758' title='bbox 2162 3515 2229 3570; x_wconf 91' lang='lat' dir='ltr'><strong>de</strong></span> <span class='ocrx_word' id='word_1_759' title='bbox 2258 3516 2454 3585; x_wconf 88' lang='lat' dir='ltr'><strong>quibus</strong></span> <span class='ocrx_word' id='word_1_760' title='bbox 2478 3516 2728 3571; x_wconf 88' lang='lat' dir='ltr'><strong>omnibus</strong></span> <span class='ocrx_word' id='word_1_761' title='bbox 2752 3532 2878 3573; x_wconf 89' lang='lat' dir='ltr'><strong>vere</strong></span> <span class='ocrx_word' id='word_1_762' title='bbox 2914 3515 3020 3572; x_wconf 90' lang='lat' dir='ltr'><strong>dici</strong></span> <span class='ocrx_word' id='word_1_763' title='bbox 3058 3517 3270 3589; x_wconf 87' lang='lat' dir='ltr'><strong>possit:</strong></span> <span class='ocrx_word' id='word_1_764' title='bbox 3304 3535 3324 3568; x_wconf 83' lang='grc' dir='ltr'><strong>ι</strong></span> <span class='ocrx_word' id='word_1_765' title='bbox 3358 3516 3494 3574; x_wconf 82' lang='lat' dir='ltr'><strong>Cum</strong></span> 
     </span>
    </p>
   </div>
   <div class='ocr_carea' id='block_1_97' title="bbox 1920 3606 3498 3680">
    <p class='ocr_par' dir='ltr' id='par_1_97' title="bbox 1920 3606 3498 3680">
     <span class='ocr_line' id='line_1_97' title="bbox 1920 3606 3498 3680; baseline 0.003 -21"><span class='ocrx_word' id='word_1_766' title='bbox 1920 3614 2099 3659; x_wconf 89' lang='lat' dir='ltr'><strong>autem</strong></span> <span class='ocrx_word' id='word_1_767' title='bbox 2121 3606 2271 3661; x_wconf 88' lang='lat' dir='ltr'><strong>venit</strong></span> <span class='ocrx_word' id='word_1_768' title='bbox 2301 3607 2635 3673; x_wconf 90' lang='lat' dir='ltr'><strong>mandatum,</strong></span> <span class='ocrx_word' id='word_1_769' title='bbox 2667 3616 2947 3678; x_wconf 89' lang='lat' dir='ltr'><strong>peccatum</strong></span> <span class='ocrx_word' id='word_1_770' title='bbox 2980 3608 3198 3676; x_wconf 77' lang='lat' dir='ltr'><strong>revixit,</strong></span> <span class='ocrx_word' id='word_1_771' title='bbox 3231 3608 3336 3680; x_wconf 90' lang='lat' dir='ltr'><strong>ipsi</strong></span> <span class='ocrx_word' id='word_1_772' title='bbox 3366 3623 3498 3664; x_wconf 89' lang='lat' dir='ltr'><strong>vero</strong></span> 
     </span>
    </p>
   </div>
   <div class='ocr_carea' id='block_1_98' title="bbox 1920 3698 3497 3770">
    <p class='ocr_par' dir='ltr' id='par_1_98' title="bbox 1920 3698 3497 3770">
     <span class='ocr_line' id='line_1_98' title="bbox 1920 3698 3497 3770; baseline 0 -17"><span class='ocrx_word' id='word_1_773' title='bbox 1920 3699 2115 3754; x_wconf 89' lang='lat' dir='ltr'><strong>mortui</strong></span> <span class='ocrx_word' id='word_1_774' title='bbox 2146 3709 2301 3765; x_wconf 86' lang='lat' dir='ltr'><strong>sunt;</strong></span> <span class='ocrx_word' id='word_1_775' title='bbox 2334 3718 2352 3749; x_wconf 83' lang='grc' dir='ltr'><strong>ι</strong></span> <span class='ocrx_word' id='word_1_776' title='bbox 2387 3698 2524 3753; x_wconf 87' lang='lat' dir='ltr'><strong>ﬁlios</strong></span> <span class='ocrx_word' id='word_1_777' title='bbox 2562 3707 2740 3753; x_wconf 91' lang='lat' dir='ltr'><strong>autem</strong></span> <span class='ocrx_word' id='word_1_778' title='bbox 2772 3699 2865 3753; x_wconf 78' lang='lat' dir='ltr'><strong>ira:</strong></span> <span class='ocrx_word' id='word_1_779' title='bbox 2890 3700 2969 3754; x_wconf 87' lang='lat' dir='ltr'><strong>sic</strong></span> <span class='ocrx_word' id='word_1_780' title='bbox 2997 3699 3406 3770; x_wconf 85' lang='lat' dir='ltr'><strong>accipiendum,</strong></span> <span class='ocrx_word' id='word_1_781' title='bbox 3435 3706 3497 3753; x_wconf 86' lang='lat' dir='ltr'><strong>ut</strong></span> 
     </span>
    </p>
   </div>
   <div class='ocr_carea' id='block_1_99' title="bbox 1922 3790 3498 3861">
    <p class='ocr_par' dir='ltr' id='par_1_99' title="bbox 1922 3790 3498 3861">
     <span class='ocr_line' id='line_1_99' title="bbox 1922 3790 3498 3861; baseline -0.001 -15"><span class='ocrx_word' id='word_1_782' title='bbox 1922 3791 2060 3846; x_wconf 87' lang='lat' dir='ltr'><strong>ﬁlios</strong></span> <span class='ocrx_word' id='word_1_783' title='bbox 2090 3790 2430 3861; x_wconf 87' lang='lat' dir='ltr'><strong>perditionis,</strong></span> <span class='ocrx_word' id='word_1_784' title='bbox 2462 3790 2601 3846; x_wconf 87' lang='lat' dir='ltr'><strong>ﬁlios</strong></span> <span class='ocrx_word' id='word_1_785' title='bbox 2623 3790 2941 3860; x_wconf 88' lang='lat' dir='ltr'><strong>iniquitatis,</strong></span> <span class='ocrx_word' id='word_1_786' title='bbox 2970 3790 3107 3845; x_wconf 89' lang='lat' dir='ltr'><strong>ﬁlios</strong></span> <span class='ocrx_word' id='word_1_787' title='bbox 3132 3790 3322 3846; x_wconf 89' lang='lat' dir='ltr'><strong>mortis</strong></span> <span class='ocrx_word' id='word_1_788' title='bbox 3348 3808 3361 3844; x_wconf 92' lang='lat'><strong>:</strong></span> <span class='ocrx_word' id='word_1_789' title='bbox 3386 3804 3498 3844; x_wconf 90' lang='lat' dir='ltr'><strong>non</strong></span> 
     </span>
    </p>
   </div>
   <div class='ocr_carea' id='block_1_100' title="bbox 1922 3882 3497 3955">
    <p class='ocr_par' dir='ltr' id='par_1_100' title="bbox 1922 3882 3497 3955">
     <span class='ocr_line' id='line_1_100' title="bbox 1922 3882 3497 3955; baseline -0.002 -16"><span class='ocrx_word' id='word_1_790' title='bbox 1922 3884 2065 3955; x_wconf 89' lang='lat' dir='ltr'><strong>quod</strong></span> <span class='ocrx_word' id='word_1_791' title='bbox 2094 3882 2272 3955; x_wconf 88' lang='lat' dir='ltr'><strong>aliqua</strong></span> <span class='ocrx_word' id='word_1_792' title='bbox 2296 3883 2392 3946; x_wconf 89' lang='lat' dir='ltr'><strong>ira,</strong></span> <span class='ocrx_word' id='word_1_793' title='bbox 2427 3898 2592 3949; x_wconf 91' lang='lat' dir='ltr'><strong>mors,</strong></span> <span class='ocrx_word' id='word_1_794' title='bbox 2622 3883 2877 3952; x_wconf 87' lang='lat' dir='ltr'><strong>iniquitas</strong></span> <span class='ocrx_word' id='word_1_795' title='bbox 2899 3891 2954 3936; x_wconf 82' lang='lat' dir='ltr'><strong>et</strong></span> <span class='ocrx_word' id='word_1_796' title='bbox 2978 3882 3210 3952; x_wconf 88' lang='lat' dir='ltr'><strong>perditio</strong></span> <span class='ocrx_word' id='word_1_797' title='bbox 3239 3882 3497 3938; x_wconf 86' lang='lat' dir='ltr'><strong>subsistat</strong></span> 
     </span>
    </p>
   </div>
   <div class='ocr_carea' id='block_1_101' title="bbox 1922 3972 3498 4045">
    <p class='ocr_par' dir='ltr' id='par_1_101' title="bbox 1922 3972 3498 4045">
     <span class='ocr_line' id='line_1_101' title="bbox 1922 3972 3498 4045; baseline -0.003 -15"><span class='ocrx_word' id='word_1_798' title='bbox 1922 3985 2114 4030; x_wconf 87' lang='lat' dir='ltr'><strong>natura</strong></span> <span class='ocrx_word' id='word_1_799' title='bbox 2143 3990 2258 4040; x_wconf 85' lang='lat' dir='ltr'><strong>sua,</strong></span> <span class='ocrx_word' id='word_1_800' title='bbox 2281 3990 2401 4045; x_wconf 73' lang='lat' dir='ltr'><strong>quae</strong></span> <span class='ocrx_word' id='word_1_801' title='bbox 2425 3973 2565 4029; x_wconf 86' lang='lat' dir='ltr'><strong>ﬁlios</strong></span> <span class='ocrx_word' id='word_1_802' title='bbox 2584 3974 2801 4040; x_wconf 83' lang='lat' dir='ltr'><strong>habeat,</strong></span> <span class='ocrx_word' id='word_1_803' title='bbox 2833 3974 2925 4029; x_wconf 89' lang='lat' dir='ltr'><strong>sed</strong></span> <span class='ocrx_word' id='word_1_804' title='bbox 2949 3974 3092 4043; x_wconf 92' lang='lat' dir='ltr'><strong>quod</strong></span> <span class='ocrx_word' id='word_1_805' title='bbox 3126 3972 3219 4028; x_wconf 89' lang='lat' dir='ltr'><strong>ﬁlii</strong></span> <span class='ocrx_word' id='word_1_806' title='bbox 3247 3973 3498 4028; x_wconf 86' lang='lat' dir='ltr'><strong>dicantur</strong></span> 
     </span>
    </p>
   </div>
   <div class='ocr_carea' id='block_1_102' title="bbox 1925 4064 3497 4139">
    <p class='ocr_par' dir='ltr' id='par_1_102' title="bbox 1925 4064 3497 4139">
     <span class='ocr_line' id='line_1_102' title="bbox 1925 4064 3497 4139; baseline -0.004 -15"><span class='ocrx_word' id='word_1_807' title='bbox 1925 4068 2040 4137; x_wconf 83' lang='lat' dir='ltr'><strong>ejus</strong></span> <span class='ocrx_word' id='word_1_808' title='bbox 2061 4068 2158 4135; x_wconf 85' lang='lat' dir='ltr'><strong>rei,</strong></span> <span class='ocrx_word' id='word_1_809' title='bbox 2174 4083 2292 4139; x_wconf 68' lang='lat' dir='ltr'><strong>quae</strong></span> <span class='ocrx_word' id='word_1_810' title='bbox 2305 4074 2560 4137; x_wconf 88' lang='lat' dir='ltr'><strong>operetur</strong></span> <span class='ocrx_word' id='word_1_811' title='bbox 2572 4066 2626 4122; x_wconf 93' lang='lat' dir='ltr'><strong>in</strong></span> <span class='ocrx_word' id='word_1_812' title='bbox 2639 4065 2882 4138; x_wconf 84' lang='lat' dir='ltr'><strong>singulis,</strong></span> <span class='ocrx_word' id='word_1_813' title='bbox 2898 4066 3036 4121; x_wconf 89' lang='lat' dir='ltr'><strong>sicut</strong></span> <span class='ocrx_word' id='word_1_814' title='bbox 3051 4064 3143 4120; x_wconf 91' lang='lat' dir='ltr'><strong>ﬁlii</strong></span> <span class='ocrx_word' id='word_1_815' title='bbox 3158 4064 3497 4135; x_wconf 88' lang='lat' dir='ltr'><strong>appellantur</strong></span> 
     </span>
    </p>
   </div>
   <div class='ocr_carea' id='block_1_103' title="bbox 1923 4155 3502 4234">
    <p class='ocr_par' dir='ltr' id='par_1_103' title="bbox 1923 4155 3502 4234">
     <span class='ocr_line' id='line_1_103' title="bbox 1923 4155 3502 4234; baseline -0.003 -17"><span class='ocrx_word' id='word_1_816' title='bbox 1923 4164 2201 4234; x_wconf 69' lang='lat' dir='ltr'><strong>gehennm,</strong></span> <span class='ocrx_word' id='word_1_817' title='bbox 2214 4162 2305 4233; x_wconf 91' lang='lat' dir='ltr'><strong>qui</strong></span> <span class='ocrx_word' id='word_1_818' title='bbox 2322 4161 2580 4233; x_wconf 74' lang='lat' dir='ltr'><strong>gehennir</strong></span> <span class='ocrx_word' id='word_1_819' title='bbox 2593 4160 2805 4229; x_wconf 87' lang='lat' dir='ltr'><strong>ignibus</strong></span> <span class='ocrx_word' id='word_1_820' title='bbox 2815 4158 3167 4215; x_wconf 89' lang='lat' dir='ltr'><strong>consumendi</strong></span> <span class='ocrx_word' id='word_1_821' title='bbox 3185 4165 3338 4212; x_wconf 90' lang='lat' dir='ltr'><strong>sunt:</strong></span> <span class='ocrx_word' id='word_1_822' title='bbox 3365 4155 3502 4212; x_wconf 90' lang='lat' dir='ltr'><strong>alias</strong></span> 
     </span>
    </p>
   </div>
   <div class='ocr_carea' id='block_1_104' title="bbox 1925 4248 3502 4324">
    <p class='ocr_par' dir='ltr' id='par_1_104' title="bbox 1925 4248 3502 4324">
     <span class='ocr_line' id='line_1_104' title="bbox 1925 4248 3502 4324; baseline -0.003 -14"><span class='ocrx_word' id='word_1_823' title='bbox 1925 4255 2061 4311; x_wconf 88' lang='lat' dir='ltr'><strong>ﬁlios</strong></span> <span class='ocrx_word' id='word_1_824' title='bbox 2088 4255 2181 4309; x_wconf 76' lang='lat' dir='ltr'><strong>ira:</strong></span> <span class='ocrx_word' id='word_1_825' title='bbox 2207 4256 2285 4310; x_wconf 93' lang='lat' dir='ltr'><strong>sic</strong></span> <span class='ocrx_word' id='word_1_826' title='bbox 2306 4262 2526 4309; x_wconf 86' lang='lat' dir='ltr'><strong>vocatos</strong></span> <span class='ocrx_word' id='word_1_827' title='bbox 2549 4261 2790 4324; x_wconf 90' lang='lat' dir='ltr'><strong>putatur,</strong></span> <span class='ocrx_word' id='word_1_828' title='bbox 2814 4261 2874 4308; x_wconf 90' lang='lat' dir='ltr'><strong>ut</strong></span> <span class='ocrx_word' id='word_1_829' title='bbox 2897 4251 3034 4308; x_wconf 85' lang='lat' dir='ltr'><strong>ﬁlios</strong></span> <span class='ocrx_word' id='word_1_830' title='bbox 3067 4250 3282 4307; x_wconf 90' lang='lat' dir='ltr'><strong>diaboli.</strong></span> <span class='ocrx_word' id='word_1_831' title='bbox 3309 4248 3502 4305; x_wconf 89' lang='lat' dir='ltr'><strong>Diabo-</strong></span> 
     </span>
    </p>
   </div>
   <div class='ocr_carea' id='block_1_105' title="bbox 1923 4344 3504 4420">
    <p class='ocr_par' dir='ltr' id='par_1_105' title="bbox 1923 4344 3504 4420">
     <span class='ocr_line' id='line_1_105' title="bbox 1923 4344 3504 4420; baseline 0 -18"><span class='ocrx_word' id='word_1_832' title='bbox 1923 4348 2008 4404; x_wconf 89' lang='lat' dir='ltr'><strong>lus</strong></span> <span class='ocrx_word' id='word_1_833' title='bbox 2027 4348 2169 4403; x_wconf 89' lang='lat' dir='ltr'><strong>enim</strong></span> <span class='ocrx_word' id='word_1_834' title='bbox 2194 4348 2423 4420; x_wconf 90' lang='lat' dir='ltr'><strong>perditio</strong></span> <span class='ocrx_word' id='word_1_835' title='bbox 2443 4358 2547 4415; x_wconf 87' lang='lat' dir='ltr'><strong>est,</strong></span> <span class='ocrx_word' id='word_1_836' title='bbox 2561 4355 2616 4403; x_wconf 89' lang='lat' dir='ltr'><strong>et</strong></span> <span class='ocrx_word' id='word_1_837' title='bbox 2638 4348 2807 4414; x_wconf 86' lang='lat' dir='ltr'><strong>ira,et</strong></span> <span class='ocrx_word' id='word_1_838' title='bbox 2828 4362 2994 4414; x_wconf 90' lang='lat' dir='ltr'><strong>mors,</strong></span> <span class='ocrx_word' id='word_1_839' title='bbox 3017 4366 3036 4399; x_wconf 83' lang='grc' dir='ltr'><strong>ι</strong></span> <span class='ocrx_word' id='word_1_840' title='bbox 3055 4344 3332 4402; x_wconf 86' lang='lat' dir='ltr'><strong>devoravit</strong></span> <span class='ocrx_word' id='word_1_841' title='bbox 3355 4359 3504 4402; x_wconf 87' lang='lat' dir='ltr'><strong>mors</strong></span> 
     </span>
    </p>
   </div>
   <div class='ocr_carea' id='block_1_106' title="bbox 1927 4437 3502 4507">
    <p class='ocr_par' dir='ltr' id='par_1_106' title="bbox 1927 4437 3502 4507">
     <span class='ocr_line' id='line_1_106' title="bbox 1927 4437 3502 4507; baseline -0.005 -10"><span class='ocrx_word' id='word_1_842' title='bbox 1927 4442 2286 4507; x_wconf 82' lang='lat' dir='ltr'><strong>invalescens;</strong></span> <span class='ocrx_word' id='word_1_843' title='bbox 2318 4460 2337 4493; x_wconf 79' lang='grc' dir='ltr'><strong>ι</strong></span> <span class='ocrx_word' id='word_1_844' title='bbox 2372 4448 2461 4495; x_wconf 91' lang='lat' dir='ltr'><strong>et:</strong></span> <span class='ocrx_word' id='word_1_845' title='bbox 2492 4458 2511 4492; x_wconf 76' lang='grc' dir='ltr'><strong>ι</strong></span> <span class='ocrx_word' id='word_1_846' title='bbox 2548 4440 2872 4495; x_wconf 87' lang='lat' dir='ltr'><strong>novissimus</strong></span> <span class='ocrx_word' id='word_1_847' title='bbox 2908 4437 3157 4494; x_wconf 91' lang='lat' dir='ltr'><strong>inimicus</strong></span> <span class='ocrx_word' id='word_1_848' title='bbox 3195 4437 3502 4497; x_wconf 86' lang='lat' dir='ltr'><strong>destruetur</strong></span> 
     </span>
    </p>
   </div>
   <div class='ocr_carea' id='block_1_107' title="bbox 1850 4530 3498 4605">
    <p class='ocr_par' dir='ltr' id='par_1_107' title="bbox 1850 4530 3498 4605">
     <span class='ocr_line' id='line_1_107' title="bbox 1850 4530 3498 4605; baseline -0.006 -10"><span class='ocrx_word' id='word_1_849' title='bbox 1850 4533 1906 4595; x_wconf 83' lang='lat' dir='ltr'><strong>D</strong></span> <span class='ocrx_word' id='word_1_850' title='bbox 1928 4553 2094 4602; x_wconf 88' lang='lat' dir='ltr'><strong>mors,</strong></span> <span class='ocrx_word' id='word_1_851' title='bbox 2116 4554 2135 4586; x_wconf 77' lang='grc' dir='ltr'><strong>ι</strong></span> <span class='ocrx_word' id='word_1_852' title='bbox 2156 4543 2210 4591; x_wconf 93' lang='lat' dir='ltr'><strong>et</strong></span> <span class='ocrx_word' id='word_1_853' title='bbox 2237 4534 2303 4590; x_wconf 90' lang='lat' dir='ltr'><strong>ad</strong></span> <span class='ocrx_word' id='word_1_854' title='bbox 2325 4534 2496 4605; x_wconf 90' lang='lat' dir='ltr'><strong>ipsum</strong></span> <span class='ocrx_word' id='word_1_855' title='bbox 2520 4533 2788 4590; x_wconf 87' lang='lat' dir='ltr'><strong>diabolum</strong></span> <span class='ocrx_word' id='word_1_856' title='bbox 2814 4552 2827 4587; x_wconf 94' lang='lat'><strong>:</strong></span> <span class='ocrx_word' id='word_1_857' title='bbox 2858 4553 2877 4585; x_wconf 80' lang='grc' dir='ltr'><strong>ι</strong></span> <span class='ocrx_word' id='word_1_858' title='bbox 2910 4531 3143 4602; x_wconf 88' lang='lat' dir='ltr'><strong>perditio</strong></span> <span class='ocrx_word' id='word_1_859' title='bbox 3163 4530 3335 4586; x_wconf 80' lang='lat' dir='ltr'><strong>factus</strong></span> <span class='ocrx_word' id='word_1_860' title='bbox 3350 4544 3444 4585; x_wconf 87' lang='lat' dir='ltr'><strong>es:</strong></span> <span class='ocrx_word' id='word_1_861' title='bbox 3471 4547 3498 4585; x_wconf 76' lang='grc' dir='ltr'><strong>ι</strong></span> 
     </span>
    </p>
   </div>
   <div class='ocr_carea' id='block_1_108' title="bbox 1928 4627 3504 4701">
    <p class='ocr_par' dir='ltr' id='par_1_108' title="bbox 1928 4627 3504 4701">
     <span class='ocr_line' id='line_1_108' title="bbox 1928 4627 3504 4701; baseline -0.001 -15"><span class='ocrx_word' id='word_1_862' title='bbox 1928 4630 2122 4696; x_wconf 83' lang='lat' dir='ltr'><strong>factus,</strong></span> <span class='ocrx_word' id='word_1_863' title='bbox 2138 4631 2331 4701; x_wconf 85' lang='lat' dir='ltr'><strong>inquit,</strong></span> <span class='ocrx_word' id='word_1_864' title='bbox 2346 4628 2563 4701; x_wconf 87' lang='lat' dir='ltr'><strong>propria</strong></span> <span class='ocrx_word' id='word_1_865' title='bbox 2579 4630 2875 4693; x_wconf 88' lang='lat' dir='ltr'><strong>voluntate,</strong></span> <span class='ocrx_word' id='word_1_866' title='bbox 2892 4645 3000 4684; x_wconf 89' lang='lat' dir='ltr'><strong>non</strong></span> <span class='ocrx_word' id='word_1_867' title='bbox 3018 4629 3086 4683; x_wconf 91' lang='lat' dir='ltr'><strong>ab</strong></span> <span class='ocrx_word' id='word_1_868' title='bbox 3098 4627 3254 4684; x_wconf 89' lang='lat' dir='ltr'><strong>initio</strong></span> <span class='ocrx_word' id='word_1_869' title='bbox 3265 4628 3344 4683; x_wconf 82' lang='lat' dir='ltr'><strong>sic</strong></span> <span class='ocrx_word' id='word_1_870' title='bbox 3355 4641 3504 4684; x_wconf 84' lang='lat' dir='ltr'><strong>crea-</strong></span> 
     </span>
    </p>
   </div>
   <div class='ocr_carea' id='block_1_109' title="bbox 1930 4720 3503 4795">
    <p class='ocr_par' dir='ltr' id='par_1_109' title="bbox 1930 4720 3503 4795">
     <span class='ocr_line' id='line_1_109' title="bbox 1930 4720 3503 4795; baseline -0.003 -15"><span class='ocrx_word' id='word_1_871' title='bbox 1930 4734 2037 4780; x_wconf 88' lang='lat' dir='ltr'><strong>tus.</strong></span> <span class='ocrx_word' id='word_1_872' title='bbox 2053 4723 2331 4792; x_wconf 86' lang='lat' dir='ltr'><strong>Quomodo</strong></span> <span class='ocrx_word' id='word_1_873' title='bbox 2350 4722 2515 4795; x_wconf 87' lang='lat' dir='ltr'><strong>igitur</strong></span> <span class='ocrx_word' id='word_1_874' title='bbox 2537 4738 2682 4779; x_wconf 89' lang='lat' dir='ltr'><strong>mors</strong></span> <span class='ocrx_word' id='word_1_875' title='bbox 2697 4723 2913 4787; x_wconf 86' lang='lat' dir='ltr'><strong>dicitur,</strong></span> <span class='ocrx_word' id='word_1_876' title='bbox 2930 4737 2995 4778; x_wconf 85' lang='lat' dir='ltr'><strong>eo</strong></span> <span class='ocrx_word' id='word_1_877' title='bbox 3010 4721 3153 4792; x_wconf 88' lang='lat' dir='ltr'><strong>quod</strong></span> <span class='ocrx_word' id='word_1_878' title='bbox 3172 4720 3370 4776; x_wconf 84' lang='lat' dir='ltr'><strong>invidia</strong></span> <span class='ocrx_word' id='word_1_879' title='bbox 3384 4720 3503 4775; x_wconf 86' lang='lat' dir='ltr'><strong>dia-</strong></span> 
     </span>
    </p>
   </div>
   <div class='ocr_carea' id='block_1_110' title="bbox 1931 4809 3505 4885">
    <p class='ocr_par' dir='ltr' id='par_1_110' title="bbox 1931 4809 3505 4885">
     <span class='ocr_line' id='line_1_110' title="bbox 1931 4809 3505 4885; baseline -0.003 -14"><span class='ocrx_word' id='word_1_880' title='bbox 1931 4816 2035 4871; x_wconf 88' lang='lat' dir='ltr'><strong>boli</strong></span> <span class='ocrx_word' id='word_1_881' title='bbox 2062 4833 2202 4871; x_wconf 87' lang='lat' dir='ltr'><strong>mors</strong></span> <span class='ocrx_word' id='word_1_882' title='bbox 2224 4815 2437 4871; x_wconf 84' lang='lat' dir='ltr'><strong>intravit</strong></span> <span class='ocrx_word' id='word_1_883' title='bbox 2465 4814 2522 4869; x_wconf 83' lang='lat' dir='ltr'><strong>in</strong></span> <span class='ocrx_word' id='word_1_884' title='bbox 2543 4814 2717 4869; x_wconf 88' lang='lat' dir='ltr'><strong>orbem</strong></span> <span class='ocrx_word' id='word_1_885' title='bbox 2741 4823 3003 4866; x_wconf 85' lang='lat' dir='ltr'><strong>terrarum</strong></span> <span class='ocrx_word' id='word_1_886' title='bbox 3029 4809 3186 4885; x_wconf 86' lang='lat' dir='ltr'><strong>(Sap.</strong></span> <span class='ocrx_word' id='word_1_887' title='bbox 3212 4811 3300 4883; x_wconf 89' lang='lat' dir='ltr'><strong>tt),</strong></span> <span class='ocrx_word' id='word_1_888' title='bbox 3331 4822 3387 4866; x_wconf 87' lang='lat' dir='ltr'><strong>et</strong></span> <span class='ocrx_word' id='word_1_889' title='bbox 3406 4825 3505 4880; x_wconf 86' lang='lat' dir='ltr'><strong>per</strong></span> 
     </span>
    </p>
   </div>
   <div class='ocr_carea' id='block_1_111' title="bbox 1934 4905 3507 4978">
    <p class='ocr_par' dir='ltr' id='par_1_111' title="bbox 1934 4905 3507 4978">
     <span class='ocr_line' id='line_1_111' title="bbox 1934 4905 3507 4978; baseline -0.004 -13"><span class='ocrx_word' id='word_1_890' title='bbox 1934 4909 2082 4965; x_wconf 91' lang='lat' dir='ltr'><strong>illum</strong></span> <span class='ocrx_word' id='word_1_891' title='bbox 2102 4916 2228 4965; x_wconf 88' lang='lat' dir='ltr'><strong>sunt</strong></span> <span class='ocrx_word' id='word_1_892' title='bbox 2248 4906 2470 4973; x_wconf 90' lang='lat' dir='ltr'><strong>mortui,</strong></span> <span class='ocrx_word' id='word_1_893' title='bbox 2485 4908 2577 4978; x_wconf 91' lang='lat' dir='ltr'><strong>qui</strong></span> <span class='ocrx_word' id='word_1_894' title='bbox 2602 4914 2726 4961; x_wconf 89' lang='lat' dir='ltr'><strong>ante</strong></span> <span class='ocrx_word' id='word_1_895' title='bbox 2738 4905 3341 4976; x_wconf 87' lang='lat' dir='ltr'><strong>vivebant,etperditio,</strong></span> <span class='ocrx_word' id='word_1_896' title='bbox 3363 4905 3507 4976; x_wconf 91' lang='lat' dir='ltr'><strong>quod</strong></span> 
     </span>
    </p>
   </div>
   <div class='ocr_carea' id='block_1_112' title="bbox 1936 4999 3506 5076">
    <p class='ocr_par' dir='ltr' id='par_1_112' title="bbox 1936 4999 3506 5076">
     <span class='ocr_line' id='line_1_112' title="bbox 1936 4999 3506 5076; baseline -0.004 -16"><span class='ocrx_word' id='word_1_897' title='bbox 1936 5006 2125 5076; x_wconf 89' lang='lat' dir='ltr'><strong>perdat</strong></span> <span class='ocrx_word' id='word_1_898' title='bbox 2148 5018 2495 5075; x_wconf 89' lang='lat' dir='ltr'><strong>quoscunque</strong></span> <span class='ocrx_word' id='word_1_899' title='bbox 2521 5000 2791 5071; x_wconf 88' lang='lat' dir='ltr'><strong>deceperit</strong></span> <span class='ocrx_word' id='word_1_900' title='bbox 2815 5016 2829 5053; x_wconf 91' lang='lat'><strong>:</strong></span> <span class='ocrx_word' id='word_1_901' title='bbox 2860 5001 2941 5055; x_wconf 89' lang='lat' dir='ltr'><strong>sic</strong></span> <span class='ocrx_word' id='word_1_902' title='bbox 2973 5008 3029 5055; x_wconf 92' lang='lat' dir='ltr'><strong>et</strong></span> <span class='ocrx_word' id='word_1_903' title='bbox 3058 4999 3139 5055; x_wconf 88' lang='lat' dir='ltr'><strong>ira</strong></span> <span class='ocrx_word' id='word_1_904' title='bbox 3162 4999 3361 5055; x_wconf 85' lang='lat' dir='ltr'><strong>dicitur</strong></span> <span class='ocrx_word' id='word_1_905' title='bbox 3377 5014 3506 5069; x_wconf 82' lang='lat' dir='ltr'><strong>pro-</strong></span> 
     </span>
    </p>
   </div>
   <div class='ocr_carea' id='block_1_113' title="bbox 1935 5092 3509 5182">
    <p class='ocr_par' dir='ltr' id='par_1_113' title="bbox 1935 5092 3509 5182">
     <span class='ocr_line' id='line_1_113' title="bbox 1935 5092 3509 5182; baseline -0.008 -24"><span class='ocrx_word' id='word_1_906' title='bbox 1935 5112 2060 5174; x_wconf 87' lang='lat' dir='ltr'><strong>pter</strong></span> <span class='ocrx_word' id='word_1_907' title='bbox 2078 5117 2195 5158; x_wconf 87' lang='lat' dir='ltr'><strong>eam</strong></span> <span class='ocrx_word' id='word_1_908' title='bbox 2222 5116 2383 5172; x_wconf 90' lang='lat' dir='ltr'><strong>quam</strong></span> <span class='ocrx_word' id='word_1_909' title='bbox 2419 5104 2638 5153; x_wconf 81' lang='lat' dir='ltr'><strong>exercet</strong></span> <span class='ocrx_word' id='word_1_910' title='bbox 2670 5096 2925 5151; x_wconf 85' lang='lat' dir='ltr'><strong>adversus</strong></span> <span class='ocrx_word' id='word_1_911' title='bbox 2945 5095 3188 5182; x_wconf 77' lang='lat' dir='ltr'><strong>homines</strong></span> <span class='ocrx_word' id='word_1_912' title='bbox 3213 5092 3509 5149; x_wconf 78' lang='lat' dir='ltr'><strong>feritatem.</strong></span> 
     </span>
    </p>
   </div>
   <div class='ocr_carea' id='block_1_114' title="bbox 2004 5187 3514 5264">
    <p class='ocr_par' dir='ltr' id='par_1_114' title="bbox 2004 5187 3514 5264">
     <span class='ocr_line' id='line_1_114' title="bbox 2004 5187 3514 5264; baseline -0.009 -10"><span class='ocrx_word' id='word_1_913' title='bbox 2004 5199 2148 5254; x_wconf 84' lang='lat' dir='ltr'><strong>Deus</strong></span> <span class='ocrx_word' id='word_1_914' title='bbox 2194 5206 2367 5251; x_wconf 89' lang='lat' dir='ltr'><strong>autem</strong></span> <span class='ocrx_word' id='word_1_915' title='bbox 2396 5192 2486 5264; x_wconf 87' lang='lat' dir='ltr'><strong>qui</strong></span> <span class='ocrx_word' id='word_1_916' title='bbox 2526 5191 2664 5246; x_wconf 85' lang='lat' dir='ltr'><strong>dives</strong></span> <span class='ocrx_word' id='word_1_917' title='bbox 2709 5200 2781 5244; x_wconf 83' lang='lat' dir='ltr'><strong>est</strong></span> <span class='ocrx_word' id='word_1_918' title='bbox 2818 5189 2872 5243; x_wconf 83' lang='lat' dir='ltr'><strong>in</strong></span> <span class='ocrx_word' id='word_1_919' title='bbox 2911 5187 3269 5245; x_wconf 81' lang='lat' dir='ltr'><strong>misericordia</strong></span> <span class='ocrx_word' id='word_1_920' title='bbox 3304 5196 3514 5258; x_wconf 81' lang='lat' dir='ltr'><strong>propter</strong></span> 
     </span>
    </p>
   </div>
   <div class='ocr_carea' id='block_1_115' title="bbox 1940 5280 3516 5355">
    <p class='ocr_par' dir='ltr' id='par_1_115' title="bbox 1940 5280 3516 5355">
     <span class='ocr_line' id='line_1_115' title="bbox 1940 5280 3516 5355; baseline -0.01 -7"><span class='ocrx_word' id='word_1_921' title='bbox 1940 5294 2156 5349; x_wconf 84' lang='lat' dir='ltr'><strong>nimiam</strong></span> <span class='ocrx_word' id='word_1_922' title='bbox 2198 5290 2501 5345; x_wconf 86' lang='lat' dir='ltr'><strong>churitatem</strong></span> <span class='ocrx_word' id='word_1_923' title='bbox 2547 5302 2731 5349; x_wconf 88' lang='lat' dir='ltr'><strong>suam,</strong></span> <span class='ocrx_word' id='word_1_924' title='bbox 2778 5300 2882 5355; x_wconf 88' lang='lat' dir='ltr'><strong>qua</strong></span> <span class='ocrx_word' id='word_1_925' title='bbox 2924 5280 3103 5337; x_wconf 72' lang='lat' dir='ltr'><strong>dilexit</strong></span> <span class='ocrx_word' id='word_1_926' title='bbox 3140 5297 3265 5347; x_wconf 83' lang='lat' dir='ltr'><strong>nos,</strong></span> <span class='ocrx_word' id='word_1_927' title='bbox 3305 5289 3353 5334; x_wconf 85' lang='lat' dir='ltr'><strong>et</strong></span> <span class='ocrx_word' id='word_1_928' title='bbox 3393 5294 3516 5333; x_wconf 80' lang='lat' dir='ltr'><strong>citus</strong></span> 
     </span>
    </p>
   </div>
   <div class='ocr_carea' id='block_1_116' title="bbox 1941 5371 3515 5452">
    <p class='ocr_par' dir='ltr' id='par_1_116' title="bbox 1941 5371 3515 5452">
     <span class='ocr_line' id='line_1_116' title="bbox 1941 5371 3515 5452; baseline -0.009 -10"><span class='ocrx_word' id='word_1_929' title='bbox 1941 5401 2169 5443; x_wconf 82' lang='lat' dir='ltr'><strong>essemus</strong></span> <span class='ocrx_word' id='word_1_930' title='bbox 2204 5382 2398 5439; x_wconf 89' lang='lat' dir='ltr'><strong>mortui</strong></span> <span class='ocrx_word' id='word_1_931' title='bbox 2431 5378 2653 5452; x_wconf 81' lang='lat' dir='ltr'><strong>peccatis</strong></span> <span class='ocrx_word' id='word_1_932' title='bbox 2675 5377 3048 5445; x_wconf 83' lang='lat' dir='ltr'><strong>convivi/icavit</strong></span> <span class='ocrx_word' id='word_1_933' title='bbox 3075 5392 3168 5430; x_wconf 84' lang='lat' dir='ltr'><strong>nos</strong></span> <span class='ocrx_word' id='word_1_934' title='bbox 3194 5376 3249 5428; x_wconf 83' lang='lat' dir='ltr'><strong>in</strong></span> <span class='ocrx_word' id='word_1_935' title='bbox 3281 5371 3515 5428; x_wconf 83' lang='lat' dir='ltr'><strong>Christo.</strong></span> 
     </span>
    </p>
   </div>
   <div class='ocr_carea' id='block_1_117' title="bbox 1945 5466 3523 5554">
    <p class='ocr_par' dir='ltr' id='par_1_117' title="bbox 1945 5466 3523 5554">
     <span class='ocr_line' id='line_1_117' title="bbox 1945 5466 3523 5554; baseline -0.01 -19"><span class='ocrx_word' id='word_1_936' title='bbox 1945 5479 2179 5554; x_wconf 83' lang='lat' dir='ltr'><strong>(Ambr.)</strong></span> <span class='ocrx_word' id='word_1_937' title='bbox 2221 5475 2315 5531; x_wconf 72' lang='lat' dir='ltr'><strong>lite</strong></span> <span class='ocrx_word' id='word_1_938' title='bbox 2341 5489 2481 5529; x_wconf 70' lang='lat' dir='ltr'><strong>vera:</strong></span> <span class='ocrx_word' id='word_1_939' title='bbox 2507 5471 2706 5529; x_wconf 78' lang='lat' dir='ltr'><strong>divitia:</strong></span> <span class='ocrx_word' id='word_1_940' title='bbox 2732 5476 2858 5525; x_wconf 88' lang='lat' dir='ltr'><strong>sunt</strong></span> <span class='ocrx_word' id='word_1_941' title='bbox 2896 5466 3418 5529; x_wconf 77' lang='lat' dir='ltr'><strong>miserieOrdiarum,</strong></span> <span class='ocrx_word' id='word_1_942' title='bbox 3457 5470 3523 5519; x_wconf 82' lang='lat' dir='ltr'><strong>ut</strong></span> 
     </span>
    </p>
   </div>
   <div class='ocr_carea' id='block_1_118' title="bbox 1944 5558 3522 5641">
    <p class='ocr_par' dir='ltr' id='par_1_118' title="bbox 1944 5558 3522 5641">
     <span class='ocr_line' id='line_1_118' title="bbox 1944 5558 3522 5641; baseline -0.013 -12"><span class='ocrx_word' id='word_1_943' title='bbox 1944 5589 2052 5629; x_wconf 89' lang='lat' dir='ltr'><strong>non</strong></span> <span class='ocrx_word' id='word_1_944' title='bbox 2098 5566 2465 5641; x_wconf 65' lang='lat' dir='ltr'><strong>quairentibus</strong></span> <span class='ocrx_word' id='word_1_945' title='bbox 2529 5563 2673 5618; x_wconf 89' lang='lat' dir='ltr'><strong>ultro</strong></span> <span class='ocrx_word' id='word_1_946' title='bbox 2724 5558 3093 5616; x_wconf 87' lang='lat' dir='ltr'><strong>misericordia</strong></span> <span class='ocrx_word' id='word_1_947' title='bbox 3146 5562 3522 5628; x_wconf 70' lang='lat' dir='ltr'><strong>praestaretur,</strong></span> 
     </span>
    </p>
   </div>
   <div class='ocr_carea' id='block_1_119' title="bbox 1947 5646 3522 5726">
    <p class='ocr_par' dir='ltr' id='par_1_119' title="bbox 1947 5646 3522 5726">
     <span class='ocr_line' id='line_1_119' title="bbox 1947 5646 3522 5726; baseline -0.015 -3"><span class='ocrx_word' id='word_1_948' title='bbox 1947 5666 2080 5723; x_wconf 86' lang='lat' dir='ltr'><strong>sicut</strong></span> <span class='ocrx_word' id='word_1_949' title='bbox 2106 5664 2238 5720; x_wconf 89' lang='lat' dir='ltr'><strong>dicit</strong></span> <span class='ocrx_word' id='word_1_950' title='bbox 2257 5661 2447 5725; x_wconf 85' lang='lat' dir='ltr'><strong>Isaias,</strong></span> <span class='ocrx_word' id='word_1_951' title='bbox 2472 5657 2659 5710; x_wconf 84' lang='lat' dir='ltr'><strong>Palam</strong></span> <span class='ocrx_word' id='word_1_952' title='bbox 2691 5655 2861 5726; x_wconf 77' lang='lat' dir='ltr'><strong>factus</strong></span> <span class='ocrx_word' id='word_1_953' title='bbox 2886 5669 3003 5708; x_wconf 83' lang='lat' dir='ltr'><strong>sum</strong></span> <span class='ocrx_word' id='word_1_954' title='bbox 3045 5667 3147 5706; x_wconf 82' lang='lat' dir='ltr'><strong>non</strong></span> <span class='ocrx_word' id='word_1_955' title='bbox 3167 5646 3522 5720; x_wconf 61' lang='lat' dir='ltr'><strong>querentibus</strong></span> 
     </span>
    </p>
   </div>
   <div class='ocr_carea' id='block_1_120' title="bbox 1949 5742 3523 5820">
    <p class='ocr_par' dir='ltr' id='par_1_120' title="bbox 1949 5742 3523 5820">
     <span class='ocr_line' id='line_1_120' title="bbox 1949 5742 3523 5820; baseline -0.014 -1"><span class='ocrx_word' id='word_1_956' title='bbox 1949 5774 2031 5820; x_wconf 79' lang='lat' dir='ltr'><strong>me</strong></span> <span class='ocrx_word' id='word_1_957' title='bbox 2056 5772 2077 5814; x_wconf 89' lang='lat'><strong>:</strong></span> <span class='ocrx_word' id='word_1_958' title='bbox 2099 5757 2203 5815; x_wconf 88' lang='lat' dir='ltr'><strong>hoc</strong></span> <span class='ocrx_word' id='word_1_959' title='bbox 2230 5762 2316 5812; x_wconf 82' lang='lat' dir='ltr'><strong>est</strong></span> <span class='ocrx_word' id='word_1_960' title='bbox 2342 5754 2487 5811; x_wconf 87' lang='lat' dir='ltr'><strong>enim</strong></span> <span class='ocrx_word' id='word_1_961' title='bbox 2525 5749 2801 5808; x_wconf 88' lang='lat' dir='ltr'><strong>abundare</strong></span> <span class='ocrx_word' id='word_1_962' title='bbox 2827 5742 3223 5807; x_wconf 81' lang='lat' dir='ltr'><strong>misericordia,</strong></span> <span class='ocrx_word' id='word_1_963' title='bbox 3247 5747 3309 5795; x_wconf 93' lang='lat' dir='ltr'><strong>ut</strong></span> <span class='ocrx_word' id='word_1_964' title='bbox 3325 5745 3383 5795; x_wconf 90' lang='lat' dir='ltr'><strong>et</strong></span> <span class='ocrx_word' id='word_1_965' title='bbox 3408 5752 3523 5797; x_wconf 83' lang='lat' dir='ltr'><strong>non</strong></span> 
     </span>
    </p>
   </div>
  </div>
