3986 6338
523 342 631 399 405
1190 347 1253 402 Β.
1293 346 1548 405 MBAN!
1582 348 1799 407 IAURI
1834 346 2150 407 ARCHIE'.
2191 346 2797 407 MOGUNT.OPERUM
2819 346 3001 405 PARS
3034 346 3121 404 lli.
3658 348 3775 408 MM

522 460 919 535 postulantibus
946 460 1247 528 tribuatur;
1276 463 1394 523 hac
1412 472 1595 523 tamen
1628 463 1865 519 eharitas
1887 464 1985 520 Dei
2016 470 2101 525 est
2122 464 2177 528 Α
2198 478 2307 520 non
2327 463 2645 520 deliberavit
2658 463 2858 531 dicere,
2877 463 2992 534 jam
3013 470 3231 518 sanctos
3254 462 3443 519 sedere
3460 472 3515 519 et
3533 478 3775 537 regnare

524 566 656 624 erga
686 565 811 629 nos,
830 557 892 607 ut
910 552 1038 625 quia
1065 552 1195 611 fecit
1219 567 1339 619 nos,
1380 553 1515 613 nolit
1546 555 1725 625 perire
1745 570 1846 612 nos
1873 574 1886 611 :
1917 555 2099 626 .diligit
2194 572 2320 614 cum
2346 556 2583 613 Christo.
2623 554 2903 624 Quomodo
2935 554 3080 610 enim
3118 568 3462 626 nequaquam
3500 554 3557 611 in
3592 571 3775 616 carne

526 643 673 699 enim
697 658 834 717 opus
858 658 1040 700 suum.
1088 642 1217 707 Ideo.
1257 644 1402 701 enim
1437 642 1586 711 facit.
1615 652 1675 701 ιιι
1701 655 1909 702 amaret
1950 646 2098 717 quod
2193 658 2413 706 sanctus
2437 659 2552 716 est,
2578 665 2702 706 cum
2725 649 2873 705 vivat
2900 648 2957 704 in
2979 663 3163 714 carne,
3191 654 3247 703 et
3271 648 3436 705 habet
3473 660 3776 707 conversa-

526 732 697 790 fecit:
729 749 890 793 nemo
912 735 1057 803 enim
1078 734 1321 803 laborem
1343 751 1503 795 suum
1523 734 1648 795 odio
1666 736 1850 795 habet.
1886 737 1955 793 Et
1977 754 2098 795 cum
2193 744 2395 799 tionem
2419 743 2476 798 in
2496 742 2828 809 cmlestihns,
2843 756 2965 797 cum
2988 741 3266 813 gradiatur
3285 740 3343 796 in
3368 748 3530 809 terra,
3553 748 3613 800 et
3639 757 3777 799 caro

526 824 723 878 mortui
766 840 991 899 essemus
1023 826 1395 896 conviviﬁcavit
1424 842 1516 887 nos
1556 828 1613 881 in
1634 828 1856 883 Christo.
1896 826 2094 902 (Hien)
2190 849 2315 893 esse
2337 836 2635 901 desistens,
2682 842 2826 891 totus
2848 841 3094 890 vertatur
3117 833 3173 889 in
3198 832 3447 906 spiritum
3475 852 3488 888 :
3518 834 3595 889 ita
3642 848 3777 889 eum

526 920 749 983 propter
768 913 1085 971 charitatem
1105 930 1258 970 suam
1278 930 1384 987 qua
1398 914 1585 971 dilexit
1605 916 1881 973 hominum
1902 932 2094 989 genus,
2191 927 2249 983 in
2278 927 2589 984 cmlesiibus
2625 927 2813 983 sedere
2845 940 2967 982 cum
2995 924 3234 982 Christo.
3280 920 3522 996 Regnum
3564 926 3776 997 quippe

529 1011 585 1057 et
631 1004 952 1059 charitatem
1000 1019 1108 1060 non
1156 1004 1481 1077 simplicem,
1531 1005 1625 1062 sed
1673 1006 1927 1072 multam,
1969 1021 2095 1064 cum

528 1095 975 1153 essemusmortui
995 1104 1218 1167 propter
1236 1096 1427 1152 delicta
1446 1098 1945 1162 nostra,vivilicavit
1962 1114 2095 1157 nos:

527 1194 582 1243 et
618 1201 722 1242 non
760 1186 935 1245 solum
958 1186 1281 1255 viviﬁcavit,
1308 1205 1499 1260 parum
1526 1190 1719 1260 quippe
1740 1191 1844 1247 hoc
1862 1199 1982 1246 erat
1998 1192 2097 1247 bo-

526 1266 683 1332 nitati
709 1286 765 1332 et
788 1278 1141 1350 magnitudini
1158 1276 1295 1347 ejus,
1309 1278 1404 1335 sed
1423 1278 1713 1334 viviﬁcavit
1733 1295 1856 1335 cum
1876 1278 2096 1337 Christo

2195 1018 2292 1076 Dei
2315 1020 2457 1075 intra
2486 1034 2585 1075 nos
2609 1027 2711 1085 est,
2742 1026 2798 1074 et
2823 1016 2914 1072 ubi
2940 1015 3103 1073 fuerit
3130 1017 3421 1072 thesaurus
3448 1026 3664 1083 noster,
3697 1017 3778 1073 ibi

2192 1106 2299 1161 erit
2324 1114 2381 1160 et
2403 1120 2500 1161 cor
2536 1113 2782 1159 nostrum
2803 1101 2956 1175 (Luc.
2990 1102 3149 1174 xvn),
3180 1101 3431 1172 limique
3456 1110 3511 1157 et
3538 1101 3778 1160 stabiles

2193 1194 2444 1252 sedemus
2474 1211 2599 1251 cum
2619 1194 2854 1260 Christo,
2890 1193 3181 1265 sapientia,
3206 1193 3372 1248 verbo
3407 1190 3648 1260 iustitia,
3682 1204 3778 1249 ve-

2194 1287 2375 1342 ritate.
2401 1287 2587 1343 Potest
2613 1293 2791 1359 autem
2820 1294 2877 1339 et
2896 1286 3002 1339 hoc
3026 1283 3155 1348 dici,
3181 1290 3243 1338 ut
3272 1282 3542 1353 quomodo
3569 1281 3775 1337 arrha-

525 1366 669 1441 Jesu,
690 1385 852 1424 unam
865 1377 1026 1440 atque
1036 1372 1281 1427 eamdem
1294 1370 1535 1426 tribuens
1549 1370 1715 1425 vitam
1728 1369 1883 1425 nobis
1896 1367 2099 1431 habere

527 1476 653 1517 cum
679 1460 915 1518 Christo.
940 1462 1165 1536 (Ambr.)
1190 1461 1237 1518 Δ
1259 1463 1371 1519 Deo
1393 1463 1610 1519 alienati
1629 1464 1828 1519 mortui
1856 1477 2089 1528 eramus,

2192 1379 2389 1435 bouem
2445 1376 2680 1448 Spiritus
2734 1376 2907 1433 sancti
2959 1374 3268 1446 accepimus
3292 1414 3309 1441 ,
3361 1373 3592 1429 necdum
3656 1373 3777 1444 ejus

2195 1479 2362 1527 totam
2380 1465 2767 1539 plenitudinem
2792 1466 3085 1530 consecuti,
3118 1464 3198 1519 sic
3219 1472 3275 1519 et
3298 1463 3488 1518 sedere
3514 1476 3623 1518 nos
3647 1477 3773 1517 cum

526 1552 695 1624 gratia
729 1561 909 1608 autem
934 1568 1029 1608 sua
1063 1554 1356 1621 revocavit,
1373 1556 1477 1610 hoc
1497 1562 1579 1610 est
1592 1554 1887 1611 viviﬁcavit
1912 1570 2013 1615 nos
2036 1555 2095 1615 in
2192 1559 2411 1617 Christo
2437 1568 2599 1628 atque
2620 1572 2869 1630 regnare,
2896 1553 3123 1611 necdum
3145 1552 3441 1624 perfectam
3466 1550 3774 1608 sessionem

525 1642 741 1701 Christo
767 1664 780 1699 :
809 1646 932 1715 quia
963 1645 1110 1702 enim
1141 1660 1239 1718 per
1262 1647 1435 1723 ipsum
1464 1662 1561 1721 nos
1588 1647 1746 1714 fecit,
1773 1648 1969 1704 iterum
1993 1662 2095 1718 per
2193 1652 2248 1708 in
2279 1651 2587 1707 cmicstibus
2608 1650 2930 1706 obtinentes.
2961 1645 3144 1721 (Aug.)
3164 1643 3299 1700 Nam
3319 1644 3564 1716 praedixit
3592 1661 3608 1697 :
3640 1641 3776 1699 Con-

525 1732 701 1807 ipsum
726 1753 825 1793 nos
848 1736 1160 1795 reformavit
1182 1739 1237 1794 in
1262 1740 1397 1809 ipso,
1422 1741 1477 1797 id
1501 1748 1604 1805 est,
1626 1749 1685 1796 ut
1708 1740 1826 1811 ejus
1848 1743 2092 1799 membra
2119 1806 2163 1811 _
2193 1741 2464 1811 vivi/ith
2485 1757 2579 1795 nos
2600 1738 2825 1805 Christo,
2846 1738 2950 1793 hoc
2980 1737 3117 1792 dixit
3140 1735 3207 1790 ad
3232 1732 3561 1800 Corinthios,
3584 1742 3655 1789 ut
3681 1732 3774 1803 qui

522 1806 718 1892 simus,
750 1827 866 1898 ipse
905 1835 991 1884 est
1033 1838 1213 1884 autem
1253 1806 1415 1905 caput
1438 1839 1713 1896 nostrum,
1736 1806 1916 1902 ipsum
1945 1833 2091 1891 enim
2117 1806 2169 1869 Β
2194 1806 2401 1898 vivunt,
2427 1831 2540 1901 jam
2582 1847 2686 1886 non
2733 1830 2834 1886 sibi
2863 1829 3078 1895 vivant,
3125 1828 3219 1883 sed
3268 1827 3319 1882 ei
3351 1828 3442 1899 qui
3480 1842 3585 1898 pro
3637 1826 3772 1896 ipsis

523 1914 801 1983 habemus,
859 1919 971 1974 Deo
1012 1927 1324 1989 praestante,
1375 1928 1652 1977 auctorem
1697 1921 1820 1977 vitae
1870 1929 2089 1989 nostra),
2195 1933 2439 1980 mortuus
2462 1932 2547 1979 est
2570 1930 2626 1979 et
2652 1921 2979 1987 resurrexit;
3003 1928 3060 1975 et
3082 1919 3228 1983 illud,
3255 1918 3398 1990 quod
3419 1918 3589 1973 dicit:
3616 1918 3770 1988 cujus

522 2004 662 2062 sicut
703 2006 834 2063 dicit
869 2006 1062 2063 Petrus
1108 2008 1382 2077 apostolus
1415 2008 1563 2082 (Act.
1610 2009 1706 2081 ιιι)
1752 2028 1767 2064 :
1811 2009 2091 2064 Auctorem
2193 2017 2365 2087 gratia
2400 2032 2579 2070 sumus
2617 2013 2747 2069 salvi
2783 2012 2939 2084 facti,
2979 2012 3091 2083 jam
3135 2010 3282 2066 velut
3320 2010 3630 2081 perfectum
3670 2010 3770 2075 sit,

521 2113 639 2153 vero
669 2099 784 2154 vitte
811 2099 1159 2169 interfecistis.
1194 2096 1445 2173 (Albert.)
1482 2100 1633 2168 Quod
1664 2102 1843 2171 itaque
1867 2100 1943 2155 ait
1966 2115 2094 2170 pro—
2193 2106 2451 2176 loquitur,
2483 2106 2609 2176 quia
2652 2106 2704 2159 in
2731 2114 2825 2174 spe
2870 2111 3037 2159 tenet.
3083 2100 3219 2157 Nam
3252 2102 3597 2173 apertissime
3647 2100 3771 2156 alibi

518 2197 643 2260 pter
673 2190 895 2245 nimiam
939 2192 1262 2247 charitatem
1301 2208 1473 2248 suam.
1516 2191 1689 2247 Nimia
1726 2191 1964 2257 charitas
2009 2199 2099 2269 est.
2192 2197 2323 2254 dicit
2369 2217 2381 2252 ε
2413 2196 2514 2268 Spe
2551 2198 2688 2252 enim
2730 2196 2861 2251 salvi
2903 2195 3031 2266 facti
3056 2211 3236 2249 sumus
3268 2212 3285 2247 :
3314 2193 3540 2263 ideoque
3586 2201 3650 2248 et
3684 2191 3771 2247 hic

524 2282 752 2338 rebelles
793 2299 982 2340 servos
1017 2286 1172 2358 quasi
1209 2285 1348 2341 ﬁlios
1375 2285 1615 2356 diligere.
1665 2282 1813 2340 Unde
1848 2280 2093 2338 conside-
2192 2290 2458 2360 sequitur,
2485 2298 2543 2344 et
2562 2297 2817 2360 tanquam
2848 2286 3145 2359 perfectum
3175 2295 3477 2351 enumerat,
3502 2283 3658 2355 quod
3691 2282 3772 2338 [ιι-

524 2374 754 2429 randum
787 2385 899 2443 est,
929 2387 1185 2446 quantum
1228 2377 1415 2455 diligat
1446 2377 1559 2448 jam
1598 2384 1814 2457 sanctos
1846 2373 2089 2441 ellectos,
2190 2387 2373 2435 turum
2390 2388 2496 2447 est,
2517 2390 2563 2435 et
2583 2379 2760 2445 simul,
2790 2379 2987 2449 inquit,
3005 2377 3266 2444 excitarit,
3296 2387 3342 2432 et
3363 2376 3541 2431 sedere
3569 2374 3700 2444 fecit
3718 2375 3771 2428 in

525 2462 619 2532 qui
646 2470 854 2518 tantum
875 2465 1124 2537 dignatus
1146 2473 1229 2521 est
1246 2465 1469 2537 diligere
1489 2474 1821 2536 peceatores,
1846 2464 2090 2519 utetiam
2190 2472 2479 2529 celestibus
2524 2473 2579 2526 in
2601 2472 2808 2527 Christo
2835 2470 2982 2525 Jesu.
3012 2468 3230 2525 Certum
3260 2469 3404 2522 enim
3433 2466 3558 2536 quia
3578 2464 3643 2519 in
3664 2477 3770 2520 cus-

525 2550 662 2607 Filio
688 2566 784 2608 suo
817 2554 1037 2624 proprio
1059 2569 1159 2624 pro
1183 2570 1371 2610 eorum
1410 2568 1519 2610 non
1559 2553 1862 2624 pepercerit
1893 2553 2083 2609 salute.

2188 2563 2414 2619 testibus
2434 2562 2682 2619 Christus
2711 2563 2825 2633 jam
2848 2562 3018 2625 sedet,
3051 2560 3290 2616 nondum
3314 2566 3495 2612 autem
3520 2570 3650 2621 nos,
3678 2553 3770 2609 sed

521 2640 687 2713 Cujus
715 2646 885 2715 gratia
923 2645 1045 2701 estis
1073 2645 1278 2701 saluati.
1312 2644 1507 2718 (Hier.)
1548 2644 1605 2700 Si
1644 2661 1750 2702 non
1795 2654 1920 2703 sunt
1961 2660 2089 2700 con-
2189 2657 2317 2728 quia
2347 2673 2443 2728 spe
2472 2664 2622 2712 ρει-ιο
2644 2697 2658 2722 ,
2688 2655 2835 2725 quod
2876 2653 3121 2710 futurum
3171 2660 3292 2717 est,
3338 2650 3451 2721 jam
3492 2658 3766 2712 tenemus,

521 2732 696 2805 dignm
715 2737 995 2805 Ρειεείοηθε
1014 2734 1172 2806 huius
1202 2737 1460 2807 ῑθηιροτίε
1482 2737 1551 2793 ad
1576 2735 1811 2792 fui-um“
1833 2737 2085 2809 gloriam:
2188 2751 2348 2806 simul
2394 2751 2586 2805 sedere
2613 2765 2712 2805 nos
2756 2749 2895 2804 dixit
2931 2749 2984 2803 in
3029 2745 3337 2802 cmlestibus
3359 2784 3376 2810 ,
3424 2742 3674 2798 nondum
3716 2740 3766 2794 in

521 2842 641 2898 qua:
694 2829 1019 2886 revelabitur
1043 2830 1097 2885 in
1122 2829 1278 2886 nobis
1307 2830 1492 2904 (Rom.
1530 2829 1670 2901 vui),
1714 2830 1885 2903 gratia
1913 2830 2086 2901 magis

517 2934 732 2984 sumus,
773 2936 933 2990 quam
978 2935 1140 2994 opere
1184 2919 1394 2976 salvati.
1446 2919 1590 2976 Nihil
1628 2920 1773 2975 enim
1800 2934 2088 2990 possumus

517 3009 627 3065 Deo
651 3010 948 3075 retribuere
977 3028 1077 3083 pro
1109 3013 1358 3068 omnibus
1382 3027 1503 3083 quae
1534 3010 1787 3068 retribuit
1814 3012 1989 3067 nobis.
2015 3009 2085 3063 Et

516 3103 937 3158 conresuscitavit
1004 3114 1051 3159 et
1111 3105 1386 3160 comedere
1437 3103 1559 3172 fecit
1600 3104 1656 3158 in
1694 3102 1981 3159 coelestibus
2030 3102 2086 3156 in

513 3190 723 3250 Christo
749 3196 896 3251 Jesu.
928 3194 1161 3268 (Atnbr.)
1188 3196 1300 3253 Hoc
1328 3194 1486 3263 dicit,
1516 3196 1659 3267 quod
1687 3211 1850 3267 supra
1876 3209 2082 3250 memo-

516 3289 655 3354 ravi,
680 3287 789 3343 illic
831 3286 1041 3344 futuros
1069 3296 1286 3347 sanctos
1312 3289 1475 3343 etiam
1502 3303 1571 3344 ex
1602 3286 1881 3359 gentibus,
1914 3285 2007 3343 ubi
2031 3293 2088 3341 et

515 3376 762 3436 Christus
784 3387 868 3436 est
886 3386 1047 3450 caput
1061 3394 1269 3436 eorum.
1287 3377 1488 3452 (Hier.)
1504 3378 1678 3452 Supra
1693 3379 1924 3446 dixerat,
1942 3379 2088 3450 quod

513 3468 659 3527 Deus
699 3470 1039 3527 suscitaverit
1069 3468 1343 3528 Christum
1369 3488 1399 3529 a
1422 3472 1651 3529 mortuis
1673 3513 1689 3538 ,
1711 3480 1766 3528 et
1790 3471 1979 3529 sedere
2006 3470 2085 3527 le-

513 3561 654 3618 cerit
676 3562 743 3617 ad
771 3563 1049 3621 dexteram
1076 3577 1227 3619 suam
1256 3562 1313 3618 in
1344 3562 1654 3620 caelestibus
1684 3579 1844 3636 supra
1865 3579 2083 3621 omnem

513 3654 873 3725 principatum
895 3662 951 3710 et
980 3662 1303 3727 potestatem
1325 3662 1383 3711 et
1403 3654 1655 3712 virtutem
1686 3665 1742 3712 et
1762 3656 2084 3712 dominatio-

519 3761 641 3802 nem
663 3753 718 3803 et
738 3760 900 3802 omne
927 3760 1144 3814 nomen,
1170 3745 1313 3817 quod
1338 3747 1665 3815 nominatur,
1694 3760 1800 3802 non
1827 3746 2001 3803 solum
2026 3747 2085 3803 in

517 3838 621 3893 hoc
650 3836 866 3904 szccuio,
894 3836 989 3894 sed
1011 3838 1174 3893 etiam
1201 3836 1256 3893 in
1279 3835 1484 3905 futuro,
1513 3828 1657 3894 nunc
1682 3852 1814 3895 vero
1855 3836 2079 3904 addidit,

515 3928 643 4000 quia
668 3940 723 3985 et
746 3944 845 3986 nos
871 3929 1378 3986 suscitaverit-cum
1416 3945 1482 3987 eo
1509 3939 1567 3987 et
1592 3928 1780 3986 sedere
1807 3929 1998 3987 fecerit
2023 3929 2081 3984 in

515 4017 826 4076 ccclestibus
854 4022 923 4078 ad
943 4021 1226 4103 dexteram
1247 4037 1423 4078 suam.
1466 4019 1736 4089 Quaeritur
1755 4036 1904 4094 ergo,
1943 4036 2081 4093 quo-

516 4111 676 4169 modo
715 4110 858 4169 Deus
886 4112 978 4184 qui
1002 4128 1101 4170 nos
1136 4112 1313 4170 salvos
1352 4110 1482 4169 fecit
1519 4120 1576 4169 et
1611 4111 1889 4168 suscitavit
1920 4109 2083 4167 simul

516 4202 709 4259 fecerit
728 4204 918 4261 sedere
935 4221 1060 4261 cum
1079 4205 1315 4263 Christo.
1332 4204 1399 4260 Et
1418 4205 1657 4275 quidem,
1673 4204 1765 4276 qui
1784 4205 2081 4274 simplicius

514 4305 599 4352 est
637 4311 1015 4366 responsurus,
1038 4298 1141 4355 hoc
1182 4298 1393 4363 asserit,
1417 4298 1560 4368 quod
1596 4296 1751 4366 juxta
1794 4298 2081 4367 praescion-

515 4389 646 4444 tiam
669 4388 765 4444 Dei
791 4389 843 4445 id
862 4390 1005 4463 quod
1035 4391 1274 4448 futurum
1299 4400 1403 4457 cst,
1429 4391 1583 4462 quasi
1607 4389 1805 4445 factum
1827 4406 1945 4447 esse
1966 4390 2079 4460 jam

2187 2842 2368 2906 nobis,
2396 2842 2491 2896 sed
2510 2840 2624 2909 jam
2648 2841 2703 2895 in
2728 2838 2851 2906 illo;
2882 2847 3045 2908 atque
3085 2849 3145 2892 ut
3180 2835 3547 2907 intelligamus
3586 2832 3767 2887 adhuc

2187 2932 2426 2990 futurum
2468 2934 2715 3003 sequitur
2737 2941 2793 2988 et
2819 2931 2949 2986 dicit
2978 2948 2992 2983 :
3020 2927 3086 2983 Ut
3128 2930 3414 2983 ostenderet
3454 2926 3513 2979 in
3558 2922 3769 2978 seaculi:

2186 3026 2658 3097 supervenientibus
2698 3023 3022 3077 abundantes
3080 3019 3289 3075 divitias
3320 3018 3504 3088 gratia:
3543 3031 3665 3070 sua
3715 3015 3769 3067 in

2113 3155 2159 3221 ϐ
2190 3120 2417 3173 bonitate
2443 3135 2599 3190 super
2636 3133 2729 3172 nos
2774 3117 2831 3171 in
2872 3114 3085 3181 Christo,
3120 3113 3267 3169 Iesu.
3305 3112 3502 3185 (Hien)
3550 3110 3769 3213 Quanta

2142 3199 2159 3233 ⁵
2190 3211 2261 3267 sit
2284 3209 2531 3265 beneﬁcii
2581 3207 2892 3279 magnitudo
2935 3214 2990 3262 et
3032 3219 3193 3275 quam
3242 3202 3520 3273 multiplex
3565 3199 3766 3272 gratia,

2186 3316 2290 3372 qua
2317 3316 2416 3357 nos
2455 3301 2712 3357 Dominus
2735 3297 2803 3354 de
2838 3296 3018 3353 saeculi
3064 3294 3218 3350 istius
3262 3290 3767 3364 perturbationibus

2184 3392 2441 3450 liberatos
2468 3393 2657 3449 sedere
2697 3389 2825 3446 fecit
2861 3397 2918 3446 et
2958 3402 3183 3460 regnare
3212 3402 3335 3443 cum
3362 3384 3604 3449 Christo,
3641 3382 3768 3439 hinc

2184 3483 2269 3540 vel
2290 3483 2523 3540 maxime
2546 3483 2945 3551 comprobatur,
2969 3479 3112 3550 quod
3134 3477 3187 3533 in
3212 3474 3408 3532 tuturis
3424 3472 3649 3531 sarculis
3662 3486 3767 3529 non

2182 3579 2297 3645 uni,
2330 3578 2423 3633 sed
2450 3574 2699 3632 omnibus
2727 3588 2880 3629 suam
2916 3572 3127 3629 cunctis
3165 3568 3579 3625 rationabilibus
3602 3580 3764 3623 crea-

2185 3667 2320 3724 turis
2347 3680 2509 3736 super
2532 3679 2633 3721 nos
2664 3671 2983 3721 ostensurus
3008 3670 3092 3717 est
3116 3660 3340 3733 gloriam
3367 3672 3603 3728 suasque
3626 3656 3767 3712 divi-

2187 3757 2287 3813 tias
2319 3764 2745 3821 monstraturus;
2786 3752 2928 3824 quod
2958 3767 3078 3817 nos,
3108 3749 3199 3820 qui
3228 3749 3498 3820 quondam
3533 3748 3661 3818 lege
3690 3754 3766 3802 te-

2181 3847 2445 3902 nebamur
2480 3844 2699 3911 inferni,
2744 3852 2799 3899 et
2836 3850 3060 3915 propter
3083 3840 3212 3896 vitia
3241 3847 3404 3911 atque
3429 3848 3681 3911 peccata,
3707 3844 3763 3892 ut

2182 3940 2435 4013 operibus
2471 3937 2671 4004 carnis,
2702 3936 2777 3992 ita
2812 3950 3030 3992 eramus
3066 3944 3120 3991 et
3161 3932 3435 4004 suppliciis
3472 3930 3759 3997 destinati;

2182 4046 2328 4087 nunc
2368 4031 2422 4086 in
2469 4027 2683 4087 Christo
2724 4039 3030 4100 regnemus,
3080 4025 3472 4095 sedeamusque
3510 4036 3643 4079 cum
3677 4035 3760 4088 eo,

2182 4125 2467 4184 sedeamus
2494 4138 2603 4180 non
2632 4123 2688 4178 in
2714 4121 2903 4178 humili
2940 4133 3263 4192 quocunque
3299 4117 3449 4184 loco,
3477 4114 3573 4173 sed
3598 4126 3761 4186 super

2181 4229 2396 4271 omnem
2424 4214 2781 4286 principatum
2808 4220 2863 4269 et
2896 4219 3238 4283 potestatem,
3276 4217 3334 4264 et
3375 4207 3659 4274 virtutem,
3709 4214 3762 4262 et

2182 4306 2618 4370 dominationem,
2639 4315 2696 4360 et
2712 4318 2873 4360 omne
2894 4318 3111 4369 nomen,
3139 4301 3281 4373 quod
3302 4300 3631 4364 nominatur,
3654 4312 3760 4353 non

2182 4394 2354 4450 solum
2387 4394 2439 4449 in
2476 4395 2578 4449 hoc
2621 4392 2836 4460 saculo,
2866 4393 2962 4447 sed
2988 4391 3151 4447 etiam
3190 4391 3244 4445 in
3282 4390 3484 4445 futuro.
3519 4387 3580 4444 Si
3616 4388 3758 4444 enim

516 4480 717 4538 dixerit
748 4500 763 4537 :
803 4493 859 4540 et
897 4485 1024 4555 quia
1056 4500 1173 4540 mos
1204 4485 1305 4539 iste
1351 4482 1423 4537 sit
1448 4481 1846 4553 Scripturarum
1866 4521 1881 4548 ,
1910 4492 1971 4539 ut
1998 4484 2078 4538 in-
2107 4508 2161 4570 Β
2182 4484 2429 4540 Christus
2460 4485 2751 4539 suscitatus
2777 4499 2809 4538 a
2846 4482 3072 4538 mortuis
3096 4481 3245 4537 sedet
3268 4480 3338 4535 ad
3360 4479 3641 4536 dexteram
3664 4476 3759 4534 Dei

432 4636 441 4647 _
515 4576 727 4633 terdum
759 4574 937 4633 futura
973 4584 1213 4645 tempore
1237 4574 1514 4644 pneterito
1551 4572 1908 4641 declinentur,
1930 4576 2080 4631 verbi

514 4670 708 4735 causa,
736 4669 803 4725 de
829 4684 989 4724 cruce
1024 4664 1279 4721 Domini:
1307 4662 1581 4720 Foderunt
1619 4683 1804 4721 manus
1839 4683 1999 4734 meas,
2030 4677 2080 4722 et

512 4761 667 4833 pedes
708 4777 847 4815 meos
889 4757 1062 4831 (Psal.
1109 4756 1257 4831 xm);
1296 4767 1352 4813 et
1386 4757 1513 4814 alibi
1541 4759 1608 4814 de
1633 4759 1883 4829 passione
1914 4762 2030 4832 ejus
2062 4782 2075 4817 :

516 4848 680 4918 Quasi
723 4851 828 4907 ouis
874 4849 942 4905 ad
981 4851 1289 4905 occisionem
1326 4849 1514 4904 ductus
1553 4859 1629 4905 est
1676 4849 1810 4921 (Isa.
1846 4850 1993 4926 Lm);
2024 4861 2080 4909 et

512 4945 689 4999 adhuc
735 4942 804 4999 de
849 4943 1060 5014 injuriis
1097 4942 1425 5015 ﬂagellorum
1469 4961 1482 4998 :
1518 4942 1703 4999 Livore
1748 4944 1861 5015 ejus
1904 4944 2079 5002 sanati

511 5049 692 5088 sumus
714 5031 934 5102 (Ibid.);
969 5040 1024 5087 et
1046 5033 1172 5089 alibi
1202 5051 1214 5087 :
1248 5031 1323 5088 Ab
1363 5033 1720 5104 iniquitatibus
1760 5033 1940 5106 populi
1978 5035 2081 5089 mei

510 5124 699 5180 ductus
736 5134 811 5180 est
848 5125 918 5179 ad
956 5138 1173 5181 mortem
1215 5124 1424 5198 (lbid.).
1465 5125 1582 5182 Hoc
1619 5134 1800 5183 autem
1833 5126 1977 5193 ideo,
2010 5142 2080 5183 ne

511 5216 637 5287 quia
668 5213 848 5273 futura
889 5218 1092 5273 incerta
1118 5228 1243 5274 sunt
1264 5218 1588 5285 hominibus,
1631 5232 1754 5290 spes
1777 5216 1998 5275 ﬂuctuet
2026 5229 2082 5276 et

510 5306 745 5375 vacillet,
777 5322 843 5364 ea
879 5325 1000 5380 quas
1020 5310 1163 5365 Deus
1200 5307 1382 5364 futura
1410 5311 1691 5381 cognovit,
1737 5312 1878 5381 apud
1917 5325 2078 5383 quem

510 5400 646 5457 nihil
673 5401 982 5474 ambiguum
1018 5410 1131 5470 est,
1161 5401 1317 5471 quasi
1348 5400 1463 5471 jam
1500 5403 1643 5459 facta
1682 5411 2069 5468 memorantur,

513 5502 607 5551 aut
654 5494 781 5565 quia
826 5495 1096 5565 prmterita
1134 5496 1428 5551 secundum
1468 5495 1813 5566 philosophos
1863 5508 2077 5565 quoque

513 5586 628 5642 ﬁeri
672 5584 873 5643 infecta
919 5601 1024 5642 non
1058 5596 1317 5657 possunt,
1341 5587 1433 5658 qui
1462 5587 1757 5653 audierint,
1784 5586 1939 5657 quasi
1964 5585 2076 5655 jam

510 5675 655 5734 facta
682 5678 919 5735 habeant
954 5691 1074 5749 qua:
1110 5677 1289 5732 futura
1325 5684 1472 5733 sunt.
1495 5660 1645 5731 Alius
1673 5692 1824 5741 vero,
1855 5678 1948 5746 qui
1994 5690 2081 5730 re-

510 5773 904 5832 surrectionem
924 5778 979 5829 et
999 5785 1223 5844 regnum
1245 5768 1447 5828 Christi
1471 5765 1787 5840 spiritaliter
1809 5765 2077 5839 intelligit,

2183 4574 2243 4630 in
2265 4574 2572 4631 emiestibus
2594 4588 2755 4645 super
2783 4586 2995 4629 omnem
3032 4571 3415 4642 principatum,
3442 4576 3500 4624 et
3520 4576 3758 4639 potesta-

2182 4677 2315 4734 tem,
2347 4676 2403 4726 et
2431 4667 2681 4722 virtutem
2710 4675 2767 4722 et
2796 4673 3010 4731 cetera,
3048 4672 3105 4720 et
3137 4676 3235 4721 nos
3269 4661 3519 4718 sedemus
3558 4674 3757 4732 regna-

2182 4772 2409 4828 musque
2452 4771 2577 4812 cum
2625 4756 2858 4821 Christo,
2886 4769 3107 4812 necesse
3148 4763 3234 4811 est
3279 4767 3444 4825 super
3483 4752 3594 4820 his,
3640 4765 3760 4823 qua

2181 4851 2351 4916 sedet,
2384 4849 2688 4904 sedeamus.
2724 4846 2829 4902 Sed
2855 4846 2949 4917 qui
2977 4846 3204 4918 diligens
3240 4845 3409 4902 lector
3435 4851 3545 4908 est,
3575 4842 3759 4898 statim

2185 4943 2413 5013 requirit
2444 4950 2500 4996 et
2533 4941 2676 4997 dicet
2705 4957 2718 4994 :
2745 4939 2881 5007 Quid
2907 4938 3072 5009 ergo?
3099 4937 3272 5009 major
3292 4938 3452 4993 homo
3473 4935 3681 5007 angelis
3704 4939 3762 4988 et

2183 5032 2395 5089 cunctis
2418 5031 2473 5085 in
2502 5031 2642 5086 coelo
2665 5028 3054 5100 potestatibus?
3086 5029 3230 5099 quod
3253 5028 3377 5098 quia
3398 5025 3757 5098 periculosum

2183 5132 2266 5180 est
2287 5124 2630 5193 respondere,
2668 5121 3000 5191 principatus
3023 5128 3081 5175 et
3104 5127 3403 5190 potestates
3428 5125 3483 5173 et
3506 5116 3752 5181 virtutes,

2185 5221 2241 5269 et
2269 5210 2679 5276 dominationes,
2716 5217 2773 5267 et
2793 5224 2953 5265 omne
2992 5222 3211 5275 nomen,
3241 5207 3383 5278 quod
3424 5206 3752 5269 nominatur,

2186 5321 2293 5363 non
2322 5304 2493 5362 solum
2519 5307 2574 5359 in
2602 5304 2707 5359 hec
2729 5301 2947 5368 saeculo,
2973 5302 3066 5357 sed
3092 5302 3257 5357 etiam
3280 5301 3337 5356 in
3357 5298 3559 5363 tutum,
3586 5295 3755 5352 maxi-

2182 5413 2292 5463 me,
2323 5396 2450 5468 quia
2481 5395 2662 5451 omnia
2699 5391 2941 5464 subjecta
2969 5399 3094 5447 sunt
3132 5390 3358 5462 pedibus
3394 5387 3619 5452 Christi,
3645 5398 3753 5441 non

2183 5490 2251 5545 ad
2272 5490 2470 5544 bonam
2497 5493 2731 5557 partem,
2755 5484 2848 5540 sed
2861 5483 2929 5538 ad
2939 5481 3272 5537 contrariam
3296 5476 3513 5541 referet,
3542 5483 3600 5531 ut
3615 5475 3754 5532 dicat

2181 5596 2277 5638 eos
2304 5594 2425 5637 esse
2461 5578 2678 5650 angelos
2702 5574 2938 5647 refugas,
2971 5583 3027 5630 et
3048 5572 3347 5645 principem
3367 5568 3551 5625 mundi
3578 5566 3749 5632 istius,

2181 5682 2237 5730 et
2258 5672 2586 5738 Luciferum,
2605 5670 2697 5741 qui
2714 5683 2868 5723 mane
2888 5666 3178 5729 oriebatur,
3195 5677 3357 5734 super
3370 5661 3564 5733 quibus
3582 5656 3748 5715 sancti

2182 5779 2307 5824 cum
2351 5765 2568 5825 Christo
2610 5764 2669 5821 iu
2712 5761 2821 5821 line
2848 5758 3053 5821 sessuri
3075 5765 3224 5830 sunt,
3248 5755 3355 5815 illis
3399 5764 3613 5829 quoque
3654 5747 3751 5806 tri-
