3986 6338
211 313 338 373 ’405

697 312 1251 373 ENARRATIONUM
1288 316 1356 373 IN
1392 317 1946 380 EPP.PAUL1'LIB.
1992 323 2155 384 xvn.
2195 356 2266 368 -
2302 326 2373 383 1N
2410 326 2629 388 EPIST:
2669 332 2762 390 AD
2796 300 3067 393 Eprius]

3400 334 3507 399 40C

219 432 462 492 buentes
481 430 930 503 beneﬁcium,qui
953 449 1096 489 nunc
1122 432 1320 491 infreni
1338 442 1393 490 et
1421 435 1822 494 malelibertate
1846 443 1901 505 Α
1925 438 2136 495 decimo
2175 440 2384 511 psalmo
2436 444 2596 500 simul
2648 449 2881 518 positum
2928 451 3142 508 diversa
3193 454 3506 524 signiﬁcat:

220 537 326 578 sua
353 522 641 579 abutentes
667 523 869 594 passim
896 533 1164 596 vagantur
1181 534 1238 582 et
1264 542 1363 599 per
1386 528 1681 599 praecipitia
1704 545 1825 586 cor-

220 623 394 671 ruunt
428 624 797 686 peccatorum.
823 615 956 673 Cum
973 624 1155 674 autem
1199 617 1334 675 tales
1376 620 1665 675 habuerint
1706 635 1823 677 ses-

218 707 429 778 sores,j
439 716 564 762 usta
578 708 880 764 sedentium
895 709 1224 765 voluntatem
1238 709 1496 782 incipient
1510 711 1818 784 gubernari.

218 794 340 855 Hoc
364 814 515 865 vero,
545 800 689 873 quod
716 801 791 855 ait
824 819 836 853 :
866 810 921 854 ut
944 801 1233 857 ostenderet
1261 804 1319 858 in
1343 802 1551 858 saeculis
1573 796 1823 876 superae-1

218 890 485 946 aientibus
500 892 827 946 abundantes
845 891 1054 947 divitias
1072 893 1255 963 gratia:
1273 909 1385 949 sua:
1408 895 1465 949 in
1485 894 1714 950 bonitate
1732 912 1823 951 su-

216 999 315 1053 per
338 1000 433 1038 nos
451 984 506 1036 in
528 980 741 1037 Christo
765 982 914 1049 Jesu,
931 984 1000 1039 ad
1027 982 1173 1040 illam
1201 984 1611 1058 intelligentiam
1644 995 1821 1062 trans-

214 1074 383 1143 feret,
414 1076 558 1147 quod
582 1092 693 1131 non
723 1076 892 1133 simus
922 1077 1115 1133 merito
1142 1087 1350 1144 nostro,
1375 1078 1471 1134 sed
1501 1079 1675 1149 gratia
1703 1077 1822 1147 ejus

215 1168 441 1235 salvati,
472 1176 528 1224 et
566 1168 788 1238 majoris
826 1168 1086 1224 bonitatis
1120 1169 1380 1225 indicium
1409 1169 1482 1226 sit
1505 1185 1604 1240 pro
1624 1185 1820 1240 pecca-

216 1261 435 1317 toribus
460 1262 651 1333 magis,
670 1274 831 1333 quam
852 1260 1122 1332 projustis
1142 1262 1305 1329 mori,
1333 1282 1351 1314 ‹
1382 1278 1483 1334 pro
1502 1265 1645 1321 bono
1673 1263 1819 1319 enim

212 1354 450 1413 forsitan
493 1358 617 1428 quis
643 1358 840 1414 audeat
876 1357 1117 1425 interire,
1148 1377 1165 1410 ι
1207 1366 1262 1413 et
1284 1358 1507 1414 daturus
1543 1358 1697 1415 nobis
1725 1359 1816 1427 sit,

211 1463 341 1519 quae
388 1462 490 1503 nec
532 1447 721 1504 oculus
765 1448 901 1504 vidit
937 1464 1040 1505 nec
1079 1449 1229 1504 auris
1263 1449 1487 1515 audivit,
1519 1464 1618 1505 nec
1637 1449 1693 1504 in
1723 1464 1820 1505 cor

208 1541 457 1598 hominis
494 1543 859 1599 ascenderunt
892 1561 905 1599 :
938 1559 1060 1616 qua:
1087 1544 1270 1599 omnia
1300 1558 1364 1599 ex
1398 1552 1555 1615 parte
1583 1544 1698 1614 jam
1724 1543 1819 1601 de—

210 1638 359 1695 derit
400 1638 455 1693 in
503 1636 724 1693 Christo
762 1636 910 1704 Jesu,
953 1638 1078 1709 quia
1116 1637 1322 1693 nullum
1366 1638 1569 1709 absque
1599 1637 1817 1695 Christo

204 1728 417 1785 bonum
441 1728 548 1784 dici
568 1737 766 1800 potest.
789 1726 975 1784 Gratia
1001 1731 1140 1785 enim
1167 1730 1290 1784 estis
1312 1727 1503 1785 saluati
1520 1746 1614 1799 per
1632 1728 1818 1799 ﬁdem,

1927 529 2122 588 Manus
2148 542 2252 611 tua?
2279 534 2510 605 fecerunt
2539 555 2620 595 me
2645 550 2693 596 et
2726 542 3112 614 plasmaverunt
3141 564 3221 605 me
3256 568 3270 605 :
3299 552 3510 612 factura

1920 621 2158 691 primum
2202 620 2381 682 locum
2433 632 2603 698 tenet,
2658 632 2849 691 deinde
2896 636 3187 709 plasmatio
3222 652 3239 694 :
3271 649 3327 699 et
3380 644 3512 713 quia

1925 716 2218 809 creationis
2238 727 2295 790 et
2329 722 2655 783 conditionis
2695 742 2894 784 nomen
2938 728 3007 787 ad
3054 744 3249 805 magna
3297 750 3513 809 semper

1923 804 2061 861 solet
2087 822 2252 879 opera
2291 811 2554 882 copulari,
2584 817 2927 890 verbicausa
2959 836 2973 876 :
3004 821 3094 878 illa
3124 804 3256 881 urbs
3293 804 3513 885 condita

1922 904 2026 963 est,
2054 907 2109 953 et
2137 900 2205 957 ab
2245 901 2403 959 initio
2430 915 2645 964 creatus
2672 917 2756 965 est
2786 914 3039 981 mundus,
3065 923 3121 969 et
3142 920 3514 989 unusquisque

1924 1001 2235 1050 sanctorum
2278 1013 2375 1067 per
2412 1000 2562 1056 varia
2608 1002 2858 1075 dogmata
2896 1015 3057 1078 atque
3090 1008 3319 1067 virtutes
3347 1013 3401 1067 in
3430 1030 3516 1070 se-

1922 1084 2154 1155 metipso
2182 1082 2427 1146 mundus
2468 1098 2550 1147 est
2584 1102 2748 1161 totus,
2778 1106 3061 1169 prapterea
3089 1116 3230 1157 nunc
3259 1105 3427 1159 creati
3456 1106 3513 1160 in

1922 1174 2142 1261 Christo
2164 1180 2417 1249 dicimur,
2441 1194 2496 1239 et
2516 1188 2684 1242 creati
2705 1189 2761 1243 in
2778 1192 3032 1260 operibus
3054 1195 3233 1262 bonis,
3256 1198 3369 1253 sive
3392 1214 3513 1267 quas

1924 1268 2022 1338 ipsi
2046 1268 2293 1341 fecimus,
2320 1274 2402 1330 vel
2422 1277 2618 1334 faeturi
2638 1294 2847 1348 sumus,
2871 1284 2986 1341 sive
3008 1287 3061 1341 in
3083 1282 3204 1344 aliis
3220 1293 3511 1359 creaturis,

1922 1360 1990 1414 ad
2013 1377 2133 1431 qua:
2168 1364 2349 1421 uoétra
2376 1374 2719 1428 conversatio
2742 1377 3119 1435 transferenda
3167 1390 3250 1437 est
3269 1423 3283 1447 ,
3307 1392 3364 1437 ut
3393 1399 3512 1453 quae

1919 1458 2243 1527 praeparavit
2270 1460 2434 1528 Deus,
2457 1462 2513 1518 in
2537 1464 2644 1521 illis
2669 1468 3025 1539 ambulemus,
3056 1487 3153 1544 spe
3181 1491 3375 1546 magna
3399 1476 3513 1545 jam

1921 1546 2079 1602 nobis
2103 1548 2248 1618 data,
2281 1551 2410 1607 dum
2438 1554 2494 1608 in
2519 1555 2606 1611 his
2631 1552 2957 1616 ambulaturi
2989 1578 3198 1632 sumus,
3221 1582 3342 1637 qum
3371 1568 3515 1625 Deus

1898 1651 2248 1711 magnopere
2295 1649 2639 1715 praeparavit.
2684 1649 2752 1704 Et
2807 1645 2932 1722 quia
2980 1655 3147 1711 semel
3199 1659 3266 1712 ad
3316 1674 3514 1715 nomen

1922 1736 2187 1785 creatura:
2230 1734 2500 1804 venimus,
2548 1746 2602 1792 et
2640 1740 2907 1811 sapientia
2936 1744 2991 1798 in
3024 1742 3334 1802 Proverbiis
3360 1747 3515 1805 Salo-

206 1832 258 1875 et
290 1823 392 1877 hoc
418 1838 523 1875 non
550 1832 624 1877 est
660 1838 725 1876 ea:
750 1821 913 1887 vobis,
944 1820 1042 1876 Dei
1077 1821 1216 1877 enim
1258 1822 1453 1876 donum
1490 1832 1589 1888 est,
1614 1838 1720 1876 non
1747 1837 1814 1875 ea:
1842 1821 1895 1887 Β
1920 1820 2096 1877 monis
2136 1838 2194 1879 se
2218 1835 2452 1882 creatam
2474 1829 2605 1884 dicit
2623 1831 2836 1888 initium
2856 1836 3067 1891 viarum
3090 1838 3301 1894 Domini
3325 1838 3512 1913 (Prov.

209 1912 480 1985 operibus,
511 1923 567 1966 ut
595 1929 659 1968 ne
682 1915 798 1985 quis
821 1912 1094 1985 glorietur.
1128 1913 1273 1979 Ideo,
1305 1914 1499 1985 inquit,
1530 1914 1815 1970 abundan-

210 2017 294 2062 tes
356 2006 573 2063 divitias
625 2007 814 2079 gratia:
859 2021 971 2063 sua:
1016 2007 1073 2061 in
1119 2007 1361 2063 bonitate
1410 2005 1818 2077 superventuris

207 2101 429 2171 sacculis
466 2110 787 2156 ostensurus
835 2110 938 2167 est,
983 2101 1109 2171 quia
1147 2099 1321 2172 gratia
1360 2100 1495 2156 salvi
1524 2098 1655 2155 facti
1684 2099 1818 2156 estis

204 2208 308 2269 per
329 2193 516 2262 ﬁdem,
548 2209 655 2249 non
682 2206 781 2264 per
817 2208 982 2264 opera
1008 2208 1022 2245 :
1053 2199 1110 2248 et
1137 2193 1253 2248 haec
1283 2191 1400 2264 ipsa
1430 2191 1585 2256 ﬁdes,
1608 2206 1717 2246 non
1746 2205 1817 2247 ex

203 2286 386 2351 vobis,
415 2286 511 2341 sed
546 2301 613 2341 ex
641 2300 729 2351 eo,
758 2285 849 2357 qui
882 2285 1093 2340 vocavit
1133 2300 1250 2341 vos.
1293 2284 1407 2340 Hoc
1447 2293 1627 2340 autem
1668 2284 1813 2350 ideo,

202 2395 278 2437 ne
302 2380 535 2436 forsitan
563 2380 719 2436 nobis
745 2378 1002 2449 cogitatio
1022 2378 1236 2433 occulta
1263 2377 1615 2447 subreperet:
1649 2375 1695 2430 si
1716 2390 1816 2445 per

200 2490 377 2547 Opera
402 2483 589 2530 nostra
622 2473 813 2530 salvati
846 2488 954 2529 non
995 2487 1202 2537 sumus,
1237 2480 1386 2527 certe
1416 2470 1497 2525 vel
1525 2486 1623 2541 per
1652 2469 1813 2524 ﬁdem

200 2570 405 2628 salvati
433 2584 645 2634 sumus,
674 2577 732 2624 et
766 2567 873 2623 alio
898 2581 1096 2638 genere
1130 2574 1377 2621 nostrum
1405 2572 1504 2627 est,
1537 2562 1680 2634 quod
1706 2562 1814 2617 sal-

197 2675 423 2719 vamur.
451 2659 673 2716 Addidit
707 2660 891 2729 itaque
927 2671 983 2714 et
1009 2658 1167 2723 dixit,
1200 2657 1359 2713 ﬁdem
1390 2672 1605 2727 quoque
1634 2656 1811 2725 ipsam

197 2767 315 2809 non
346 2759 551 2807 nostra:
596 2750 891 2807 voluntatis
941 2762 1083 2814 esse,
1125 2748 1217 2804 sed
1248 2747 1343 2802 Dei
1385 2746 1668 2802 muneris:
1702 2760 1813 2801 non

196 2844 353 2917 quod
390 2842 620 2899 liberum
670 2840 876 2897 homini
906 2841 1129 2896 tollatur
1163 2838 1481 2904 arbitrium,
1519 2845 1573 2894 et
1611 2852 1810 2893 secun-

198 2936 337 2992 dum
380 2934 514 2991 illud
550 2933 794 3005 Apostoli
840 2932 909 2988 ad
952 2932 1226 2987 Romanos
1257 2948 1269 2984 :
1301 2927 1419 2984 Non
1459 2928 1528 2985 sit
1560 2927 1808 2994 volentis,

114 3084 123 3092 ,
196 3042 382 3098 neque
407 3026 816 3094 currentis,sed
836 3024 933 3080 Dei
957 3022 1264 3079 miserentis
1286 3019 1459 3095 (Rom.
1478 3019 1556 3093 ιχ)
1584 3037 1597 3075 :
1623 3033 1811 3075 verum

196 3121 350 3193 quod
378 3118 593 3176 arbitrii
626 3118 741 3188 ipsa
776 3114 998 3173 libertas
1024 3114 1193 3171 Deum
1216 3114 1382 3169 habet
1418 3119 1718 3177 auctorem,
1749 3117 1812 3165 ut

1917 1913 2059 1985 vm),
2094 1916 2359 1987 multique
2404 1921 2614 1988 timore,
2639 1939 2711 1979 ne
2753 1924 3026 1983 Christum
3075 1938 3383 1987 creaturam
3433 1932 3516 1988 di-

1918 2021 2044 2063 cere
2070 2010 2482 2082 compellantur,
2510 2022 2684 2071 totum
2712 2016 2917 2075 Christi
2943 2022 3263 2092 mysterium
3292 2032 3512 2097 negant,

1918 2107 1980 2154 ut
2003 2100 2188 2156 dicant
2215 2118 2323 2158 non
2358 2102 2635 2162 Christum
2665 2108 2721 2164 in
2755 2110 2858 2167 hac
2879 2113 3165 2183 sapientia,
3192 2115 3291 2171 sed
3323 2116 3516 2174 mundi

1919 2191 2243 2261 sapientiam
2279 2193 2595 2266 signiﬁcari.
2627 2197 2736 2254 Nos
2765 2200 2936 2257 libere
2960 2203 3380 2274 proclamamus,
3404 2221 3516 2264 non

1920 2296 2040 2337 esse
2066 2284 2365 2353 periculum
2384 2303 2507 2344 eum
2529 2289 2713 2346 dicere
2737 2302 3066 2364 creaturam,
3088 2313 3249 2368 quem
3270 2313 3514 2356 vermem

1918 2381 1970 2427 et
2000 2372 2299 2443 hominem,
2338 2386 2394 2434 et
2433 2380 2774 2451 cruciﬁxum,
2818 2394 2873 2440 et
2897 2387 3351 2456 maledictiouem,
3399 2397 3512 2447 tota

1919 2467 2033 2537 spei
2084 2476 2284 2524 nostrae
2335 2470 2532 2527 ﬁducia
2585 2475 2931 2543 conﬁtemur,
2963 2468 3240 2548 maxime,
3283 2494 3409 2536 cum
3443 2496 3515 2537 ex

1918 2555 2128 2614 duobus
2161 2560 2444 2618 versiculis
2464 2563 2556 2633 qui
2587 2567 2920 2635 praecedunt,
2950 2569 3067 2639 ipsa
3097 2571 3361 2642 sapientia
3386 2587 3514 2643 pro-

1917 2648 2096 2703 mittat
2136 2664 2259 2708 esse
2305 2653 2572 2710 dicturam
2614 2672 2734 2728 qua:
2772 2667 2894 2729 post
2932 2660 3129 2717 saecula
3169 2673 3333 2729 sunt;
3386 2678 3512 2720 cum

1916 2748 2100 2795 autem
2114 2743 2364 2800 Christus
2386 2748 2581 2803 saecula
2604 2748 2816 2817 fecerit,
2839 2761 2892 2807 et
2916 2767 3037 2823 qua:
3055 2754 3312 2826 deinceps
3337 2752 3514 2827 loqui-

1917 2838 2027 2900 tur,
2058 2848 2121 2888 ea
2160 2834 2290 2903 sint,
2320 2852 2439 2907 qua:
2466 2848 2590 2911 post
2617 2842 2811 2896 saecula
2845 2843 3117 2899 dicturum
3143 2860 3203 2900 se
3239 2860 3362 2901 esse
3383 2858 3512 2917 pro-

1917 2926 2151 2993 miserit,
2185 2928 2253 2983 ad
2292 2929 2679 3003 incarnationis
2723 2937 3064 3007 mysterium,
3102 2953 3208 2994 nou
3251 2941 3319 2996 ad
3353 2950 3512 2995 natu-

1917 3031 2037 3072 ram
2066 3018 2162 3074 Dei
2186 3016 2469 3078 referenda
2496 3032 2640 3091 sunt,
2673 3038 2795 3096 qua:
2824 3035 3144 3098 sequuntur,
3171 3030 3299 3085 licet
3327 3030 3381 3085 in
3408 3029 3509 3087 He-

1916 3108 2081 3166 braeis
2102 3112 2382 3171 codicibus
2396 3132 2505 3173 non
2530 3118 2832 3175 habeatur:
2863 3139 2883 3172 ‹
2912 3121 3173 3179 Dominus
3196 3122 3402 3180 creavit
3423 3139 3509 3181 me

194 3213 269 3268 ad
298 3211 448 3268 illius
487 3209 809 3268 beneﬁcium
857 3215 1053 3265 cuncta
1098 3205 1424 3272 referantur,
1470 3219 1595 3260 cum
1627 3202 1795 3259 etiam
1826 3196 1875 3262 C
1906 3204 2125 3262 initium
2147 3207 2358 3265 viarum
2377 3226 2621 3283 suarum,
2643 3234 2664 3268 ι
2689 3216 2783 3271 sed
2812 3235 2826 3271 :
2851 3212 3108 3272 Dominus
3147 3219 3376 3290 possedit
3403 3236 3505 3295 me.

196 3306 406 3362 bonum
435 3319 536 3361 nos
554 3302 691 3360 velle
733 3304 848 3374 ipse
885 3300 1218 3375 permiserit.
1249 3298 1363 3356 Hoc
1401 3306 1585 3354 autem
1616 3298 1802 3354 totum

198 3404 512 3471 propterea,
534 3412 603 3452 ne
622 3395 746 3467 quis
764 3392 1025 3467 glorietur
1047 3408 1078 3448 a
1104 3393 1395 3462 semetipso
1421 3399 1477 3445 et
1500 3406 1608 3446 non
1628 3405 1661 3446 a
1687 3391 1802 3445 Deo

197 3508 323 3551 esse
350 3492 639 3548 salvatnm.
670 3487 855 3563 (Λαίς.)
885 3489 955 3545 Et
990 3504 1059 3543 ne
1090 3487 1264 3558 ipsam
1288 3485 1389 3542 sibi
1418 3483 1611 3541 saltem
1638 3482 1803 3539 ﬁdem

198 3588 281 3644 sic
332 3592 677 3657 arrogarent,
723 3595 784 3639 ut
820 3599 931 3639 non
978 3580 1339 3652 intelligerent
1385 3578 1642 3635 divinitus
1679 3590 1803 3634 esse

196 3681 481 3748 donatam,
504 3680 645 3737 sicut
668 3678 810 3735 idem
831 3674 1121 3748 Apostolus
1141 3674 1247 3730 alio
1267 3672 1389 3730 loco
1410 3672 1561 3740 dicit,
1589 3680 1650 3726 ut
1671 3670 1804 3727 ﬁde-

192 3772 267 3831 lis
297 3780 448 3829 esset
470 3770 898 3827 misericordiam
925 3775 1271 3825 consecutus.
1309 3763 1409 3821 llic
1446 3779 1663 3836 quoque
1708 3763 1802 3818 ad-

184 3865 378 3937 iunxit
398 3873 562 3935 atque
590 3863 669 3919 ait
699 3879 714 3918 :
754 3880 773 3913 t
802 3870 859 3918 et
884 3861 989 3917 hoc
1015 3875 1124 3915 non
1155 3874 1223 3914 ex
1248 3857 1419 3921 vobis,
1453 3856 1547 3912 sed
1575 3854 1670 3910 Dei
1704 3854 1802 3910 do-

194 3973 330 4015 num
365 3966 472 4023 est,
508 3970 615 4013 non
635 3970 704 4011 ex
724 3953 1000 4026 operibus,
1028 3967 1098 4009 ne
1128 3948 1269 4007 forte
1288 3949 1410 4020 quis
1438 3946 1747 4004 extollatur.
1772 3964 1793 4000 ι

194 4045 434 4121 (Anim)
458 4046 660 4103 Verum
680 4053 786 4112 est,
809 4044 937 4115 quia
963 4042 1142 4101 omnis
1167 4041 1463 4114 gratiarum
1488 4039 1633 4096 actio
1652 4038 1802 4093 salu-

194 4142 267 4197 tis
287 4148 493 4197 nostrze
514 4139 584 4194 ad
608 4138 778 4194 Deum
805 4135 1088 4194 referenda
1114 4143 1218 4205 est,
1246 4135 1340 4207 qui
1369 4132 1803 4190 misericordiam

193 4249 353 4292 suam
374 4230 536 4289 nobis
560 4238 802 4303 prastat,
836 4237 899 4286 ut
933 4235 1181 4285 errantes
1214 4234 1498 4283 revocaret
1528 4226 1594 4280 ad
1625 4224 1799 4282 vitam

194 4335 253 4383 et
266 4340 377 4382 non
402 4328 714 4396 quaerentes
730 4338 919 4379 verum
940 4323 1074 4390 iter;
1091 4321 1319 4393 ideoque
1339 4335 1446 4379 non
1468 4328 1551 4376 est
1569 4318 1800 4392 glorian-

195 4417 330 4475 dum
362 4416 522 4474 nobis
552 4417 609 4472 in
636 4415 793 4472 nobis
827 4415 981 4486 ipsis,
1013 4414 1108 4473 sed
1144 4414 1199 4470 in
1243 4413 1374 4478 Deo,
1405 4412 1621 4483 quinos
1647 4427 1797 4484 rege-

193 4510 415 4571 neravit
442 4510 724 4565 nativitate
744 4508 953 4566 caelesti
986 4522 1082 4580 per
1116 4507 1275 4565 ﬁdem
1313 4505 1537 4574 Christi,
1579 4506 1647 4562 ad
1691 4505 1797 4561 hoc

1902 3292 2054 3355 Inter
2103 3296 2505 3371 possessionem
2549 3313 2605 3361 et
2648 3306 2983 3364 creationem
3029 3309 3197 3364 multa
3247 3292 3509 3366 distantia

1905 3398 1991 3446 est
2021 3409 2034 3446 :
2062 3393 2190 3463 quia
2212 3394 2302 3465 qui
2316 3396 2644 3467 possidetur,
2659 3398 2707 3455 is
2720 3400 2909 3472 utique
2925 3409 3028 3468 est,
3052 3408 3216 3472 atque
3234 3401 3504 3472 subsistit,

1906 3489 1964 3537 et
2001 3491 2088 3539 est
2130 3485 2401 3555 proprius,
2451 3488 2544 3559 qui
2574 3490 2885 3560 possidetur
2928 3509 2941 3546 :
2972 3500 3187 3549 creator
3215 3509 3344 3551 vero
3391 3494 3504 3565 ille,

1896 3574 2000 3644 qui
2025 3589 2133 3631 non
2162 3585 2286 3633 erat
2320 3586 2610 3650 antequam
2636 3580 2812 3649 ﬁeret,
2841 3590 2935 3637 aut
2988 3593 3138 3640 certe
3169 3584 3237 3641 de
3272 3600 3338 3642 eo
3358 3585 3505 3658 quod

1906 3678 2048 3735 erat,
2086 3669 2415 3727 transfertur
2454 3672 2510 3730 in
2558 3672 2724 3741 aliud,
2756 3670 2899 3732 sicut
2930 3684 2986 3732 et
3026 3692 3126 3733 nos
3163 3693 3305 3734 nunc
3335 3677 3506 3733 creati

1906 3759 2139 3815 dicimur
2168 3763 2224 3817 in
2260 3762 2480 3822 Christo
2513 3765 2641 3824 Jesu
2675 3786 2689 3822 :
2730 3770 2918 3841 utique
2946 3785 3056 3826 non
3084 3771 3210 3842 quia
3236 3783 3365 3828 ante
3392 3788 3503 3829 non

1905 3848 2129 3921 fuimus,
2175 3855 2271 3911 sed
2320 3857 2491 3912 creati
2528 3858 2585 3913 in
2621 3860 2878 3929 operibus
2920 3860 3098 3918 bonis.
3143 3861 3299 3931 Quod
3333 3861 3503 3919 David

1905 3961 2124 4017 quoque
2159 3947 2215 4003 in
2254 3947 2471 4006 Psalmo
2500 3951 2822 4022 deprecatur
2851 3953 3039 4011 dicens
3067 3974 3080 4010 :
3113 3954 3218 4015 Cor
3243 3958 3500 4013 mundum

1904 4054 2029 4093 crea
2053 4040 2109 4093 in
2134 4057 2234 4109 me,
2263 4040 2407 4098 Deus
2432 4040 2606 4116 (Psal.
2633 4044 2709 4116 1.),
2727 4053 2781 4100 et
2807 4054 2956 4102 certe
2977 4046 3237 4102 mundum
3250 4064 3347 4103 cor
3374 4058 3500 4104 ante

1905 4143 2256 4203 conspectum
2297 4134 2394 4215 Dei
2430 4136 2717 4207 habuerat,
2755 4140 2974 4210 quando
3019 4140 3085 4199 de
3127 4156 3193 4198 eo
3238 4141 3500 4198 Dominus

1902 4223 2228 4296 loquebatur
2260 4245 2272 4281 :
2302 4225 2488 4284 Inueni
2513 4228 2686 4286 David
2715 4229 2883 4301 ﬁlium
2908 4231 3057 4288 Iesse
3088 4233 3372 4289 secundum
3409 4249 3501 4288 cor

1901 4335 2076 4373 meum
2125 4319 2277 4394 (Act.
2327 4324 2482 4393 xm);
2541 4323 2636 4380 sed
2678 4325 2819 4382 sicut
2864 4325 2939 4382 ibi
2983 4325 3185 4381 creatio
3223 4325 3499 4381 instaura-

1902 4411 2107 4467 tionem
2132 4420 2310 4479 sonat,
2355 4413 2429 4469 ita
2472 4422 2527 4470 et
2561 4414 2616 4469 in
2651 4415 2809 4472 nobis
2837 4424 2892 4472 et
2929 4417 2982 4472 in
3018 4416 3233 4475 Christo
3261 4434 3359 4489 per
3385 4419 3497 4475 sin-

1903 4503 2026 4573 gula
2045 4518 2210 4575 opera
2233 4512 2288 4559 et
2304 4503 2580 4577 profectus
2602 4516 2852 4563 creatura
2873 4515 3037 4579 atque
3064 4508 3301 4563 conditio
3323 4508 3494 4580 accipi

192 4567 260 4661 ut
298 4603 460 4661 bonis
491 4604 747 4675 operibus
780 4567 1086 4670 exercitati,
1133 4617 1255 4673 qua:
1288 4603 1436 4658 Deus
1481 4600 1638 4658 nobis
1678 4600 1793 4673 jam
1821 4567 1877 4629 Ῑ)
1898 4602 2098 4666 potest,
2131 4603 2190 4650 ut
2227 4567 2469 4667 quotidie
2499 4597 2554 4652 iu
2583 4567 2966 4666 credentibus;
2993 4599 3085 4670 qui
3116 4599 3265 4655 varie
3293 4567 3490 4658 secun-

192 4697 407 4754 renatis
434 4696 675 4752 decrevit
692 4696 959 4767 promissa
985 4709 1296 4767 mereamur
1318 4693 1586 4765 accipere.
1616 4692 1795 4765 Ipsius

192 4790 339 4849 enim
359 4803 546 4844 sumus
569 4787 776 4856 factum
803 4788 967 4844 creati
996 4788 1053 4843 in
1078 4784 1287 4843 Christo
1309 4785 1440 4843 Iesu
1468 4788 1526 4841 in
1552 4785 1795 4857 operibus

192 4882 369 4949 bonis,
398 4899 520 4954 qua
556 4884 871 4954 praeparavit
905 4882 1068 4950 Deus,
1116 4891 1173 4937 ut
1220 4883 1278 4938 in
1309 4881 1417 4939 illis
1442 4879 1789 4947 ambulemus.

188 4973 422 5053 (Ηῇετ.)
454 4975 653 5035 Reddit
692 4990 886 5035 causas
936 4991 1107 5046 quare
1148 4976 1324 5053 gratia
1366 4973 1561 5032 salvati
1603 4988 1792 5031 sumus

188 5050 293 5143 per
316 5068 501 5135 ﬁdem,
522 5077 577 5125 et
600 5069 705 5125 hoc
730 5068 905 5139 ipsum
928 5083 1036 5124 non
1056 5060 1134 5124 εἰ
1147 5050 1325 5137 nobis,
1354 5068 1451 5127 sed
1473 5083 1539 5124 ex
1563 5080 1791 5124 munere

190 5159 294 5223 Μ
342 5162 531 5218 dicens
558 5179 577 5217 :
602 5159 781 5233 Ipsius
825 5161 966 5218 enim
1017 5172 1259 5218 creatura
1301 5178 1505 5228 sumus,
1534 5162 1642 5218 hoc
1677 5168 1785 5229 est,

188 5251 344 5327 φιοά
371 5251 624 5318 vivimus,
672 5253 817 5321 quod
849 5251 1141 5322 spiramus,
1174 5254 1317 5323 quod
1344 5251 1693 5325 intelligimus
1730 5258 1788 5323 et

190 5342 421 5399 credere
432 5357 739 5414 possumus,
754 5343 923 5414 ipsius
933 5351 1036 5411 est,
1050 5343 1176 5415 quia
1190 5343 1304 5415 ipse
1315 5344 1563 5402 conditor
1575 5350 1781 5401 noster.

192 5432 306 5495 Sed
335 5433 619 5505 diligenter
634 5434 885 5501 observa,
912 5434 1041 5505 quia
1068 5448 1177 5490 non
1210 5434 1427 5503 dixerit,
1456 5433 1628 5506 Ipsius
1651 5433 1786 5508 ﬁgu:

191 5529 339 5586 ratio
364 5542 551 5584 sumus
590 5536 752 5599 atque
780 5528 1091 5600 plasmatio,
1128 5527 1224 5585 sed
1253 5528 1418 5599 ipsius
1452 5528 1663 5599 factura
1695 5544 1788 5583 su-

154 5662 167 5673 .
191 5636 332 5677 usus.
356 5619 649 5677 Plasmatio
664 5622 863 5694 quippe
886 5621 1151 5694 ou'ginem
1173 5620 1240 5678 de
1260 5628 1418 5677 terra:
1442 5620 1573 5678 limo
1594 5621 1782 5693 trahit,

193 5709 407 5769 factura
438 5727 569 5769 vero
600 5713 759 5784 juxta
787 5712 1195 5775 similitudinem
1229 5723 1285 5769 et
1312 5714 1603 5787 imaginem
1630 5731 1783 5773 sum-

1899 4683 2026 4740 dum
2053 4686 2245 4741 merita
2271 4697 2483 4744 montes
2512 4689 2767 4746 dicuntur
2794 4698 2850 4746 et
2873 4689 3039 4746 valles
3060 4698 3114 4747 et
3142 4691 3306 4749 colles
3328 4704 3490 4766 atque

1900 4779 2246 4851 campestria,
2278 4776 2527 4837 Christus
2554 4789 2791 4850 creatus,
2821 4790 3003 4848 natus,
3031 4783 3279 4839 conditus
3300 4795 3403 4841 est.

1969 4870 2196 4945 Propter
2219 4874 2359 4949 quod
2394 4891 2647 4931 memores
2692 4884 2852 4932 estote
2898 4877 3038 4951 quod
3085 4878 3371 4955 aliquando
3396 4897 3488 4938 vos

1893 4973 2072 5041 gentes
2095 4966 2256 5020 eratis
2292 4966 2348 5021 in
2384 4983 2566 5034 carne,
2602 4968 2693 5039 qui
2731 4968 3044 5024 dicebamini
3069 4972 3383 5043 prwputium
3420 4975 3485 5029 ab

1897 5071 1980 5122 ea,
2007 5072 2125 5127 qua:
2153 5057 2348 5111 dicitur
2370 5058 2698 5113 circumcisio
2722 5056 2777 5113 in
2801 5076 2960 5115 carne
2982 5079 3139 5118 manu
3163 5062 3329 5134 facta,
3359 5067 3484 5137 quia

1888 5150 2057 5225 eratis
2090 5151 2149 5206 in
2178 5150 2270 5205 illo
2310 5160 2537 5221 tempore
2572 5152 2684 5207 sine
2721 5150 2928 5209 Christo
2963 5154 3179 5210 alienati
3215 5174 3247 5211 a
3271 5174 3481 5213 comter

1894 5241 2093 5299 satione
2116 5236 2287 5298 Israel
2310 5253 2359 5297 et
2382 5242 2605 5314 hospites
2638 5254 3062 5302 testamentorum
3097 5249 3479 5319 promissionis,

1888 5348 2039 5415 ςερειιι
2065 5349 2170 5389 non
2200 5334 2445 5389 habentes
2481 5344 2529 5390 et
2555 5336 2667 5391 sine
2695 5334 2800 5391 Deo
2827 5336 2881 5392 in
2906 5338 3002 5393 hoc
3028 5340 3243 5395 mundo.
3272 5338 3477 5416 (Amb.j

1896 5425 2218 5485 Commonet
2252 5438 2467 5499 gentes,
2512 5437 2571 5486 ut
2614 5431 3023 5489 reminiscentes
3081 5434 3209 5504 quid
3254 5434 3472 5501 fuerint,

1894 5528 2051 5581 erant
2069 5523 2214 5579 enim
2236 5522 2481 5581 carnales
2509 5532 2563 5581 et
2591 5525 2707 5581 siue
2737 5540 2852 5596 spe,
2877 5526 3075 5583 nullam
3101 5526 3476 5598 promissionis

1892 5614 2328 5673 communionem
2376 5616 2638 5673 habentes
2668 5614 2976 5673 Judatorum
3013 5633 3068 5675 m
3105 5616 3322 5673 Christo
3353 5614 3476 5687 (Ju-

1888 5707 2024 5766 daeis
2051 5708 2196 5765 enim
2240 5706 2540 5781 promissus
2581 5717 2700 5765 erat
2727 5708 2994 5778 Christus,
3036 5725 3140 5767 nou
3178 5706 3470 5781 gentibus),

193 5802 299 5889 ΡΨ
324 5803 644 5881 mm.
686 5805 832 5877 φιεκι
881 5806 942 5879 in
986 5808 1286 5871 centesimo
1325 5822 1543 5882 quoque
1586 5817 1782 5890 octavo
1886 5803 2209 5881 propensius
2233 5801 2441 5877 gratias
2469 5811 2634 5879 agant
2659 5802 2770 5861 Deo
2792 5817 2890 5874 per
2913 5801 3210 5870 Christum,
3242 5799 3337 5874 qui
3363 5799 3480 5878 mi-‘

1736 5970 1743 5977 ρ
1819 5946 1877 5989 so
