3986 6338
529 395 634 450 ιοτ

1158 398 1217 450 Β.
1255 393 1513 452 BABANI
1550 393 1770 452 MAURI
1808 395 2126 451 ARCHIEP.
2170 394 2475 452 MOGUN'I‘.
2517 394 2800 452 OPERUM
2838 391 3016 451 PARS
3054 395 3140 452 Ill.

3672 393 3798 455 408

519 509 812 566 sericordia
845 524 941 565 sua
971 508 1099 563 fecit
1130 507 1250 564 illos
1283 507 1574 579 participes
1602 507 1945 577 spiritalium,
1975 524 2098 562 cum
2124 513 2176 571 Α
2199 509 2331 577 [acti
2377 511 2500 563 estis
2536 524 2694 578 prope
2727 509 2782 562 in
2829 509 3083 578 sanguine
3113 505 3325 562 Christi.
3383 507 3524 564 Deus
3576 509 3799 580 unique

519 609 701 656 essent
728 599 994 654 carnales.
1011 599 1136 654 Ideo
1159 607 1336 653 tamen
1359 599 1718 665 circumcisio,
1739 597 1834 663 ait,
1859 599 1911 652 in
1935 607 2100 653 carne

521 709 684 747 manu
706 691 868 758 facta,
901 700 961 745 ut
987 691 1315 762 signiﬁcaret
1341 701 1397 746 et
1419 692 1582 746 aliam
1606 705 1715 745 non
1741 689 2100 746 manufactam

519 785 836 854 spiritalem.
871 781 1073 854 (Hier.)
1103 782 1302 838 Gentes
1329 783 1592 853 Ephesi'os
1629 783 1684 838 in
1713 799 1875 838 carne
1903 799 2100 838 vocans

518 877 755 933 ostendit
782 875 837 930 in
864 875 1054 946 spiritu
1080 889 1200 930 esse
1229 889 1336 929 non
1363 882 1568 946 gentes,
1602 875 1741 930 sicut
1789 875 2102 930 econtrario

517 967 687 1024 Judaei
729 969 782 1023 in
819 968 1011 1039 spiritu
1047 977 1236 1037 gentes
1272 974 1397 1020 sunt
1438 975 1493 1021 et
1534 967 1590 1022 in
1622 981 1785 1022 carne
1826 967 2098 1021 lsraelitae.

517 1059 915 1127 Quadrifariam
957 1056 1125 1112 Judaei
1172 1057 1482 1112 dividuntur
1519 1065 1575 1112 et
1604 1065 1790 1129 gentes
1817 1075 1832 1114 :
1861 1058 1950 1111 alii
1979 1064 2105 1112 sunt

516 1153 572 1207 in
603 1166 767 1206 carne
797 1149 1102 1205 circumcisi
1136 1157 1192 1202 et
1229 1149 1282 1202 in
1313 1149 1525 1218 spiritu,
1557 1149 1732 1218 qualis
1765 1148 1866 1202 fuit
1895 1148 2102 1219 Moyses

517 1253 570 1298 et
591 1244 792 1308 Aaron,
821 1240 1046 1310 apostoli
1070 1248 1124 1295 ct
1152 1239 1474 1308 Nathanael,
1504 1241 1656 1309 cujus
1698 1242 1966 1296 occultum
2005 1241 2099 1296 Ju-

519 1335 783 1389 daismum
816 1332 1074 1386 Dominus
1116 1331 1330 1385 intuens
1362 1332 1475 1386 ait:
1509 1331 1645 1386 Ecce
1677 1347 1794 1385 vere
1832 1331 2101 1398 Israelita,

516 1426 570 1477 in
619 1440 719 1493 quo
769 1421 922 1477 dolus
967 1437 1070 1474 non
1110 1429 1185 1474 est
1211 1420 1390 1493 (Joan.
1421 1422 1482 1491 ι).
1515 1421 1620 1476 Alii
1663 1438 1764 1476 nec
1801 1437 1963 1477 carne
2003 1438 2104 1478 nec

515 1519 706 1586 spiritu
745 1515 1050 1574 circumcisi
1107 1524 1265 1584 sunt,
1317 1515 1490 1584 qualis
1533 1514 1638 1569 fuit
1678 1515 2106 1569 Nabuchodono—

515 1625 606 1664 sor
635 1618 688 1664 et
717 1611 925 1666 Pharao
955 1620 1008 1667 et
1060 1612 1220 1667 hodie
1259 1609 1615 1664 barbararum
1654 1615 1710 1662 et
1737 1607 2107 1661 Romanarum

512 1700 752 1766 gentium
813 1700 1117 1766 multitudo,
1180 1713 1299 1769 qua:
1348 1713 1456 1752 non
1515 1697 1742 1751 credunt
1800 1697 1853 1750 in
1912 1695 2102 1750 Deum.

515 1789 704 1857 Tertii,
739 1793 831 1862 qui
877 1801 1085 1846 tantum
1120 1791 1172 1845 in
1212 1805 1378 1846 carne
1417 1789 1544 1842 sunt
1580 1787 1888 1842 circumcisi
1919 1794 1973 1840 ct
2002 1785 2107 1855 spi-

2161 636 2165 640 -
2200 607 2302 666 est,
2329 609 2384 654 et
2412 607 2557 654 totus
2583 600 2780 670 ubique
2805 608 2908 666 est,
2935 615 2965 654 a
2994 614 3100 668 quo
3146 600 3268 669 quis
3309 607 3488 669 potest
3509 601 3795 671 separari,

2202 707 2324 749 cum
2345 693 2401 747 in
2429 707 2494 748 eo
2523 692 2631 747 sint
2654 691 2876 748 omnia?
2906 701 2961 748 et
2991 692 3104 762 ipse
3126 707 3224 762 per
3243 693 3565 764 prophetam
3585 694 3800 765 loqua-

2203 793 2326 839 tur:
2358 802 2377 835 ι
2405 784 2514 854 Ego
2537 784 2680 839 Deus
2707 784 3140 854 appropinquans
3160 794 3214 838 et
3238 800 3343 839 non
3366 785 3432 840 de
3446 785 3624 856 longe.
3657 805 3683 838 ι
3721 784 3804 840 Et

2199 874 2484 930 Psalmista
2511 882 2768 930 testatur:
2804 894 2823 927 ι
2856 874 2913 930 Si
2945 875 3233 931 ascendero
3259 875 3314 931 in
3343 876 3561 942 coelum,
3586 885 3640 930 tu
3673 875 3806 931 illic

2201 979 2260 1020 es
2293 983 2306 1019 :
2338 966 2384 1021 si
2408 967 2732 1020 descendero
2752 965 2805 1019 in
2829 965 3122 1032 infernum,
3145 967 3294 1021 ades.
3319 987 3337 1019 ι
3371 966 3504 1022 Cum
3533 967 3710 1036 igitur
3741 966 3806 1021 in

2203 1055 2320 1125 ipso
2340 1057 2447 1112 sint
2467 1056 2666 1119 omnia,
2692 1056 2878 1127 procul
2901 1065 3078 1110 tamen
3097 1059 3162 1110 ab
3183 1058 3362 1128 impiis
3385 1057 3599 1122 dicitur,
3620 1057 3806 1128 juxta

2204 1145 2353 1211 illud,
2375 1165 2394 1197 ‹
2415 1145 2570 1216 longe
2588 1155 2671 1201 est
2694 1146 2951 1201 Dominus
2971 1147 3039 1201 ab
3057 1147 3252 1218 impiis.
3278 1147 3432 1212 siste,
3451 1163 3482 1200 a
3505 1163 3609 1216 quo
3630 1147 3808 1215 impii

2205 1237 2362 1308 longe
2404 1247 2546 1304 sunt,
2583 1238 2790 1292 vicinus
2842 1246 2925 1292 est
2975 1239 3196 1292 sanctis.
3249 1239 3489 1308 Denique
3530 1239 3658 1293 dum
3733 1238 3809 1292 ab

2204 1325 2449 1394 Ephesiis
2465 1336 2608 1380 esset
2621 1325 2826 1396 procul,
2845 1326 2898 1380 in
2913 1327 3174 1396 sanguine
3185 1324 3309 1381 Iesu
3325 1343 3491 1397 prope
3507 1328 3588 1381 eis
3605 1327 3811 1381 Iactus

2205 1426 2304 1470 est.
2350 1417 2418 1470 Et
2458 1417 2764 1488 diligentius
2815 1417 3151 1484 intuendum,
3183 1419 3325 1486 quod
3347 1418 3547 1488 absque
3581 1434 3811 1472 cruore

2207 1509 2417 1563 Domini
2440 1507 2567 1563 Jesu
2593 1523 2752 1563 nemo
2773 1509 3163 1578 appropinquet
3186 1509 3316 1564 Deo.
3340 1509 3567 1580 (Ambr.)
3592 1509 3813 1565 Adhuc

2207 1599 2405 1654 donum
2432 1608 2487 1654 et
2516 1599 2743 1670 gratiam
2779 1600 2873 1654 Dei
2910 1601 3272 1665 commendat,
3302 1601 3389 1655 cui
3423 1616 3521 1656 nos
3565 1616 3810 1670 semper

2207 1687 2354 1742 velut
2384 1689 2648 1744 obnoxios
2697 1689 2904 1759 gratias
2951 1689 3064 1743 vult
3112 1689 3336 1745 referre.
3387 1689 3594 1745 Idcirco
3637 1691 3812 1745 enim

2211 1784 2470 1854 sanguine
2494 1783 2698 1838 Christi
2727 1784 3000 1854 proximos
3029 1799 3128 1840 nos
3160 1785 3268 1840 Deo
3294 1783 3465 1840 factos
3493 1793 3809 1848 memorat,

515 1882 676 1936 ritum
708 1884 1143 1938 incircumcisum
1171 1882 1394 1945 habent,
1411 1880 1479 1934 ad
1500 1894 1636 1948 quos
1650 1879 1908 1948 propheta
1932 1877 2094 1931 dicit:
2125 1871 2175 1932 B
2205 1883 2280 1940 ut,
2309 1883 2571 1945 quantum
2611 1874 2859 1930 allectum
2885 1876 3029 1930 circa
3055 1891 3152 1933 nos
3181 1877 3380 1933 habeat
3405 1878 3564 1944 Deus,
3593 1887 3810 1933 osten-

513 1972 961 2028 Circumcitlimini
1012 1973 1120 2027 Deo
1177 1982 1363 2037 vestro,
1413 1981 1461 2026 et
1523 1970 1678 2024 nolite
1729 1970 2096 2024 circumcidere

512 2081 722 2121 carnem
773 2067 1015 2136 prmputii
1057 2067 1211 2120 vestri
1265 2065 1399 2136 (Jer.
1447 2063 1550 2135 IV);
1593 2072 1650 2118 et
1693 2063 1860 2117 alibi:
1905 2061 2096 2116 Omnes

512 2169 686 2230 gentes
719 2158 1071 2212 incircumcisi
1107 2174 1264 2212 carne
1307 2170 1325 2208 :
1376 2156 1561 2211 domus
1591 2173 1708 2210 vero
1737 2154 1906 2208 Israel
1933 2156 2097 2208 incir-

515 2250 734 2302 cumcisi
763 2259 882 2304 sunt
903 2249 1056 2304 corde
1080 2247 1298 2321 (Jerem.
1353 2247 1453 2319 Ix).
1500 2247 1761 2313 Extremi,
1810 2245 1876 2300 de
1902 2246 2098 2315 quibus

513 2358 655 2396 nunc
699 2343 913 2405 dicitur,
951 2343 1127 2411 «quia
1158 2341 1446 2411 aliquando
1483 2356 1579 2395 vos
1604 2350 1792 2412 gentes
1834 2340 2000 2394 eratis
2042 2340 2096 2392 in

518 2452 704 2514 carne,
751 2438 841 2506 qui
869 2437 1190 2491 dicebamini
1221 2436 1540 2506 praeputium
1571 2436 1638 2489 ab
1668 2449 1730 2488 ea
1755 2449 1874 2504 quas
1905 2432 2099 2486 dicitur

510 2529 853 2585 circumcisio
878 2531 930 2584 in
955 2545 1118 2585 carne
1142 2545 1305 2584 manu
1325 2529 1494 2594 facta,
1529 2549 1547 2582 ›
1582 2529 1756 2598 qualis
1799 2529 1958 2583 hodie
1979 2527 2098 2580 uui-

511 2635 668 2675 versa
688 2629 771 2676 est
792 2603 946 2676 turba
967 2623 1302 2678 credentium
1322 2630 1377 2676 et
1398 2628 1543 2676 totus
1561 2607 1627 2674 ex
1649 2617 1910 2675 Gentibus
1938 2634 2096 2672 mun-

517 2710 616 2764 dus
641 2719 721 2764 est
754 2710 962 2774 plenus.
997 2711 1079 2766 Ad
1124 2710 1526 2766 distinctionem
1565 2709 1729 2780 igitur
1772 2707 2098 2778 spiritalium

510 2800 762 2856 Gentium
811 2802 1137 2867 Judazorum,
1199 2803 1416 2873 Ephesii
1469 2801 1669 2857 Gentes
1721 2808 1987 2855 vocantur
2041 2799 2096 2852 iu

513 2907 698 2958 carne,
732 2893 853 2961 quia
883 2894 1175 2948 secundum
1209 2893 1474 2963 Spiritum
1505 2891 1762 2947 Israelita:
1786 2899 1927 2945 sunt.
1961 2887 2096 2942 Nam

513 2991 568 3037 et
605 2983 658 3036 in
695 2982 798 3037 alio
829 2983 946 3038 loco
970 2999 1223 3038 carneum
1261 2983 1428 3039 Israel
1454 2983 1739 3053 Scriptura
1763 2995 2096 3037 commemo-

512 3089 641 3128 rans
667 3075 742 3128 ait
773 3093 784 3126 ε
826 3074 1008 3128 Videte
1035 3074 1205 3128 Israel
1231 3075 1517 3128 secundum
1547 3090 1757 3128 carnem
1785 3071 1837 3144 (1
1865 3071 1988 3125 Cor.
2015 3069 2094 3141 x),

515 3165 641 3234 quia
679 3165 733 3219 in
771 3166 960 3234 spiritu
990 3180 1098 3219 non
1116 3172 1234 3219 erat
1257 3163 1442 3219 Israel.
1472 3163 1702 3217 Pulchre
1723 3171 1902 3215 autem
1931 3162 2094 3216 etiam

2201 1967 2373 2032 deret,
2419 1969 2511 2038 qui
2539 1984 2638 2038 pro
2665 1969 2816 2023 nobis
2835 1967 3029 2024 Filium
3053 1985 3208 2024 suum
3241 1971 3378 2024 mori
3417 1971 3697 2040 permisit,
3737 1981 3804 2026 ut

2200 2068 2254 2113 et
2276 2074 2375 2114 nos
2404 2059 2458 2114 in
2487 2059 2592 2114 ﬁde
2623 2060 2739 2131 ejus
2776 2060 3052 2127 durantes,
3080 2061 3331 2116 omnibus
3357 2063 3531 2116 exitiis
3555 2078 3665 2132 pro
3691 2063 3800 2118 illo

2204 2155 2361 2208 nobis
2414 2152 2597 2217 illatis,
2631 2166 2736 2206 non
2781 2152 3054 2216 cedamus,
3105 2152 3338 2208 scientes
3367 2153 3484 2222 plus
3513 2153 3673 2207 illum
3737 2154 3811 2208 de

2202 2245 2358 2300 nobis
2382 2243 2600 2310 mereri,
2634 2258 2794 2314 quam
2821 2257 3156 2312 quacunque
3203 2242 3271 2298 ab
3299 2243 3528 2298 inimicis
3553 2253 3812 2312 possunt

2202 2336 2409 2391 inferri.
2441 2335 2532 2389 llle
2559 2334 2724 2400 enim,
2753 2349 2876 2388 cum
2910 2333 2980 2388 sit
3010 2334 3269 2389 Dominus
3295 2342 3350 2388 et
3375 2335 3570 2389 nullius
3602 2345 3806 2405 egeat,

2200 2427 2396 2482 obtulit
2421 2443 2479 2482 se
2502 2442 2601 2496 pro
2631 2427 2800 2489 nobis,
2835 2435 2894 2480 ut
2915 2441 3019 2482 non
3047 2426 3144 2492 illi,
3171 2427 3265 2483 sed
3288 2427 3442 2482 nobis
3466 2427 3806 2498 proﬁceret.

2201 2519 2310 2574 Nos
2321 2520 2464 2574 enim
2479 2520 2689 2574 etiarnsi
2705 2519 2858 2574 nobis
2873 2534 2976 2574 non
2989 2517 3296 2590 proﬁceret,
3313 2519 3450 2575 forte
3464 2535 3809 2590 cogeremur

2202 2616 2337 2670 mori
2365 2631 2462 2686 pro
2493 2616 2606 2684 ipso
2630 2615 2858 2670 Domino
2879 2617 3022 2671 servi
3051 2635 3064 2671 :
3097 2625 3302 2689 quanto
3325 2619 3495 2688 magis
3517 2633 3648 2673 cum
3677 2635 3807 2675 non

2201 2711 2372 2765 solum
2389 2711 2553 2777 illius,
2566 2713 2658 2766 sed
2673 2722 2727 2766 et
2741 2722 2921 2767 nostra
2936 2728 3082 2768 mors
3095 2715 3250 2769 nobis
3261 2723 3479 2785 prmstet
3492 2713 3769 2770 ell’ectum
3787 2717 3802 2768 !

2271 2804 2394 2874 Ipse
2423 2815 2498 2858 est
2525 2807 2663 2858 enim
2701 2821 2806 2876 pax
2841 2816 3037 2871 nostra,
3069 2806 3159 2877 qui
3185 2806 3306 2876 fecit
3337 2817 3554 2877 utraque
3595 2823 3803 2860 unum.

2201 2893 2397 2966 (Ilion)
2432 2894 2663 2949 Dicens:
2695 2892 2887 2948 Pacem
2930 2912 3099 2950 meam
3119 2895 3186 2950 do
3208 2895 3369 2961 vobis,
3408 2913 3588 2966 pacem
3613 2896 3798 2952 relin-

2199 3004 2300 3058 quo
2348 2987 2483 3042 vobis
2515 2986 2694 3058 (Joan.
2724 2985 2856 3056 xw).
2901 2986 3178 3054 Quomodo
3211 2988 3354 3042 enim
3406 2987 3672 3057 sapientia
3713 3003 3807 3043 sa-

2197 3079 2405 3148 pientes
2433 3077 2584 3144 facit,
2608 3087 2662 3132 et
2699 3077 2906 3148 justitia
2927 3061 3125 3146 justus,
3165 3088 3221 3133 et
3267 3078 3626 3134 sanctiﬁcatio
3655 3094 3805 3136 san-

2203 3179 2341 3236 ctos,
2355 3179 2409 3226 et
2429 3171 2537 3224 vita
2557 3173 2817 3236 viventes,
2837 3170 2916 3226 sic
2932 3179 2986 3226 et
3007 3171 3120 3239 ipse
3140 3185 3244 3240 pax
3266 3169 3394 3226 facit
3417 3187 3515 3226 nos
3535 3180 3804 3240 pacatos,

516 3246 678 3310 verba
708 3255 1016 3310 moderatus
1045 3263 1127 3309 est
1174 3272 1187 3307 :
1223 3253 1326 3318 Qui
1353 3253 1663 3308 dicebamini
1685 3253 2019 3322 prtrputium,
2050 3259 2099 3305 et
2127 3235 2171 3299 C
2204 3270 2262 3316 υι
2291 3235 2532 3316 dicamus
2559 3278 2572 3314 ;
2603 3277 2722 3315 cum
2751 3235 2831 3314 his
2867 3261 2958 3332 qui
2985 3235 3202 3315 oderunt
3228 3278 3430 3332 pacem,
3467 3235 3611 3316 eram
3644 3265 3805 3332 paci—

509 3349 668 3402 eratis
724 3347 788 3400 ab
825 3365 906 3413 ea,
935 3363 1050 3417 qua:
1079 3345 1274 3400 dicitur
1301 3346 1630 3400 circumcisio
1671 3345 1726 3398 in
1753 3361 1910 3398 carne
1936 3359 2100 3397 manu

512 3438 674 3507 facta,
706 3454 813 3493 non
839 3454 945 3507 quo
975 3439 1046 3494 sit
1071 3438 1432 3501 circumcisio,
1464 3438 1558 3492 scd
1579 3453 1686 3508 quo
1713 3437 1827 3508 ipsa
1864 3435 1966 3490 sibi
1994 3435 2099 3490 hoc

512 3544 708 3583 nomen
747 3537 1008 3593 assumat,
1033 3537 1089 3582 et
1112 3528 1182 3583 sit
1227 3543 1351 3582 vere
1383 3527 1726 3583 circumcisio
1766 3527 2096 3593 manui-dcta,

511 3634 616 3675 uou
664 3619 869 3690 Spiritu
912 3639 923 3674 :
969 3621 1128 3676 simul
1158 3630 1213 3674 et
1239 3620 1368 3674 illud
1396 3627 1478 3674 est
1522 3620 1927 3686 attendendum,
1956 3619 2099 3690 quod

511 3729 630 3774 nos,
650 3729 784 3780 quos
807 3712 923 3766 sine
945 3712 1162 3766 Christo
1185 3711 1448 3767 alienatos
1471 3712 1740 3781 quondam
1761 3727 1792 3765 a
1814 3725 2097 3766 conversa-

511 3805 653 3857 tione
681 3803 842 3858 lsrael
870 3818 992 3858 esse
1019 3803 1356 3869 memoravit,
1382 3813 1437 3858 et
1460 3805 1777 3875 peregrinos
1807 3821 1836 3858 a
1860 3805 2098 3875 promis-

509 3894 755 3948 siouibus
777 3901 832 3948 et
870 3903 1192 3950 testamento
1217 3896 1333 3960 Dei,
1365 3912 1509 3952 nunc
1533 3903 1818 3967 postquam
1860 3897 1912 3951 iu
1943 3896 2098 3952 Chri-

509 4000 650 4043 stum
678 3991 1026 4057 credidimus,
1058 3992 1200 4047 sicut
1228 3993 1678 4063 repromissiones
1695 4002 1750 4048 et
1779 4001 2098 4048 testamenta

506 4084 624 4154 ejus
669 4086 965 4156 accipimus
988 4128 1003 4152 ,
1039 4087 1114 4141 ita
1141 4103 1353 4158 quoque
1395 4089 1856 4144 conversationem
1895 4091 2097 4146 habere

511 4176 756 4230 dicamur
776 4176 959 4243 Israel,
983 4180 1251 4246 quomodo
1271 4182 1610 4236 conversatio
1632 4181 1882 4236 universa
1911 4181 2096 4252 legalis

511 4268 758 4334 expletur
806 4269 858 4321 in
897 4269 1072 4324 nobis.
1125 4270 1262 4335 Quia
1292 4271 1542 4327 videlicet
1569 4273 1657 4327 lex
1701 4273 1960 4343 spiritalis
1990 4280 2092 4340 est,

513 4375 569 4421 et
599 4368 771 4439 magis
811 4369 1270 4423 circurncidamur
1297 4379 1351 4424 et
1373 4370 1772 4425 sabbatizemus
1797 4371 1850 4426 in
1880 4371 2092 4441 spiritu,

513 4457 783 4526 spiritales
821 4457 1068 4513 victimas
1091 4457 1399 4524 offerentes,
1431 4459 1643 4514 illorum
1684 4460 1881 4530 templo
1909 4460 2096 4514 altari-

508 4562 613 4617 que
639 4548 952 4612 destructis,
978 4563 1078 4601 nos
1105 4548 1213 4601 Deo
1231 4546 1503 4602 fructuum
1528 4559 1834 4604 nostrorum
1859 4550 2096 4604 decimas

509 4639 829 4704 offeramus;
861 4653 961 4693 nos
989 4639 1326 4694 immolemus
1360 4656 1558 4711 agnum
1589 4641 2010 4706 immaculatum,
2044 4656 2104 4710 et

511 4730 739 4786 accincti
785 4730 1017 4795 lumbos,
1043 4732 1278 4800 expediti
1305 4733 1507 4803 pascha
1539 4733 1915 4800 comedamus;
1957 4734 2100 4790 sicut

505 4819 652 4873 cnim
707 4819 1048 4874 circumcisio
1077 4821 1273 4876 dicitur
1301 4822 1354 4875 iu
1397 4837 1562 4876 carne
1609 4837 1772 4876 manu
1813 4822 1987 4888 facta;
2019 4825 2098 4878 ita

509 4907 576 4962 ad
625 4908 1024 4964 distinctionem
1056 4909 1173 4979 ejus
1222 4911 1542 4982 intelligitur
1569 4911 1674 4966 alia
1715 4927 1835 4969 esse
1863 4913 2098 4969 circum-

509 4999 664 5064 cisio,
698 5016 816 5069 qure
845 5015 949 5054 nou
983 5002 1074 5066 sit,
1108 5002 1248 5056 sicut
1274 5003 1528 5068 diximus,
1577 5019 1738 5058 manu
1793 5003 1958 5070 facta,
1999 5004 2096 5060 sed

508 5090 724 5160 spiritu.
751 5090 903 5156 Quod
925 5101 1105 5146 autem
1125 5092 1220 5158 ait,
1249 5112 1265 5144 ε
1290 5110 1440 5164 spem
1465 5109 1574 5149 non
1601 5094 1859 5150 habentes
1894 5103 1950 5150 et
1975 5095 2095 5150 sine

507 5177 618 5235 Deo
647 5181 698 5234 in
723 5182 824 5235 hoc
853 5183 1067 5246 mundo,
1099 5202 1117 5234 ι
1148 5200 1251 5239 non
1279 5201 1386 5255 quo
1407 5185 1592 5254 plures
1621 5184 1773 5250 deos,
1801 5194 2091 5256 antequam

507 5272 562 5326 in
593 5271 864 5328 Christum
895 5275 1196 5341 crederent,
1228 5276 1440 5346 Ephesii
1472 5292 1578 5330 non
1611 5275 1899 5331 habuerint
1928 5285 2090 5346 atque

509 5364 750 5418 venerati
773 5366 902 5430 sint,
919 5367 1010 5420 sed
1033 5383 1140 5437 quo
1161 5367 1248 5436 qui
1273 5367 1476 5436 absque
1495 5381 1622 5421 vero
1646 5367 1754 5420 Deo
1775 5367 1865 5432 sit,
1883 5367 2087 5421 nullum

509 5450 665 5504 deum
693 5451 905 5507 haheat.
939 5455 1003 5509 Et
1021 5455 1385 5526 signiﬁcanter
1407 5455 1644 5508 additum
1666 5463 1768 5518 est,
1794 5474 1813 5507 ›
1842 5456 1958 5511 sine
1977 5456 2084 5511 Deo

508 5541 804 5608 inmundo;
822 5545 1091 5601 habebant
1110 5547 1305 5614 quippe
1321 5547 1507 5608 Deum,
1524 5562 1679 5614 quem
1695 5562 1788 5601 eos
1803 5547 2082 5602 habituros

507 5635 650 5690 Deus
673 5647 796 5691 ante
821 5647 1169 5708 cognoverat,
1189 5647 1244 5692 et
1271 5639 1410 5707 apud
1439 5638 1833 5707 prtcscicntiam
1859 5637 1951 5692 Dei
1977 5655 2082 5694 non

507 5738 665 5782 erant
683 5730 797 5784 sine
819 5729 948 5794 Deo,
967 5731 1060 5784 sed
1085 5731 1137 5784 in
1155 5729 1351 5785 mundo
1371 5737 1528 5785 erant
1549 5731 1752 5798 absque
1774 5729 1904 5784 Deo.
1923 5729 2082 5785 Nunc

510 5827 680 5872 autem
711 5820 764 5873 in
786 5816 992 5874 Christo
1014 5819 1140 5875 Jesu
1167 5838 1276 5892 vos,
1300 5823 1388 5894 qui
1413 5820 1694 5894 aliquando
1721 5822 1881 5876 eratis
1909 5819 2081 5892 longe,

2203 3352 2337 3420 ﬁcus
2368 3348 2541 3419 (Psal.
2565 3351 2738 3422 cm).
2767 3350 2823 3405 Si
2848 3359 3027 3406 autem
3046 3350 3295 3406 Christus
3314 3352 3651 3406 credentium
3679 3368 3804 3423 pax

2199 3451 2302 3508 est,
2332 3443 2639 3514 quicunque
2664 3445 2779 3508 sine
2814 3459 2945 3514 pace
2973 3455 3075 3510 est,
3105 3452 3500 3514 consequenter
3531 3460 3637 3499 non
3689 3445 3804 3500 ha-

2199 3533 2288 3588 bet
2317 3533 2613 3590 Christum.
2640 3535 2743 3602 Qui
2788 3535 2909 3606 fecit
2957 3545 3176 3606 utraque
3226 3552 3408 3604 unum,
3456 3545 3505 3590 et
3555 3537 3802 3592 medium

2197 3625 2446 3694 parietem
2491 3629 2732 3682 maceriw
2775 3629 2976 3682 solvens
3020 3629 3320 3683 inimicitias
3370 3630 3424 3682 in
3454 3646 3614 3683 carne
3661 3646 3796 3684 sua.

2200 3719 2433 3793 (Ambr.)
2481 3720 2676 3776 Pacem
2720 3720 2850 3776 fecit
2877 3725 3015 3776 inter
3039 3723 3506 3778 circumcisionem
3539 3732 3594 3778 et
3641 3739 3802 3798 prae-

2198 3813 2408 3882 putium
2429 3813 2610 3882 passio
2633 3811 3303 3868 Salvatoris.Inimicitiam
3325 3814 3489 3878 enim,
3505 3829 3625 3883 qua:
3637 3814 3802 3870 velut

2197 3903 2376 3974 paries
2424 3904 2597 3958 media
2640 3912 2781 3970 erat,
2816 3912 2870 3959 et
2906 3903 3176 3960 dividebat
3227 3903 3701 3960 circumcisiouem
3759 3922 3796 3961 a

2197 3992 2483 4062 praeputio,
2510 4001 2565 4046 et
2593 3993 2914 4062 praeputium
2936 4009 2967 4049 a
2989 3993 3421 4062 circumcisione,
3447 3997 3590 4051 hanc
3619 3996 3798 4053 solvit

2199 4081 2468 4150 Salvator,
2501 4083 2634 4138 dans
2676 4085 2870 4155 legem,
2901 4093 2960 4139 ut
3003 4101 3180 4156 neque
3204 4084 3421 4142 Iudaeus
3447 4103 3796 4158 praesumens

2199 4179 2264 4233 de
2309 4178 2722 4232 circumcisione
2751 4180 3065 4248 reprobaret
3098 4178 3387 4244 Gentilem,
3425 4194 3600 4248 neque
3637 4178 3796 4235 Gen-

2200 4268 2307 4322 tilis
2328 4267 2464 4322 ﬁdus
2487 4268 2552 4322 de
2575 4269 2859 4338 praeputio,
2884 4268 2938 4322 id
2963 4278 3068 4332 est,
3090 4269 3154 4323 de
3174 4269 3480 4339 paganitate
3500 4269 3794 4323 abomina-

2198 4367 2348 4414 retur
2367 4357 2642 4424 Judaeum;
2669 4360 2760 4415 sed
2783 4367 2842 4414 ut
2855 4358 3013 4413 ambo
3031 4359 3295 4424 innovati,
3320 4357 3479 4412 unius
3501 4357 3596 4412 Dei
3619 4357 3792 4412 ﬁdem

2197 4463 2554 4522 sequerentur
2581 4451 2635 4506 in
2656 4450 2891 4506 Christo.
2925 4449 3114 4506 Omnia
3140 4451 3280 4505 enim
3309 4464 3427 4520 quae
3452 4449 3636 4504 docuit
3665 4449 3793 4504 Sal-

2199 4551 2376 4606 vator,
2434 4549 2564 4596 tunc
2613 4539 2866 4607 ﬁrmavit,
2919 4541 3134 4610 quando
3185 4539 3452 4604 surrexit;
3511 4539 3790 4608 parietem

2199 4643 2405 4706 tamen,
2437 4633 2528 4703 qui
2556 4632 2764 4688 medius
2791 4639 2928 4698 erat,
2965 4630 3206 4686 dividens
3239 4631 3380 4684 inter
3402 4631 3573 4700 legem
3602 4629 3788 4684 facto-

2201 4740 2320 4779 rum
2350 4733 2404 4779 et
2426 4724 2798 4795 gentilitatem,
2822 4723 3114 4778 maceriam
3147 4723 3259 4792 sive
3285 4737 3465 4792 sepem
3498 4722 3789 4794 signiﬁca-

2200 4814 2300 4880 vit,
2325 4814 2378 4868 id
2409 4821 2508 4878 est,
2541 4828 2646 4867 non
2675 4813 2937 4882 parietem
2962 4812 3230 4877 stabilem,
3253 4827 3429 4882 neque
3457 4815 3785 4878 robustum;

2200 4903 2325 4973 quia
2374 4918 2547 4973 neque
2607 4902 2892 4958 Gentilitas
2949 4903 3104 4958 ﬁrma
3173 4918 3260 4960 res
3311 4914 3446 4971 erat,
3497 4906 3654 4976 quasi
3708 4907 3785 4960 ab

2200 4996 2417 5052 homine
2467 4997 2716 5062 inventa,
2769 5009 2942 5066 neque
2989 4997 3331 5053 circumcisio
3373 5008 3428 5052 et
3475 5000 3786 5058 neomeniae

2194 5102 2446 5142 escarum
2471 5095 2527 5141 et
2574 5085 2966 5142 sacriﬁciorum
2997 5127 3012 5152 ,
3066 5087 3150 5142 vel
3184 5086 3531 5144 sabbatorum
3563 5090 3784 5148 stabilis
3868 5097 3876 5107 '

2192 5187 2248 5234 et
2271 5177 2378 5232 ﬁxa
2415 5179 2750 5243 observatio;
2782 5178 2862 5233 sic
2885 5179 3029 5233 enim
3052 5178 3175 5233 data
3211 5188 3356 5244 sunt,
3387 5189 3448 5234 ut
3468 5191 3776 5247 cessarent,

2193 5272 2510 5328 adveniente
2531 5271 2744 5326 Christo
2771 5290 2783 5324 :
2811 5273 3056 5342 quamvis
3076 5273 3220 5327 enim
3245 5272 3384 5327 Deus
3407 5273 3522 5327 haec
3541 5274 3775 5338 dederit,

2191 5363 2287 5418 sed
2325 5363 2392 5417 ad
2423 5373 2654 5434 tempus,
2686 5363 2806 5419 ﬁdei
2840 5374 3018 5418 autem
3047 5365 3198 5418 lirma
3227 5373 3281 5418 et
3311 5366 3432 5421 sine
3458 5381 3778 5421 successore

2190 5465 2273 5512 est
2297 5455 2629 5526 praedicatio.
2659 5457 2844 5528 Legem
2860 5459 3228 5512 mandatorum
3250 5459 3467 5512 decretis
3489 5475 3772 5523 evacuans,

2188 5563 2245 5608 ut
2279 5554 2410 5608 duos
2449 5555 2634 5609 condat
2663 5557 2714 5608 in
2757 5558 3048 5624 semetipso,
3079 5555 3130 5608 in
3180 5571 3340 5608 unum
3377 5572 3566 5609 novum
3606 5556 3776 5609 homi-

2188 5660 2304 5698 nem
2343 5643 2540 5712 faciens
2567 5649 2766 5714 pacem.
2801 5645 2912 5700 Hoc
2959 5654 3058 5707 est,
3099 5646 3240 5714 quod
3271 5661 3430 5716 supra
3460 5647 3772 5700 summatim

2187 5736 2508 5799 memoravi,
2539 5735 2664 5805 quia
2694 5733 2888 5804 legem,
2915 5751 3033 5804 qua:
3059 5736 3178 5788 data
3205 5734 3323 5790 erat
3350 5736 3552 5790 Iudaeis
3579 5737 3634 5789 in
3664 5737 3772 5790 cir-

2188 5826 2537 5894 eumcisione,
2563 5835 2618 5884 et
2642 5827 2696 5882 in
2723 5825 3042 5896 neomeniis,
3073 5825 3207 5881 etin
3231 5825 3396 5896 escis,
3426 5834 3484 5883 et
3512 5825 3570 5882 in
3603 5823 3774 5882 sacri:
