3986 6338
285 369 397 422 4οθ

755 354 1301 418 ΕΝΑΒΒἈΤΙΟΝΠΜ
1335 353 1406 414 IN
1444 351 1591 414 EPP.
1629 355 1834 414 PAULI
1872 359 1873 363 “

1978 351 2008 412 ξ,
2039 349 2180 412 XVII
2213 345 2300 397 λζ
2323 353 2648 413 IN'EPIST.
2687 355 2779 411 AD
2819 350 3059 413 EPHES.

3427 350 3533 411 HO

288 480 452 544 ﬁciis,
477 488 532 534 et
553 477 607 532 in
637 477 884 540 sabbato,
920 474 1225 540 evacuavit,
1249 483 1353 529 noc
1373 481 1475 537 est,
1509 486 1729 527 cessare
1745 471 1858 540 jam
1886 474 1934 534 Α
1965 468 2230 538 Scriptum
2248 475 2331 523 est
2350 468 2718 548 quippeineo:
2758 467 2879 523 Vias
2897 470 3011 538 ejus
3031 467 3136 522 vidi
3146 475 3194 522 et
3213 469 3396 523 sanari
3413 483 3533 524 eum

277 572 484 635 _ussit,
532 569 658 639 quia
692 566 842 621 oneri
888 573 1027 629 erat,
1070 574 1126 619 et
1172 564 1250 618 sic
1298 561 1424 618 fecit
1468 576 1675 632 pacem.
1710 559 1862 615 Unde

281 663 485 718 Petrus
541 657 815 729 apostolus
869 655 998 710 dicit
1045 654 1098 708 in
1159 653 1382 708 Actibus
1430 651 1789 720 apostolorum
1843 667 1856 704 :

285 751 435 817 Quid
457 749 719 820 imponitis
733 747 922 816 jugunt
961 760 1123 814 supra
1163 743 1406 798 cervicem
1433 741 1678 811 fratrum,
1722 739 1861 810 quod

281 860 455 915 neque
511 849 684 912 patres
738 837 904 894 nostri
994 851 1156 905 neque
1200 842 1522 900 nosportare
1545 831 1809 902 potuimus
1837 829 1864 884 7

281 935 430 1003 (Act.
455 923 569 1004 iv.)
1212 942 1217 945 ·
1689 930 1717 942 ”

363 1023 430 1077 Ut
460 1021 718 1078 exhiberet
756 1028 803 1073 et
830 1014 1190 1072 reconciliaret
1217 1011 1397 1069 ambos
1434 1013 1491 1068 in
1512 1027 1618 1066 uno
1645 1024 1861 1081 corpore

289 1116 400 1170 Deo
429 1131 522 1184 per
543 1127 766 1167 crucem.
798 1109 1018 1166 Sublata
1049 1106 1329 1162 inimicitia
1359 1113 1534 1160 morte
1559 1120 1676 1169 sua,
1703 1102 1862 1158 Chri-

285 1214 405 1259 stus
436 1203 583 1273 prius
604 1199 828 1272 populos
857 1199 998 1252 inter
1019 1212 1077 1252 se
1105 1194 1507 1260 reconciliavit;
1535 1192 1730 1248 deinde
1752 1191 1862 1246 Deo

283 1295 428 1365 patri
455 1292 706 1362 paciﬁcos
727 1288 876 1354 fecit,
905 1297 966 1342 ut
999 1287 1244 1342 homines
1279 1293 1488 1340 natura:
1513 1285 1691 1347 unius,
1735 1283 1862 1352 quia

281 1384 487 1440 diversi
548 1381 675 1436 facti
729 1380 941 1434 fuerant
972 1393 1070 1448 per
1107 1391 1370 1441 errorem,
1410 1375 1648 1430 n'tembra
1684 1372 1860 1428 eﬂice-

283 1483 481 1530 rentur
509 1473 665 1528 unius
678 1470 920 1540 corporis
943 1469 1085 1533 novi,
1108 1468 1263 1539 cujus
1298 1473 1459 1536 caput
1482 1466 1729 1520 Christus
1758 1473 1859 1520 est.

287 1565 616 1634 Inter-ﬁciens
641 1561 943 1615 inimicitias
981 1559 1036 1612 in
1060 1558 1331 1626 semetipso
1351 1596 1366 1620 ,
1393 1564 1440 1608 et
1473 1554 1677 1608 veniens
1703 1569 1861 1607 evan-

282 1633 528 1726 gelizavit
556 1669 736 1724 pacem
766 1649 938 1714 vobis,
961 1650 1051 1720 qui
1080 1648 1229 1718 longe
1255 1647 1430 1715 fuistis
1450 1685 1464 1710 ,
1495 1653 1543 1699 et
1567 1633 1744 1714 pacem
1783 1644 1863 1698 his

280 1747 376 1818 qui
419 1763 601 1818 prope,
645 1743 894 1815 quoniam
944 1758 1035 1812 per
1087 1741 1254 1810 ipsum
1301 1738 1548 1792 habemus
1598 1752 1863 1790 accessum

1961 570 2008 616 et
2026 559 2324 616 consolatus
2344 576 2458 614 sum
2480 576 2619 625 eum,
2641 571 2688 614 et
2709 560 2828 613 dedi
2848 560 2895 613 ei
2917 559 3317 613 consolationem
3335 577 3528 628 veram,

1959 669 2138 725 pacem
2170 669 2326 723 super
2345 669 2522 723 pacem
2568 653 2648 707 his
2687 652 2776 723 qui
2803 651 2953 722 longe
2981 660 3130 705 erant
3167 659 3215 704 et
3245 651 3334 721 qui
3373 668 3532 721 prope

1963 743 2098 816 (lsa.
2126 743 2282 816 Lvn),
2304 751 2360 799 et
2383 744 2499 800 haec
2524 733 2743 814 quidem
2772 741 2928 812 juxta
2953 741 3219 813 vulgatam
3244 742 3532 797 editionem

1961 835 2104 892 dicta
2153 835 2283 892 sint.
2335 834 2601 890 Caeterum
2655 834 2747 904 qui
2810 833 2938 888 illud
2993 831 3240 903 Apostoli
3290 831 3418 903 legit
3470 832 3535 886 de

1962 924 2604 982 Cbristomemorantis:
2632 920 2821 978 Pacem
2859 922 3058 993 faciens
3091 938 3184 993 per
3228 919 3535 992 sanguinem

1963 1018 2134 1074 crucis
2177 1033 2287 1073 suae
2336 1015 2418 1070 his
2471 1017 2561 1087 qui
2611 1016 2664 1070 in
2715 1024 2856 1070 terra
2902 1021 3070 1079 erant,
3119 1022 3166 1066 et
3195 1012 3276 1067 his
3343 1010 3434 1082 qui
3479 1010 3535 1064 in

1964 1108 2124 1173 caelis,
2165 1117 2220 1163 et
2244 1115 2438 1163 caetera
2479 1121 2600 1177 quas
2636 1106 2692 1161 in
2725 1106 2912 1161 eodem
2944 1105 3198 1158 dicuntur
3240 1103 3378 1167 loco,
3421 1115 3530 1156 non

1963 1199 2173 1270 putabit
2199 1213 2314 1264 nos,
2342 1198 2433 1270 qui
2447 1195 2603 1266 juxta
2645 1195 2889 1267 spiritum
2910 1193 3072 1249 Israel
3097 1207 3352 1247 vocamur
3374 1189 3537 1244 fuisse

1964 1287 2143 1359 longe,
2168 1297 2225 1343 et
2251 1285 2481 1350 Judmos,
2510 1285 2602 1356 qui
2639 1285 3004 1340 tantummodo
3032 1281 3194 1337 Israel
3226 1294 3538 1349 nuncupen-

1966 1389 2054 1435 tur
2078 1380 2132 1433 in
2153 1394 2338 1443 carne,
2365 1377 2528 1433 fuisse
2553 1391 2740 1446 prope,
2771 1384 2826 1430 et
2862 1376 3002 1429 hanc
3041 1382 3205 1428 totam
3235 1369 3535 1440 intelligen-

1967 1471 2095 1524 tiam
2117 1469 2186 1523 ad
2229 1468 2446 1538 angelos
2478 1467 2810 1536 virtutesque
2836 1465 3104 1531 caelestes,
3146 1472 3200 1519 et
3220 1463 3289 1517 ad
3332 1462 3540 1530 animas

1965 1562 2287 1634 temperabit
2320 1563 2605 1626 humanas,
2627 1559 2767 1629 quod
2796 1559 2850 1612 in
2873 1572 2972 1613 suo
3009 1555 3256 1612 Christus
3283 1553 3537 1622 sanguine

1968 1663 2183 1708 terrena
2210 1660 2263 1705 et
2285 1649 2521 1706 ccelestia
2544 1648 2828 1718 copularit,
2859 1662 2978 1716 qua:
3005 1646 3143 1700 inter
3165 1659 3222 1699 se
3244 1651 3402 1699 antea
3429 1643 3538 1698 dis-

1968 1743 2245 1808 sidebant;
2279 1742 2523 1797 etbouus
2549 1735 3057 1809 pastor'morbidam
3102 1734 3170 1788 ad
3213 1741 3420 1787 montes
3456 1745 3542 1788 re-

281 1835 512 1889 amboin
547 1849 652 1888 uno
679 1831 882 1901 Spiritu
916 1829 984 1882 ad
1010 1827 1243 1882 Patrem.
1275 1823 1479 1898 (Amb.)
1501 1825 1644 1879 Idem
1679 1837 1869 1879 sensus

1978 1843 2192 1907 portans
2220 1847 2395 1897 ovem,
2421 1830 2609 1886 fecerit
2630 1841 2749 1884 esse
2785 1841 2907 1882 cum
2949 1825 3175 1887 czeteris,
3227 1821 3539 1878 drachmam
3634 1874 3636 1876 ,

283 1933 392 1989 εει,
419 1921 690 1978 interfecit
708 1921 852 1975 enim
875 1918 1214 1972 inimicitiam
1238 1918 1292 1971 in
1323 1931 1399 1980 se,
1423 1916 1546 1970 dum
1574 1930 1672 1985 pro
1694 1914 1868 1969 omni-

283 2019 389 2073 bus
414 2028 524 2077 tam
551 2015 748 2072 Iudaeis
769 2029 930 2084 quam
951 2011 1241 2082 gentilibus
1269 2018 1516 2063 mortuus
1543 2015 1628 2061 est
1657 2024 1669 2059 :
1695 2005 1866 2060 omni-

284 2109 389 2164 bus
417 2107 561 2163 enim
591 2105 804 2178 proﬁcit
847 2117 993 2158 mors
1042 2099 1358 2156 Salvatoris.
1392 2096 1697 2167 Resurgens
1722 2094 1867 2149 enim

284 2215 318 2253 a
369 2199 614 2262 mortuis,
663 2197 914 2251 damnata
959 2199 1156 2257 morte,
1215 2203 1332 2260 quae
1394 2187 1612 2242 tenebat
1657 2198 1863 2247 omnes,

284 2290 529 2346 ostendit
569 2303 732 2358 quam
785 2287 945 2356 spem”
989 2284 1250 2338 haberent
1290 2279 1573 2335 credentes
1622 2277 1678 2330 in
1719 2289 1864 2330 eum.

286 2383 430 2439 Hinc
457 2379 732 2437 mandavit
760 2375 1225 2448 praedicationem,
1257 2387 1361 2442 qua
1389 2385 1576 2426 omnes
1604 2381 1868 2424 convoca-

284 2484 479 2532 rentur
517 2473 584 2527 ad
632 2473 800 2527 Deum
830 2477 1038 2539 patrem
1074 2468 1128 2522 in
1154 2465 1363 2520 unitate
1411 2461 1662 2532 Spiritus,
1697 2459 1866 2515 scissa

285 2565 584 2630 discordia,
623 2570 684 2616 ut
731 2562 844 2616 sive
889 2558 1081 2623 Judaei,
1114 2557 1205 2628 qui
1235 2569 1403 2627 pr0pe
1436 2554 1556 2608 ideo
1593 2553 1863 2616 dicuntur,

288 2657 418 2728 quia
445 2656 680 2726 ipsorum
709 2652 954 2722 patribus
973 2649 1115 2704 facta
1137 2647 1424 2719 promissio
1450 2653 1566 2710 est;
1594 2645 1708 2699 sive
1727 2641 1869 2698 Gen-

287 2751 436 2813 tiles,
466 2748 556 2817 qui
604 2747 723 2801 ideo
769 2744 924 2813 longe
954 2742 1228 2806 dicuntur,
1265 2739 1390 2809 quia
1424 2737 1515 2790 Dei
1551 2735 1725 2807 legem
1761 2748 1868 2788 non

287 2843 615 2907 receperunt
667 2836 847 2888 datam
899 2847 996 2901 per
1047 2830 1288 2901 Moysen,
1342 2827 1552 2883 sublato
1600 2824 1870 2894 prieterito

289 2937 422 3002 ritu,
451 2933 784 3005 susciperent
815 2929 970 2986 ﬁdem
1013 2927 1236 2995 Christi,
1281 2942 1370 2999 per
1401 2941 1561 2999 quam
1590 2921 1864 2983 efﬁceren-

289 3039 383 3085 tur
417 3045 602 3084 unum.
635 3025 835 3100 (men)
860 3025 1150 3094 Postquam
1173 3037 1302 3092 ergo
1324 3023 1638 3092 sapientiam
1660 3020 1861 3085 carnis,

291 3135 415 3190 qua:
443 3126 527 3174 est
547 3117 762 3172 inimica
793 3113 921 3179 Deo,
941 3114 994 3167 in
1025 3126 1121 3166 sua
1143 3111 1380 3166 salvator
1405 3125 1568 3166 carne
1595 3109 1864 3164 destruxit

1968 1942 2088 1998 qua:
2123 1925 2360 1995 perierat
2382 1920 2656 1978 drachmis
2680 1935 2800 1990 qua:
2827 1916 2986 1972 salva:
3009 1915 3222 1971 fuerant
3256 1911 3540 1982 copulave-

1968 2016 2040 2070 rit
2067 2015 2217 2086 (Luc.
2270 2013 2382 2084 xv),
2410 2020 2464 2067 et
2503 2010 2756 2065 mandata
2785 2008 2974 2078 legalia
3022 2006 3090 2061 ad
3135 2004 3222 2061 illa
3252 2003 3538 2060 retraxerit

1967 2103 2242 2173 dogmata,
2287 2100 2353 2153 ad
2399 2111 2627 2168 quorum
2676 2105 2862 2166 typum
2904 2101 2958 2147 et
2995 2090 3284 2162 imaginem
3325 2088 3536 2160 Moyses

1967 2211 2087 2266 qua:
2103 2202 2283 2248 essent
2296 2193 2347 2246 in
2362 2187 2708 2245 tabernaculo
2722 2186 3028 2241 fabricanda
3049 2183 3346 2254 conspexit.
3365 2183 3540 2251 Atque

1966 2287 2042 2342 ita
2070 2285 2210 2349 ﬁeri,
2233 2291 2292 2338 ut
2317 2297 2450 2338 crux
2494 2278 2705 2334 Domini
2753 2292 2858 2332 non
2885 2276 3058 2331 solum
3081 2283 3257 2339 terra),
3285 2273 3380 2328 sed
3401 2270 3538 2327 ctelo

1965 2374 2248 2448 profuerit,
2282 2387 2388 2427 non
2417 2379 2622 2425 tantum
2649 2367 2973 2432 hominibus,
3012 2366 3106 2421 sed
3141 2373 3198 2421 et
3220 2363 3443 2436 angelis,
3485 2371 3542 2418 et

1967 2468 2142 2525 omnis
2172 2473 2422 2521 creatura
2445 2460 2659 2517 Domini
2681 2459 2764 2516 sui
2791 2472 2982 2514 cruore
3001 2456 3254 2512 mundata
3278 2454 3366 2510 sit.
3392 2452 3543 2520 Quod

1967 2566 2147 2613 autem
2173 2556 2268 2621 ait,
2299 2563 2356 2608 ut
2404 2553 2535 2606 duos
2587 2550 2828 2605 conderet
2873 2549 2928 2602 in
2973 2547 3246 2617 semetipso
3278 2546 3334 2599 in
3379 2558 3543 2597 unum

1969 2665 2155 2704 novum
2181 2648 2461 2709 hominem,
2492 2651 2547 2698 et
2566 2641 2710 2711 quod
2727 2639 2899 2710 magis
2931 2638 3146 2694 videtur
3165 2633 3430 2705 superiori
3471 2631 3539 2686 de

1967 2740 2165 2796 Iudaeis
2188 2748 2348 2808 atque
2366 2736 2668 2793 Gentilibus
2686 2733 2868 2790 sensui
2897 2732 3203 2796 convenire,
3223 2730 3303 2786 sic
3333 2743 3444 2784 suae
3465 2727 3546 2780 in—

1970 2831 2277 2901 telligentiae
2296 2828 2596 2897 coaptabat,
2624 2834 2683 2879 ut
2709 2825 2854 2878 dicat
2876 2822 3150 2876 hominem
3167 2819 3325 2889 juxta
3355 2817 3544 2888 imagi-

1971 2937 2094 2976 nem
2147 2930 2202 2974 et
2255 2917 2661 2974 similitudinem
2695 2902 2805 2970 Dei
2851 2911 3069 2976 factum,
3130 2909 3375 2965 eamdem
3421 2916 3549 2976 post

1971 3011 2465 3072 reconciliationem
2494 3006 2722 3066 formam
2753 3013 3113 3080 recepturum,
3142 3015 3304 3070 quam
3326 3008 3379 3055 et
3401 3014 3544 3052 nunc

1973 3107 2146 3178 angeli
2177 3107 2398 3170 habent,
2433 3113 2486 3158 et
2515 3104 2630 3173 ipse
2656 3101 2969 3172 perdiderit.
3007 3098 3213 3155 Novum
3243 3101 3422 3154 autem
3445 3092 3547 3155 lto-

291 3189 351 3264 et
393 3214 662 3279 praecepta
685 3204 876 3275 legalia
917 3200 1240 3273 evangelicis
1266 3199 1604 3270 dogmatibus
1629 3213 1866 3254 commu-
1893 3200 1941 3264 C
1973 3200 2173 3255 minem
2194 3213 2314 3254 esse
2335 3197 2487 3261 dicit,
2503 3195 2593 3266 qui
2615 3193 2854 3264 quotidie
2874 3199 3179 3254 renovatur,
3195 3197 3252 3246 et
3272 3189 3548 3246 habitata-

291 3300 453 3366 tavit,
479 3308 537 3354 ut
571 3299 638 3353 de
684 3296 869 3352 Judaeo
896 3303 1056 3364 atque
1083 3291 1280 3348 Gentili
1310 3306 1475 3346 unum
1500 3289 1751 3361 populum
1789 3287 1873 3343 fa-

292 3400 447 3450 ceret
493 3388 881 3450 Christianum,
931 3382 1320 3454 Evangelizans
1374 3379 1548 3445 nobis,
1581 3380 1672 3450 qui
1713 3378 1874 3446 longe

291 3501 533 3551 eramus,
589 3489 644 3537 et
699 3479 941 3549 reliquiis
965 3474 1296 3542 Iudaeorum,
1340 3474 1432 3546 qui
1486 3473 1552 3528 de
1589 3471 1752 3526 Israel
1777 3485 1875 3541 per

290 3577 584 3650 Apostolos
629 3573 991 3636 crediderunt,
1045 3585 1235 3640 pacem
1296 3575 1455 3638 atque
1501 3563 1870 3628 concordiam,

293 3681 430 3727 tunc
463 3684 557 3739 per
583 3667 760 3736 ipsum
798 3661 1125 3719 accessimus
1178 3657 1246 3713 ad
1295 3657 1486 3722 Deum,
1537 3664 1591 3710 et
1625 3671 1788 3710 unum
1819 3655 1874 3709 in

301 3765 506 3835 Spiritu
529 3770 741 3833 patrem
765 3773 863 3814 nos
890 3758 1090 3812 habere
1113 3753 1491 3824 cognovimus;
1519 3749 1872 3818 completum—

294 3872 405 3926 que
428 3864 510 3910 est
537 3853 686 3917 illud,
709 3850 849 3921 quod
869 3850 923 3904 in
948 3845 1240 3917 Evangelio
1271 3843 1528 3899 Dominus
1557 3840 1876 3910 loquebatur

293 3949 520 4004 dicens:
557 3942 623 3997 Ut
643 3943 738 4012 ﬁat
766 3957 900 3995 unus
937 3946 1117 4010 pastor
1145 3945 1193 3990 et
1234 3951 1370 3990 unus
1397 3948 1522 4004 grex
1571 3929 1752 4001 (Joan.
1794 3927 1874 4000 χ).

291 4039 362 4094 Ει
388 4037 586 4091 iterum
611 4053 625 4087 ;
654 4031 722 4086 Et
761 4030 895 4084 alias
924 4045 1038 4083 oves
1063 4026 1224 4081 habeo
1257 4041 1374 4092 quae
1410 4039 1511 4076 non
1542 4031 1660 4075 sunt
1691 4036 1756 4074 ex
1781 4019 1878 4072 hoc

295 4131 423 4186 ovili
456 4127 682 4203 (Ibid.);
715 4141 813 4182 nos
839 4123 1148 4194 signiﬁcans
1174 4134 1240 4175 ex
1273 4116 1523 4190 gentibus
1551 4127 1880 4184 congregan-

296 4225 417 4278 dos.
457 4202 743 4274 Inimicitia
767 4224 970 4280 autem,
999 4227 1118 4283 qua:
1159 4211 1214 4264 in
1239 4206 1538 4264 Salvatoris
1581 4218 1745 4260 carne
1782 4202 1879 4257 de-

295 4319 507 4368 structa
549 4317 653 4376 est,
699 4307 862 4363 etiam
899 4319 994 4375 per
1037 4314 1253 4358 crucem
1287 4305 1373 4353 est
1394 4294 1697 4351 interfecta.
1733 4291 1882 4348 Scri-

294 4414 453 4477 ptum
478 4409 563 4457 est
588 4401 733 4456 enim
752 4438 769 4465 ,
797 4406 853 4450 ut
875 4392 1230 4451 reconciliaret
1252 4388 1601 4459 utrumquein
1633 4401 1736 4440 uno
1763 4400 1882 4438 cor-

295 4476 425 4566 pore
445 4493 578 4557 Deo,
601 4507 692 4561 per
707 4504 910 4543 crucem
928 4483 1243 4552 interﬁciens
1265 4476 1594 4533 inimicitiam
1607 4476 1663 4529 in
1677 4491 1758 4540 ea,
1778 4487 1882 4528 non

1975 3305 2070 3346 rus
2098 3297 2181 3345 est
2211 3289 2262 3344 in
2287 3302 2426 3343 novo
2449 3286 2666 3351 mundo,
2692 3285 2905 3355 quando
2925 3283 3030 3338 erit
3055 3280 3252 3338 cretum
3273 3295 3469 3336 novum
3497 3288 3552 3334 ει

1977 3391 2122 3438 terra
2152 3395 2312 3444 nova,
2355 3387 2410 3434 et
2453 3377 2720 3433 bibiturus
2741 3383 2825 3431 est
2845 3374 3068 3431 calicem
3102 3370 3229 3429 Iesu
3271 3386 3469 3426 novum
3495 3371 3552 3424 in

1980 3488 2147 3542 regno
2179 3471 2296 3537 Dei,
2319 3477 2373 3526 et
2398 3476 2714 3526 cantaturus
2738 3467 3008 3522 canticum
3029 3479 3245 3528 novum,
3271 3470 3327 3519 et
3344 3460 3556 3517 Veteris

1976 3565 2216 3634 Novique
2255 3560 2584 3618 Testamenti
2611 3558 2839 3614 lectione
2881 3555 3151 3630 gaudebit.
3180 3551 3312 3608 Illud
3340 3567 3554 3622 quoque

1978 3657 2118 3728 quod
2142 3654 2268 3709 alibi
2284 3653 2538 3708 scribitur
2555 3665 2570 3704 :
2592 3649 2726 3703 Ecce
2743 3648 2880 3718 facio
2894 3647 3090 3710 omnia,
3104 3659 3221 3716 quia
3237 3659 3372 3697 nunc
3387 3641 3557 3696 orien-

1977 3758 2064 3802 tur
2089 3746 2223 3817 (Isa.
2243 3742 2418 3816 mn),
2436 3743 2514 3798 sic
2538 3740 2754 3805 sentiet,
2773 3748 2832 3793 ut
2855 3737 3174 3808 principium
3195 3733 3560 3790 innovationis

1981 3838 2034 3893 in
2056 3836 2307 3908 praesenti
2329 3833 2524 3891 saeculo
2549 3831 2666 3887 ﬁeri
2695 3829 2943 3884 aestimet.
2961 3822 3558 3896 Caeterum,perl'ectam

1979 3934 2516 3994 consummatamque
2548 3921 2839 3978 novitatem
2878 3918 3105 3972 necdum
3141 3916 3196 3971 in
3229 3915 3336 3970 isto
3358 3911 3555 3968 saeculo

1980 4028 2133 4092 putet
2150 4017 2404 4088 compleri
2425 4029 2603 4084 posse.
2624 4013 2692 4066 Et
2711 4008 2978 4080 quomodo
3001 4021 3142 4062 nunc
3163 4019 3261 4077 per
3281 4004 3557 4092 speculum

1987 4087 2232 4164 videmus
2253 4087 2309 4160 in
2338 4103 2648 4174 amigmate,
2669 4107 2798 4153 tunc
2827 4104 3006 4152 autem
3041 4093 3179 4149 facie
3205 4092 3271 4147 ad
3297 4089 3485 4145 faciem
3510 4087 3561 4159 (Ι

1984 4199 2108 4256 Cor.
2139 4197 2262 4270 xm)
2289 4215 2304 4250 :
2331 4195 2411 4250 sic
2437 4203 2491 4249 et
2512 4189 2960 4248 instaurationem
2987 4185 3110 4242 novi
3148 4183 3404 4248 hominis,
3431 4190 3560 4235 tunc

1983 4294 2142 4366 plene
2175 4289 2521 4364 perfecteque
2546 4282 2942 4355 complendam,
2977 4294 3103 4334 cum
3131 4276 3370 4333 coelestia
3395 4282 3564 4330 terre-

1985 4401 2163 4457 naque
2215 4384 2416 4440 iuerint
2444 4379 2710 4452 copulata,
2741 4385 2797 4433 et
2843 4376 2900 4431 in
2933 4388 3042 4429 uno
3071 4370 3276 4443 Spiritu
3313 4376 3367 4422 et
3403 4379 3565 4420 sensu

1989 4455 2287 4549 eademque
2307 4473 2570 4532 sententia
2601 4467 2992 4526 accesserimus
3018 4463 3086 4519 ad
3116 4468 3346 4532 patrem.
3368 4455 3565 4511 Nescio

301 4545 363 4640 Iit
391 4586 446 4638 in
475 4545 685 4637 Latinis
716 4578 991 4638 codicibus
1017 4575 1247 4630 habetur
1267 4573 1324 4626 in
1347 4569 1635 4638 semetipso,
1665 4573 1873 4635 propter

1987 4571 2114 4644 quid
2138 4545 2243 4625 tale
2263 4579 2316 4624 et
2337 4569 2390 4622 in
2403 4564 2641 4636 Epistola
2663 4561 2789 4626 alia,
2803 4561 2847 4614 si
2870 4557 2992 4627 quis
3011 4562 3192 4644 tamen
3207 4564 3328 4605 eam
3343 4545 3564 4644 recipit,

299 4678 480 4735 Graeci
516 4674 848 4747 pronominis
879 4669 1302 4739 ambiguitatem,
1323 4666 1372 4719 ἐν
1393 4665 1530 4733 αὐτῷ
1552 4660 1721 4725 enim,
1751 4667 1805 4714 et
1827 4656 1884 4710 in

299 4769 605 4838 semetipso,
619 4765 740 4820 etin
763 4781 846 4828 ea,
864 4762 916 4817 id
928 4768 1030 4825 est,
1047 4760 1100 4813 in
1115 4773 1296 4820 cruce,
1314 4753 1532 4823 intelligi
1546 4759 1744 4822 potest,
1759 4747 1886 4819 quia

302 4875 467 4924 crux,
481 4859 533 4913 id
555 4866 657 4923 est,
680 4856 926 4931 σταυρὸς,
944 4853 1098 4922 juxta
1117 4847 1333 4905 Graecos
1353 4844 1568 4917 generis
1600 4838 1884 4896 masculini

305 4961 416 5006 est.
444 4949 553 5004 Lex
576 4961 789 5017 quoque
816 4942 1190 4998 mandatorum
1205 4937 1462 4993 subversa
1484 4940 1568 4988 est
1593 4931 1645 4986 in
1669 4931 1886 5000 dogma-

303 5041 477 5104 tibus,
523 5047 803 5109 postquam
853 5029 1194 5087 circumcisio
1251 5036 1306 5082 et
1364 5023 1742 5086 sabbatismus,
1793 5017 1885 5090 qui

1984 4638 2335 4736 prudentibus
2363 4657 2662 4729 quibusque
2687 4649 2982 4708 lectoribus
3006 4641 3306 4700 subindicat
3326 4638 3511 4736 dicens
3543 4649 3560 4689 :

1989 4731 2063 4811 Ili
2089 4773 2263 4811 omnes
2286 4751 2640 4808 testimonium
2660 4744 2967 4815 accipientes
2989 4738 3130 4809 ﬁdei,
3156 4752 3262 4791 non
3283 4731 3570 4788 retulerunt

1986 4850 2379 4921 promissionem
2409 4863 2442 4900 a
2470 4845 2574 4898 Deo
2595 4857 2689 4914 pro
2722 4837 2868 4893 nobis
2890 4833 3074 4888 melius
3096 4829 3222 4902 quid
3243 4825 3566 4921 providente,

1989 4913 2045 4996 ut
2106 4959 2210 4996 non
2271 4938 2462 5009 absque
2527 4933 2674 4988 nobis
2717 4932 3201 4984 consummarentur
3240 4917 3426 4993 (Hebr.
3458 4913 3567 4988 x1);

1988 5042 2270 5104 propterea
2287 5029 2604 5086 etuniversa
2623 5029 2875 5080 creatura
2897 5013 3248 5087 congemiscit
3267 5009 3570 5073 nobiscum,

306 5099 539 5186 relictus
567 5099 879 5198 est-populo
902 5123 1019 5188 Dei,
1059 5129 1112 5175 et
1138 5119 1346 5174 Pascha
1375 5125 1430 5172 et
1470 5113 1806 5176 Pentecoste,
1832 5118 1873 5164 el

1989 5099 2164 5197 qui—in
2207 5117 2553 5178 tabernaculo
2580 5116 2685 5172 isto
2731 5109 3156 5184 ingemiscimus,
3206 5111 3262 5160 et
3304 5099 3570 5167 condolet,

306 5239 423 5281 non
463 5235 722 5293 apparere
750 5219 803 5273 in
828 5222 1118 5286 conspectu
1167 5213 1259 5268 Dei
1292 5224 1538 5272 vacuum,
1567 5212 1691 5262 sunt
1731 5203 1890 5258 altius

307 5313 681 5385 intelligenda,
696 5325 858 5381 quam
872 5314 1144 5370 resonant,
1161 5313 1215 5360 et
1234 5303 1302 5357 ab
1313 5300 1590 5358 occidente
1611 5298 1790 5353 littera
1805 5311 1892 5352 re-

309 5406 864 5476 cedentes,coepimus
884 5400 1246 5456 viviﬁcantem
1259 5395 1518 5466 Spiritum
1545 5392 1716 5461 sequi.
1751 5387 1903 5459 Quod

312 5515 498 5562 autem
521 5502 616 5566 ait,
633 5501 839 5556 veniens
856 5511 1036 5567 pacem
1058 5489 1426 5562 euangelizavit
1442 5487 1605 5550 vobis,
1621 5485 1709 5556 qui
1729 5483 1904 5554 fuistis

312 5599 492 5666 longe,
509 5594 612 5647 hoc
627 5601 728 5657 est,
743 5589 1025 5652 Gentibus,
1042 5595 1095 5639 ct
1113 5598 1297 5654 pacem
1319 5581 1402 5635 his
1427 5581 1518 5648 qui
1548 5591 1731 5648 prope,
1752 5576 1802 5629 id
1821 5581 1906 5630 est

312 5665 540 5747 .lmlmis.
562 5684 775 5738 videtur
797 5679 924 5734 mibi
949 5679 1014 5730 de
1043 5676 1176 5730 Isaia
1195 5673 1315 5726 aliis
1336 5670 1514 5726 verbis
1536 5665 1900 5722 testimonium

314 5777 629 5858 protulisse,
645 5783 700 5829 et
724 5771 1016 5844 Scriptum
1054 5764 1322 5823 sententia
1353 5762 1582 5816 abusum
1607 5754 1759 5829 quasi
1783 5767 1899 5811 sua.

1994 5192 2117 5287 quia
2143 5216 2388 5268 timorem
2426 5209 2520 5266 Dei
2565 5208 2620 5262 in
2647 5213 2800 5260 utero
2841 5199 3202 5269 concepimus,
3227 5202 3282 5250 et
3306 5192 3572 5256 dolemus,

1998 5281 2053 5365 et
2077 5303 2453 5378 praestolamur
2485 5297 2867 5354 revelationem
2895 5291 3128 5346 ﬁliorum
3155 5286 3276 5351 Dei,
3305 5292 3366 5338 nt
3396 5281 3462 5336 de
3485 5294 3575 5334 va-

2006 5375 2175 5454 nitate
2200 5393 2495 5457 servitutis,
2527 5389 2612 5445 cui
2643 5402 2800 5446 nunc,
2814 5381 3055 5452 subjecta
3080 5387 3184 5444 est,
3217 5377 3492 5434 liberetur,
3517 5375 3576 5424 et

2007 5489 2102 5544 ﬁat
2121 5502 2260 5542 unus
2283 5491 2466 5555 pastor
2491 5489 2546 5536 et
2567 5493 2704 5533 unus
2737 5491 2888 5546 grex,
2917 5480 2970 5528 et
2990 5469 3164 5526 oratio
3188 5465 3282 5520 Dei
3307 5459 3577 5530 complea—

2007 5590 2096 5635 tur
2123 5576 2346 5633 dicentis
2383 5593 2396 5628 :
2433 5570 2554 5626 Fiat
2603 5568 2841 5624 uoluntas
2893 5575 2982 5618 tua
3005 5563 3061 5616 in
3085 5559 3209 5614 caelo
3233 5565 3281 5610 et
3327 5556 3384 5607 in
3417 5561 3574 5606 terra.

2079 5674 2220 5743 Ergo
2245 5671 2363 5740 jam
2395 5683 2497 5722 non
2523 5675 2644 5720 estis
2685 5663 2910 5728 hospites
2953 5665 3002 5712 et
3027 5656 3259 5714 advenae,
3310 5647 3400 5701 sed
3455 5642 3578 5699 estis

2005 5769 2140 5824 cives
2157 5737 2474 5820 sanctorum
2523 5764 2571 5813 et
2604 5751 2872 5811 domestici
2900 5749 3019 5806 Dei.
3047 5743 3131 5802 Ad
3168 5741 3224 5799 id
3248 5737 3392 5812 quod
3417 5747 3580 5806 supra

2687 5900 2869 5944 rv’”
