3986 6338
417 293 517 353 Ml

416 502 526 569 nis,
564 520 584 554 ι
612 498 1077 570 nuucrespondet,
1118 514 1240 571 ergo
1261 497 1379 568 jam
1410 510 1519 550 non
1534 495 1655 549 estis
1677 492 1921 563 hospites,
1948 489 2003 546 id

416 600 521 661 est,
544 590 848 665 peregrini;
871 600 926 646 et
937 590 1005 646 ad
1030 589 1178 657 illud,
1204 589 1347 661 quod
1370 585 1724 661 praemiserat,
1744 604 1763 635 ι
1782 579 2001 638 alienati

420 702 451 741 a
482 682 891 741 conversatione
912 678 1098 745 Israel,
1135 700 1156 732 ι
1190 678 1351 734 modo
1377 676 1685 748 respondet,
1723 675 1842 729 estis
1868 673 2003 727 cives

419 788 722 834 sanctorum
740 784 789 831 et
822 773 1094 828 domestici
1119 771 1237 826 Dei.
1277 767 1568 843 (Manlius)
1595 767 1730 836 Quia
1771 764 1869 837 qui
1907 764 2004 818 ali-

421 869 638 942 quando
658 866 818 939 longe
837 865 1019 921 fuistis
1042 879 1150 920 non
1178 864 1440 918 habentes
1469 858 1917 932 repromissiones
1938 857 2004 912 de

421 960 638 1017 Christo
659 959 747 1014 vel
767 958 940 1014 salute
975 967 1188 1023 vestra;
1222 969 1363 1009 nunc
1382 967 1512 1011 vero
1532 967 1695 1023 prope
1715 951 1869 1012 estis.
1897 964 2005 1003 non

421 1051 595 1108 solum
615 1065 798 1121 prope,
820 1048 915 1103 sed
938 1050 1101 1103 etiam
1123 1049 1270 1103 cives
1303 1055 1634 1100 sanctorum.
1662 1040 2006 1113 Supera’diﬁ-

422 1142 529 1195 cati
547 1156 702 1211 super
716 1139 1110 1210 fundamentum
1140 1136 1506 1209 Apostolorum
1528 1144 1576 1189 et
1600 1133 2001 1205 Prophetarum.

425 1231 659 1306 (Ambr.)
683 1230 797 1286 Hoc
814 1239 899 1286 est
918 1246 1079 1301 supra
1103 1244 1303 1285 novum
1325 1237 1379 1284 et
1404 1228 1572 1285 Vetus
1594 1226 2003 1280 Testamentum

424 1323 694 1381 collocati.
712 1322 866 1393 Quod
878 1323 1021 1378 enim
1034 1321 1261 1393 apostoli
1274 1319 1718 1392 praedicaverunt,
1734 1317 2006 1388 propheta:

426 1418 668 1474 futurum
684 1417 959 1483 dixerunt,
974 1416 1221 1486 quamvis
1239 1416 1383 1472 dicat
1402 1414 1469 1469 ad
1491 1411 1795 1468 Corinthios
1812 1426 1825 1462 :
1842 1410 2003 1477 Deus,

425 1508 620 1578 inquit,
634 1510 859 1580 primum
873 1508 1041 1578 posuit
1053 1506 1107 1561 in
1123 1505 1357 1561 Ecclesia
1372 1503 1880 1577 apostolos,secunrlo
1890 1518 2008 1572 pro-

427 1604 607 1672 phetas
626 1600 679 1674 (Ι
703 1600 823 1657 Cor.
844 1600 947 1673 xu)
966 1617 981 1667 ;
1006 1600 1102 1657 sed
1117 1600 1173 1656 hi
1198 1600 1288 1656 alii
1308 1601 1585 1671 propheta?
1597 1605 1740 1655 sunt.
1755 1596 1851 1652 lllo
1863 1595 2008 1651 enim

1050 286 1110 344 Β.
1152 284 1407 346 meum
1445 282 1667 342 nsum
1703 280 2022 337 ARCHIEP.
2062 240 2376 336 uocum.
2418 276 2701 365 QPERUM
2739 275 2919 335 mus
2951 276 3037 335 ut.

416 409 651 474 dixerat,
688 422 710 459 ι
744 404 1014 478 peregrini
1055 411 1500 459 testamentorum
1537 406 1589 455 et
1622 396 2000 470 repromissio-
2026 400 2081 460 Α

3569 278 3709 335 412

2105 461 2389 518 Ρτωιηίιιξῑ
2423 463 2701 534 Apostolus
2715 392 2805 516 ἓιῗ
2809 390 3074 517 13221ᾚῆ
3111 476 3205 534 pro
3233 462 3474 532 Ephesiis
3497 464 3554 520 di

2171 535 2431 597 sitionem,
2456 532 2502 588 et
2527 550 2624 604 pro
2650 533 2725 589 eis
2751 543 2886 599 orat,
2915 542 3081 587 totum
3128 532 3322 587 bonum
3344 550 3526 589 eorum

2172 604 2525 659 attribuenda.

2172 692 2351 764 Hujus
2385 695 2459 748 rei
2491 694 2663 765 gratia
2704 710 2797 764 ego
2834 690 3040 748 Paulus
3078 694 3283 749 vinctus
3317 693 3509 752 Christi
3546 698 3705 753 Iesu

2100 800 2193 856 pro
2213 784 2354 839 vobis
2371 784 2627 855 gentibus,
2670 784 2718 839 si
2748 794 2926 838 tamen
2969 784 3192 840 audistis
3239 784 3707 857 dispunctionem

2102 875 2286 945 gratia:
2308 874 2427 940 Dei,
2467 892 2582 946 qute
2616 876 2742 929 data
2767 884 2841 928 est
2865 874 2993 928 mihi
3040 878 3094 929 in
3145 876 3303 942 vobis,
3332 880 3575 948 quoniam
3602 896 3713 937 so-

2103 965 2329 1020 cundum
2353 964 2710 1021 reuelationem
2732 967 2861 1020 mihi
2881 975 3061 1020 notum
3075 966 3275 1037 factum
3286 979 3360 1023 est
3378 987 3715 1027 sacramen-

2104 1066 2233 1119 tum,
2254 1058 2387 1111 sicut
2415 1073 2573 1128 supra
2593 1059 2776 1127 scripsi
2797 1057 2851 1112 iu
2872 1058 3031 1125 brevi,
3052 1070 3203 1128 prout
3224 1063 3433 1129 potestis
3454 1061 3711 1132 legentes

2104 1147 2388 1219 intelligere
2428 1149 2758 1219 prudentiam
2809 1165 2978 1203 meam
3040 1150 3097 1203 in
3152 1152 3396 1220 mysterio
3459 1151 3710 1207 Christi.

2106 1238 2299 1312 (Hier.)
2325 1239 2592 1307 Quantum
2616 1241 2684 1294 ad
2700 1241 3141 1310 consequentiam
3162 1244 3427 1298 sermonis
3448 1252 3713 1299 textum-

2105 1345 2210 1400 que
2237 1329 2435 1399 eloquii
2478 1331 2729 1399 pertinet,
2772 1331 2843 1387 ad
2888 1332 2963 1397 id,
2992 1333 3135 1402 quod
3189 1335 3471 1404 praemisit,
3517 1336 3715 1406 hujus

2106 1419 2179 1474 rei
2213 1421 2384 1489 gratia
2408 1436 2499 1490 ego
2534 1417 2738 1475 Paulus
2771 1421 2968 1477 vinctus
2994 1422 3123 1477 Iesu
3147 1421 3365 1490 Christi,
3399 1442 3490 1494 pro
3534 1427 3711 1481 vobis

2106 1506 2378 1575 Gentibus,
2411 1510 2819 1581 diligentissime
2840 1513 3234 1583 perquirentes,
3278 1514 3411 1571 nihil
3451 1517 3603 1585 quod
3646 1516 3712 1571 ei

2104 1600 2415 1664 reddiderit,
2458 1602 2739 1670 potuimus
2776 1602 3038 1661 invenire.
3086 1604 3270 1675 Neque
3322 1607 3462 1663 enim
3488 1608 3647 1663 dixit
3682 1626 3705 1662 :

428 1693 545 1748 loco
592 1693 658 1750 de
699 1692 1039 1749 ordinatione
1068 1690 1322 1746 Ecclesia:
1348 1690 1613 1760 disputat;
1652 1688 1741 1744 hic
1783 1703 1912 1743 vero
1940 1688 2006 1742 de
2031 1751 2079 1765 _
2107 1689 2277 1759 Hujus
2294 1692 2371 1746 rei
2394 1693 2565 1763 gratia
2587 1709 2684 1764 ego
2710 1693 2907 1753 Paulus
2933 1697 3035 1753 hoc
3058 1696 3140 1755 vel
3167 1697 3271 1754 hoc
3290 1696 3412 1765 feci,
3440 1700 3524 1756 vel
3546 1700 3711 1756 illud

429 1786 780 1843 fundamento
808 1784 1095 1849 Ecclesiae;
1122 1784 1400 1855 prophetae
1426 1783 1571 1839 enim
1602 1782 2001 1852 disposuerunt,
2028 1751 2080 1815 Β
2106 1780 2286 1845 docui,
2310 1782 2403 1836 sed
2429 1751 2687 1852 suspensa
2730 1793 2982 1841 manente
3021 1788 3286 1843 sententia
3317 1751 3718 1860 transgressus

429 1888 485 1935 et
532 1879 759 1953 apostoli
809 1876 1153 1932 fundamenta
1178 1875 1448 1945 jecerunt.
1485 1874 1633 1931 Unde
1660 1874 1791 1929 dicit
1822 1874 2003 1929 Domi-

430 1984 534 2025 nus
586 1968 655 2024 ad
697 1967 918 2023 Petrum
947 1984 961 2021 :
996 1966 1168 2038 Super
1192 1967 1346 2021 istam
1372 1975 1571 2036 petram
1599 1964 1871 2033 aediﬁcabo
1897 1963 2003 2016 Ec-

429 2059 641 2117 clesium
682 2075 850 2114 meam
873 2058 1087 2132 (Matth.
1135 2058 1268 2130 xw),
1324 2060 1426 2114 hoc
1471 2066 1571 2123 est,
1627 2059 1682 2113 in
1716 2056 2006 2112 Catholica:

430 2153 555 2208 ﬁdei
582 2153 918 2209 confessione
951 2162 1184 2208 statuam
1212 2150 1395 2206 ﬁdeles
1442 2150 1511 2206 ad
1558 2150 1741 2204 vitam.
1771 2148 1905 2203 Nam
1955 2158 2010 2204 et

432 2244 602 2300 David
637 2245 900 2315 disposuit
929 2244 1147 2300 domum
1177 2244 1297 2308 Dei,
1323 2252 1377 2298 et
1418 2243 1649 2314 signavit
1684 2243 1884 2307 locum,
1914 2241 2008 2295 ubi

433 2335 609 2402 ﬁeret,
643 2334 895 2390 Salomon
923 2350 1053 2391 vero
1088 2334 1332 2390 fundavit
1358 2350 1501 2390 eam.
1550 2332 1619 2387 In
1660 2334 1769 2404 ipso
1805 2348 2006 2386 summa

431 2424 678 2496 angulari
705 2425 876 2496 lapide
892 2423 1098 2480 Christo
1123 2426 1273 2491 Jesu,
1308 2426 1363 2478 in
1388 2440 1491 2496 quo
1527 2424 1694 2478 omnis
1725 2424 2007 2493 aediﬁcatio

433 2524 750 2583 constructa,
771 2516 953 2593 crescit
984 2517 1039 2569 in
1060 2516 1306 2587 templum
1332 2526 1573 2570 sanctum
1598 2516 1653 2570 in
1680 2516 1928 2581 Domino,
1953 2516 2010 2569 in

432 2623 535 2678 quo
560 2617 609 2663 et
630 2624 716 2663 vos
734 2607 1130 2676 caedi/Scantini
1152 2610 1208 2662 in
1231 2608 1589 2663 habitaculum
1615 2608 1713 2662 Dei
1732 2609 1786 2663 in
1809 2607 2009 2679 Spiritu

433 2712 633 2761 sancto.
647 2702 749 2774 (Ex
759 2700 1002 2774 Hieron.)
1015 2702 1075 2759 ln
1086 2718 1194 2772 quo
1205 2712 1261 2756 et
1273 2717 1367 2759 vos
1380 2701 1596 2773 Ephesii
1606 2702 1942 2758 aediﬁcamini
1956 2704 2010 2758 in

435 2793 691 2864 templum
707 2809 777 2861 ex
798 2795 932 2850 vivis
956 2794 1219 2864 lapidibus
1256 2795 1362 2857 Deo
1383 2811 1612 2850 summo.
1639 2794 1791 2861 Quod
1813 2795 1859 2850 si
1886 2795 2011 2859 uni-3

433 2898 587 2939 versa
609 2884 891 2941 aediﬁcatio
904 2886 1017 2953 sive
1032 2901 1099 2941 ex
1117 2884 1335 2953 ludatis,
1355 2887 1470 2941 sive
1489 2902 1555 2942 ex
1570 2885 1832 2943 Gentibus
1851 2902 2010 2943 cons-

437 2984 632 3044 tructa,
666 2985 722 3033 et
751 2978 1121 3050 compaginata
1158 2994 1259 3049 per
1284 2978 1597 3049 angularem
1624 2978 1874 3049 lapidem,
1918 2979 2011 3049 qui

435 3069 569 3125 duos
614 3070 849 3142 parietes
890 3072 1188 3142 coniungit,
1215 3071 1411 3126 crescit
1449 3071 1506 3124 in
1544 3086 1709 3125 unum
1756 3068 2011 3139 templum

2105 1871 2173 1927 ad
2199 1870 2303 1925 alia
2347 1880 2448 1939 est,
2477 1873 2578 1928 nisi
2625 1872 2765 1929 forte
2815 1876 3153 1946 ignoscentes
3193 1877 3264 1942 ei,
3314 1879 3536 1947 quodet
3562 1880 3709 1949 ipse

2106 1961 2384 2019 confessus
2409 1970 2494 2018 est
2515 1964 2700 2021 dicens
2729 1982 2740 2018 :
2777 1964 2847 2019 Et
2892 1968 2941 2020 si
2978 1966 3254 2038 imperitus
3280 1983 3536 2034 sermone,
3578 1987 3714 2025 non

2105 2066 2281 2113 tamen
2302 2056 2517 2111 scientia
2554 2056 2635 2128 (Il
2670 2055 2795 2112 Cor.
2824 2056 2927 2128 ιι),
2977 2074 3235 2117 sensuum
3272 2060 3442 2133 magis
3468 2075 3715 2130 quaera-

2106 2163 2227 2205 mus
2259 2148 2315 2203 in
2352 2161 2417 2204 eo
2439 2147 2706 2215 ordinem,
2733 2164 2894 2219 quam
2935 2150 3244 2216 verborum,
3275 2151 3367 2219 qui
3418 2151 3495 2206 sic
3528 2151 3715 2208 reddi

2106 2251 2329 2312 potest:
2372 2241 2541 2312 Hujus
2572 2244 2648 2299 rei
2693 2244 2868 2315 gratia
2914 2259 3015 2314 ego
3044 2243 3245 2299 Paulus
3286 2246 3497 2301 vinctus
3557 2243 3715 2300 Iesu

2107 2332 2305 2389 Christi
2332 2342 2387 2389 et
2425 2334 2638 2390 vinctus
2667 2350 2765 2404 pro
2800 2335 2974 2402 vobis,
3006 2336 3099 2405 qui
3125 2336 3256 2391 estis
3303 2350 3371 2389 ex
3395 2334 3712 2399 Gentibus,

2107 2422 2331 2494 cognovi
2360 2423 2694 2495 mysterium,
2726 2434 2785 2479 ut
2813 2424 2966 2481 vobis
2987 2440 3201 2494 quoque
3227 2424 3354 2479 illud
3392 2423 3712 2491 traderem,

2108 2513 2248 2568 sicut
2269 2512 2323 2567 in
2347 2513 2449 2569 hac
2467 2512 2655 2568 eadem
2683 2513 2919 2586 Epistola
2949 2514 3093 2573 haud
3134 2514 3355 2585 paulum
3381 2513 3528 2586 [ante
3548 2530 3713 2585 pau-

2108 2605 2299 2678 lulum]
2327 2622 2446 2661 sum
2480 2606 2716 2663 locutus.
2748 2608 2965 2663 Debetis
2990 2615 3169 2663 autem
3200 2608 3389 2663 audire
3411 2608 3717 2678 dispensa-

2110 2699 2308 2754 tionem
2345 2700 2534 2771 gratite
2565 2699 2681 2765 Dei,
2725 2715 2844 2769 qua:
2889 2700 3015 2755 data
3054 2709 3137 2755 est
3160 2700 3294 2755 mihi
3318 2700 3374 2755 in
3401 2700 3573 2765 vobis,
3597 2698 3713 2770 qui

2109 2792 2239 2846 estis
2265 2805 2334 2845 ex
2366 2788 2650 2857 Gentibus,
2694 2805 2793 2862 pro
2834 2791 3031 2861 quibus
3076 2800 3133 2846 et
3168 2791 3383 2849 vinctus
3408 2807 3525 2848 sum
3560 2791 3713 2847 Iesu

2111 2884 2307 2939 Christi
2334 2901 2347 2937 :
2381 2884 2619 2940 vinctum
2634 2894 2812 2940 autem
2832 2883 2958 2941 Jcsu
2981 2883 3184 2942 Christi
3204 2886 3429 2945 Paulum
3449 2904 3570 2943 esse
3591 2903 3713 2958 pro

2116 2974 2386 3045 gentibus,
2408 2983 2587 3044 potest
2626 2982 2682 3029 et
2717 2974 2784 3029 de
2808 2976 3065 3045 mysterio
3103 2975 3410 3050 [martyrio]
3438 2978 3711 3048 intelligi,

2113 3063 2255 3132 quod
2282 3062 2467 3117 Roma:
2514 3062 2568 3117 in
2615 3062 2831 3129 vincula
2860 3064 3153 3134 conjectus,
3202 3066 3343 3122 hanc
3393 3066 3711 3137 Epistolam

434 3160 593 3217 unius
612 3130 710 3217 Dei
737 3179 751 3215 :
779 3175 957 3217 nonne
984 3130 1139 3229 hellis
1161 3130 1307 3215 omni
1332 3160 1516 3216 labore
1542 3130 1881 3227 studendum.
1901 3168 2007 3227 est,
2112 3130 2342 3220 miserit,
2374 3169 2440 3210 eo
2470 3165 2730 3223 tempore.
2754 3169 2863 3224 quo
2888 3130 2972 3209 ad
2990 3154 3384 3231 Philemonem,
3416 3130 3473 3213 et
3492 3157 3567 3212 ad
3588 3157 3709 3215 Co-

436 3259 496 3307 ut
512 3251 704 3309 ﬁamus
723 3251 801 3306 illi
814 3250 1041 3323 lapides,
1055 3252 1124 3306 de
1142 3252 1338 3322 quibus
1360 3251 1620 3322 scriptum
1640 3259 1757 3308 est:
1790 3251 2010 3324 Lapides

436 3340 604 3395 sancti
642 3340 912 3411 volvantur
960 3357 1116 3411 super
1169 3351 1359 3396 terram
1401 3339 1588 3412 (Zach.
1645 3344 1754 3413 IX);
1785 3350 1841 3399 et
1884 3358 2010 3401 cum

438 3431 699 3489 fuerimus
733 3431 843 3487 vivi
894 3432 1100 3501 lapides
1125 3447 1194 3488 ex
1223 3433 1370 3497 omni
1407 3440 1562 3502 parte
1603 3433 1787 3500 delati,
1844 3433 2008 3501 leves,

440 3521 842 3595 politi,‘nullam
882 3521 1143 3579 habentes
1165 3523 1562 3591 scabredinem,
1603 3524 1931 3581 mdiﬁeemur
1954 3525 2009 3583 in

444 3612 701 3683 templum
723 3621 780 3667 et
801 3611 1062 3671 faciamus
1100 3613 1156 3667 in
1197 3613 1598 3685 nobismetipsis
1646 3616 2010 3675 habitaculum

442 3704 576 3770 Deo,
606 3713 666 3775 ut
688 3703 941 3776 dignetur
967 3704 1021 3758 in
1047 3702 1250 3774 Spiritu
1270 3712 1458 3761 sancto
1486 3705 1729 3761 habitare
1755 3706 1811 3762 in
1831 3706 2007 3762 nobis.

444 3795 647 3868 (Δηώ.)
670 3795 816 3852 Duos
845 3797 989 3853 enim
1010 3797 1235 3867 populos
1257 3798 1311 3853 in
1332 3813 1394 3855 se
1421 3798 1657 3869 suscepit
1689 3798 1937 3856 Salvator
1955 3807 2012 3855 et

442 3887 572 3945 fecit
602 3904 766 3953 unum
792 3890 847 3949 in
868 3889 1112 3957 Domino,
1156 3892 1297 3947 sicut
1323 3900 1379 3947 et
1405 3891 1541 3962 lapis
1566 3892 1835 3964 angularis
1877 3894 2011 3950 duos

442 3979 679 4051 parietes
700 3980 943 4041 continet
966 3980 1023 4037 in
1047 3982 1255 4039 unitate
1292 3983 1485 4038 domus
1504 3982 1767 4039 ﬁrmatos.
1799 3983 2013 4042 Fideles

443 4069 589 4126 enim
618 4069 929 4141 superﬁcies
958 4080 1083 4127 sunt
1105 4072 1289 4143 templi
1332 4072 1428 4131 Dei
1453 4073 1509 4129 in
1552 4072 1756 4145 Spiritu
1779 4090 2011 4133 conver-

442 4168 647 4227 santes,
669 4168 730 4216 ut
746 4161 956 4230 possint
977 4161 1218 4223 haedos
1244 4162 1365 4221 fieri
1384 4163 1622 4221 celestis
1640 4164 2009 4221 habitationis.

444 4249 679 4322 (Albam)
708 4250 891 4307 Potest
916 4261 1095 4317 autem
1121 4254 1299 4315 omnis
1322 4254 1605 4313 aediﬁcatio
1628 4269 1789 4326 super
1815 4255 2011 4311 funda-

445 4348 684 4397 mentum
741 4343 1101 4414 apostolorum
1164 4347 1656 4416 prophetarumque
1702 4354 2012 4402 constructa

440 4446 552 4487 non
580 4431 754 4491 solum
791 4451 910 4503 nos,
949 4436 1043 4495 sed
1078 4443 1133 4493 et
1157 4437 1406 4492 cmlestes
1438 4436 1741 4508 signiﬁcare
1762 4437 2010 4504 virtutes,

446 4534 507 4583 ut
523 4529 761 4586 universi
787 4532 992 4600 pariter
1018 4531 1149 4587 ﬁant
1174 4531 1537 4588 habitaculum
1586 4533 1682 4589 Dei
1727 4533 1781 4589 in
1808 4532 2012 4605 Spiritu

442 4627 656 4677 sancto.
686 4619 941 4683 Summus
973 4635 1106 4677 vero
1142 4620 1278 4690 lapis
1320 4637 1416 4692 per
1443 4638 1603 4693 quem
1659 4625 1840 4681 omnia
1886 4640 2016 4682 con-

440 4707 628 4779 juncta
661 4720 806 4780 sunt,
829 4711 1077 4768 Christus
1098 4720 1187 4769 est
1214 4713 1307 4771 Dei
1340 4713 1531 4782 Filius,
1574 4715 1713 4787 lapis
1757 4719 2016 4789 pratcisus

451 4801 516 4857 de
544 4810 725 4858 monte
750 4803 867 4857 sine
902 4802 1164 4876 manibus.
1188 4802 1351 4876 (Dan.
1375 4803 1458 4873 ιι),
1490 4807 1557 4862 de
1579 4822 1688 4877 quo
1731 4806 2015 4865 Psalmista

451 4904 676 4952 testatur
700 4895 922 4951 dicens:
956 4894 1209 4966 Lapidem
1228 4914 1383 4969 quem
1412 4899 1810 4969 reprobaoerunt
1847 4901 2018 4972 cedi/i-

449 4997 646 5051 cantes,
695 4986 784 5041 hic
826 4987 997 5057 factus
1043 4999 1118 5044 est
1164 4989 1220 5045 in
1264 5000 1422 5060 caput
1469 4990 1670 5062 anguli,
1715 5009 1750 5046 a
1792 4992 2018 5049 Domino

448 5078 650 5149 factum
719 5086 796 5135 est
844 5079 984 5134 istud
1029 5077 1203 5150 (Psal.
1261 5080 1428 5155 cxvii)
1485 5099 1499 5137 :
1564 5083 1882 5153 reprobatus
1931 5091 2018 5140 est

452 5168 651 5241 quippe
668 5182 703 5223 ιι
721 5167 1025 5238 Phariaene,
1045 5172 1138 5242 qui
1170 5172 1491 5230 videbantur
1516 5173 1652 5244 legis
1678 5172 1893 5230 Domini
1917 5175 2016 5230 ha-

450 5259 578 5317 bere
611 5261 859 5319 notitiam
900 5262 1103 5334 Deique
1148 5264 1407 5336 templum
1460 5266 1724 5337 legalibus
1749 5268 2019 5327 aediﬁcare

450 5352 745 5420 mandatis,
764 5363 819 5411 et
838 5365 1145 5428 assmptus
1168 5374 1196 5411 a
1223 5357 1332 5413 Deo
1356 5358 1413 5413 in
1435 5358 1748 5430 angularem
1768 5359 2022 5429 lapidem,

454 5450 518 5501 ut
538 5444 671 5501 duos
694 5446 931 5515 parietes
954 5448 1067 5519 ipse
1094 5447 1299 5505 medius
1319 5450 1640 5514 contineret,
1666 5458 1722 5504 et
1746 5465 1843 5519 per
1870 5449 2019 5505 illum

453 5544 682 5607 uterque
701 5538 929 5609 pupillus
957 5538 1025 5594 ad
1063 5539 1229 5595 Deum
1260 5539 1481 5595 haberet
1497 5555 1773 5595 accessum
1808 5548 1862 5594 et
1881 5540 2024 5595 Gen-

454 5636 538 5687 tes
564 5631 1026 5689 coardiﬁcarentur
1046 5634 1239 5704 populo
1268 5633 1358 5689 Dei
1386 5634 1439 5688 in
1470 5650 1631 5689 unam
1664 5635 1879 5693 domum
1908 5633 2020 5703 spi-

450 5723 669 5797 ritalem
690 5725 803 5800 Deo
825 5726 1303 5801 dissimilisque
1329 5726 1716 5787 habitaculum.

2109 3245 2395 3313 lossenses,
2417 3256 2473 3302 et
2492 3246 2559 3303 ad
2580 3245 2946 3318 Philippenses
2968 3248 3028 3307 in
3046 3249 3157 3305 alio
3174 3249 3297 3307 loco
3318 3251 3551 3321 scriptas
3572 3266 3709 3311 esse

2109 3338 2554 3405 monstravimus;
2583 3338 2667 3394 vel
2688 3349 2834 3397 certe
2857 3341 2983 3411 quia
3005 3340 3058 3396 in
3080 3341 3324 3412 pluribus
3339 3342 3471 3400 locis
3488 3343 3708 3401 lectum

2110 3440 2214 3495 est,
2260 3432 2534 3487 vinculum
2581 3434 2747 3493 animi
2796 3450 2994 3505 corpus
3037 3437 3139 3493 hoc
3189 3436 3318 3502 dici,
3371 3451 3480 3508 quo
3529 3438 3707 3505 quasi

2110 3522 2292 3578 clausa
2319 3524 2497 3579 anima
2529 3533 2775 3604 teneatur
2795 3526 2849 3581 in
2869 3541 3111 3594 carcere,
3153 3528 3382 3585 dicimus
3406 3536 3704 3600 propterea

2110 3612 2334 3668 Paulum
2358 3615 2602 3685 corporis
2622 3616 2852 3673 nexibus
2872 3616 3132 3685 coerceri;
3156 3632 3259 3675 nec
3276 3618 3476 3674 reverti
3495 3626 3549 3674 et
3570 3634 3704 3675 esse

2111 3721 2235 3762 cum
2276 3705 2514 3774 Christo,
2540 3715 2600 3762 ut
2622 3706 2863 3777 perfecta
2888 3709 2945 3765 in
2969 3708 3173 3766 Gentes
3199 3725 3296 3780 per
3319 3725 3443 3765 eum
3490 3709 3703 3780 praedi-

2111 3798 2253 3855 catio
2271 3797 2631 3869 compleatur;
2661 3799 2787 3856 licet
2807 3800 3028 3870 quidam
3064 3801 3228 3857 alium
3257 3815 3475 3856 sensum
3498 3799 3554 3853 in
3584 3800 3701 3855 hoc

2110 3892 2230 3949 loco
2286 3893 2628 3949 introducunt
2652 3932 2669 3960 ,
2721 3893 2862 3962 quod
2912 3891 3111 3949 Paulus
3168 3891 3582 3961 praede'stinatus
3631 3897 3697 3945 et

2111 3982 2477 4040 sanetiticatus
2497 3999 2565 4039 ex
2588 3993 2742 4039 utero
2768 3983 2957 4045 matris
3000 3998 3114 4039 suae
3158 3981 3227 4037 ad
3249 3980 3696 4051 praedicationem

2066 4132 2071 4143 ,
2111 4075 2367 4133 Gentium
2412 4085 2704 4149 antequam
2729 4085 3068 4145 nasceretur,
3101 4085 3291 4149 postea
3318 4076 3534 4140 vincula
3558 4090 3693 4131 car-

2111 4169 2198 4224 nis
2233 4168 2520 4241 acceperit.
2564 4167 2703 4224 Puto
2730 4176 2935 4235 autem,
2977 4167 3123 4238 quod
3159 4176 3216 4227 et
3255 4167 3449 4225 vitiosa
3482 4168 3539 4222 in
3585 4168 3695 4223 hoc

2111 4257 2231 4315 loco
2258 4259 2487 4314 elocutio
2515 4257 2587 4315 sit
2617 4275 2632 4312 :
2662 4272 2762 4329 pro
2801 4272 2866 4313 eo
2895 4258 3038 4313 enim
3089 4256 3232 4328 quod
3271 4257 3458 4313 debuit
3484 4256 3692 4323 dicere,

2119 4368 2139 4401 ι
2160 4349 2318 4418 hujus
2342 4351 2419 4408 rei
2442 4350 2615 4423 gratia
2636 4366 2739 4420 ego
2757 4349 2958 4406 Paulus
2982 4350 3193 4407 vinctus
3221 4349 3349 4409 Iesu
3368 4348 3573 4406 Christi
3590 4364 3697 4420 pro

2115 4439 2268 4496 vobis
2286 4439 2568 4506 Gentibus,
2602 4440 2829 4511 cognovi
2856 4439 3195 4511 mysterium,
3224 4438 3367 4501 sicut
3405 4437 3602 4509 scripsi
3633 4437 3693 4494 in

2115 4530 2346 4599 modico,
2361 4539 2519 4602 prout
2536 4530 2762 4601 potestis
2782 4531 3023 4601 legentes
3042 4531 3356 4602 intelligere,
3380 4549 3401 4583 ›
3417 4531 3514 4598 ait,
3536 4550 3555 4582 ι
3576 4531 3679 4586 hu-

2106 4622 2199 4693 jus
2218 4624 2297 4679 rei
2340 4623 2513 4693 gratia
2538 4638 2639 4695 ego
2672 4622 2874 4679 Paulus
2895 4623 3107 4679 vinctus
3130 4621 3428 4678 secundum
3474 4620 3690 4677 revela-

2112 4715 2334 4780 tionem,
2370 4714 2643 4787 cognitum
2704 4710 2909 4767 factum
2970 4719 3058 4768 est
3113 4710 3247 4767 mihi
3322 4710 3693 4767 ministerium

2117 4801 2501 4878 [mysterium],
2539 4823 2558 4855 s
2583 4810 2639 4859 et
2668 4802 2895 4873 reliqua.
2921 4800 2979 4859 Si
3008 4817 3136 4859 vero
3160 4802 3282 4873 quis
3300 4810 3481 4873 potest
3522 4800 3692 4856 etiam

2105 4892 2261 4963 juxta
2290 4892 2555 4949 sermonis
2578 4892 2885 4963 eloquiique
2901 4900 3216 4949 contextum
3236 4893 3430 4948 docere
3458 4890 3693 4962 Aposto-

2114 4984 2224 5041 lum
2250 4981 2421 5040 luisse
2446 4983 2766 5055 perfectum,
2789 4990 2845 5039 et
2888 4984 2946 5038 in
2985 4983 3120 5038 artis
3142 4980 3512 5054 grammaticae
3562 4980 3691 5035 vitia

2119 5094 2229 5135 non
2274 5077 2586 5143 incurrisse,
2640 5076 2730 5133 ille
2777 5076 2957 5147 potius
3005 5075 3392 5137 auscultandus
3414 5082 3521 5133 est.
3581 5071 3694 5131 Nos

2120 5167 2546 5239 quotiescunque
2571 5166 2953 5231 solmcismum,
2970 5173 3063 5221 aut
3084 5164 3189 5221 tale
3204 5164 3331 5235 quid
3349 5172 3692 5229 aunotamus,

2122 5274 2231 5313 non
2262 5256 2574 5326 Apostolum
2616 5257 2913 5327 pulsamus,
2936 5265 2997 5315 ut
3026 5254 3274 5312 malevoli
3301 5255 3691 5325 criminantur;

2125 5353 2221 5410 sed
2244 5352 2417 5423 magis
2444 5352 2683 5421 Apostoli
2709 5360 3011 5407 assertores
3034 5364 3245 5415 sumus,
3272 5350 3416 5421 quod
3439 5348 3693 5405 Hebrzeus

2103 5461 2195 5527 ἐκ
2210 5445 2447 5500 Hebraeis
2470 5444 2671 5515 absque
2695 5442 2973 5499 Rhetorici
3000 5442 3268 5497 sermonis
3292 5441 3471 5496 nitore
3490 5448 3550 5497 et
3572 5453 3693 5496 ver-

2128 5539 2319 5594 borum
2334 5537 2739 5608 compositione,
2760 5543 2814 5589 et
2834 5534 3033 5604 eloquii
3047 5541 3328 5589 venustate
3342 5547 3615 5602 nunquam
3628 5530 3694 5587 ad

2129 5630 2289 5685 ﬁdem
2318 5628 2519 5685 Christi
2548 5638 2716 5683 totum
2754 5627 3011 5682 mundum
3044 5624 3392 5679 transducere
3420 5622 3696 5690 valuisset,

2118 5722 2231 5785 nisi
2258 5720 2691 5794 Evangetisasset
2712 5734 2857 5788 eum,
2874 5733 2979 5775 non
2998 5714 3331 5793 insapientia
3348 5712 3522 5789 verbi,
3536 5710 3699 5773 sediu
