3986 6338
277 309 395 373 613

746 313 1299 374 ENARRATIONUM
1334 316 1403 373 lN
1442 317 1593 374 EPP.
1634 319 1843 377 PAULI
1880 320 2008 378 LIB.
2051 319 2212 378 XVII.
2251 350 2323 362 —
2361 320 2429 377 IN
2467 320 2687 379 EPIST.
2719 321 2814 378 AD
2850 323 3093 383 EPHES.

3449 323 3555 384 414

274 451 483 503 Virtute
494 445 765 503 Dei.Nam
778 448 959 518 etipse
970 447 1038 502 ad
1056 445 1369 505 Corinthios
1389 449 1668 520 ait(1Cor.
1684 449 1777 525 n);
1798 448 1868 506 Et
1895 440 1947 499 Α
1975 432 2212 525 maiores
2237 432 2453 489 divitias
2481 432 2703 507 Esypli
2732 434 3004 494 thesauris
3034 439 3385 511 opprobrium
3402 440 3549 499 Chriv

272 551 397 611 ego,
419 553 541 592 cum
562 537 814 593 venissem
841 538 911 593 ad
933 554 1042 604 vos,
1070 538 1262 609 fratres
1283 540 1406 607 mei,
1427 540 1543 594 veni
1565 557 1671 595 non
1694 540 1752 595 in
1779 556 1871 595 su-

269 627 535 686 blimitate
563 631 819 686 sermonis
868 639 960 685 aut
1008 632 1317 702 sapientiae,
1359 632 1683 687 annuntians
1728 631 1873 688 vobis

268 723 639 777 testimonium
664 720 893 790 Christi;
921 731 978 780 et
1020 738 1244 781 rursum
1289 743 1304 780 :
1347 722 1419 779 Et
1448 703 1657 781 verbum
1699 740 1872 781 meum

266 822 319 868 et
352 813 664 884 pradicatio
687 830 820 881 mea,
855 831 961 870 non
982 817 1039 870 in
1080 817 1334 872 suasoriis
1368 818 1641 889 sapientia:
1686 818 1868 884 verbis,

265 904 364 958 sed
385 904 443 958 in
468 905 764 961 ostensione
783 906 999 978 spiritus
1024 912 1073 962 et
1099 908 1321 973 virtutis,
1340 918 1395 962 ut
1415 908 1546 979 ﬁdes
1570 920 1740 965 vestra
1767 924 1872 963 non

264 994 337 1045 sit
368 994 425 1047 in
453 995 712 1065 sapientia
735 996 1004 1051 hominum
1030 997 1121 1051 sed
1142 998 1198 1053 in
1219 999 1405 1054 virtute
1425 999 1543 1054 Dei.
1558 1001 1665 1056 Iste
1686 1000 1867 1072 igitur,

262 1084 362 1152 qui
399 1084 744 1153 soloecismos
764 1085 819 1140 in
842 1086 1023 1143 verbis
1043 1086 1194 1155 facit,
1223 1090 1314 1160 qui
1337 1103 1443 1144 non
1466 1099 1645 1160 potest
1674 1092 1870 1163 hyperb

262 1176 436 1232 baton
485 1179 712 1233 reddere
742 1180 1181 1252 sententiamque
1224 1183 1571 1250 concludere,
1610 1187 1872 1241 audacter

263 1266 369 1322 sibi
394 1268 649 1323 vendicat
678 1270 1024 1340 sapientiam,
1041 1279 1096 1327 et
1118 1271 1283 1327 dicit:
1306 1274 1556 1345 quoniam
1580 1275 1870 1330 secundum

262 1361 637 1419 reuelationem
660 1366 923 1436 cognitum
947 1376 1023 1421 est
1043 1368 1173 1422 mihi
1198 1371 1502 1440 mysterium
1526 1372 1659 1426 sicut
1683 1371 1869 1443 scripsi

258 1454 319 1511 in
340 1456 573 1513 modico.
612 1458 752 1514 Vere
769 1460 915 1514 enim
932 1460 977 1515 si
1000 1461 1124 1532 quis
1142 1464 1422 1532 superiora
1443 1464 1604 1533 hujus
1625 1464 1866 1535 epistola:

259 1547 688 1616 contempletur,
720 1548 926 1604 videbit
967 1550 1018 1606 ei
1058 1550 1297 1607 revelata
1344 1554 1597 1624 mysteria
1632 1569 1864 1625 quorum

257 1645 476 1709 partem
498 1639 791 1709 quamdam
814 1641 1083 1697 modicam
1114 1658 1213 1699 suo
1234 1657 1485 1698 sermone
1506 1646 1852 1715 perstrinxit,

258 1746 373 1788 non
398 1740 513 1787 tam
537 1742 726 1799 totum,
755 1735 897 1807 quod
919 1746 1144 1792 noverat
1167 1736 1475 1808 proferens,
1493 1754 1657 1807 quam
1686 1748 1864 1795 osten-

1976 524 2047 580 sti
2091 523 2386 581 arbitratus
2431 533 2535 582 est.
2567 527 2636 584 Et
2680 528 2887 586 lsaias:
2918 530 3077 600 Ecce,
3105 533 3301 605 inquit,
3324 535 3468 609 virgo
3500 537 3561 596 in

1972 624 2122 671 utero
2142 618 2361 689 accipiet
2406 628 2456 674 et
2496 621 2667 691 pariet
2704 620 2875 691 ﬁlium
2906 621 3044 695 (Isa.
3087 624 3221 699 vn);
3274 633 3333 681 et
3381 625 3559 686 alibi;

1979 711 2142 785 Virga
2171 713 2321 769 Iesse
2346 724 2397 771 et
2419 717 2508 789 qui
2535 726 2777 788 exsurget
2824 717 2894 772 ad
2940 718 3268 790 regnandum
3300 720 3356 775 in
3392 719 3561 793 genti-

1972 804 2089 872 bus,
2119 806 2176 860 in
2200 806 2313 877 ipso
2337 817 2510 878 gentes
2541 808 2821 880 sperabunt
2858 807 2993 881 (Isa.
3027 808 3139 883 x1);
3167 816 3304 866 etne
3339 809 3563 883 longum

1971 894 2069 951 ﬁat
2087 911 2259 968 pauca
2284 897 2352 953 de
2371 899 2594 970 psalmis
2622 901 2823 957 dixisse
2854 900 3082 958 sufficiat
3114 921 3127 957 :
3164 903 3473 960 Adorabunt
3498 904 3563 964 its

1971 1000 2247 1060 conspectu
2271 991 2386 1062 ejus
2438 1010 2614 1048 omnes
2666 993 2887 1065 familia:
2934 996 3164 1067 gentium
3186 994 3364 1069 (Psal.
3398 998 3556 1074 In);

1970 1091 2025 1138 et
2054 1083 2252 1138 iterum
2296 1102 2311 1138 :
2354 1084 2546 1140 Omnes
2572 1094 2746 1156 gentes
2766 1087 2988 1143 servient
3015 1088 3063 1143 ei
3094 1086 3268 1160 (Psal.
3298 1090 3474 1162 Lm),
3498 1095 3561 1150 et

1970 1176 2146 1230 adhuc
2175 1175 2516 1233 manifestius
2567 1178 2635 1234 de
2675 1178 2873 1250 populo
2921 1179 3089 1237 lsrael
3127 1190 3183 1237 et
3229 1181 3296 1238 de
3326 1181 3559 1240 Domino

1971 1265 2253 1323 Salvatore
2286 1286 2298 1322 :
2345 1266 2511 1324 Visita
2533 1270 2737 1324 vineam
2762 1271 2917 1325 istam
2943 1281 2992 1326 et
3019 1272 3208 1343 perﬁce
3231 1290 3365 1340 eam,
3397 1288 3559 1346 quam

1967 1356 2221 1429 plantavit
2250 1358 2463 1415 dextera
2488 1369 2603 1428 tua,
2622 1371 2669 1416 et
2696 1378 2853 1433 super
2880 1365 3069 1431 virum,
3094 1382 3245 1436 quem
3269 1366 3556 1437 conﬁrma-

1967 1450 2036 1504 sti
2060 1449 2153 1503 tibi
2177 1448 2351 1522 (Psal.
2383 1452 2593 1524 Lxrtx).
2626 1452 2791 1523 Cujus
2819 1455 2982 1510 etiam
3006 1457 3250 1528 corporis
3277 1458 3559 1529 dispensa-

1966 1538 2042 1594 tio
2065 1539 2335 1595 indicatur
2355 1540 2408 1595 in
2434 1544 2892 1615 consequentibus
2919 1562 2932 1599 :
2962 1544 3058 1615 ﬁat
3079 1563 3268 1603 manus
3287 1557 3377 1602 tua
3402 1565 3559 1621 super

1966 1631 2139 1685 virum
2157 1632 2385 1688 dextera:
2413 1643 2538 1689 tute.
2563 1634 2671 1689 Aut
2712 1634 2878 1708 igitur
2913 1636 3072 1708 juxta
3103 1637 3416 1696 Montanum
3461 1652 3555 1713 pa-

1966 1724 2070 1779 tria
2080 1725 2238 1781 rchas
2248 1736 2303 1782 et
2320 1728 2617 1798 prophetas
2637 1727 2691 1783 in
2703 1730 2908 1786 exstasi
2928 1730 3140 1788 locutos
3153 1734 3549 1804 accipiendum,

258 1823 397 1880 dens
416 1838 486 1879 ex
512 1824 726 1881 modico
758 1826 889 1897 quid
910 1835 1135 1884 taceret.
1157 1826 1324 1883 Prout
1347 1831 1559 1900 potestis
1574 1828 1859 1901 intelligere
1885 1817 1934 1878 Β
1961 1827 2016 1874 et
2048 1821 2286 1876 ηοδθίεεθ
2328 1822 2457 1891 (ἰυίά
2499 1822 2756 1889 dixerim:
2795 1833 2908 1892 al":
2938 1825 2983 1885 εί
3028 1826 3134 1882 hoc
3179 1826 3405 1898 impium
3440 1836 3548 1896 es"

255 1914 507 1987 legentes,
537 1918 735 1989 inquit,
758 1936 966 1974 sensum
990 1937 1181 1987 meum,
1205 1921 1310 1976 sive
1332 1923 1648 1993 sapientiam
1673 1924 1730 1977 in
1752 1940 1863 1994 mg-

258 2010 425 2063 sterio
457 2007 680 2077 Christi,
714 2011 817 2066 hoc
846 2018 930 2067 est
956 2012 1087 2068 illud
1120 2013 1265 2083 quod
1288 2014 1340 2068 in
1362 2014 1682 2084 praefatione
1715 2014 1858 2069 dixi«

256 2113 420 2156 mus:
452 2098 657 2156 nullam
687 2100 1054 2173 Epistolarum
1071 2103 1221 2159 Pauli
1255 2114 1405 2160 tanta
1428 2106 1630 2163 habere
1656 2116 1860 2178 myste-

257 2190 368 2258 ria,
431 2200 547 2248 tam
609 2195 907 2251 reconditis
976 2197 1222 2253 sensibus
1279 2198 1517 2253 involuta
1544 2240 1559 2265 ,
1618 2214 1755 2270 quos
1803 2208 1859 2254 et

250 2281 550 2353 Apostolus
572 2301 733 2342 nosse
762 2302 821 2342 se
849 2286 1130 2358 gloriatur,
1161 2298 1217 2343 et
1241 2289 1397 2345 nobis
1428 2290 1700 2345 indicatos
1727 2291 1855 2345 ιιι-εκ

252 2373 399 2429 viter
442 2375 702 2444 ostendit,
748 2383 809 2432 ut
846 2378 1103 2434 attentius
1139 2394 1259 2450 quae
1294 2390 1419 2435 sunt
1461 2382 1665 2452 scripta
1701 2381 1852 2453 lega-

250 2482 398 2524 mus.
446 2468 678 2542 (Ambr.)
706 2468 979 2537 Quoniam
1023 2472 1477 2543 dispensationem
1505 2474 1700 2529 divinas
1741 2475 1854 2531 cle-

250 2560 497 2627 mentite,
522 2577 642 2632 quas
662 2561 826 2617 fuerit
853 2575 979 2619 ante
1006 2565 1265 2619 mundum
1304 2581 1432 2637 erga
1468 2565 1697 2622 salutem
1722 2581 1853 2638 gen-

250 2650 393 2707 tium
415 2653 675 2719 ostendit,
702 2669 845 2710 nunc
866 2670 926 2710 se
951 2655 1223 2726 legatione
1244 2657 1404 2727 hujus
1429 2657 1553 2712 doni
1585 2656 1731 2728 fungi
1756 2658 1851 2712 Dei

246 2740 586 2814 provisione,
605 2742 826 2801 Christo
852 2747 1123 2812 mittente,
1147 2748 1406 2804 declarat.
1430 2749 1689 2804 Dominus
1706 2752 1851 2806 enim

247 2847 377 2911 post
405 2840 866 2895 resurrectionem
914 2854 1067 2895 suam
1114 2840 1399 2911 Apostolus
1448 2857 1575 2898 suos
1606 2843 1721 2898 vice
1750 2858 1849 2899 sua

249 2928 407 2984 misit
464 2929 782 3001 praadicare,
832 2931 977 2986 hunc
1036 2931 1275 3004 dirigens
1321 2933 1389 2988 ad
1439 2933 1849 2989 conversionem

245 3019 518 3090 gentium,
548 3020 627 3075 sic
652 3021 798 3075 enim
830 3021 966 3097 djxit
988 3022 1056 3077 ad
1082 3037 1207 3078 eum
1242 3041 1255 3077 :
1297 3022 1464 3091 Vade,
1491 3041 1585 3095 ego
1606 3024 1757 3096 longe
1777 3025 1847 3079 ad

243 3120 423 3182 gentes
445 3112 651 3166 mittam
674 3121 745 3167 te.
775 3112 1057 3169 Dominico
1084 3128 1214 3185 ergo
1240 3114 1405 3169 verbo
1424 3129 1558 3170 usus
1584 3124 1689 3181 est,
1720 3130 1843 3170 cum

243 3200 400 3269 dicit,
422 3221 443 3255 ι
467 3214 657 3274 pacem
672 3204 825 3259 vobis
839 3206 928 3276 qui
946 3204 1123 3277 longe,
1138 3215 1194 3261 et
1216 3222 1405 3277 pacem
1420 3208 1504 3263 bis
1517 3208 1609 3277 qui
1627 3207 1805 3279 juxta,
1817 3227 1837 3260 s

249 3306 269 3344 α
305 3290 353 3347 si
381 3300 565 3349 tamen
593 3294 824 3350 audistis
849 3294 1307 3366 dispensationem
1330 3299 1538 3367 gratiae,
1572 3296 1694 3368 quas
1719 3298 1844 3354 data

242 3390 331 3437 est
370 3382 531 3439 nobis
575 3383 632 3439 in
658 3399 773 3440 vos.
809 3384 936 3441 Vult
981 3401 1075 3441 eos
1109 3386 1249 3442 scire
1292 3388 1425 3467 quia
1453 3387 1548 3443 Dei
1571 3387 1778 3460 judicio
1811 3402 1845 3444 a

239 3470 463 3529 Christo
513 3474 713 3532 missus
756 3484 842 3532 est
887 3476 1187 3552 praedicare
1225 3479 1477 3550 gentibus
1522 3480 1842 3552 mysterium

240 3566 433 3638 gratiae
450 3565 567 3623 Dei.
589 3588 608 3620 ι
639 3568 949 3625 Secundum
972 3565 1381 3640 révelationem,
1395 3582 1583 3629 notum
1603 3573 1737 3629 mihi
1757 3572 1841 3629 fa-

241 3668 392 3715 ctum
407 3668 490 3716 est
502 3662 839 3733 mysterium,
857 3664 997 3720 sicut
1012 3673 1138 3721 ante
1153 3666 1346 3736 scripsi
1363 3666 1417 3721 in
1431 3667 1664 3734 modico,
1679 3675 1842 3740 prout

238 3753 473 3822 potestis
488 3752 730 3824 legentes
750 3754 1052 3826 intelligere
1074 3757 1418 3828 prudentiam
1442 3774 1619 3814 meam
1645 3759 1701 3815 in
1728 3777 1841 3835 my-

238 3844 415 3901 sterio
437 3843 657 3902 Christi.
682 3866 701 3900 s
727 3846 1014 3905 Ostensam
1038 3849 1140 3904 sibi
1164 3849 1433 3920 signiﬁcat
1452 3850 1836 3908 revelationem

236 3936 490 4009 mysterii
511 3935 634 4004 Dei,-
659 3938 729 3995 de
751 3953 859 4010 quo
884 3940 1036 4009 prius
1061 3938 1300 3995 breviter
1328 3954 1387 3996 se
1416 3950 1684 3997 memorat
1701 3944 1837 3998 scri-

234 4027 439 4098 psisse,
490 4028 595 4086 hoc
643 4038 728 4087 est
776 4038 1097 4103 temperate,
1126 4041 1288 4104 prout
1338 4041 1591 4105 poterant
1642 4050 1836 4108 capere

233 4120 586 4192 prudentiam
617 4121 859 4193 Apostoli
893 4123 949 4178 in
975 4131 1324 4180 sacramento
1352 4123 1579 4181 Christi.

309 4213 471 4281 Quod
497 4213 621 4270 aliis
648 4214 1071 4286 generationibus
1097 4232 1203 4275 non
1229 4225 1307 4272 est
1332 4217 1570 4289 agnitum
1588 4215 1718 4288 ﬁliis
1745 4217 1836 4273 hoc

232 4307 460 4373 asinum,
486 4307 623 4364 sicut
644 4324 782 4362 nunc
810 4307 1091 4363 revelatum
1117 4318 1193 4364 est
1218 4310 1413 4364 sanctis
1438 4307 1687 4380 apostolis
1715 4311 1832 4381 ejus

230 4408 281 4454 et
307 4398 576 4471 prophetis
597 4398 653 4453 in
668 4399 876 4470 spiritu,
905 4416 1015 4454 esse
1030 4411 1203 4471 gentes
1225 4401 1517 4456 cohaeredes
1541 4411 1589 4455 et
1616 4418 1830 4455 concor-

229 4490 441 4563 porales
501 4500 550 4547 et
603 4491 881 4562 participes
927 4493 1288 4563 promissionis
1340 4494 1396 4548 in
1438 4492 1644 4550 Christo
1671 4494 1906 4585 Jesu,D

229 4599 326 4655 per
352 4580 723 4654 Evangelium,
749 4583 903 4655 cujus
931 4583 1103 4655 [actus
1126 4602 1244 4639 sum
1271 4584 1510 4642 minister
1536 4587 1823 4643 secundum

228 4675 433 4731 donum
456 4677 645 4749 gratia:
676 4676 796 4743 Dei,
820 4693 938 4750 qua:
963 4677 1091 4733 data
1124 4689 1199 4734 est
1230 4679 1359 4733 mihi
1384 4680 1672 4735 secundum
1700 4698 1823 4752 ope-

228 4769 490 4823 rationem
553 4767 760 4824 virtutis
806 4768 938 4840 ejus.
988 4767 1187 4842 (Hier)
1228 4769 1543 4842 Mysterium
1595 4770 1820 4841 Christi,

228 4861 378 4933 quod
407 4877 477 4917 ex
507 4870 661 4932 parte
704 4877 866 4935 supra
892 4861 1180 4934 Apostolus
1217 4873 1539 4920 consecutus
1563 4874 1665 4932 est,
1690 4882 1821 4939 quo-

226 4954 395 5010 modo
417 4953 540 5011 aliis
563 4954 1004 5027 generationibus
1032 4957 1196 5012 l'uerit
1232 4957 1475 5029 ignotum
1501 4958 1714 5030 plenius
1736 4976 1824 5015 re-

227 5049 579 5105 tractandum
648 5049 894 5117 videtur,
948 5059 1203 5106 utrumne
1269 5051 1580 5118 Abraham,
1632 5050 1819 5121 Jacob,

226 5141 465 5215 Moyses,
507 5143 699 5212 Isaias,
726 5153 785 5200 et
826 5144 1008 5201 caeteri
1042 5142 1327 5216 Propheta:
1374 5144 1504 5201 illud
1542 5145 1823 5218 ignorave-

225 5237 364 5303 rint,
389 5236 663 5293 annon‘tA
684 5235 880 5308 quibus
907 5252 1030 5294 esse
1050 5237 1369 5307 przedictum
1397 5238 1687 5293 adventum
1718 5236 1825 5292 Do-

224 5328 364 5385 mini
388 5337 443 5384 et
463 5329 803 5387 vocationem
829 5316 1074 5401 gentium
1096 5328 1380 5402 Scriptura
1410 5340 1820 5389 commemorat.

221 5418 507 5476 Abraham
570 5421 769 5493 quippe
814 5421 953 5477 vidit
997 5421 1139 5477 diem
1197 5419 1313 5490 ejus
1364 5429 1421 5477 et
1481 5422 1694 5479 laetatus
1738 5429 1824 5477 est

225 5509 417 5583 (least.
445 5510 587 5582 vni),
643 5521 700 5567 et
738 5512 936 5569 dicitur
980 5513 1030 5569 ei
1069 5511 1492 5569 :Benedicentur
1538 5518 1593 5571 in
1627 5516 1823 5571 semine

221 5612 319 5661 tuo
342 5620 524 5660 omnes
551 5615 729 5677 gentes
776 5606 930 5681 (Gen.
976 5606 1144 5679 xxii);
1185 5619 1240 5662 et
1275 5607 1442 5662 Jacob
1500 5608 1566 5664 de
1612 5623 1678 5664 eo
1728 5608 1823 5679 qui

220 5700 497 5759 oriundus
520 5710 668 5759 esset
692 5715 761 5757 ex
788 5700 926 5759 Juda
948 5702 1265 5773 prophetico
1295 5702 1534 5773 loquitur
1561 5721 1574 5756 :
1606 5702 1675 5756 Et
1708 5703 1816 5774 ipse

219 5795 327 5859 erit
354 5795 677 5859 mactatio
700 5797 929 5868 centium
960 5793 1114 5869 (Gen.
1144 5796 1317 5867 sus).
1345 5795 1560 5885 Moyses
1601 5810 1821 5872 quoque

1962 1913 2184 1983 spiritus
2244 1915 2443 1986 quippe
2496 1916 2884 1993 prophetarum
2938 1917 3216 1988 prophetis
3276 1916 3554 1988 subjectus

1957 2016 2062 2074 est,
2089 2007 2470 2063 mtellexcrunt
2496 2009 2679 2080 utique
2707 2025 2827 2080 quze
2853 2010 3019 2066 locuti
3049 2019 3193 2067 sunt.
3227 2010 3295 2067 Et
3321 2011 3365 2068 si
3396 2010 3553 2067 intel-

1956 2096 2228 2165 lexerunt,
2255 2099 2516 2170 quaeritur
2557 2101 2828 2172 quomodo
2857 2100 3055 2158 Paulus
3075 2101 3220 2158 dicat
3248 2104 3390 2174 quod
3419 2103 3541 2161 aliis

1956 2189 2395 2259 generationibus
2429 2204 2538 2244 non
2567 2187 2667 2245 fuit
2696 2202 2905 2257 notum,
2953 2193 3121 2249 fuisse
3173 2192 3377 2249 Christi
3405 2192 3545 2265 Apo-

1956 2280 2111 2335 stolis
2140 2281 2458 2336 revelatum.
2490 2282 2599 2337 Aut
2628 2283 2792 2352 igitur
2813 2283 2943 2340 illud
2972 2294 3056 2341 est
3085 2287 3546 2357 respondendum,

1955 2374 2098 2445 quod
2141 2383 2299 2431 caute
2329 2372 2620 2445 Apostolus
2651 2375 3037 2448 signanterque
3068 2386 3297 2434 testatus
3324 2379 3395 2435 sit
3422 2379 3550 2437 ﬁliis

1952 2466 2236 2523 hominum
2286 2467 2530 2537 ignotum
2573 2465 2742 2523 fuisse
2768 2470 3112 2539 mysterium,
3148 2485 3257 2526 non
3297 2468 3422 2526 ﬁliis
3452 2469 3549 2527 Dei

1954 2562 2024 2617 ad
2048 2578 2184 2632 quos
2207 2562 2448 2632 loquitur
2475 2579 2490 2616 :
2517 2558 2633 2633 Ego
2662 2561 2775 2616 dixi
2809 2577 2826 2614 :
2862 2560 2957 2617 Dii
2994 2565 3118 2618 estis
3143 2573 3191 2618 et
3230 2562 3330 2632 ﬁlii
3357 2561 3550 2619 excelsi

1951 2670 2128 2708 omnes
2154 2650 2327 2726 (Psal.
2346 2652 2554 2726 Lxxxt).
2572 2652 2725 2722 Quod
2746 2653 2953 2709 scilicet
2974 2654 3161 2726 hi,qui
3185 2654 3433 2725 spiritum
3457 2654 3552 2710 ad-

1950 2745 2185 2815 optionis
2206 2754 2554 2814 acccperunt,
2577 2744 2644 2799 de
2670 2745 2866 2815 quibus
2888 2746 3212 2816 patriarcha:
3232 2756 3287 2802 et
3302 2747 3545 2818 prophe-

1950 2848 2018 2893 tae
2050 2838 2285 2904 fuerunt,
2324 2838 2418 2893 Dei
2464 2838 2692 2893 scierint
2743 2846 3170 2905 sacramentum,
3208 2847 3303 2893 aut
3352 2838 3398 2894 si
3439 2839 3546 2895 hoc

1949 2947 2057 2986 non
2118 2929 2412 2999 recipitur,
2472 2936 2529 2983 et
2582 2929 2628 2983 si
2688 2928 2916 2982 nimium
2988 2927 3288 2984 violentum
3349 2934 3404 2983 et
3453 2940 3548 2984 co-

1949 3031 2133 3077 actum
2146 3020 2381 3086 videtur,
2405 3017 2532 3074 illuc
2556 3033 2738 3075 sermo
2756 3018 3030 3084 transibit,
3045 3028 3106 3073 ut
3124 3017 3288 3085 dicat,
3310 3034 3420 3073 non
3444 3018 3512 3075 de
3528 3051 3544 3063 ο

1950 3116 2101 3173 ﬁnite
2126 3125 2183 3171 et
2206 3114 2536 3187 generaliter
2556 3113 2761 3171 dixisse
2787 3111 3015 3168 Paulum
3038 3111 3159 3168 aliis
3180 3109 3542 3184 generationi-

1949 3210 2051 3266 bus
2070 3208 2236 3265 fuisse
2256 3210 2500 3281 ignotum
2522 3206 2742 3264 omnino
2762 3205 2976 3263 Domini
2997 3213 3417 3273 sacramentum,
3445 3203 3542 3262 sed

1947 3302 2026 3359 sic
2072 3301 2343 3374 quomodo
2371 3315 2517 3356 nunc
2552 3296 2853 3355 revelatum
2881 3306 2967 3354 est
2997 3297 3202 3355 sanctis
3238 3306 3295 3355 et
3325 3304 3543 3370 aposto-
3634 3312 3641 3319 '

1944 3392 2013 3448 lis
2033 3391 2273 3447 nescisse
2284 3389 2626 3461 patriarchas
2646 3397 2858 3445 veteres
2875 3396 2931 3445 et
2951 3387 3264 3459 prophetas.
3279 3382 3440 3444 Aliud
3452 3394 3542 3446 est

1943 3483 2088 3538 enim
2115 3481 2168 3537 in
2199 3480 2392 3552 spiritu
2419 3488 2647 3537 ventura
2676 3494 3027 3551 cognoscere,
3050 3478 3197 3536 aliud
3219 3494 3284 3535 ea
3305 3493 3532 3536 cernere

1941 3590 2108 3646 opere
2149 3573 2438 3645 completa.
2487 3570 2643 3629 Unde
2683 3581 2737 3628 et
2766 3571 3001 3628 Joannes
3031 3579 3321 3643 propterea
3362 3567 3538 3642 major

1940 3667 2221 3739 prophetis
2246 3665 2502 3722 omnibus
2529 3664 2747 3732 dicitur,
2776 3664 2901 3735 quia
2927 3678 3089 3735 quem
3105 3664 3287 3720 caeteri
3307 3662 3539 3736 prophe-

1939 3769 2214 3825 taverunt,
2232 3760 2347 3831 ipse
2367 3756 2646 3827 conSpexit
2659 3755 2893 3828 etdigito
2910 3754 3298 3810 demonstravit
3311 3754 3528 3811 dicens:

1939 3851 2076 3906 Ecce
2091 3851 2269 3921 Agnus
2290 3848 2388 3905 Dei
2405 3862 2422 3900 :
2437 3864 2554 3903 ecce
2573 3847 2664 3920 qui
2678 3846 2813 3901 tollit
2829 3857 3041 3919 peccata
3065 3845 3248 3901 mundi
3265 3843 3449 3917 (Joan.
3464 3844 3530 3918 ι).

1935 3940 2099 4002 Juxta
2120 3959 2281 4014 quem
2305 3957 2523 3997 sensum
2545 3949 2600 3996 et
2626 3940 2755 3995 illud
2780 3939 2975 4010 exponi
2996 3947 3175 4010 potest
3197 3954 3212 3993 :
3235 3937 3391 3994 Multi
3410 3955 3532 4011 pro-
3634 3942 3643 3953 ‘

1934 4037 2102 4108 pheta:
2122 4044 2169 4090 et
2183 4034 2317 4106 justi
2338 4032 2611 4103 cupierunt
2636 4030 2808 4087 videre
2828 4047 2946 4103 quae
2969 4028 3175 4097 videtis,
3196 4040 3244 4085 et
3266 4046 3369 4085 non
3390 4029 3532 4085 vide-

1934 4137 2090 4193 runt;
2119 4134 2167 4180 et
2181 4124 2367 4179 audire
2380 4139 2498 4195 qua:
2510 4122 2736 4178 audistis
2752 4163 2767 4190 ,
2785 4132 2833 4177 et
2862 4137 2966 4178 non
2981 4120 3265 4177 audierunt
3279 4118 3430 4194 (Luc.
3446 4119 3526 4194 ιι).

1934 4212 2062 4273 Ητεο
2081 4216 2247 4288 igitur
2266 4216 2451 4271 videre
2469 4221 2526 4270 et
2544 4213 2734 4270 audire
2755 4213 3064 4285 cupiebant,
3091 4212 3217 4284 quia
3238 4210 3417 4268 futura
3437 4226 3531 4269 co-

1933 4316 2255 4381 gnoverant.
2286 4306 2441 4376 Quod
2467 4307 2513 4362 si
2537 4305 2854 4362 nesciebant
2878 4314 3127 4373 ventura,
3143 4304 3415 4377 quomodo
3434 4304 3529 4361 de-

1932 4401 2175 4458 siderare
2194 4407 2467 4472 poterant,
2498 4414 2617 4469 qum
2646 4399 2862 4471 penitus
2883 4398 3247 4471 ignorabant?
3274 4396 3530 4468 Legimus

1930 4494 1989 4550 in
2012 4508 2300 4565 regnorum
2323 4490 2477 4547 libris
2499 4490 2786 4547 Dominum
2808 4490 3084 4547 Salomoni
3105 4490 3160 4545 in
3181 4490 3393 4546 somnio
3415 4486 3530 4560 pol-

1929 4586 2184 4643 licentem
2218 4594 2382 4655 atque
2408 4585 2675 4643 dicentem
2707 4600 2722 4639 :
2753 4581 2861 4638 Pro
2891 4600 2952 4639 eo
2995 4581 3134 4652 quod
3162 4581 3336 4653 petisti
3377 4598 3410 4635 a
3442 4597 3525 4637 me

1924 4679 2139 4735 verbum
2178 4677 2323 4733 istud
2368 4687 2417 4732 et
2471 4693 2575 4732 non
2606 4676 2778 4747 petisti
2807 4674 2899 4729 tibi
2945 4674 3057 4729 dies
3090 4672 3306 4740 multos,
3361 4689 3525 4745 neque

1925 4773 2206 4845 postulasti
2232 4771 2464 4838 divitias,
2491 4786 2655 4841 neque
2681 4770 2888 4824 animus
2929 4766 3263 4821 inimicorum
3289 4773 3521 4832 tuorum,

1925 4867 2017 4923 sed
2074 4866 2247 4937 petisti
2276 4876 2332 4920 ut
2384 4863 2700 4934 intelligeres
2751 4869 2800 4915 et
2857 4858 3069 4919 audires
3091 4857 3375 4931 judicium,
3406 4871 3524 4912 ecce

1927 4958 2028 5030 feci
2058 4958 2265 5013 verbum
2293 4967 2441 5013 tuum
2483 4964 2532 5010 et
2566 4953 2688 5008 dedi
2713 4952 2806 5007 tibi
2832 4969 2925 5007 cor
2948 4950 3201 5025 prudens,
3232 4958 3288 5006 ut
3307 4949 3518 5021 sapiens

1926 5053 2000 5108 sis
2022 5062 2103 5119 tu,
2123 5063 2169 5107 et
2186 5061 2366 5123 postea
2392 5065 2494 5105 non
2515 5056 2690 5119 surget
2710 5045 2897 5101 similis
2923 5047 2999 5100 tui
3023 5043 3143 5119 (111
3168 5042 3299 5117 Reg.
3328 5042 3433 5116 ιιι).
3452 5041 3522 5099 Ει

1929 5144 2201 5216 quomodo
2225 5142 2442 5215 quidam
2475 5146 2670 5212 putant
2701 5137 2960 5209 apostolis
2983 5134 3183 5193 Christi
3221 5134 3519 5193 revelatum

1929 5254 2051 5295 esse
2071 5237 2414 5311 mysterium,
2439 5235 2583 5305 quod
2604 5233 2847 5307 ignotum
2872 5232 3052 5289 fuerat
3074 5230 3372 5298 Salomoni,
3393 5244 3518 5287 cum

1930 5330 2188 5401 apostolis
2228 5328 2478 5384 omnibus
2540 5326 2926 5399 sapientiorem
2951 5324 3118 5381 fuisse
3146 5322 3515 5393 Salomonem,

1927 5431 1983 5479 et
2008 5432 2155 5479 retro
2184 5420 2511 5494 patriarcbis
2537 5436 2641 5476 vox
2669 5418 2852 5476 divina
2900 5417 3143 5491 pollicita
3193 5415 3301 5473 sit?
3323 5413 3418 5487 qui
3447 5412 3517 5470 de

1923 5532 1985 5574 se
2005 5532 2220 5587 quoque
2248 5516 2364 5587 ipso
2390 5514 2629 5585 loquitur
2657 5512 3030 5570 conﬁdenter:
3057 5510 3199 5566 Deus
3221 5508 3398 5564 docuit
3426 5520 3515 5563 me

1921 5612 2230 5682 sapientiam
2246 5618 2291 5662 et
2314 5607 2626 5663 intellectum
2649 5617 2952 5663 sanctorum
2973 5604 3191 5676 cognovi
3218 5601 3372 5674 (Sap.
3386 5595 3510 5671 vn).

1919 5703 2031 5759 Nec
2059 5719 2163 5757 non
2197 5711 2247 5757 et
2272 5702 2439 5757 David
2467 5702 2531 5756 de
2556 5700 2782 5756 scientia
2808 5697 3002 5756 occulti
3040 5694 3281 5768 mysterii
3311 5689 3515 5765 gloria-

1917 5803 2009 5856 tur
2057 5794 2242 5855 dicens
2269 5811 2284 5853 :
2311 5792 2523 5852 Incerta
2550 5800 2600 5853 et
2629 5789 2835 5852 occulta
2870 5788 3142 5867 sapientiae
3198 5793 3304 5888 tu?
