3986 6338
487 366 591 422 415

1120 368 1178 423 B.
1218 359 1472 425 RABANI
1505 368 1724 427 MAURI
1756 365 2074 424 ABCHIEP.
2117 351 2426 425 uocum.
2466 365 2750 424 ornum!
2786 364 2967 421 mus
3001 365 3087 420 ιιι.

3621 353 3744 422 HG

459 481 688 550 198103“
715 481 877 549 ’πυτατ
915 491 972 537 ει
999 483 1067 537 ad
1107 497 1229 537 eum
1269 485 1360 552 (Ιυί
1397 485 1498 539 Sibi
1531 485 1596 540 de
1638 485 1900 555 Sapientia
1935 500 2058 554 sui"
2083 484 2136 544 Α
2161 504 2367 560 duobus
2404 504 2604 568 verbis,
2635 503 2689 558 id
2717 511 2820 568 est,
2849 502 2906 555 in
2945 515 3012 556 eo
3038 499 3180 570 quod
3216 498 3312 563 ait,
3340 497 3636 552 cohazredes
3684 507 3748 554 et

482 574 773 644 plaudebat
809 576 951 630 Deus
980 575 1217 644 loquitur
1261 592 1358 646 per
1401 579 1717 646 prophetam
1751 595 1764 632 :
1803 577 2054 647 Nunquid

485 667 771 735 sapientior
791 684 846 722 es
891 667 1111 721 Daniele
1135 667 1349 740 (Ezech.
1381 668 1728 740 xxvut)?Aut
1755 668 1845 724 ille
1873 669 2054 739 igitur,

487 755 556 812 de
581 771 688 824 quo
717 771 880 826 supra
912 757 1024 827 jam
1051 757 1425 824 disseruimus,
1449 759 1708 814 tenendus
1736 768 1820 814 est
1842 775 2051 826 sensus,

487 845 562 900 ita
597 846 935 915 patriarchas
975 855 1030 902 et
1054 847 1366 918 praphetas,
1395 858 1454 902 ut
1498 865 1638 904 nunc
1679 850 1935 920 apostolis
1975 864 2060 904 re-

486 935 722 992 velatum
751 945 853 1002 est,
876 936 1076 993 Christi
1099 939 1374 1009 ignorasse
1399 940 1732 1010 mysterium,
1762 941 1887 1010 quia
1915 941 2060 996 aliud

489 1039 572 1086 est
603 1039 784 1086 tenere
827 1032 956 1101 quid
989 1031 1256 1094 manibus,
1302 1031 1445 1086 aliud
1481 1032 1537 1086 in
1571 1033 1766 1102 spiritu
1811 1032 2058 1087 futurum

487 1123 806 1190 praevidere.
835 1122 944 1177 Aut
965 1123 1268 1189 dicendum,
1291 1125 1559 1193 quomodo
1579 1140 1685 1179 non
1710 1133 1835 1180 sunt
1857 1125 2059 1180 similes

488 1211 658 1268 facies
685 1211 946 1278 faciebus,
973 1215 1052 1269 sic
1074 1229 1172 1269 nec
1203 1230 1322 1270 esse
1350 1215 1511 1269 corda
1534 1215 1806 1279 cordibus,
1837 1224 1892 1270 et
1907 1215 2057 1284 juxta

487 1299 804 1369 Apostolum
829 1302 1041 1357 diversa
1089 1318 1206 1358 esse
1267 1305 1616 1371 charismata,
1645 1304 1809 1358 alium
1859 1306 2062 1360 habere

485 1391 849 1461 prophetiam,
890 1393 1054 1448 alium
1095 1409 1291 1464 genera
1338 1394 1662 1466 linguarum,
1713 1396 1877 1450 alium
1920 1396 2058 1450 dona

489 1487 850 1554 curationum,
893 1489 1058 1543 alium
1107 1489 1486 1558 opitulationes
1531 1499 1586 1544 et
1622 1491 2056 1562 gubernationes,

489 1577 636 1633 illum
675 1593 795 1634 esse
839 1580 1158 1650 sapientem,
1191 1582 1332 1636 hunc
1377 1581 1612 1648 ﬁdelem,
1655 1582 1816 1638 istum
1859 1581 2061 1652 pollere

488 1667 820 1726 conscientia
871 1681 1227 1739 secretorum,
1260 1673 1408 1728 illum
1437 1675 1665 1744 simplici
1713 1684 1920 1730 tantum
1959 1677 2062 1732 ﬁde

488 1772 608 1812 esse
641 1767 970 1814 contentum.
1005 1760 1188 1831 Neque
1233 1763 1378 1817 enim
1421 1779 1610 1820 omnes
1654 1765 1708 1819 in
1756 1766 2060 1836 exemplum

489 1845 789 1905 Salomonis
827 1850 894 1904 de
913 1852 1120 1906 naturis
1143 1853 1438 1908 bestiarum
1462 1862 1518 1910 et
1544 1849 1817 1910 volucrum
1848 1865 1902 1910 et
1930 1856 2058 1911 her-
2085 1841 2133 1900 Β

491 1936 702 2003 barum,
729 1939 978 1995 similiter
1001 1950 1128 1996 sunt
1160 1942 1355 2009 locuti,
1393 1951 1453 1998 ut
1488 1944 1825 2014 disputarem
1847 1961 1877 2000 a
1898 1947 2059 2002 cedro

485 2023 674 2079 Libani
705 2042 874 2096 usque
903 2029 969 2083 ad
1011 2029 1323 2099 hyssopum,
1353 2046 1473 2100 qum
1493 2032 1627 2088 exiit
1648 2047 1744 2101 per
1777 2033 2056 2102 parietem,

485 2119 792 2174 econtrario
813 2118 1066 2176 Salomon
1092 2137 1198 2176 non
1220 2122 1293 2176 ita
1310 2121 1535 2176 forsitan
1547 2124 1743 2178 viderit
1767 2132 1826 2177 ut
1849 2123 2060 2195 Moyses

484 2226 672 2266 omnes
687 2215 894 2282 species
911 2213 1254 2269 victimarum
1271 2222 1325 2269 et
1338 2215 1561 2270 cultura:
1581 2215 1674 2270 Dei
1695 2237 1706 2268 ς
1726 2230 1825 2270 nec
1849 2216 1898 2271 ei
1923 2215 2060 2271 facie

486 2301 554 2356 ad
596 2301 791 2358 faciem
831 2304 1092 2359 Dominus
1135 2305 1206 2360 sit
1248 2304 1476 2370 loeutus,
1507 2320 1606 2360 nec
1635 2321 1885 2360 vasorum
1937 2313 2057 2360 tan-

492 2400 605 2444 tam
661 2393 746 2446 vel
811 2393 1091 2460 habuerit,
1144 2395 1229 2450 vel
1278 2395 1599 2450 intellexerit
1651 2396 2056 2465 supellectilem,

485 2495 716 2550 quorum
765 2491 948 2554 typum
980 2485 1054 2540 illi
1097 2486 1151 2540 in
1199 2495 1382 2540 monte
1427 2487 1685 2542 Dominus
1711 2489 1963 2544 ostendit.
1997 2489 2060 2543 Et

483 2574 752 2642 quomodo
777 2577 1100 2646 patriarchae
1128 2586 1182 2633 et
1212 2579 1488 2648 propheta:
1514 2579 1822 2634 habuerunt
1855 2580 2055 2649 aliqua,

484 2681 606 2735 quze
657 2669 926 2738 apostolos
965 2686 1070 2726 non
1121 2671 1371 2727 habuisse
1419 2673 1742 2728 credendum
1803 2682 1925 2738 est,
1979 2677 2060 2730 sic

485 2758 794 2813 econtrario
823 2775 921 2829 pro
948 2763 1346 2831 opportunitate
1387 2765 1643 2834 temporis
1671 2774 1726 2820 et
1749 2780 1848 2834 pro
1875 2765 2057 2820 Evan-

484 2848 610 2924 gelii
645 2850 1026 2920 praedicatione
1056 2853 1359 2909 habuerunt
1391 2855 1616 2926 apostoli
1649 2858 1823 2926 magis
1869 2867 2056 2914 notum

483 2943 798 3012 mysterium
824 2943 1046 3010 Christi,
1071 2945 1210 3016 quod
1242 2947 1480 3002 scierunt
1523 2949 1740 3016 quidem
1783 2957 1838 3004 et
1883 2951 2055 3004 sancti

482 3032 780 3100 antiquitus
811 3034 928 3099 viri,
962 3035 1057 3090 sed
1091 3051 1200 3090 non
1225 3037 1300 3091 ita
1326 3046 1384 3091 ut
1415 3038 1662 3107 apostoli,
1696 3040 1890 3108 quibus
1919 3056 2056 3109 prae-

481 3122 695 3178 dicandi
727 3127 1021 3180 necessitas
1041 3127 1571 3195 incumbebat.Quod
1596 3139 1773 3183 autem
1807 3133 1908 3186 hoc
1938 3148 2055 3202 my-

481 3215 724 3282 sterium,
751 3217 892 3285 quod
939 3217 1079 3271 sicut
1116 3233 1258 3273 nunc
1305 3219 1424 3274 aliis
1471 3221 1908 3290 generationibus
1944 3241 2049 3282 non

483 3303 583 3359 fuit
603 3305 933 3360 revelatum?
949 3309 1132 3378 utique
1148 3308 1293 3376 illud,
1309 3312 1450 3380 quod
1473 3314 1733 3381 sequitur,
1754 3333 1772 3366 t
1791 3330 1910 3370 esse
1926 3330 2054 3387 gen-

483 3403 565 3450 tes
607 3397 914 3471 cohaeredes
960 3408 1014 3454 et
1053 3403 1486 3472 concorporales,
1537 3417 1592 3460 et
1643 3409 2053 3480 comparticipes

482 3486 854 3554 promissionis
876 3489 932 3542 in
952 3490 1167 3547 Christo
1187 3489 1336 3558 Jesu,
1353 3509 1450 3563 per
1468 3497 1830 3566 evangelium,
1854 3519 1872 3551 ι
1900 3501 2052 3570 cujus

481 3573 656 3632 factus
684 3587 768 3633 est
799 3578 998 3635 Paulus
1027 3583 1294 3651 minister,
1326 3589 1619 3644 secundum
1647 3591 1844 3646 donum
1865 3593 2050 3663 gratia:

479 3665 597 3735 Dei,
631 3687 750 3740 qua:
777 3672 903 3728 data
923 3683 1006 3730 est
1025 3676 1246 3746 eijuxta
1271 3682 1637 3747 operationem
1663 3683 1880 3739 virtutis
1910 3683 2046 3754 ejus.

479 3759 604 3817 Seio
631 3766 1021 3834 appositionem
1063 3768 1456 3839 conjunctionis
1481 3775 1617 3846 ejus,
1647 3792 1747 3848 per
1777 3795 1939 3848 quam
1969 3779 2051 3834 di-

478 3853 642 3920 citur,
680 3856 990 3925 cohaeredes,
1023 3869 1072 3914 et
1115 3864 1527 3933 concorporales,
1556 3877 1602 3920 et
1633 3871 2047 3941 comparticipes,

479 3945 783 4002 indecoram
811 3947 989 4004 facere
1011 3950 1065 4004 in
1086 3950 1278 4008 Latino
1308 3957 1651 4024 sententiam,
1684 3960 1777 4014 sed
1803 3961 1929 4029 quia
1949 3963 2048 4016 ha-

477 4035 636 4091 betur
660 4038 714 4092 in
738 4037 943 4105 Graeco,
967 4049 1022 4096 et
1049 4042 1243 4114 singuli
1267 4059 1565 4113 sermones,
1585 4048 1820 4118 syllabae,
1849 4052 2049 4122 apices,

476 4139 694 4199 puncta,
729 4131 784 4186 in
829 4133 1026 4190 divinis
1079 4133 1372 4206 Scripturis
1413 4139 1567 4208 plena
1613 4151 1739 4198 sunt
1779 4145 2046 4212 sensibus,

477 4231 760 4290 propterea
791 4225 964 4294 magis
991 4226 1236 4283 volumus
1263 4229 1318 4282 in
1343 4232 1730 4300 compositione
1750 4243 2049 4291 structura-

477 4327 584 4380 que
611 4314 919 4379 verborum,
955 4331 1118 4385 quam
1156 4319 1509 4390 intelligentia
1553 4324 1869 4391 periclitari.
1907 4325 2048 4382 Gen-

479 4411 560 4456 tes
589 4403 789 4458 idcirco
817 4405 1125 4463 cohaeredes
1149 4418 1273 4463 sunt
1306 4409 1508 4476 lsraeli,
1535 4413 1665 4480 sive,
1689 4416 1830 4484 quod
1858 4417 2048 4475 melius

479 4496 828 4562 arbitramur,
861 4496 1076 4553 Christo
1122 4499 1430 4556 cohaeredes
1468 4511 1612 4571 sunt,
1657 4513 1717 4560 ut
1759 4507 2045 4565 hiereditas

477 4598 658 4644 nostra
687 4591 825 4646 Deus
863 4592 951 4656 sit,
985 4601 1039 4648 et
1085 4594 1388 4650 colizercdes
1423 4595 1644 4652 Christi.
1689 4597 1842 4666 Quod
1893 4609 1948 4657 et
1989 4603 2042 4658 in

476 4681 582 4736 alio
621 4682 739 4736 loco
783 4684 1041 4753 scriptum
1083 4694 1168 4742 est
1215 4685 1392 4758 (Rom.
1437 4688 1557 4759 vm)
1592 4707 1605 4744 :
1636 4689 1884 4748 ﬂwredes
1924 4694 2044 4764 Dei,

477 4775 763 4829 cohwredes
809 4786 982 4831 autem
1012 4776 1236 4842 Christi;
1272 4794 1376 4834 non
1410 4780 1549 4849 quod
1577 4781 1754 4853 aliqua
1782 4783 1922 4839 inter
1947 4801 2046 4843 nos

474 4865 744 4934 possessio
764 4865 1054 4933 dividatur,
1076 4867 1167 4922 sed
1195 4868 1338 4939 quod
1363 4870 1476 4940 ipse
1497 4873 1567 4926 sit
1586 4873 1846 4930 Dominus
1873 4876 2043 4932 haere-

476 4959 613 5014 ditas
642 4967 826 5012 nostra
868 4968 1029 5028 atque
1072 4964 1362 5030 possessio.
1413 4963 1668 5021 Dominus
1695 4967 1912 5038 quippe,
1940 4970 2038 5036 ait,

473 5050 746 5104 hwreditas
774 5060 948 5105 nostra
974 5063 1068 5106 est.
1104 5054 1169 5107 Et
1197 5055 1347 5121 alibi,
1374 5055 1627 5112 Dominus
1661 5076 1782 5128 pars
1826 5077 1962 5127 mea,
1992 5071 2040 5117 et

473 5141 748 5195 haereditas
770 5159 884 5196 mea
914 5141 1082 5214 (Psal.
1116 5146 1227 5216 xv).
1253 5145 1676 5218 Concorporales
1706 5160 1885 5205 autem
1911 5153 2041 5209 illud

472 5231 759 5300 signiﬁcat,
800 5242 858 5286 ut
894 5235 1344 5302 quemadmodum
1389 5239 1440 5293 in
1485 5253 1591 5294 uno
1619 5255 1844 5311 corpore
1873 5244 2041 5298 multa

463 5333 596 5380 sunt
624 5328 882 5391 membra,
910 5328 1056 5382 verbi
1086 5330 1280 5399 gratia,
1305 5330 1466 5398 oculi,
1492 5348 1706 5399 manus,
1738 5351 1916 5400 aures,
1948 5352 2044 5407 pe-

471 5415 585 5478 des,
622 5425 810 5471 venter
837 5428 891 5471 et
917 5433 1107 5488 genua.
1137 5429 1191 5476 et
1225 5438 1345 5476 cum
1384 5423 1435 5477 in
1475 5440 1582 5478 uno
1626 5436 1752 5480 sunt
1791 5443 2036 5498 corpore,

471 5507 671 5562 habent
698 5509 1027 5566 differentias
1052 5529 1198 5580 suas,
1235 5524 1293 5570 ut
1318 5533 1416 5585 pro
1447 5533 1504 5572 se
1533 5519 1759 5574 invicem
1791 5521 2042 5577 laetentur

469 5608 526 5656 et
546 5602 778 5669 doleant,
837 5607 914 5661 sic
971 5607 1176 5664 scilicet
1206 5611 1446 5666 diversas
1500 5611 1698 5667 habent
1744 5615 1946 5684 gratias
1983 5615 2040 5669 hi

468 5693 562 5764 qui
593 5695 646 5748 in
673 5695 885 5753 Christo
906 5701 1270 5768 crediderunt,
1305 5704 1358 5757 in
1387 5720 1493 5758 uno
1519 5713 1695 5758 tamen
1722 5706 1831 5774 sint
1854 5705 2040 5761 Eccle-

469 5787 566 5846 siae
592 5803 816 5859 corpore
860 5793 1203 5865 conglobati;
1234 5797 1372 5852 etin
1414 5797 1782 5868 superioribus
1818 5797 2040 5869 quidem

2158 594 2574 665 concorporales,
2609 599 2821 663 poterat
2845 592 2897 646 in
2925 605 3033 645 uno
3063 603 3290 659 corpore
3331 588 3605 642 diversum
3634 585 3748 644 ali-

2158 687 2285 759 quid
2314 686 2596 757 suspicari.
2624 686 2703 740 Ex
2729 699 2793 740 eo
2823 695 3000 739 autem
3033 683 3174 752 quod
3201 679 3408 736 addidit
3440 698 3458 731 ι
3495 688 3551 735 et
3577 693 3744 735 com-

2156 780 2448 850 participes
2465 778 2892 849 repromissionis
2913 777 2964 830 in
2989 775 3206 831 Christo
3225 773 3374 840 Jesu,
3396 792 3415 825 ι
3435 773 3614 828 omnis
3634 785 3748 842 pe-

2158 869 2302 924 nitus
2325 868 2610 922 diversitas
2637 874 2914 936 amputata
2941 873 3042 920 est.
3067 863 3167 920 Ubi
3197 864 3338 918 enim
3359 879 3468 917 una
3484 877 3750 932 compar-

2157 961 2401 1030 ticipatio
2447 969 2565 1026 est,
2617 959 2866 1013 universa
2941 957 3247 1012 communia
3304 964 3449 1010 sunt.
3503 955 3753 1009 Pulchre

2157 1056 2321 1108 etiam
2359 1055 2584 1117 addidit,
2615 1069 2706 1123 per
2734 1049 3100 1122 Evangelium,
3126 1050 3276 1119 cujus
3300 1048 3472 1118 factus
3493 1065 3608 1102 sum
3631 1046 3753 1098 mi-

2160 1147 2320 1200 nister
2340 1145 2622 1200 secundum
2646 1145 2783 1198 dona
2805 1145 3008 1214 gratim,
3037 1159 3155 1214 quae
3185 1143 3310 1196 data
3333 1151 3407 1196 est
3430 1142 3555 1195 mihi
3573 1141 3756 1210 juxta

2158 1240 2506 1308 operationem
2541 1237 2742 1292 virtutis
2769 1236 2904 1306 ejus,
2929 1243 2988 1290 ut
3015 1237 3106 1290 Dei
3145 1235 3394 1305 gratiam,
3436 1249 3542 1287 non
3573 1246 3756 1286 suum

2158 1328 2408 1382 meritum
2439 1330 2853 1390 demonstraret,
2894 1326 3099 1380 sciebat
3125 1340 3183 1380 se
3211 1339 3442 1392 namque
3479 1337 3758 1394 persecu—

2161 1427 2330 1474 torem
2358 1418 2542 1483 l'uisse,
2589 1426 2642 1472 et
2669 1417 2873 1472 Christi
2899 1416 3194 1471 Ecclesium
3220 1424 3464 1470 vastasse
3490 1434 3503 1468 :
3533 1430 3604 1468 ex
3631 1429 3758 1482 qua

2160 1509 2462 1563 humilitate
2507 1508 2828 1578 arrogantiae
2876 1507 3088 1577 penitus
3134 1506 3339 1560 crimen
3387 1504 3714 1560 excluditur
3740 1544 3759 1570 ,

2160 1615 2324 1671 super
2383 1615 2542 1669 quam
2600 1598 2840 1653 nonnulli
2899 1613 3021 1652 eum
3083 1596 3586 1667 reprehendendum
3637 1611 3760 1664 pu-

2161 1700 2296 1759 tant,
2352 1692 2479 1762 quia
2522 1692 2624 1747 sibi
2671 1691 2870 1746 dixerit
2895 1691 3212 1760 mysterium
3249 1689 3568 1753 revelatum,
3595 1689 3762 1756 quod

2160 1783 2484 1852 patriarchis
2531 1790 2587 1838 et
2621 1781 2898 1852 pr0phetis
2942 1780 3104 1835 fuerit
3146 1781 3408 1850 ignotum,
3463 1794 3762 1848 nunquam

2159 1878 2302 1932 enim
2339 1877 2658 1932 humilitatis
2687 1875 2980 1946 discipulus
3023 1874 3204 1930 verbis
3234 1873 3554 1942 arrogantiae
3596 1869 3764 1925 intu-

2161 1983 2442 2037 mesceret,
2470 1972 2843 2044 Evangelium,
2884 1969 3039 2040 cujus
3084 1970 3332 2024 minister
3360 1977 3462 2033 est,
3493 1982 3604 2022 non
3665 1965 3764 2020 sui

2161 2068 2338 2122 meriti
2374 2068 2558 2122 dicens
2584 2065 2768 2126 fuisse,
2795 2066 2888 2119 sed
2915 2063 3102 2135 gratiae
3129 2063 3246 2116 Dei.
3279 2061 3381 2128 Qui
3409 2058 3597 2113 volunt
3617 2071 3764 2127 pro-

2161 2161 2352 2229 phetas
2385 2175 2492 2214 non
2533 2156 2862 2213 intellexisse
2902 2155 3048 2224 quod
3086 2155 3357 2216 dixerunt,
3410 2160 3462 2206 et
3486 2149 3658 2220 quasi
3699 2149 3762 2204 in

2161 2251 2361 2306 exstasi
2395 2250 2623 2313 locutos,
2649 2263 2769 2302 cum
2802 2245 3053 2316 praesenti
3089 2243 3414 2307 testimonio,
3447 2241 3579 2296 illud
3605 2255 3762 2310 quo-

2159 2355 2263 2409 que
2300 2339 2442 2408 quod
2478 2339 2544 2392 ad
2589 2337 2861 2391 Romanos
2889 2335 2940 2388 in
2972 2334 3244 2404 plerisque
3288 2331 3565 2387 codicibus
3592 2331 3767 2384 inve-

2160 2431 2324 2495 nitur,
2343 2431 2408 2484 ad
2427 2428 2890 2484 conﬁrmationem
2915 2426 2996 2481 sui
3021 2425 3286 2496 dogmatis
3312 2425 3529 2479 trahunt
3557 2422 3735 2495 legen

2159 2529 2241 2576 tes
2275 2540 2288 2574 :
2322 2521 2389 2574 Ei
2416 2531 2589 2575 autem
2617 2522 2706 2591 qui
2732 2529 2896 2591 potest
2917 2537 3002 2574 vos
3028 2520 3274 2573 roborare
3306 2519 3458 2588 iuxta
3492 2518 3755 2587 Evange-

2159 2612 2286 2668 lium
2314 2631 2484 2668 meum
2507 2625 2556 2669 et
2579 2615 3001 2686 praedicationem
3051 2613 3177 2667 Jesu
3207 2610 3404 2667 Christi
3451 2611 3762 2665 secundum

2159 2703 2520 2760 reuelationem
2561 2705 2795 2776 mysterii
2832 2703 3147 2774 temporibus
3184 2705 3388 2758 aeternis
3419 2703 3586 2768 taciti,
3619 2718 3756 2756 ma-

2159 2794 2394 2860 nifestati
2415 2806 2587 2851 autem
2615 2812 2752 2850 nunc
2774 2813 2868 2864 per
2904 2797 3190 2866 scripturas
3213 2795 3535 2865 prapheticas
3561 2803 3611 2847 et
3639 2795 3754 2847 ad-

2157 2897 2360 2942 ventum
2393 2887 2604 2942 Domini
2625 2888 2790 2942 nostri
2815 2887 2944 2942 Jesu
2974 2886 3188 2952 Christi,
3216 2893 3272 2940 et
3319 2885 3520 2954 reliqua
3549 2883 3748 2954 (Rom.

2159 2979 2292 3052 XVI).
2324 2978 2528 3045 Quibus
2558 2978 2796 3035 breviter
2825 2980 3254 3050 respondendum
3283 2987 3385 3042 est,
3407 2977 3763 3046 temporibus

2157 3068 2445 3139 praeteritis
2504 3070 2724 3124 tacitum
2770 3067 2939 3124 fuisse
2978 3061 3180 3124 Christi
3224 3069 3578 3138 mysterium,
3633 3083 3761 3126 non

2081 3189 2124 3252 Ο
2160 3159 2299 3228 apud
2328 3173 2444 3224 eos,
2472 3160 2565 3228 qui
2594 3159 2725 3213 illud
2751 3158 2990 3214 futurum
3035 3160 3448 3230 pollicebantur,
3477 3159 3572 3213 sed
3598 3160 3760 3229 apud

2155 3253 2434 3307 universas
2483 3259 2691 3324 gentes,
2717 3253 2915 3321 quibus
2951 3261 3137 3323 postea
3178 3249 3594 3306 manifestatum
3641 3261 3755 3308 est.

2154 3341 2221 3398 Et
2255 3343 2456 3413 pariter
2512 3344 2915 3409 annotandum,
2967 3345 3109 3414 quod
3162 3355 3564 3400 sacramentum
3621 3345 3756 3401 ﬁdei

2154 3439 2371 3498 nostrze,
2403 3427 2506 3485 nisi
2537 3437 2635 3502 per
2664 3431 2962 3502 scripturas
2992 3435 3336 3504 propheticus
3365 3445 3419 3490 et
3445 3435 3756 3490 adventum

2153 3523 2350 3578 Christi
2399 3539 2504 3578 non
2543 3523 2720 3578 valeat
2766 3508 3013 3578 revelaﬂ.
3049 3524 3238 3580 Sciant
3283 3526 3448 3597 igitur
3483 3526 3580 3596 qui
3611 3541 3756 3596 pro-

2151 3611 2338 3681 phetas
2353 3626 2456 3666 non
2476 3612 2796 3683 intelligunt,
2814 3629 2914 3668 nec
2931 3615 3069 3668 scire
3089 3615 3415 3681 desiderant,
3431 3627 3754 3674 asserentes

2151 3719 2211 3758 se
2241 3710 2447 3758 tantum
2475 3703 2768 3772 Evangelio
2803 3721 2920 3762 esse
2958 3714 3259 3775 contentos,
3288 3707 3489 3764 Christi
3521 3711 3756 3769 nescius

2151 3791 2492 3862 mysterium,
2545 3794 2690 3862 quod
2750 3810 2780 3848 a
2840 3795 3166 3865 temporibus
3207 3798 3426 3853 aeternis
3482 3800 3754 3868 gentibus

2151 3884 2361 3939 cunctis
2386 3884 2547 3940 luerit
2571 3886 2829 3956 ignotum.
2863 3885 3062 3958 (Amb.)
3086 3887 3199 3944 Hoc
3217 3889 3505 3960 Apostolus
3533 3894 3754 3947 asserit

2151 3982 2426 4030 ostensum
2464 3991 2495 4029 a
2542 3977 2769 4031 Domino
2801 3985 3042 4048 tempore
3083 3978 3308 4048 Christi,
3339 3982 3480 4052 quod
3509 3983 3747 4049 latebat,

2149 4067 2272 4136 quia
2317 4078 2502 4138 gentes
2549 4070 2840 4139 participes
2879 4071 3075 4128 futura:
3137 4085 3321 4130 essent
3379 4077 3563 4146 gratia:
3609 4093 3737 4147 pro-

2149 4159 2328 4215 missa:
2357 4161 2410 4215 in
2449 4161 2599 4232 lege;
2627 4164 2770 4232 quod
2811 4173 3088 4220 ostensum
3115 4166 3247 4222 dicit
3287 4169 3750 4238 przedicatoribus

2150 4253 2354 4307 sanctis
2380 4262 2435 4306 et
2465 4254 2763 4324 prephetis,
2786 4255 2840 4309 id
2880 4265 2987 4320 est,
3014 4257 3270 4328 apostolis
3308 4266 3364 4312 et
3389 4257 3520 4328 legis
3545 4259 3750 4330 expla-

2150 4343 2452 4409 natoribus,
2494 4360 2599 4399 non
2637 4344 2913 4416 prophetis
2951 4348 3264 4416 veteribus;
3297 4349 3539 4418 quamvis
3586 4351 3744 4404 enim

2149 4432 2561 4489 admitterentur
2579 4435 2729 4504 prius
2743 4435 2809 4491 ad
2836 4435 3007 4507 legem
3034 4439 3282 4506 gentiles,
3303 4440 3394 4494 sed
3413 4440 3743 4498 circumcidi

2072 4548 2122 4609 Β
2142 4520 2502 4590 jubebantur;
2533 4533 2590 4579 et
2636 4526 2910 4594 propheta:
2936 4527 3177 4582 scierunt
3225 4537 3411 4600 gentes
3438 4531 3745 4602 participes

2149 4613 2359 4671 futuras
2385 4616 2511 4671 doni
2549 4617 2668 4682 Dei,
2705 4619 2828 4671 na'm
2853 4618 2957 4674 hoc
2979 4619 3419 4690 signiﬁeaverunt
3449 4621 3640 4679 multis
3681 4626 3740 4680 in

2147 4704 2281 4760 locis
2327 4719 2342 4760 :
2394 4707 2486 4760 sed
2515 4706 2618 4762 hoc
2647 4707 2844 4775 latuit,
2895 4710 3020 4778 quia
3064 4711 3182 4766 sine
3219 4712 3641 4770 circumcisione
3681 4727 3743 4772 et

2146 4796 2382 4852 sabbatis
2403 4805 2456 4852 et
2485 4799 2782 4854 neomeniis
2811 4808 2864 4856 et
2899 4801 3108 4857 caeteris
3137 4802 3333 4860 talibus
3355 4845 3370 4870 ,
3405 4807 3592 4878 gratiae
3637 4810 3742 4866 Dei

2146 4887 2339 4944 futura:
2367 4900 2547 4945 essent
2573 4891 2887 4962 participes,
2915 4899 2975 4946 ut
3007 4893 3212 4962 absque
3245 4894 3361 4966 lege
3393 4897 3742 4967 susciperent

2148 4979 2306 5036 ﬁdem
2323 4980 2521 5037 Christi
2537 4990 2590 5036 et
2611 4981 2964 5038 salvarentur.
2984 4983 3098 5039 Hoc
3114 4995 3220 5051 est,
3237 4987 3377 5056 quod
3405 4987 3552 5052 dicit,
3585 5009 3604 5040 ι
3626 4992 3736 5060 spi-

2150 5075 2254 5128 ritu
2280 5090 2398 5130 esse
2423 5082 2609 5144 gentes
2632 5075 2939 5131 cohaeredes
2961 5084 3018 5131 et
3044 5087 3461 5146 coneorporatas
3481 5087 3537 5133 et
3561 5081 3737 5150 parti-

2149 5163 2294 5234 cipes
2307 5163 2677 5232 promissionis
2698 5162 2815 5231 ejus
2841 5164 2894 5218 in
2923 5163 3159 5220 Christo.
3191 5185 3208 5218 ι
3242 5165 3342 5233 Qui
3367 5167 3512 5223 enim
3534 5170 3734 5239 spiritu

2149 5253 2315 5309 Deum
2342 5253 2468 5308 colit
2487 5269 2650 5323 opere
2675 5253 2808 5325 legis
2833 5271 2968 5326 opus
2995 5271 3103 5311 non
3129 5257 3308 5312 habet.
3342 5256 3450 5312 Per
3482 5259 3732 5331 Evange-

2149 5344 2278 5398 lium
2307 5344 2421 5414 ejus
2451 5344 2626 5412 factus
2657 5361 2773 5399 sum
2798 5347 3034 5401 minister
3057 5349 3342 5403 secundum
3368 5350 3563 5405 donum
3600 5369 3729 5421 gra-

2145 5436 2235 5489 tiae
2282 5433 2395 5500 Dei,
2441 5452 2557 5505 qua:
2601 5436 2726 5490 data
2767 5446 2841 5491 est
2883 5438 3012 5492 mihi
3049 5439 3334 5493 secundum
3375 5443 3728 5512 operationem

2143 5525 2344 5578 virtutis
2367 5525 2498 5592 ejus.
2529 5524 2631 5580 Per
2652 5525 3084 5595 praedicationem
3114 5529 3399 5584 ministerii
3426 5531 3508 5585 sui
3545 5533 3728 5601 cogni-

2144 5623 2255 5668 tum
2288 5615 2481 5669 asserit
2525 5615 2745 5680 donum,
2788 5618 2928 5686 quod
2974 5619 3236 5689 disposuit
3286 5620 3429 5676 Deus
3476 5624 3728 5696 gentibus

2130 5704 2524 5774 juxta'virtutis
2547 5723 2657 5760 sum
2681 5710 3068 5776 operationem.
3093 5710 3349 5781 Operatio
3376 5713 3522 5768 enim
3553 5715 3727 5769 virtu-

2142 5799 2214 5855 tis
2231 5797 2348 5868 ejus
2373 5807 2458 5855 est
2476 5840 2492 5867 ,
2522 5799 2647 5870 quia
2671 5799 2944 5858 Christum
2969 5803 3251 5860 suscitavit
3275 5818 3307 5859 a
3334 5806 3596 5875 mortuis,
3624 5804 3730 5886 des
