3986 6338
293 365 404 422 417

703 446 706 448 Ἴ
760 357 1311 418 ENARRATIONUM
1345 358 1415 415 IN
1453 358 1602 418 EPP.
1643 359 1849 418 PAULI
1883 360 2015 420 LIB.
2053 361 2216 421 XVII.
2242 395 2314 407 —
2340 362 2411 422 IN
2448 365 2669 425 EPIST.
2709 366 2803 425 AD
2838 365 3082 428 EPHES.

3442 379 3550 440 418

290 483 439 538 victa
486 485 683 543 morte,
734 475 790 530 in
828 491 932 546 qua
976 491 1165 531 omnes
1215 476 1440 532 salvavit
1489 497 1502 531 :
1545 477 1874 548 dispensatio
1899 485 1950 543 Α
1979 479 2097 544 Dei,
2136 497 2252 550 qua:
2293 498 2493 536 mecum
2528 493 2603 537 est
2625 483 2677 554 (1
2702 483 2824 540 Cor.
2865 485 2978 558 xv).
3009 486 3236 558 Propter
3261 505 3422 562 quam
3443 497 3547 553 hu-

288 583 474 630 tatnen
518 569 790 642 Evangelii
821 569 936 638 ejus
958 571 1074 624 hmo
1100 579 1203 635 est,
1233 586 1338 640 qua
1367 571 1546 640 agnita
1573 579 1656 626 est
1683 572 1873 626 volun-

287 677 375 723 tas
403 667 519 731 Dei,
553 666 679 735 quia
721 672 905 734 gentes
944 665 1060 728 sine
1088 679 1249 734 opere
1283 665 1416 734 legis
1456 665 1666 719 salvare
1693 665 1877 722 decre-

283 761 386 815 vit.
429 757 564 812 Mihi
592 756 807 810 minimo
847 756 1078 808 omnium
1107 766 1410 809 sanctorum
1441 756 1570 810 data
1596 767 1670 810 est
1701 759 1875 828 gratia

281 851 418 905 hac.
451 847 656 921 (Δηὼ.)
707 846 965 901 Humiliat
1017 862 1095 912 se,
1128 862 1248 902 cum
1297 863 1354 902 se
1394 848 1675 903 minimum
1722 849 1870 916 dicit,

281 942 470 999 sciens
499 939 858 995 humilitatem
901 939 1199 1009 profectum
1241 941 1458 995 habere.
1490 941 1623 996 Nam
1663 948 1872 997 tantam

280 1036 517 1105 gratiam
554 1034 656 1090 sibi
698 1035 878 1087 datam
909 1033 1077 1097 dicit,
1107 1040 1167 1087 ut
1191 1033 1390 1088 donum
1418 1034 1521 1090 hoc
1540 1075 1554 1100 ,
1579 1037 1720 1104 quod
1747 1045 1873 1092 ante

277 1128 525 1196 ignotum
560 1123 660 1178 fuit
698 1122 990 1195 praeteritis
1015 1124 1249 1189 szeculis,
1279 1123 1382 1179 sibi
1409 1134 1616 1180 asserat
1645 1142 1868 1183 conces-

276 1234 423 1284 sum,
449 1226 508 1272 ut
532 1217 636 1271 hoc
655 1215 1026 1270 manilestaret
1056 1216 1326 1286 gentibus.
1352 1214 1507 1271 Unde
1532 1218 1679 1272 enim
1705 1218 1866 1273 mini-

275 1328 402 1368 mus
430 1321 742 1367 sanctorum
767 1308 1009 1363 omnium
1031 1309 1205 1363 videri
1229 1315 1426 1378 potest,
1461 1309 1552 1378 qui
1576 1317 1866 1380 antequam

245 1468 248 1476 χ
275 1406 672 1476 baptizaretur,
687 1417 783 1456 vas
805 1399 1084 1456 electionis
1107 1400 1407 1470 appellatus
1428 1407 1530 1455 est.
1551 1399 1618 1454 Ut
1635 1402 1686 1454 in
1703 1401 1871 1455 natio—

239 1473 251 1494 .
273 1473 430 1551 nibus
470 1491 816 1562 evangelium
841 1490 1221 1560 investigabiles
1259 1491 1467 1546 divitias
1490 1490 1705 1545 Christi.
1743 1492 1868 1548 Ele-

271 1596 422 1643 ctum
449 1601 509 1642 se
529 1585 724 1655 probat
744 1583 809 1637 ad
835 1583 1233 1653 praedicandum
1255 1583 1454 1637 donum
1479 1582 1574 1637 Dei
1595 1583 1647 1636 in
1668 1583 1868 1640 divitiis

270 1672 910 1745 incomprehensibilibus
942 1670 1162 1735 Christi,
1191 1687 1328 1742 quas
1349 1671 1598 1742 gentibus
1629 1669 1742 1740 jam
1771 1673 1867 1730 de-

269 1769 512 1839 speratis
525 1767 710 1838 largiri
734 1767 984 1834 dignatus
1000 1772 1103 1831 est,
1126 1773 1187 1820 ut
1211 1766 1328 1822 sine
1341 1780 1505 1836 opere
1527 1765 1868 1822 salvarentur

1976 574 2282 640 militatem,
2342 575 2468 629 dum
2513 577 2756 632 omnium
2810 587 3121 635 sanctorum
3171 593 3256 638 est
3311 586 3546 656 inﬁmus,

1974 665 2099 720 data
2131 676 2216 721 est
2241 667 2290 720 ei
2319 669 2491 738 gratia
2523 670 2637 724 htec
2685 670 2738 724 in
2771 673 3038 742 gentibus,
3070 682 3128 727 ut
3151 678 3550 747 evangelizaret

1975 757 2378 828 investigabiles
2407 760 2622 815 divitias
2653 760 2872 832 Christi,
2907 773 2962 819 et
3007 765 3228 822 doceret
3271 768 3551 840 dispensa-

1973 851 2174 905 tionem
2228 851 2470 922 mysterii
2505 853 2804 908 absconditi
2843 870 2875 908 a
2911 856 3123 913 saeculis
3173 858 3226 913 in
3267 859 3399 926 Deo,
3453 862 3548 932 qui

1972 955 2228 996 universa
2277 941 2503 996 creavit.
2561 940 2618 996 Si
2655 943 3058 1014 investigabiles
3113 946 3313 1002 divitiae
3346 947 3548 1004 Christi

1971 1043 2118 1100 sunt,
2148 1037 2418 1106 quomodo
2441 1037 2882 1106 evangelizantur
2910 1039 2966 1094 in
2987 1041 3228 1110 populo?
3252 1043 3296 1097 si
3321 1043 3549 1099 abscon-

1969 1125 2142 1180 ditum
2163 1134 2245 1180 est
2271 1142 2302 1180 a
2336 1127 2547 1182 seculis
2597 1130 2916 1200 mysterium
2947 1129 2999 1184 in
3042 1129 3175 1198 Deo,
3207 1147 3312 1201 qua
3337 1134 3549 1191 ratione

1967 1234 2068 1289 per
2111 1218 2333 1273 Paulum
2371 1219 2645 1290 profertur
2677 1221 2731 1276 in
2772 1223 3122 1293 gentes?sed
3175 1224 3548 1296 investigabile

1967 1319 2024 1365 et
2053 1311 2426 1366 absconditum
2459 1311 2744 1381 dupliciter
2792 1313 3151 1380 sentiendum,
3179 1323 3272 1369 aut
3296 1316 3440 1386 quod
3461 1316 3546 1371 in-

1967 1404 2317 1474 vestigabiles
2346 1413 2471 1459 ante
2499 1403 2700 1460 divitia:
2739 1405 2964 1471 fuerint,
3009 1415 3066 1461 et
3093 1422 3238 1463 nunc
3281 1415 3406 1478 post
3443 1407 3550 1465 Do-

1971 1497 2102 1551 mini
2120 1506 2321 1568 apertae
2336 1497 2444 1552 sint
2465 1498 2790 1567 passionem,
2807 1505 2898 1552 aut
2919 1506 3086 1564 certe,
3101 1514 3221 1568 qua:
3239 1508 3431 1555 natura
3448 1514 3547 1556 sua

1968 1587 2170 1643 homini
2219 1587 2668 1658 ininvestigabilia
2718 1597 2895 1654 erant,
2927 1590 3062 1653 haec,
3111 1590 3221 1645 Deo
3249 1583 3545 1657 reveﬂnte,

1969 1687 2097 1735 sunt
2120 1679 2352 1749 cognita.
2387 1677 2523 1745 Quia
2551 1677 2696 1733 aliud
2731 1687 2814 1734 est
2839 1681 2905 1734 ad
2933 1689 3201 1735 secretum
3229 1681 3544 1738 curiositate

1965 1770 2182 1840 propria
2204 1770 2523 1841 pervenire:
2556 1771 2698 1840 quod
2723 1779 3007 1842 postquam
3050 1771 3327 1826 inventum
3359 1772 3546 1840 fuerit,

267 1880 368 1935 per
389 1865 574 1919 ﬁdem.
598 1861 668 1916 Et
693 1859 1041 1916 manifestum
1061 1867 1168 1926 est,
1184 1860 1310 1930 quia
1333 1874 1492 1915 nemo
1512 1861 1786 1931 egregium
1810 1870 1864 1917 et
1890 1886 1939 1948 Β
1969 1860 2163 1915 desinit
2183 1874 2304 1915 esse
2359 1861 2807 1932 ininvestigabile,
2846 1861 2989 1915 aliud
3019 1862 3237 1930 propria
3267 1862 3545 1932 diligentia

269 1956 574 2012 maximum
598 1968 793 2008 munus
824 1965 921 2022 per
943 1951 1218 2022 indignam
1240 1951 1406 2005 mittit
1425 1966 1736 2022 personam.
1760 1953 1862 2010 Os-

267 2049 500 2104 tendens
510 2061 640 2117 ergo
664 2053 923 2117 quantum
939 2061 967 2099 a
982 2044 1092 2099 Deo
1105 2053 1390 2110 mereatur,
1405 2044 1654 2099 humiliat
1681 2053 1861 2100 tamen

267 2152 346 2200 se,
373 2146 435 2192 ut
455 2137 711 2192 meritum
727 2136 842 2204 ejus
863 2143 1090 2190 crescat.
1116 2134 1183 2188 Et
1206 2134 1507 2190 illuminare
1523 2152 1720 2202 omnes,
1743 2152 1861 2207 qua:

265 2232 334 2284 sit
356 2228 680 2298 dispensatio
709 2226 1023 2281 sacramenti
1046 2225 1338 2280 absconditi
1365 2243 1398 2279 a
1420 2225 1625 2279 saeculis
1647 2227 1700 2279 in
1727 2225 1858 2293 Deo,

263 2321 357 2390 qui
384 2319 562 2374 omnia
591 2318 802 2372 creavit.
843 2316 1062 2371 Missum
1091 2332 1150 2370 se
1177 2316 1308 2371 dicit
1337 2316 1534 2386 duplici
1569 2317 1729 2372 modo
1759 2317 1857 2371 do-

265 2425 392 2465 cere
418 2417 608 2480 gentes
631 2407 970 2478 mysterium,
997 2407 1140 2475 quod
1163 2405 1338 2461 fuitin
1365 2407 1494 2464 Deo.
1513 2422 1580 2462 ex
1606 2421 1714 2477 quo
1735 2414 1862 2461 sunt

263 2503 482 2565 omnia,
515 2512 574 2555 ut
597 2515 698 2570 per
725 2514 846 2554 eum
889 2499 1102 2553 discant
1139 2513 1203 2553 ac
1243 2498 1543 2569 intelligant
1578 2497 1858 2553 Christum

263 2608 485 2663 semper
516 2593 568 2647 in
603 2591 712 2646 Deo
735 2599 790 2645 et
829 2591 969 2660 apud
1005 2590 1174 2645 Deum
1193 2631 1208 2656 ,
1239 2600 1295 2645 et
1324 2591 1451 2662 quia
1480 2591 1595 2645 sine
1623 2593 1856 2646 circum»

263 2687 474 2742 cisione
521 2694 577 2740 et
611 2683 821 2739 ("tuteris
869 2683 1003 2754 legis
1044 2683 1313 2738 mandatis
1355 2683 1618 2752 disposuit
1646 2683 1859 2738 salvare

261 2787 475 2850 gentes.
523 2777 729 2848 Indigni
771 2776 914 2832 enim
954 2776 1157 2832 inventi
1203 2784 1328 2832 sunt
1355 2773 1526 2830 Judaei
1561 2783 1765 2830 tantum
1794 2791 1858 2831 ac

262 2871 430 2926 talem
475 2871 679 2927 habere
719 2871 1030 2936 doctorem,
1073 2870 1153 2925 sic
1179 2869 1320 2925 enim
1352 2866 1520 2923 Judaei
1559 2869 1858 2924 credebant

261 2965 320 3020 in
351 2963 648 3028 Christum,
681 2971 741 3016 ut
785 2962 958 3033 legem
1003 2969 1182 3017 tamen
1233 2967 1539 3024 servarent,
1565 2959 1709 3030 quod
1737 2959 1858 3014 odi-

259 3055 370 3110 bile
393 3063 480 3109 est
501 3053 642 3124 apud
665 3052 855 3106 Deum.
901 3051 1142 3122 Denique
1183 3050 1369 3104 dicunt
1409 3048 1639 3119 apostoli
1676 3048 1744 3103 ad
1769 3063 1858 3103 co-

259 3144 568 3215 apostolum
616 3157 772 3198 suum
811 3140 1079 3197 Paulum:
1122 3138 1308 3206 Vides,
1358 3139 1540 3208 frater,
1582 3147 1705 3209 quot
1737 3136 1857 3191 mil-

260 3236 337 3291 lia
360 3245 484 3291 sunt
511 3235 567 3288 in
592 3232 786 3288 Iudaea
811 3232 1130 3287 credentium
1154 3273 1168 3297 ,
1194 3241 1240 3285 et
1266 3247 1441 3285 omnes
1469 3229 1556 3284 isti
1578 3227 1855 3283 aemulato-

259 3347 343 3383 res
368 3338 492 3383 sunt
533 3327 659 3398 legis
692 3325 830 3396 (Aet.
883 3328 1020 3398 χιιι).
1070 3324 1222 3380 Unde
1262 3323 1466 3378 factum
1508 3331 1622 3389 est,
1665 3331 1727 3377 ut
1762 3336 1859 3376 vas

259 3421 546 3478 electionis
583 3421 651 3474 ad
694 3426 882 3490 gentes
912 3418 1182 3474 docendas
1221 3418 1421 3473 missus
1467 3425 1631 3482 esset,
1674 3424 1736 3471 ut
1773 3415 1860 3470 vel

261 3517 366 3587 ipsi
398 3514 525 3568 ﬁdei
570 3513 652 3569 sui
693 3507 1083 3582 plenitudinem
1127 3511 1410 3575 haberent,
1448 3507 1585 3563 nihil
1611 3508 1677 3564 de
1719 3508 1856 3579 lege,

261 3608 360 3663 sed
400 3607 452 3660 in
492 3605 607 3660 solo
643 3603 860 3659 Christo
895 3609 1197 3674 sperantes.
1250 3600 1535 3657 Manifesto
1573 3600 1716 3655 enim
1775 3615 1862 3654 sa-

261 3705 549 3754 cramento
578 3695 782 3751 Christi
819 3694 926 3750 tale
954 3695 1152 3750 donum
1179 3694 1364 3749 datum
1406 3701 1509 3760 est,
1550 3692 1693 3762 quod
1734 3707 1860 3762 per-

261 3791 473 3849 fectum
493 3789 681 3846 salutis
701 3789 926 3844 haberet
944 3787 1212 3843 elIeetum.
1239 3785 1393 3841 Sicut
1412 3786 1556 3840 enim
1582 3785 1637 3838 in
1664 3799 1858 3855 magna

260 3893 390 3940 vota
415 3925 431 3950 ,
472 3882 708 3938 maxima
742 3883 939 3938 dantur
977 3881 1332 3952 apophoreta,
1381 3880 1456 3934 ita
1487 3886 1543 3934 et
1572 3877 1860 3949 magniﬁco

259 3975 906 4045 manifestatomysterio,
921 3973 1098 4045 gaudii
1117 3981 1172 4027 et
1194 3971 1392 4026 laetitiae
1405 3987 1567 4026 causa
1587 3980 1697 4024 tam
1711 3983 1862 4040 egre-

262 4070 354 4141 gio
377 4083 607 4124 munere
624 4067 806 4123 donati
832 4075 958 4121 sunt
977 4066 1224 4122 homines
1249 4065 1391 4135 quod
1417 4063 1522 4119 illis
1544 4063 1678 4118 satis
1699 4063 1769 4117 sit
1793 4063 1862 4117 ad

260 4162 479 4232 copiam
495 4159 808 4215 salutarem.
826 4157 1025 4230 (llier.)
1043 4157 1154 4212 Non
1173 4165 1301 4227 puto
1318 4155 1618 4226 apostolum
1635 4153 1858 4207 Paulum
1909 4205 1912 4208 .

260 4269 388 4308 cum
413 4252 612 4306 mentis
630 4263 739 4306 suae
755 4249 1112 4305 coneordasse
1132 4256 1360 4311 secreto,
1377 4254 1436 4300 ut
1457 4259 1584 4300 vere
1607 4260 1666 4299 se
1685 4245 1862 4299 omni—

259 4347 367 4402 bus
390 4345 597 4401 sanetis
613 4342 858 4398 intimum
880 4356 998 4397 esse
1021 4340 1240 4406 dixerit,
1265 4339 1415 4394 verbi
1435 4353 1619 4404 causa,
1648 4337 1734 4393 his
1767 4337 1859 4407 qui

261 4436 497 4493 erantin
521 4435 755 4504 Epheso,
774 4433 866 4505 qui
882 4434 935 4488 in
951 4432 1234 4498 Corintho,
1256 4430 1348 4501 qui
1367 4430 1422 4485 in
1445 4428 1858 4495 Thessalonica,

260 4530 352 4586 vel
383 4529 477 4599 qui
509 4535 624 4582 toto
651 4527 784 4582 orbe
813 4524 1176 4589 crediderant,
1199 4522 1342 4594 quod
1369 4536 1494 4577 cum
1539 4519 1862 4576 humilitatis

261 4622 530 4679 indicium
557 4621 643 4684 sit,
679 4633 738 4674 se
769 4618 1012 4673 omnium
1061 4624 1376 4672 sanctorum
1404 4613 1650 4670 inﬁmum
1677 4613 1860 4668 dicere

259 4711 540 4770 mendacii
561 4719 646 4766 est
667 4718 867 4774 reatus,
892 4709 1036 4764 aliud
1057 4709 1112 4763 in
1135 4717 1353 4779 pectore
1375 4707 1614 4761 clausum
1635 4706 1858 4772 habere,

260 4804 417 4860 aliud
444 4804 499 4858 in
521 4802 706 4874 lingua
751 4816 1021 4871 promere.
1067 4798 1470 4870 Reperiendum
1501 4808 1586 4853 est
1612 4813 1742 4867 ergo
1773 4814 1861 4852 ar-

261 4903 607 4969 gumentum,
625 4909 731 4963 quo
743 4890 1006 4946 etPaulus
1020 4905 1147 4946 vere
1161 4891 1411 4946 omnibus
1427 4889 1630 4945 sanctis
1642 4888 1860 4944 inﬁmus

259 4991 531 5054 fuerit,et
551 4997 732 5042 tamen
760 5003 868 5042 non
896 4987 961 5040 de
990 4983 1285 5054 apostolica
1308 4981 1859 5049 cecideritdignitate.

259 5083 540 5154 Loquitur
573 5079 838 5135 Dominus
864 5079 919 5132 in
949 5075 1240 5147 Evangelio
1270 5075 1338 5130 ad
1388 5072 1680 5144 discipulos
1709 5090 1721 5126 :
1753 5071 1859 5138 Qui

259 5177 377 5235 vult
409 5177 462 5230 in
493 5175 634 5230 vobis
658 5173 831 5242 major
878 5188 1006 5236 esse,
1051 5170 1146 5239 ﬁat
1173 5169 1405 5225 omnium
1447 5166 1658 5231 minor;
1695 5175 1742 5220 et
1769 5165 1859 5234 qui

257 5270 376 5329 vult
409 5285 519 5324 esse
561 5268 782 5338 primus,
827 5266 892 5318 sit
924 5264 1160 5318 omnium
1199 5260 1511 5316 novissimus
1539 5256 1733 5330 (Marc.
1758 5257 1860 5328 Ix),

260 5361 417 5434 quod
455 5359 655 5415 Paulus
702 5371 866 5427 opere
914 5353 1217 5423 complebat
1259 5352 1482 5406 dicens:
1537 5349 1673 5404 Puto
1725 5349 1862 5403 enim

258 5458 395 5530 quia
443 5453 586 5508 Deus
648 5468 739 5505 nos
781 5447 1042 5520 apostolos
1085 5445 1390 5499 novissimos
1445 5443 1664 5496 ostendit
1714 5441 1866 5512 quasi

263 5550 430 5605 morti
495 5549 803 5602 destinatos.
858 5542 1121 5599 Omnibus
1177 5539 1362 5610 igitur,
1401 5537 1496 5606 qui
1547 5550 1605 5590 se
1646 5542 1872 5606 propter

263 5641 553 5699 Christum
592 5637 838 5694 inﬁrmos
862 5650 984 5690 esse
1019 5631 1327 5702 cupiebant,
1377 5629 1649 5700 apostolus
1679 5627 1880 5684 Paulus

267 5732 546 5789 inﬁrmior
575 5739 714 5796 erat,
760 5740 813 5785 et
843 5728 1046 5783 idcirco
1077 5724 1274 5795 major.
1314 5720 1572 5777 Omnibus
1599 5721 1760 5785 enim,
1793 5720 1877 5774 in-

267 5829 419 5899 quit,
447 5827 553 5883 illis
583 5826 700 5897 plus
749 5823 1006 5889 laboravi,
1041 5837 1143 5877 non
1189 5828 1365 5876 autem
1416 5833 1532 5888 ego,
1579 5817 1671 5870 sed
1699 5815 1874 5886 gratia

1967 1952 2095 2007 illud
2123 1967 2336 2022 quoque
2363 1967 2521 2021 posse
2547 1952 3023 2022 comprehendere,
3053 1953 3146 2008 sed
3187 1968 3287 2024 per
3313 1953 3544 2024 gratiam

1965 2041 2080 2096 Dei.
2115 2041 2266 2109 Quod
2295 2057 2417 2096 cum
2446 2042 2633 2097 scieris
2666 2051 2722 2098 et
2746 2043 2959 2098 caeteris
2981 2057 3195 2112 quoque
3217 2044 3544 2110 ostenderis,

1965 2133 2318 2188 nihilominus
2391 2135 2763 2205 investigabile
2832 2143 3164 2204 perseverat,
3231 2135 3358 2193 dum
3423 2137 3538 2202 tibi,

1963 2234 2223 2295 quantum
2248 2225 2300 2278 in
2337 2233 2390 2280 te
2428 2233 2531 2289 est,
2562 2224 2664 2280 fuit
2711 2234 2999 2295 antequam
3047 2226 3426 2281 ostenderetur
3445 2241 3541 2282 oc-

1962 2319 2183 2374 cultum.
2240 2319 2468 2374 Divitias
2513 2318 2713 2373 Christi
2778 2318 3201 2390 investigabiles,
3249 2319 3318 2373 ad
3367 2319 3544 2388 ipsum

1963 2428 2178 2484 quoque
2191 2412 2490 2478 Christum,
2514 2413 2737 2482 loquens
2756 2411 3044 2468 Psalmista
3067 2419 3297 2468 testatur
3320 2412 3504 2468 dicens
3525 2429 3539 2467 :

1964 2503 2138 2569 Quam
2169 2503 2378 2572 inﬁnita
2405 2501 2683 2556 multitudo
2719 2502 2969 2556 bonitatis
2997 2510 3118 2564 tute,
3147 2518 3305 2572 quam
3327 2501 3546 2556 abscon-

1965 2595 2042 2648 dit
2081 2594 2381 2648 timentibus
2419 2594 2509 2647 te!
2551 2592 2724 2664 (Psal.
2749 2591 2907 2663 xxx.)
2941 2593 3036 2648 Hae
3060 2592 3318 2648 bonitatis
3342 2592 3544 2648 divitias

1962 2687 2031 2741 ab
2058 2686 2309 2741 omnibus
2339 2694 2486 2740 retro
2511 2685 2722 2740 saeculis
2746 2685 3075 2741 absconditae
3111 2683 3328 2739 fuerant
3357 2683 3411 2738 in
3436 2683 3543 2739 Do-

1960 2775 2130 2840 mino,
2161 2775 2253 2844 qui
2284 2784 2500 2830 creator
2528 2783 2614 2829 est
2640 2775 2904 2829 omnium.
2938 2774 3041 2830 Ubi
3074 2782 3203 2829 sunt
3228 2772 3468 2829 Marcion
3489 2780 3547 2829 et

1961 2865 2278 2921 Valentinus
2298 2873 2354 2919 et
2373 2879 2562 2920 omnes
2590 2865 2850 2930 hzeretici,
2883 2864 2974 2934 qui
3002 2864 3230 2919 alterum
3252 2863 3462 2929 mundi,
3487 2863 3543 2919 id

1960 2971 2046 3018 est
2064 2962 2378 3026 visibilium,
2393 2969 2449 3016 et
2464 2961 2693 3016 alterum
2719 2969 2966 3016 asserunt
2988 2959 3337 3015 invisibilium
3359 2958 3546 3014 condi-

1959 3063 2151 3116 torem,
2176 3054 2321 3108 hunc
2340 3051 2546 3120 justum
2569 3066 2691 3107 esse
2710 3052 2976 3116 dicentes,
2998 3049 3148 3105 illum
3177 3049 3359 3104 nescio
3380 3063 3543 3118 quem

1963 3160 2178 3215 semper
2214 3145 2480 3215 ignotum,
2532 3150 2740 3197 tantum
2772 3143 2994 3208 bonum,
3021 3141 3113 3212 qui
3143 3141 3307 3196 Pater
3337 3139 3540 3196 Christi

1961 3238 2069 3293 sit?
2109 3237 2249 3292 Ecce
2273 3238 2415 3292 Deus
2437 3237 2492 3290 in
2541 3249 2649 3305 quo
2676 3235 2993 3307 mysterium
3039 3233 3242 3289 Christi
3271 3232 3338 3287 ab
3365 3231 3543 3287 omni-

1961 3328 2063 3383 bus
2091 3337 2237 3382 retro
2264 3326 2476 3382 sarculis
2500 3326 2873 3382 absconditum
2900 3324 3021 3389 fuit,
3057 3331 3273 3378 creator
3296 3336 3416 3377 esse
3430 3335 3546 3376 om-

1961 3420 2111 3474 nium
2141 3419 2488 3488 praedicatur,
2515 3432 2582 3472 ex
2614 3431 2721 3487 quo
2749 3416 3056 3471 ostenditur
3081 3414 3224 3468 idem
3255 3428 3376 3470 esse
3401 3413 3546 3469 Deus

1961 3509 2100 3566 Novi
2129 3519 2183 3564 et
2218 3509 2430 3564 Veteris
2481 3506 2836 3562 Testamenti.
2868 3506 3055 3561 Potest
3092 3513 3276 3559 autem
3333 3511 3540 3574 myste-

1967 3605 2106 3660 rium
2143 3619 2174 3658 a
2205 3602 2416 3657 saeculis
2445 3600 2821 3656 absconditum
2847 3608 2904 3654 et
2931 3599 3089 3654 aliter
3117 3597 3366 3668 intelligi,
3399 3595 3542 3667 quod

1965 3696 2083 3765 ipsa
2119 3693 2248 3748 illud
2279 3691 2473 3748 saecula
2503 3690 2892 3762 ignoraverint,
2919 3689 3024 3745 hoc
3045 3697 3160 3755 est,
3195 3702 3386 3744 omnes
3432 3686 3546 3756 spi-

1962 3785 2099 3839 tales
2130 3793 2185 3839 et
2230 3781 2578 3838 rationabiles
2609 3790 2891 3843 creaturae,
2924 3790 3045 3848 quae
3088 3779 3142 3832 in
3189 3776 3408 3832 saeculis
3433 3775 3550 3831 fue-

1963 3886 2124 3942 runt;
2165 3877 2420 3933 saeculum
2470 3876 2666 3945 quippe
2705 3889 2804 3944 pro
2857 3874 2942 3926 his
2973 3871 3301 3940 frequenter,
3335 3883 3455 3940 qua:
3481 3869 3535 3922 in

1965 3971 2160 4028 sacculo
2189 3977 2499 4032 versantur,
2532 3968 2816 4036 accipitur,
2858 3966 3000 4020 sicut
3047 3963 3246 4018 Paulus
3274 3963 3340 4017 ad
3389 3962 3551 4016 Gala-

1963 4075 2046 4120 tas
2084 4064 2321 4134 loquitur
2347 4063 2532 4116 dieens
2561 4079 2572 4114 :
2615 4057 2680 4112 Ut
2719 4061 2937 4129 eriperet
2977 4073 3071 4112 nos
3098 4057 3161 4110 de
3180 4054 3422 4126 pra’senti
3448 4069 3549 4107 ste-

1961 4158 2082 4214 culo
2107 4173 2328 4228 nequam
2355 4153 2496 4226 (Cal.
2513 4154 2553 4224 ι)
2574 4171 2588 4218 ;
2612 4154 2736 4208 etin
2757 4153 2861 4206 alio
2881 4151 3001 4206 loco
3019 4149 3233 4221 (Ephes.
3253 4149 3313 4218 ιι)
3336 4166 3348 4201 :
3377 4145 3442 4200 Ut
3464 4164 3547 4202 os-

1963 4250 2190 4304 tenderet
2231 4249 2286 4300 in
2317 4246 2544 4300 venturis
2571 4243 2799 4307 sa'culis,
2828 4257 2926 4312 pro
2959 4256 3024 4297 eo
3047 4241 3187 4310 quod
3213 4247 3316 4304 est,
3340 4238 3552 4294 hisom-

1963 4343 2139 4403 nibus,
2167 4353 2286 4409 quae
2307 4337 2359 4391 in
2377 4334 2885 4407 supervenientibus
2911 4331 3125 4389 saeculis
3147 4330 3327 4386 futura
3358 4335 3538 4384 erant.

2037 4433 2103 4488 Ut
2124 4434 2415 4488 innotescat
2440 4429 2759 4501 principibus
2796 4437 2844 4482 et
2879 4425 3219 4498 potestatibus
3246 4424 3302 4478 in
3325 4421 3548 4477 cmlesti-

1965 4531 2059 4584 bus
2088 4544 2178 4599 per
2221 4524 2514 4580 Ecclesiam
2545 4521 2886 4591 multiformis
2931 4518 3192 4588 sapientia
3234 4515 3332 4570 Dei
3361 4530 3548 4570 secun-

1889 4637 1944 4698 Ῑ)
1967 4622 2092 4674 dum
2119 4616 2524 4689 pra'ﬁnitionem
2547 4612 2885 4677 steculorum,
2924 4625 3082 4681 quam
3111 4608 3233 4676 fecit
3259 4609 3316 4661 in
3340 4605 3548 4660 Christo

1963 4713 2090 4767 Jesu
2121 4709 2348 4763 Domino
2381 4717 2580 4760 nostro.
2615 4702 2844 4774 (Ambr.)
2881 4700 3013 4754 'I‘am
3040 4699 3178 4753 bene
3207 4697 3273 4753 de
3304 4697 3407 4752 hoc
3429 4710 3553 4752 sen-

1964 4801 2036 4855 sit
2073 4798 2238 4863 Deus,
2289 4805 2478 4850 utnon
2526 4793 2699 4849 solum
2740 4791 2989 4861 gentibus
3035 4791 3180 4845 hunc
3231 4789 3551 4857 magistrum

1966 4894 2144 4958 daret,
2197 4905 2385 4945 verum
2437 4887 2601 4943 etiam
2633 4894 2692 4939 ut
2728 4900 2826 4955 per
2852 4897 2974 4939 eum
3014 4882 3220 4938 veritas
3243 4881 3444 4937 Christi
3470 4880 3554 4936 in-

1966 4989 2214 5038 notescat
2241 4979 2524 5050 spiritibus
2554 4976 2607 5030 in
2630 4975 2963 5040 coelestibus,
2993 4973 3084 5044 qui
3112 4979 3238 5028 sunt
3279 4971 3553 5042 principes

1967 5084 2021 5132 et
2041 5081 2356 5146 potestates.
2388 5071 2696 5125 Potestates
2743 5068 2885 5133 ideo,
2917 5067 3042 5137 quia
3068 5065 3403 5137 potentiores
3426 5074 3554 5121 sunt

1970 5167 2113 5222 inter
2160 5176 2386 5220 caeteros
2435 5161 2657 5231 spiritus
2699 5173 2715 5214 :
2755 5159 3030 5231 principes
3077 5167 3258 5213 autem
3297 5171 3364 5213 eo
3407 5155 3550 5229 quod

1967 5256 2342 5327 principentur
2363 5251 2743 5323 potestatibus,
2783 5256 2844 5304 ut
2866 5257 3225 5321 agnoscentes
3249 5262 3348 5320 per
3369 5244 3554 5303 Eccle-

1971 5350 2127 5413 siam,
2159 5362 2278 5417 qtae
2303 5343 2598 5399 multifario
2627 5343 2694 5397 ad
2725 5343 2889 5397 vitam
2919 5350 3150 5396 attracta
3179 5348 3284 5406 est,
3312 5341 3364 5394 in
3397 5337 3554 5394 Chri-

1972 5450 2057 5495 sto
2093 5439 2252 5493 unius
2282 5437 2376 5491 Dei
2407 5451 2626 5490 manere
2678 5435 3015 5505 mysterium,
3065 5432 3314 5488 desinant
3362 5430 3428 5485 ab
3461 5443 3551 5484 er-

1975 5546 2117 5587 rore.
2151 5530 2294 5584 Idem
2327 5529 2470 5584 enim
2509 5527 2710 5599 agitur,
2743 5535 2801 5581 ut
2830 5525 3142 5595 przedicatio
3189 5521 3554 5580 ecclesiastica

1975 5626 2140 5681 etiam
2169 5623 2255 5678 his
2278 5621 2552 5693 proﬁciat,
2586 5628 2640 5674 et
2671 5620 2928 5675 deserant
2954 5631 3236 5673 assensum
3259 5613 3558 5686 tyrannidis

1976 5716 2195 5780 diaboli,
2253 5730 2359 5786 qua
2413 5727 2472 5769 se
2533 5713 2794 5767 adversus
2834 5710 2927 5765 Dei
2984 5709 3142 5763 unius
3200 5706 3359 5761 ﬁdem
3395 5702 3556 5773 impia

1975 5811 2396 5885 praesumptione
2431 5806 2680 5862 armavit.
2715 5805 2818 5874 Qui
2847 5817 3042 5859 sensus
3096 5801 3151 5855 in
3186 5798 3395 5870 psalmo
3415 5797 3558 5855 vice.
