3986 6338
280 363 391 421 491

747 364 1305 433 ENARRATIONUM
1331 338 1586 427 iam.
1622 367 1833 429 nou
1866 326 2220 429 unlxvm.
2255 401 2329 416 —
2360 374 2430 433 ω
2464 374 2682 434 BPlS'l‘.
2717 378 2815 436 an
2849 379 3094 440 muns.

3429 386 3541 446 ω

278 476 421 574 lium
440 474 783 574 praedicasse,
832 478 941 534 isse
962 477 1209 574 Romam,
1231 479 1301 537 ad
1326 480 1613 574 Hispanias
1634 482 1719 537 vel
1749 497 1873 552 pero
1897 491 1952 552 Α
1975 485 2153 545 Patris
2183 502 2304 544 mea
2330 498 2480 556 sunt,
2506 500 2565 546 et
2590 506 2709 549 mea
2742 494 2919 551 omnis
2944 495 3145 555 Patris.
3178 505 3199 552 ὁ
3231 498 3538 574 Propterea,

278 569 517 636 rexisse,
531 569 615 625 vel
628 570 709 626 ire
727 569 1031 643 disponere.
1049 571 1218 629 Totus
1235 574 1466 630 mundus
1485 573 1555 629 ad
1564 574 1865 635 doctrinam

274 663 456 735 ipsius
477 663 546 721 de
569 670 837 734 potestate
865 664 1126 736 principis
1148 665 1454 732 tollebatur,
1477 666 1868 725 deserebantur

276 753 514 816 idola,et
525 753 820 811 cultoribus
836 755 1033 827 templa
1050 758 1262 815 deserta
1283 760 1530 830 squalore
1547 768 1602 816 et
1614 762 1865 820 sordibus

274 846 659 918 rapiebantur,
706 848 776 903 ob
800 863 964 918 quam
994 864 1212 907 causam
1254 852 1430 909 omnis
1458 854 1731 909 exercitus
1772 847 1867 910 de:

274 952 527 1003 mouum,
567 938 747 994 omnis
776 938 932 995 turba
952 939 1288 997 inimicarum
1326 941 1705 1000 fortitudinum
1737 960 1869 1000 con-

272 1035 367 1083 tra
397 1027 603 1097 ipsum,
653 1026 796 1085 facto
822 1043 1014 1096 cuneo,
1066 1031 1377 1103 dimicabat,
1430 1043 1493 1090 ut
1516 1050 1614 1106 per
1640 1034 1866 1091 tribula-

271 1120 459 1176 tiones
511 1127 567 1176 et
610 1121 888 1191 angustias
928 1121 1274 1194 Evangelium
1321 1125 1523 1185 Christi
1592 1128 1866 1185 desineret

281 1211 610 1282 prmdicare,
636 1220 694 1269 et
718 1212 895 1271 lassus
916 1212 1205 1284 aliquando
1226 1217 1610 1286 requiesceret.
1644 1217 1761 1275 Hoc
1781 1227 1871 1275 est

276 1305 473 1375 itaque
499 1304 646 1375 quod
678 1304 756 1361 ait
781 1318 796 1359 :
824 1303 955 1365 Peto
982 1323 1047 1363 ne
1070 1306 1314 1376 deﬁciam
1360 1308 1421 1363 in
1438 1309 1865 1374 tribulationibus

277 1399 416 1453 meis
454 1414 549 1468 pro
571 1397 753 1479 vobis.
778 1393 977 1454 Totum
1003 1399 1147 1457 enim
1189 1400 1333 1470 quod
1358 1401 1555 1472 patior,
1578 1402 1721 1472 quod
1767 1404 1867 1458 tri-

276 1488 461 1554 bulor,
488 1488 633 1558 quod
661 1494 931 1555 coarctor,
960 1497 1153 1546 vestrm
1178 1490 1368 1547 salutis
1387 1500 1471 1547 est
1496 1506 1679 1558 causa,
1735 1494 1863 1549 dum

275 1580 438 1637 vobis
477 1579 825 1651 Evangelium
873 1566 1195 1637 annuntiare
1232 1581 1505 1649 desidem,
1550 1599 1671 1654 qum
1695 1585 1865 1640 tribu-

276 1670 511 1725 lationes
539 1684 673 1724 mea:
698 1677 883 1725 vestra
920 1678 1003 1727 est
1045 1670 1238 1740 gloria.
1287 1671 1456 1728 Porro
1488 1675 1641 1743 quasi
1687 1675 1862 1746 impe-

277 1760 420 1815 ritus
450 1755 662 1815 locutus
697 1768 803 1827 est,
870 1768 932 1817 ut
964 1760 1161 1831 plurali
1199 1761 1601 1818 tribulationum
1637 1779 1862 1820 numero

1969 575 2163 647 inquit,
2189 596 2345 635 curvo
2363 597 2532 652 genua
2552 600 2669 641 mea
2681 584 3002 655 adPatreat,
3025 599 3082 644 ut
3097 590 3334 649 detoobis
3354 612 3542 652 δεδαη-

1964 670 2090 765 dum
2113 671 2321 765 diuitias
2334 673 2516 744 gloria?
2533 692 2645 732 sua:
2664 679 2905 735 virtutem
2934 681 3243 752 βοείου-ἐστὶ.
3276 686 3536 765 (Albam)

1962 758 2131 816 Recte
2173 761 2337 833 igitur
2366 765 2517 833 petit,
2570 781 2642 822 ne
2662 767 2887 827 deﬁciat
2910 770 3045 829 ﬁdes
3078 773 3433 843 Ephesiorum

1960 850 2234 916 pressuris
2267 850 2378 905 suis
2407 860 2571 922 atque
2590 856 2880 927 angustiis,
2924 874 3061 928 quas
3088 872 3373 932 proptere
3398 868 3541 937 pati-

1962 943 2070 1028 tur,
2095 938 2221 1008 quia
2246 939 2490 1012 Ephesiis
2509 943 2855 1016 Evangelium
2888 950 3241 1020 praedicabat,
3283 969 3403 1026 qua:
3420 959 3540 1028 qui-

1961 1027 2510 1105 dempressuraeapud
2525 1036 2829 1095 incredulos
2840 1055 3014 1109 prima:
3024 1052 3167 1110 sunt,
3191 1047 3333 1116 apud
3357 1027 3540 1106 ﬁdeles

1960 1117 2130 1188 gloria
2169 1128 2333 1192 atque
2380 1124 2649 1181 victoria:
2676 1128 2806 1198 quia
2848 1130 3044 1189 vicisse
3085 1141 3169 1189 est
3219 1136 3542 1196 adversariis

1959 1211 2018 1266 in
2044 1215 2305 1286 angustiis
2326 1230 2433 1273 non
2458 1219 2707 1281 cessisse.
2735 1220 3039 1283 Notandum
3062 1228 3360 1300 estigitur,
3392 1234 3538 1303 quod

1961 1305 2230 1377 quomodo
2257 1306 2561 1379 quicunque
2594 1312 2870 1383 subjectus
2892 1323 2977 1371 est
3006 1315 3297 1387 Salvatori,
3319 1319 3539 1379 ﬂectere

1959 1400 2011 1455 ei
2040 1415 2180 1472 genu
2209 1401 2427 1469 dicitur,
2469 1405 2550 1460 sic
2571 1420 2662 1476 qui
2690 1409 2903 1477 peccati
2929 1424 3121 1467 servus
3146 1420 3233 1468 est
3288 1421 3345 1469 et
3370 1415 3540 1471 habet

1959 1491 2207 1562 spiritum
2247 1494 2519 1551 servitutis
2546 1495 2743 1553 iterum
2768 1496 2824 1553 in
2851 1498 3067 1566 timore,
3107 1516 3249 1573 genu
3278 1504 3534 1559 scribitur

1958 1581 2171 1641 ﬂexisse
2193 1594 2434 1654 peccato.
2489 1585 2615 1642 Haec
2638 1595 2821 1645 autem
2846 1589 3159 1663 spiritaliter
3176 1602 3529 1663 capenates,

1959 1690 2068 1735 non
2108 1678 2295 1733 statim
2328 1676 2487 1747 juxta
2535 1679 2772 1736 litteram
2830 1682 3024 1739 orandi
3072 1686 3523 1742 consuetudinem

1960 1769 2215 1836 tollimus,
2257 1786 2389 1840 qua,
2425 1770 2533 1827 ﬁxo
2565 1772 2622 1827 in
2671 1779 2870 1829 terram
2891 1774 3110 1845 puplite,
3152 1775 3320 1835 Deum
3348 1777 3541 1833 adora-

276 1851 511 1924 gloriam
536 1850 883 1922 subjungeret
903 1852 1235 1925 singularem
1285 1862 1339 1908 et
1367 1853 1589 1920 diceret,
1618 1854 1675 1908 in
1695 1855 1857 1908 tribu-
1885 1848 1933 1907 Β
1959 1874 2079 1915 mus
2117 1860 2394 1932 magisque
2419 1863 2563 1932 quod
2612 1863 2680 1918 ab
2703 1878 2768 1918 eo
2800 1865 3091 1934 poscimus,
3156 1866 3530 1936 impetramus.

275 1942 566 1997 lationibus
586 1943 714 1996 meis
732 1958 828 2014 pro
857 1943 1017 2007 vobis,
1040 1960 1159 2015 qua:
1180 1954 1254 2000 est
1277 1945 1446 2015 gloria
1462 1956 1650 2013 vestra,
1677 1960 1777 2016 pro
1796 1961 1861 2002 eo

275 2034 425 2105 quod
468 2041 555 2090 est
589 2052 604 2088 :
636 2050 752 2106 quia
784 2044 907 2089 sunt
936 2034 1296 2090 tribulationes
1326 2035 1495 2107 gloria
1530 2046 1718 2104 vestra,
1754 2036 1858 2092 nisi

276 2124 475 2180 fortius
499 2123 623 2194 quis
659 2123 821 2181 altius
858 2138 955 2194 per
978 2125 1334 2195 hyperbaton,
1379 2125 1463 2180 vel
1488 2126 1556 2181 ad
1583 2126 1856 2191 ﬁduciam,

273 2217 363 2273 vel
391 2217 462 2272 ad
484 2231 786 2284 accessum,
828 2215 914 2272 vel
939 2217 1007 2273 ad
1033 2216 1193 2273 ﬁdem
1240 2218 1347 2272 hoc
1375 2217 1609 2272 aestimet
1633 2231 1754 2272 esse
1778 2230 1862 2272 re-

278 2307 590 2375 ferendum,
639 2316 695 2362 et
736 2307 883 2363 dicat
911 2308 1004 2362 :in
1053 2323 1163 2379 quo
1200 2307 1465 2364 habemus
1510 2306 1760 2363 ﬁduciam
1806 2315 1861 2363 et

276 2414 563 2457 accessum
584 2408 645 2456 et
666 2398 850 2468 ﬁdem,
875 2414 997 2470 qum
1022 2398 1240 2466 ﬁducia,
1256 2414 1508 2456 accessus
1535 2408 1590 2456 et
1614 2400 1746 2456 ﬁdes
1767 2416 1860 2456 vc—

275 2502 394 2550 stra
440 2492 609 2565 gloria
650 2501 753 2559 est,
804 2493 898 2548 sed
939 2492 1110 2564 magis
1158 2494 1403 2564 superior
1448 2494 1740 2551 sectandus
1776 2502 1861 2549 est

276 2597 497 2639 sensus.
537 2582 723 2639 Potest
765 2590 946 2638 autem
993 2583 1289 2638 secundum
1335 2584 1409 2649 id,
1451 2584 1596 2654 quod
1635 2583 1858 2640 Latinus

274 2672 569 2745 expt‘essit,
596 2681 804 2745 propter
820 2673 958 2745 quod
986 2683 1102 2743 peto
1151 2691 1213 2728 ne
1258 2673 1516 2743 deﬁciatis
1552 2674 1605 2729 in
1637 2675 1859 2731 tribula-

272 2765 509 2821 tionibus
540 2764 668 2820 meis
711 2782 805 2837 pro
831 2766 991 2832 vobis,
1039 2776 1250 2837 quires!
1275 2766 1442 2837 gloria
1476 2777 1665 2831 vestra,
1726 2768 1859 2823 illud

271 2854 494 2924 exponi,
537 2853 680 2924 quod
726 2869 824 2924 pro
861 2854 1121 2925 Ephesiis.
1157 2862 1321 2925 petat,
1381 2869 1451 2909 ne
1490 2854 1546 2910 in
1588 2856 1858 2925 pressuris

272 2942 507 3015 apostoli
534 2944 833 3000 lassescant
856 2951 1020 3013 atque
1046 2943 1319 3009 deﬁciant,
1344 2945 1387 2998 si
1408 2944 1624 3013 quidem
1651 2954 1707 3001 et
1737 2961 1858 3016 quia

272 3046 580 3104 sequuntur
627 3035 752 3090 huic
793 3035 967 3107 magis
1005 3036 1185 3090 sensui
1222 3044 1543 3106 congruunt.

350 3127 531 3199 Hujus
552 3128 628 3183 rei
664 3128 834 3198 gratia
873 3129 1022 3197 ﬂecto
1051 3143 1219 3199 genua
1250 3143 1367 3183 mea
1399 3128 1467 3182 ad
1495 3127 1715 3182 Patrem
1748 3128 1855 3183 Do.

272 3221 405 3274 asini
438 3198 601 3275 nostri
629 3218 758 3275 Jesu
804 3218 1018 3286 Christi,
1068 3236 1134 3274 ex
1157 3237 1258 3292 quo
1286 3221 1454 3276 omnis
1480 3223 1767 3291 paternitas
1798 3223 1853 3277 in
1880 3198 1927 3263 α

270 3309 419 3366 culis
456 3319 505 3365 et
541 3311 599 3365 in
636 3319 777 3365 terra
814 3311 1133 3376 nominatur,
1180 3320 1234 3365 ut
1276 3312 1363 3365 det
1393 3311 1532 3367 vobis
1571 3312 1855 3366 secundum

271 3399 485 3455 divitias
513 3398 695 3471 ρίου-ἕω
713 3416 824 3455 sua:
862 3401 1102 3455 virtutem
1136 3401 1466 3456 corroborari
1490 3417 1582 3471 per
1611 3401 1855 3472 spiritum

270 3489 388 3560 ejus
430 3488 487 3543 in
523 3490 820 3547 interiorem
868 3490 1126 3545 hominem
1168 3489 1405 3545 habitare
1443 3489 1713 3545 Christum
1762 3507 1856 3560 per

272 3580 434 3652 ﬁdem
452 3582 509 3637 in
536 3582 776 3638 cordibus
799 3585 996 3639 vestris.
1051 3583 1254 3656 (Amb.)
1286 3583 1399 3639 Hoc
1436 3581 1591 3640 flexis
1628 3584 1857 3656 genibus

270 3670 490 3742 precari
507 3686 565 3727 se
594 3672 744 3738 dicit,
766 3681 826 3728 ut
849 3673 975 3743 quia
1004 3672 1252 3744 dignatus
1270 3683 1356 3729 est
1381 3672 1644 3729 advocare
1668 3682 1854 3744 gentes

276 3763 351 3817 ad
398 3764 823 3833 cognoscendum
863 3764 1179 3835 mysterium
1228 3763 1524 3819 voluntatis
1566 3765 1704 3835 ejus,
1750 3765 1855 3820 hoc

274 3851 447 3907 etiam
470 3853 650 3920 donet,
688 3853 815 3923 quia
846 3854 996 3909 dives
1025 3863 1131 3920 est,
1183 3861 1241 3909 ut
1269 3863 1400 3909 nutu
1427 3855 1543 3925 ejus
1571 3853 1855 3909 ﬁrmentur

272 3943 331 3997 in
353 3941 568 4011 spiritu,
619 3943 722 3999 hoc
740 3952 825 3999 est
887 3951 945 3997 ut
966 3957 1074 3997 non
1102 3942 1222 3997 illos
1253 3942 1573 4012 perturbent
1614 3943 1853 3997 carnalia

269 4034 441 4091 exitia
466 4032 615 4090 illata
644 4049 675 4089 a
702 4034 944 4105 perﬁdis,
961 4035 1055 4092 sed
1084 4035 1193 4091 sint
1217 4033 1853 4105 stabiles,exspeclantes

270 4141 331 4183 in
352 4124 541 4183 futuro
568 4122 725 4194 hujus
750 4125 829 4180 rei
856 4124 1180 4181 mercedem.
1214 4142 1233 4177 ε
1266 4123 1326 4179 ln
1347 4124 1607 4181 interiore
1634 4124 1853 4183 homine

268 4220 527 4276 habitare
551 4219 822 4275 Christum
850 4234 944 4290 per
965 4218 1126 4275 ﬁdem
1148 4219 1203 4275 in
1229 4219 1478 4277 cordibus
1506 4219 1721 4275 vestris.
1746 4237 1764 4271 ι
1790 4217 1853 4272 lu

268 4326 339 4367 eo
356 4311 499 4382 petit
511 4325 607 4367 eos
625 4311 798 4380 magis
818 4310 1046 4378 ﬁrmari,
1061 4320 1121 4366 ut
1136 4324 1241 4366 non
1261 4311 1552 4382 ambigant,
1568 4311 1661 4366 sed
1680 4309 1852 4382 magis

269 4405 504 4461 credant
521 4403 794 4460 Christum
816 4403 1061 4461 habitare
1081 4403 1134 4459 in
1163 4418 1238 4469 se,
1254 4420 1414 4475 quem
1436 4419 1540 4460 non
1560 4406 1747 4460 vident
1766 4404 1852 4460 his

268 4496 469 4563 oculis,
496 4503 558 4551 ut
585 4496 807 4567 spiritus
833 4496 990 4552 datus
1029 4496 1131 4552 hoc
1155 4496 1235 4551 eis
1272 4511 1367 4566 per
1388 4496 1482 4551 Dei
1527 4497 1726 4553 donum
1770 4496 1852 4553 in-

270 4559 484 4657 fundat,
530 4598 590 4646 ut
615 4559 751 4646 seni
777 4590 886 4645 sint
914 4591 980 4646 de
1004 4589 1239 4655 Christo,
1271 4559 1413 4660 quod
1438 4590 1571 4645 vivit
1609 4598 1663 4646 et
1699 4589 1853 4647 ﬁlius
1875 4559 1928 4619 Ῑ)

269 4685 372 4742 Dei
397 4692 502 4749 est,
530 4693 588 4739 et
612 4683 820 4738 habitat
838 4698 934 4753 per
962 4682 1125 4739 ﬁdem
1154 4683 1209 4737 in
1243 4682 1497 4738 cordibus
1526 4682 1751 4749 nostris,
1786 4690 1851 4738 ut

268 4791 397 4833 cum
440 4775 597 4831 ﬁdem
627 4774 745 4845 ejus
768 4776 1031 4831 habemus
1056 4776 1112 4830 in
1139 4775 1390 4830 cordibus
1414 4775 1638 4839 nostris,
1668 4776 1848 4846 ipsum

268 4869 479 4925 habere
506 4869 784 4924 videamur
808 4884 823 4935 ;
848 4869 991 4937 quod
1028 4882 1095 4923 eo
1118 4867 1354 4938 proﬁcit,
1394 4876 1454 4922 ut
1484 4868 1661 4923 securi
1683 4866 1852 4922 simus

267 4958 341 5016 de
377 4958 594 5014 auxiliis
627 4957 765 5029 ejus,
815 4959 941 5030 quia
965 4973 1071 5013 non
1099 4958 1301 5014 deserit
1326 4973 1448 5024 nos,
1499 4957 1596 5013 sed
1638 4972 1853 5029 semper

268 5051 432 5107 adest
476 5059 699 5121 propter
742 5049 901 5106 ﬁdem
951 5064 1126 5116 suam,
1174 5065 1337 5120 quam
1385 5048 1623 5104 videtin
1674 5048 1851 5115 nobis,

268 5141 473 5212 quippe
498 5155 622 5196 cum
656 5139 781 5195 ideo
806 5138 1029 5210 spiritus
1053 5139 1193 5211 ejus,
1220 5139 1313 5209 qui
1338 5147 1394 5195 et
1420 5139 1518 5195 Dei
1551 5138 1728 5195 Patris
1747 5146 1850 5205 est,

269 5232 438 5289 detur
471 5233 649 5300 nobis,
684 5241 745 5289 ut
775 5236 897 5292 vice
946 5233 1065 5304 ejus
1112 5243 1258 5290 tutos
1295 5242 1517 5306 praestet
1556 5248 1675 5300 nos,
1722 5234 1769 5290 si
1800 5234 1851 5290 ei

268 5324 655 5391 asseutiamus,
682 5333 816 5381 utet
836 5326 1051 5382 occulta
1082 5324 1303 5391 revelat,
1351 5338 1447 5395 per
1486 5340 1646 5396 quem
1669 5326 1853 5394 utique

266 5416 452 5488 ipsum
476 5416 533 5471 in
568 5418 725 5473 nobis
746 5417 997 5474 habitare
1023 5416 1297 5487 ambigere
1320 5430 1427 5471 non
1445 5416 1718 5472 debemus.
1755 5415 1853 5471 Est

267 5507 425 5562 enim
475 5507 566 5565 hic
597 5509 737 5564 alius
762 5509 1090 5579 paracletus,
1152 5509 1295 5564 inter
1332 5522 1467 5577 quos
1498 5518 1851 5579 personarum

266 5599 534 5654 distantia
571 5609 672 5667 est,
714 5614 822 5657 non
860 5609 1087 5664 naturae,
1138 5600 1265 5671 quia
1302 5610 1359 5655 et
1401 5600 1467 5657 de
1514 5615 1579 5656 eo
1635 5599 1851 5670 accipit,

270 5701 331 5748 et
369 5708 403 5747 a
449 5693 557 5749 Duo
588 5695 870 5765 procedit:
916 5695 971 5750 in
1004 5693 1197 5764 quibus
1237 5694 1381 5748 enim
1426 5700 1631 5749 naturm
1672 5694 1853 5748 unitas

272 5792 382 5849 est,
407 5785 646 5841 invicem
679 5785 761 5841 sui
782 5792 924 5842 sunt.
964 5785 1112 5842 Unde
1140 5785 1272 5841 dicit
1298 5784 1585 5841 Dominust:
1624 5805 1641 5836 ι
1672 5786 1851 5840 omnia

1959 1950 2042 2004 Ad
2081 1960 2302 2021 patrem,
2343 1951 2540 2022 inquit,
2592 1952 2805 2009 Domini
2845 1956 3009 2009 nostri
3056 1955 3187 2011 Iesu
3216 1955 3431 2024 Christi,
3471 1975 3537 2015 ea:

1958 2057 2061 2113 quo
2088 2043 2254 2096 omnis
2292 2043 2577 2110 paternitas
2619 2045 2673 2098 in
2697 2042 2839 2100 caelis
2870 2047 3001 2100 etin
3022 2056 3165 2103 terra
3213 2049 3534 2104 nominatur.

1959 2130 2321 2199 Quaerendum
2338 2147 2467 2203 ergo
2496 2140 2599 2199 est,
2646 2135 2921 2204 quomodo
2944 2150 3013 2191 ex
3036 2135 3151 2193 Deo
3171 2136 3334 2194 Patre
3355 2139 3535 2196 omnis

1957 2224 2256 2294 paternitas
2284 2224 2337 2279 in
2358 2225 2508 2281 cmlis
2542 2234 2596 2280 et
2624 2226 2679 2281 in
2706 2235 2850 2282 terra
2883 2227 2954 2284 sit
2973 2229 3271 2286 nominata.
3297 2229 3414 2287 Non
3456 2232 3539 2287 di-

1889 2387 1899 2391 _
1958 2318 2161 2373 cit:ex
2189 2331 2295 2387 quo
2342 2317 2519 2373 omnis
2566 2318 2863 2388 paternitas
2907 2320 2962 2375 in
2995 2319 3150 2377 culis
3198 2328 3256 2376 et
3300 2321 3357 2376 in
3390 2330 3536 2378 terra

1940 2418 2083 2465 inata
2104 2418 2206 2475 est,
2252 2407 2337 2465 vel
2360 2416 2561 2474 creata,
2600 2410 2696 2467 sed
2723 2424 2791 2465 ex
2815 2425 2921 2480 quo
2946 2410 3123 2469 omnis
3147 2411 3445 2481 paternitas
3481 2413 3537 2467 in

1957 2501 2110 2571 cmlis
2149 2510 2205 2556 et
2232 2502 2287 2557 in
2317 2509 2459 2557 terra
2484 2502 2817 2568 nominatur,
2864 2501 2993 2573 quia
3020 2502 3166 2557 aliud
3187 2511 3274 2559 est
3303 2501 3540 2572 appella-

1958 2593 2103 2649 tione
2127 2593 2466 2663 paternitatis
2490 2594 2689 2648 mereri
2710 2607 2930 2658 nomen,
2955 2592 3099 2649 aliud
3118 2600 3313 2649 natura
3337 2593 3540 2650 habere

1957 2687 2308 2753 consortium,
2350 2686 2494 2756 quod
2533 2685 2679 2741 solus
2706 2694 2792 2741 est
2822 2684 2965 2741 ﬁlius
2992 2685 3108 2741 Dei».
3167 2683 3338 2741 Adam
3378 2699 3540 2755 quem

1956 2777 2189 2847 primum
2227 2776 2513 2845 psalmavit
2555 2776 2719 2841 Deus,
2767 2784 2823 2830 et
2849 2782 3068 2831 creator
3096 2775 3267 2846 ipsius
3303 2783 3359 2831 et
3386 2783 3541 2845 pater

1957 2876 2056 2923 est.
2104 2868 2256 2924 Unde
2294 2876 2350 2922 et
2388 2868 2443 2922 in
2474 2867 2767 2939 Evangelio
2815 2868 3115 2924 secundum
3142 2867 3364 2932 Lucam,
3414 2884 3539 2924 cum

1955 2959 2212 3031 paulatim
2250 2973 2280 3011 a
2309 2957 2526 3013 Christo
2553 2959 2719 3013 David
2761 2966 2819 3013 et
2836 2958 3109 3014 Abraham
3153 2972 3368 3015 sursum
3396 2967 3545 3023 esset

1955 3051 2230 3123 generatio
2242 3058 2546 3121 supputata,
2574 3049 2643 3104 ad
2668 3056 2968 3105 extremum
2992 3048 3270 3120 Scriptura
3294 3050 3372 3104 ait
3399 3065 3415 3104 :
3443 3048 3538 3105 Fi-

1956 3142 2015 3197 lii
2028 3142 2173 3210 Seth,
2200 3141 2301 3211 ﬁlii
2329 3141 2520 3206 Adam,
2543 3138 2642 3209 ﬁlii
2652 3139 2750 3195 Dei
2774 3139 2926 3212 (Luc.
2952 3138 3056 3212 ιιι).
3085 3139 3463 3211 Utpaternitas
3480 3141 3538 3197 in

1958 3242 2123 3298 terra,
2176 3231 2490 3287 vocabulum
2530 3245 2562 3285 a
2590 3230 2701 3285 Deo
2741 3229 2975 3300 primum
3008 3236 3189 3285 ortum
3217 3244 3339 3286 esse
3381 3246 3535 3286 mon-

1957 3330 2178 3380 straret.
2210 3322 2362 3378 Unde
2390 3321 2459 3376 ab
2482 3334 2568 3387 eo,
2594 3319 2687 3389 qui
2712 3330 2923 3374 summe
2952 3326 3036 3374 est
3057 3327 3214 3389 pater
3234 3328 3290 3375 et
3313 3320 3536 3391 proprie

1957 3422 2039 3467 est
2062 3419 2214 3482 pater
2242 3410 2578 3481 paternitatis
2605 3409 2830 3481 gratiam
2856 3418 3251 3480 promerentur,
3279 3411 3371 3480 qui
3401 3411 3535 3467 dicti

1958 3513 2079 3561 sunt
2110 3504 2205 3559 ﬁlii
2230 3505 2346 3559 Dei.
2400 3502 2670 3570 Quaeritur
2700 3516 2851 3567 vero,
2900 3516 3062 3573 quam
3099 3503 3171 3559 ob
3203 3517 3425 3558 causam
3471 3512 3528 3558 et

1956 3595 2012 3649 in
2036 3594 2189 3650 cmlis
2211 3594 2279 3649 ab
2300 3608 2367 3649 eo
2384 3593 2560 3648 omnis
2580 3592 2878 3663 patet-nitas
2896 3591 3229 3663 appellatur?
3250 3590 3532 3659 Quomodo

1956 3700 2054 3742 nos
2076 3676 2169 3756 qui
2196 3699 2303 3741 non
2330 3698 2513 3740 sumus
2540 3684 2606 3739 de
2633 3698 2828 3755 genere
2852 3682 3148 3750 Abraham,
3180 3683 3225 3739 si
3257 3683 3415 3738 ﬁdem
3438 3685 3535 3739 ha-

1954 3778 2250 3843 buerimus,
2291 3775 2381 3830 ﬁlii
2413 3788 2672 3829 vocamur
2692 3774 2988 3840 Abraham,
3035 3774 3374 3844 patriarchas
3402 3788 3537 3843 quo-

1955 3884 2060 3939 que
2097 3876 2152 3924 et
2178 3868 2487 3939 prophetas,
2530 3866 2574 3920 si
2601 3873 2782 3921 tamen
2825 3879 2925 3920 nos
2944 3865 3013 3920 ab
3036 3864 3118 3920 eis
3160 3870 3384 3935 peccata
3420 3880 3530 3920 non

1955 3968 2224 4030 separant,
2264 3965 2476 4013 nostros
2495 3966 2679 4027 patres
2702 3955 2953 4022 dicimus,
3001 3957 3074 4011 ita
3104 3955 3336 4013 fortasse
3355 3966 3411 4012 et
3431 3973 3531 4012 an.

1955 4053 2102 4123 gelos
2121 4059 2451 4118 cieterasque
2472 4048 2703 4103 virtutes
2730 4047 2931 4103 habent
2955 4045 3232 4117 principes
3255 4046 3338 4103 sui
3367 4062 3505 4118 gena

1955 4142 2030 4198 ris
2061 4142 2116 4196 in
2157 4139 2467 4196 cmlestibus
2519 4151 2653 4208 quos
2678 4143 2862 4206 patres
2911 4136 3181 4208 gaudeant
3234 4135 3528 4206 appellare.

1952 4233 2138 4290 Potest
2183 4245 2312 4302 ergo
2338 4237 2395 4285 et
2428 4229 2531 4284 hoc
2552 4227 2657 4283 dici
2686 4243 2754 4284 ex
2774 4242 2840 4283 eo
2867 4227 3019 4297 quod.
3058 4228 3201 4283 Deus
3231 4234 3386 4297 pater
3414 4227 3525 4283 Do-
3578 4281 3595 4295 ,

1952 4324 2084 4381 mini
2112 4322 2281 4379 nostri
2314 4319 2439 4377 Jesu
2466 4319 2664 4376 Christi
2678 4319 2834 4390 juxta
2862 4318 3219 4375 substantiam
3243 4324 3398 4390 pater
3421 4326 3530 4386 est,
3618 4362 3629 4373 .

1954 4423 2008 4471 et
2055 4413 2361 4484 unigenitus
2396 4425 2503 4467 non
2531 4417 2615 4466 est
2659 4409 2946 4481 adoptione
2972 4408 3135 4475 ﬁlius,
3186 4410 3282 4467 sed
3314 4416 3528 4479 natura,

1954 4514 2163 4560 caeteras
2212 4516 2424 4573 quoque
2477 4509 2739 4557 creaturae
2796 4499 3141 4571 paternitstis
3189 4514 3389 4555 nomen
3431 4501 3530 4557 ad-

1951 4598 2169 4668 optione
2195 4594 2493 4667 possident.
2513 4591 2581 4647 Ut
2607 4594 2692 4648 det
2713 4592 2856 4647 vobis
2878 4591 3165 4648 secundum
3182 4592 3395 4648 divitias
3413 4591 3529 4663 glo-

1951 4693 2045 4746 ria:
2069 4706 2180 4745 sua:
2206 4690 2450 4743 virtutem
2479 4684 2805 4741 corroborari
2830 4699 2922 4755 per
2959 4683 3199 4754 spiritum
3222 4682 3339 4754 ejus
3364 4682 3421 4737 in
3440 4684 3526 4738 in-

1950 4781 2137 4836 teriore
2160 4779 2365 4833 homine
2389 4776 2625 4831 habitare
2665 4770 2931 4830 Christum
2967 4789 3060 4845 per
3081 4772 3240 4843 ﬁdem
3273 4774 3331 4831 in
3354 4772 3529 4829 cordi-

1952 4873 2045 4926 bus
2061 4871 2260 4926 vestris.
2311 4868 2618 4938 Propterea,
2674 4864 2870 4935 inquit,
2921 4880 3087 4922 curvo
3112 4880 3286 4937 genua
3311 4881 3434 4923 mea
3457 4866 3526 4923 ad

1950 4960 2188 5024 Patrem,
2231 4958 2299 5013 ad
2321 4956 2473 5027 cujus
2494 4955 2896 5013 similitudinem
2921 4957 3098 5012 omnis
3126 4956 3184 5013 in
3210 4956 3350 5014 cmlo
3390 4964 3518 5014 et‘tn

1956 5059 2101 5108 terra
2145 5050 2446 5122 paternitas
2472 5047 2803 5113 nominatur,
2859 5047 3156 5118 deprecans
3186 5061 3311 5103 eum
3362 5056 3531 5119 atque

1954 5143 2266 5207 obsecrans,
2321 5146 2383 5195 ut
2416 5138 2621 5194 tribuat
2662 5138 2817 5210 vobis
2857 5138 3111 5194 virtutem
3162 5137 3348 5211 gloriae
3390 5154 3529 5207 sum,

1954 5235 2010 5291 id
2059 5242 2164 5300 est,
2221 5231 2521 5302 majestatis
2562 5244 2672 5286 suae
2714 5229 2916 5286 habere
2960 5229 3321 5301 cognitionem
3364 5236 3529 5302 atque

1955 5325 2307 5390 consortium,
2380 5336 2583 5394 vosque
2628 5322 2848 5379 roborat
2905 5330 3067 5393 atque
3110 5319 3394 5377 conﬁrmet
3430 5334 3531 5392 per

1956 5415 2215 5486 Spiritum
2241 5423 2510 5480 sanctum,
2564 5414 2693 5485 quia
2717 5413 2864 5470 nulla
2884 5412 3146 5470 fortitudo
3173 5414 3379 5484 absque
3404 5411 3531 5482 Spi-

1953 5510 2060 5565 ritu
2082 5509 2174 5564 Dei
2199 5517 2302 5574 est,
2338 5509 2557 5564 roborat
2601 5516 2779 5564 autem
2804 5514 2964 5578 atque
2994 5505 3172 5561 ﬁrmet
3198 5506 3253 5560 in
3270 5504 3531 5560 interiore

1953 5600 2172 5656 homine
2222 5600 2351 5672 (non
2373 5601 2515 5656 enim
2546 5600 2793 5671 corporis
2824 5600 2987 5664 vires,
3033 5597 3127 5653 sed
3161 5595 3354 5651 animm
3379 5608 3531 5663 quie-

1952 5694 2145 5759 rimus,
2173 5707 2275 5749 nec
2302 5693 2648 5759 exteriorem,
2673 5691 2767 5746 sed
2795 5689 3106 5745 interiorem
3138 5685 3409 5742 hominem
3436 5696 3531 5738 cu-

1953 5785 2132 5856 pimus
2170 5782 2457 5855 roborari),
2492 5792 2551 5839 ut
2588 5792 2871 5854 postquam
2923 5776 3248 5836 habitaverit
3280 5775 3530 5833 Christus
