3986 6338
416 358 522 427 4.25

1049 353 1113 411 Β.
1153 351 1405 410 ΒΑΒΛΝῙ
1441 344 1664 410 MAURI
1698 349 2016 408 ARCHIEP.
2057 347 2366 410 MOGUNT.
2403 348 2693 410 OPERUM
2729 351 2912 411 PARS
2947 355 3036 413 Ill.

3490 358 3523 377 ”
3573 364 3706 419 424

414 473 471 531 in
500 471 754 528 interiore
774 472 1014 537 homine,
1068 473 1324 543 inrlpsius
1349 471 1623 528 interioris
1643 471 1877 526 hominis
1901 471 2000 525 ha-
2028 471 2077 531 Α
2105 468 2293 524 dilexit
2315 469 2449 526 nos?
2468 469 2577 526 Aut
2597 478 2658 525 ut
2677 471 2804 540 quid
2826 480 3072 527 nostrum
3092 471 3334 540 haberet,
3362 474 3455 545 qui
3481 476 3706 532 nullius

412 561 549 620 bitet
576 563 880 633 principali,
924 563 978 618 id
999 570 1101 629 est,
1136 563 1196 617 in
1223 571 1404 616 meme
1438 561 1708 626 rationali,
1756 569 1813 616 et
1842 562 1895 616 in
1933 576 1999 616 ea

415 654 744 710 domicilium
792 654 1082 723 sedemque
1115 669 1267 710 suam
1293 661 1460 724 ponat
1497 670 1510 708 :
1556 653 1660 708 hoc
1709 661 1888 707 autem
1916 660 1998 706 to-

417 756 532 804 tum
565 764 666 820 per
695 748 857 805 ﬁdem
887 749 1001 815 ﬁet,
1057 749 1102 804 si
1129 749 1414 804 credamus
1441 748 1495 803 in
1539 763 1687 814 eum,
1735 747 1999 802 habitatio

415 845 595 892 autem
630 839 754 903 ista,
804 852 924 908 quae
951 853 1050 908 per
1081 837 1361 893 exordium
1389 837 1513 893 ﬁdei
1554 837 1871 902 fabricatur,
1905 853 1996 891 ra-

416 927 564 983 dices
586 935 640 982 et
670 926 1076 984 fundamentum
1116 927 1380 982 habuerat
1405 928 1459 982 in
1481 927 1768 993 charitate,
1803 928 1870 983 de
1893 942 1998 996 qua

413 1019 576 1075 latius
607 1020 795 1090 incipit
822 1019 1102 1091 disputare
1133 1021 1356 1077 dicens:
1407 1021 1475 1076 In
1495 1022 1748 1076 charitate
1774 1022 1998 1076 radicati

413 1117 462 1163 et
485 1109 718 1179 fundati,
770 1119 828 1163 ut
855 1111 1065 1181 possitis
1110 1111 1544 1181 comprehendere
1595 1128 1714 1166 cum
1760 1114 1995 1166 omnibus

412 1200 604 1255 sanctis
631 1216 748 1270 qua:
769 1201 837 1255 sit
865 1200 1090 1257 latitudo
1123 1211 1173 1256 et
1202 1201 1492 1274 longitudo,
1541 1212 1591 1257 et
1611 1203 1924 1268 sublimitas,
1949 1213 1997 1258 et

412 1289 750 1360 profundum.
802 1289 1012 1366 (Greg.)
1047 1292 1220 1349 Habet
1243 1293 1441 1365 quippe
1471 1295 1611 1350 Deus
1642 1294 1995 1364 latitudinem,

413 1378 539 1450 quia
563 1379 907 1436 dilectionem
934 1397 1088 1438 suam
1141 1397 1310 1452 usque
1341 1383 1408 1439 ad
1445 1383 1820 1440 collectionem
1872 1400 1998 1456 per-

413 1470 756 1541 sequentium
815 1472 1004 1529 tendit.
1073 1472 1248 1531 Habet
1295 1475 1705 1547 longitudinem,
1757 1475 1886 1546 quia
1931 1476 1998 1532 ad

411 1559 536 1615 vitae
575 1563 809 1632 patriam
841 1579 939 1620 nos
984 1565 1364 1638 longanimiter
1398 1567 1676 1622 tolerando
1731 1565 1994 1637 perducit.

413 1647 587 1706 Habet
617 1653 1023 1721 sublimitatem,
1087 1657 1212 1727 quia
1267 1657 1508 1727 ipsorum
1553 1672 1767 1728 quoque
1802 1657 1997 1712 intelli-

412 1741 671 1811 gentiam,
720 1743 816 1812 qui
850 1745 1054 1815 recepti
1105 1746 1159 1800 in
1187 1762 1421 1816 superna
1462 1745 1661 1802 fuerint
1707 1762 1998 1818 congrega-

2100 561 2341 631 indiget?
2365 561 2618 632 Nunquid
2644 579 2751 618 non
2775 565 3016 621 charitas
3040 566 3157 621 haec
3201 583 3365 638 super
3396 570 3704 626 scientiam

2099 651 2376 705 hominum
2403 651 2521 706 est?
2568 661 2660 706 aut
2679 653 2801 722 quis
2827 654 3104 709 hominum
3146 657 3288 712 hanc
3315 660 3511 727 poterit
3548 661 3708 716 cha-

2099 740 2312 794 ritatem
2352 739 2511 795 alicui
2555 741 2851 796 exhibere?
2885 758 3197 812 quanquam
3248 745 3422 816 impar
3471 749 3560 815 sit,
3611 763 3706 804 ac

2097 845 2194 900 per
2226 831 2329 886 hoc
2364 833 2724 902 supereminet
2764 833 2998 888 humana
3027 839 3368 892 commenta?
3399 837 3510 894 Hoc
3546 856 3707 914 ergo

2097 921 2211 975 vult
2244 937 2342 978 nos
2369 923 2529 988 scire,
2563 922 2690 992 quia
2719 937 2909 980 sensus
2934 933 3118 979 noster
3162 929 3379 998 assequi
3425 945 3530 985 non
3577 945 3708 1004 po-

2100 1019 2229 1077 test,
2301 1027 2400 1067 nec
2449 1013 2756 1083 perspicere
2801 1013 3224 1083 profunditatem
3281 1015 3696 1075 beneficiorum

2099 1101 2298 1158 Christi
2311 1119 2438 1176 erga
2453 1119 2570 1170 nos,
2587 1112 2645 1159 ut
2667 1105 2890 1174 perinde
2909 1121 3124 1176 semper
3142 1107 3193 1164 ei
3215 1101 3388 1173 simus
3409 1111 3718 1181 supplices

2098 1203 2156 1250 et
2167 1195 2366 1261 devoti,
2383 1203 2440 1250 et
2457 1195 2550 1265 qui
2565 1196 2630 1252 de
2643 1195 2836 1252 debitis
2849 1196 2994 1252 nulla
3008 1199 3218 1254 ratione
3229 1199 3539 1256 satisfacere
3557 1217 3710 1271 pos-

2099 1301 2303 1352 sumus,
2353 1285 2438 1342 vel
2467 1286 2524 1342 in
2551 1286 2655 1342 ﬁde
2696 1287 2814 1358 ejus
2847 1303 3019 1359 usque
3051 1289 3120 1345 ad
3155 1299 3386 1346 mortem
3426 1306 3708 1361 perseve—

2099 1392 2301 1434 remus.
2348 1377 2442 1434 llle
2473 1377 2616 1432 enim
2655 1392 2754 1448 pro
2799 1379 3200 1450 magniﬁcentia
3239 1379 3534 1450 majestatis
3563 1397 3708 1437 sua:

2099 1483 2165 1523 ea
2188 1467 2355 1539 gessit
2383 1483 2481 1538 pro
2510 1467 2682 1535 nobis,
2713 1482 2835 1538 qua:
2862 1468 2964 1523 sibi
2987 1470 3208 1540 indigna
3231 1479 3377 1538 sunt,
3399 1477 3460 1525 ut
3475 1481 3531 1526 et
3550 1487 3699 1537 nos,

2099 1559 2156 1614 in
2177 1567 2434 1630 quantum
2460 1574 2764 1630 possumus,
2789 1560 2840 1615 ei
2863 1559 3208 1617 famulemur.
3262 1559 3332 1616 Ut
3357 1562 3704 1632 impleantini

2097 1647 2156 1702 in
2199 1663 2400 1700 omnem
2421 1645 2796 1716 plenitudinem
2829 1645 2950 1702 Dei.
2997 1647 3164 1720 (Alb.)
3215 1649 3350 1704 Cum
3374 1660 3554 1705 autem
3583 1666 3700 1705 ra-

2099 1738 2264 1794 dieati
2287 1747 2342 1792 et
2371 1737 2577 1793 fundati
2601 1739 2656 1794 in
2679 1737 2945 1796 charitate
2966 1739 3020 1794 in
3044 1740 3304 1796 interiore
3323 1741 3538 1797 homine
3578 1743 3702 1797 ba-

415 1829 560 1886 tione
615 1835 966 1890 transcendit,
1014 1834 1187 1890 Habe;
1217 1835 1564 1904 profundum,
1594 1835 1685 1906 qui
1728 1836 1997 1891 damnatis
2024 1821 2074 1882 B
2102 1828 2275 1882 bitare
2298 1825 2572 1883 Christum
2598 1835 2707 1883 tota
2729 1829 2925 1884 mentis
2947 1828 3142 1885 ﬁducia
3167 1831 3494 1898 noverimus,
3546 1840 3700 1888 tunc

413 1919 639 1977 inferius
675 1922 1028 1980 districtionis
1054 1938 1164 1980 sua:
1187 1923 1451 1994 judicium
1485 1924 2001 1995 incomprehensibi-

410 2015 538 2070 liter
559 2013 750 2083 exerit,
804 2033 926 2088 qua:
977 2017 1186 2074 scilicet
1231 2027 1464 2088 quatuor
1488 2017 1643 2074 nobis
1667 2018 1723 2072 in
1762 2019 1865 2073 hac
1891 2017 1998 2072 vita

417 2109 610 2180 positis
639 2110 864 2182 singulis
887 2120 1131 2177 exercet,
1175 2111 1300 2181 quia
1322 2119 1379 2166 et
1405 2110 1744 2166 latitudinem
1771 2112 2000 2166 amando

416 2211 473 2257 et
506 2202 894 2274 longitudinem
923 2204 1223 2271 tolerando,
1272 2213 1328 2260 et
1355 2203 1728 2259 celsitudinem
1758 2217 1868 2258 non
1907 2217 1994 2258 so-

418 2290 530 2348 lum
579 2302 823 2349 nostram
878 2295 1312 2365 intelligentiam,
1351 2294 1445 2349 sed
1491 2295 1654 2348 etiam
1690 2301 1814 2349 vota
1844 2309 2002 2364 supe-

420 2386 613 2449 rando,
662 2394 724 2441 et
774 2387 1195 2456 profunditatem
1230 2402 1383 2442 suam
1413 2385 1633 2442 exhibet
1669 2395 1795 2440 ante
1817 2385 1999 2441 oculos

417 2482 473 2528 et
495 2473 710 2530 illicitos
758 2475 1140 2545 cogitationum
1191 2484 1370 2530 motus
1413 2476 1654 2532 districts
1687 2475 1996 2546 judicando.

415 2564 524 2621 Sed
561 2565 678 2634 ejus
702 2565 964 2622 celsitudo
1001 2574 1056 2621 et
1082 2566 1422 2638 profunditas
1473 2583 1634 2637 quam
1663 2567 1734 2621 sit
1775 2567 1998 2622 investi-

417 2657 610 2729 gabilis
646 2657 824 2713 nullus
857 2657 1120 2729 agnoscit,
1162 2657 1289 2723 nisi,
1317 2658 1409 2727 qui
1440 2657 1522 2712 vel
1551 2657 2001 2726 contemplatione

417 2751 486 2804 ad
527 2765 736 2805 summa
773 2749 1014 2820 provehi,
1061 2748 1146 2804 vel
1194 2749 1418 2804 occultis
1448 2749 1681 2804 motibus
1720 2747 1996 2815 resistens,

417 2840 631 2894 tentatit
646 2855 772 2894 num
802 2840 1025 2908 coeperit
1049 2839 1455 2910 importunitate
1485 2839 1714 2905 turbari,
1762 2839 1904 2894 unde
1943 2846 1998 2894 et

416 2929 576 2985 beato
598 2927 698 2984 Job
722 2929 918 2985 dicitur
941 2945 956 2982 :
986 2927 1262 2983 Excelsior
1280 2929 1405 2983 ctelo
1433 2937 1528 2994 est,
1564 2937 1611 2982 et
1639 2928 1762 2998 quid
1793 2929 1952 2998 facies
1975 2928 2001 2982 Ρ

415 3018 726 3090 profundior
745 3019 971 3089 inferno,
1001 3028 1049 3073 ct
1075 3020 1214 3073 unde
1252 3036 1525 3090 cognosces
1550 3019 1574 3073 ?
1616 3018 1761 3090 (Job.
1791 3018 1892 3089 XI.)
1921 3019 1998 3074 Ac

417 3109 464 3164 si
486 3116 672 3178 aperto
694 3109 936 3178 dispectu
953 3108 1244 3173 diceretur,
1259 3107 1678 3178 profunditatem
1696 3107 1814 3176 ejus
1833 3116 1996 3177 atque

2099 1916 2415 1986 incipiemus
2436 1932 2558 1971 cum
2587 1918 2804 1974 caneris
2827 1919 3028 1974 sanctis
3049 1919 3213 1974 etiam
3233 1920 3302 1974 ad
3324 1919 3411 1974 illa
3433 1935 3530 1976 nos
3561 1931 3698 1976 ten-

2099 2005 2244 2071 dere,
2276 2016 2335 2062 ut
2356 2007 2532 2078 sagaci
2562 2007 2741 2064 animo
2769 2010 3284 2081 comprehendamus
3311 2019 3450 2082 “quae
3481 2012 3556 2067 sit
3595 2012 3696 2066 la-

2098 2097 2275 2154 titudo
2321 2111 2376 2155 et
2403 2099 2704 2170 longitudo,
2751 2109 2809 2158 et
2831 2101 3178 2172 profundum,
3239 2113 3296 2159 et
3321 2103 3571 2172 altitudo,
3623 2115 3696 2161 et

2098 2203 2208 2243 non
2235 2189 2408 2246 solum
2439 2191 2564 2257 hoc,
2589 2191 2685 2246 sed
2721 2194 2883 2248 etiam
2911 2194 3400 2264 supereminentem
3432 2194 3696 2252 scientia:

2098 2277 2416 2334 charitatem
2439 2279 2640 2334 Christi
2677 2282 2818 2336 seire
2841 2282 3136 2351 cupiemus,
3158 2291 3217 2337 ut
3240 2291 3524 2354 postquam
3556 2285 3694 2340 haec

2098 2371 2280 2425 omnia
2320 2370 2540 2427 fuerunt
2581 2373 2638 2428 in
2661 2373 2814 2428 nobis
2840 2373 3026 2428 ordine
3063 2381 3116 2428 et
3139 2375 3348 2429 ratione
3384 2375 3690 2445 completa,

2101 2470 2228 2517 tunc
2257 2462 2572 2533 impleamur
2619 2465 2676 2519 in
2704 2465 2849 2520 omni
2880 2464 3211 2536 plenitudine
3248 2466 3364 2522 Dei.
3417 2466 3692 2523 Altitudi-

2100 2569 2222 2610 nem
2247 2556 2462 2628 angelos
2508 2573 2792 2627 possumus
2819 2558 3118 2628 intelligere
3150 2573 3518 2630 supernasque
3563 2560 3692 2615 vir.

2100 2655 2262 2712 tutes,
2312 2648 2638 2719 profundum
2677 2663 2808 2704 vero
2851 2647 3073 2714 inferos,
3127 2657 3184 2705 et
3217 2665 3339 2719 quae
3387 2649 3524 2704 infra
3584 2665 3694 2706 eos

2099 2748 2224 2794 sunt
2241 2757 2253 2793 :
2273 2739 2657 2812 longitudinem
2683 2749 2864 2797 autem
2893 2748 2949 2796 et
2977 2741 3314 2798 latitudinem
3335 2743 3530 2810 media,
3555 2757 3692 2813 qua:

2101 2829 2242 2884 inter
2267 2845 2490 2901 superos
2519 2831 2823 2902 inferosque
2847 2832 3170 2887 consistunt.
3219 2833 3288 2888 Et
3316 2834 3443 2904 quia
3483 2848 3690 2890 conse-

2101 2936 2270 2991 quens
2288 2931 2371 2978 est
2393 2933 2486 2977 aut
2516 2924 2723 2994 superis
2769 2923 3000 2995 aliquem
3029 2933 3123 2981 aut
3162 2925 3352 2981 inferis
3371 2941 3506 2982 resse
3545 2926 3690 2981 viei-

2100 3026 2247 3076 num,
2293 3027 2622 3082 quaecunque
2657 3013 2916 3084 incipiunt
2943 3015 3008 3069 ad
3048 3014 3272 3070 meliora
3312 3015 3580 3085 proﬁcere
3626 3023 3692 3072 et

2101 3103 2168 3157 ad
2197 3103 2438 3159 coelestia
2483 3113 2538 3160 et
2561 3106 2629 3160 ad
2659 3105 2766 3160 alta
2793 3121 3138 3178 consurgere,
3167 3106 3447 3180 longitudo
3489 3107 3688 3179 appel-

418 3172 794 3254 excellentiam
833 3198 1050 3267 quando
1099 3207 1156 3252 tu
1186 3172 1514 3269 cognoscere
1549 3172 1766 3263 sufficis,
1797 3199 1888 3267 qui
1909 3172 2000 3254 vel
2027 3172 2072 3236 Ο
2100 3192 2279 3248 lentur
2300 3208 2316 3248 τ
2337 3210 2457 3265 qua:
2484 3211 2612 3251 vero
2640 3194 2880 3252 inferiori
2910 3172 3048 3267 parti
3070 3172 3316 3270 proxima
3338 3207 3485 3264 sunt,
3602 3201 3682 3258 ad

419 3287 621 3343 virtute
645 3287 712 3342 ad
733 3301 943 3342 summa
954 3287 1130 3352 evehi,
1147 3287 1230 3342 vel
1257 3287 1592 3356 temetipsum
1611 3289 2002 3358 reprehendere

423 3378 478 3433 in
509 3377 891 3432 tentationibus
911 3377 1122 3432 nescis?
1142 3375 1341 3450 (Δηώ.)
1369 3376 1644 3447 Sequitur,
1661 3377 1728 3432 Ut
1753 3379 1806 3432 in
1832 3379 2005 3434 chari-

421 3478 527 3523 tate
553 3469 804 3534 radicati,
826 3476 934 3523 etc.
961 3467 1074 3523 Hoc
1095 3478 1354 3538 praestare
1381 3469 1858 3525 dicithabitantem
1889 3469 2006 3540 Spi-

431 3561 595 3615 ritum
624 3560 708 3616 vel
722 3559 996 3616 Christum
1025 3561 1078 3616 in
1099 3560 1274 3627 nobis,
1301 3569 1362 3616 ut
1381 3561 1586 3617 fundati
1614 3563 1782 3618 simus
1803 3565 1856 3619 in
1879 3565 2008 3619 cha-

420 3651 580 3707 ritate
616 3651 732 3718 Dei,
760 3650 991 3707 devincti
1021 3651 1297 3708 beneﬁciis
1333 3652 1470 3724 ejus,
1501 3661 1556 3709 et
1586 3654 1852 3724 possimus
1880 3669 2005 3710 cum

421 3743 623 3799 sanctis
659 3742 752 3813 qui
797 3752 922 3797 sunt
943 3743 1169 3812 apostoli
1205 3752 1260 3799 et
1290 3745 1566 3816 propheta:
1604 3745 1923 3800 immensum
1948 3753 2004 3801 et

420 3831 847 3888 inaestimabilem
873 3847 1200 3904 cognoscere
1229 3834 1417 3898 Deum,
1441 3835 1624 3890 omnia
1657 3837 2005 3891 excedentem

419 3921 703 3992 majestate
732 3924 946 3980 virtutis
965 3941 1094 3980 suae.
1121 3925 1255 3980 Cum
1275 3927 1419 3982 enim
1443 3928 1592 3994 dicit,
1625 3947 1643 3980 ι
1676 3928 1924 3995 latitudo,
1952 3937 2008 3984 et

419 4014 715 4084 longitudo,
737 4023 791 4070 et
813 4015 1057 4083 altitudo,
1081 4025 1137 4071 et
1159 4017 1506 4088 profundum,
1523 4021 1628 4075 hoc
1648 4022 1834 4092 utique
1849 4022 2010 4093 signi-

420 4105 562 4172 ﬁcat,
612 4116 670 4162 ut
703 4107 843 4162 sicut
867 4109 919 4163 in
958 4109 1166 4178 sphaera
1201 4118 1349 4164 tanta
1377 4109 1655 4181 longitudo
1686 4121 1769 4168 est
1805 4122 2008 4185 quanta

420 4198 668 4266 latitudo,
697 4210 752 4256 et
774 4209 924 4256 tanta
945 4202 1173 4257 altitudo
1198 4212 1460 4272 quantum
1480 4203 1806 4273 profundum
1826 4223 1840 4259 :
1859 4207 1932 4260 ita
1954 4214 2012 4262 et

425 4293 483 4348 in
517 4291 629 4346 Deo
672 4293 852 4346 omnia
893 4292 1121 4362 aequalia
1150 4302 1275 4348 sunt
1304 4294 1667 4349 immensitate
1704 4294 2006 4351 inﬁnitatis.

425 4379 652 4451 Sphazra
679 4381 842 4446 enim,
861 4380 1080 4437 definito
1105 4383 1261 4437 modo
1287 4384 1642 4439 concluditur.
1668 4384 1810 4440 Deus
1829 4395 2006 4440 autem

422 4489 530 4529 non
553 4473 726 4528 solum
749 4473 929 4528 omnia
961 4473 1166 4544 implet,
1195 4474 1288 4530 sed
1316 4476 1548 4542 excedit,
1571 4492 1673 4532 nec
1693 4479 1833 4532 enim
1857 4479 2005 4533 clau-

424 4565 588 4629 ditur,
606 4564 699 4622 sed
723 4564 905 4619 omnia
936 4564 1077 4619 intra
1099 4558 1156 4620 se
1181 4565 1362 4629 habet,
1391 4577 1451 4620 ut
1476 4567 1623 4622 solus
1645 4567 1930 4624 ineﬁ'abilis
1952 4578 2008 4624 et

426 4656 668 4712 inﬁnitus
687 4657 964 4722 habeatur,
987 4667 1043 4713 et
1067 4659 1252 4730 gratia:
1275 4659 1401 4714 huic
1429 4659 1810 4716 insuﬁicienter
1837 4677 2004 4734 agan-

427 4757 532 4812 tur,
583 4748 696 4818 qui,
722 4764 843 4804 cum
869 4757 1053 4804 tantus
1086 4749 1176 4814 sit,
1215 4750 1463 4821 dignatus
1492 4759 1575 4806 est
1611 4767 1708 4822 per
1732 4751 2004 4807 Christum

425 4839 697 4894 hominem
719 4838 957 4902 visitare,
982 4839 1216 4908 peccatis
1245 4849 1300 4894 et
1323 4841 1483 4895 morti
1505 4842 1829 4912 subjectum.
1859 4841 2007 4897 Scire

424 4929 584 4984 etiam
637 4929 1100 4998 supereminentem
1143 4931 1372 4984 scientia:
1429 4933 1736 4986 charitatem
1790 4931 2002 4987 Christi.

427 5017 632 5090 (Amb.)
650 5018 778 5074 Post
808 5019 899 5073 Dei
924 5019 1094 5089 patris
1127 5021 1391 5075 inﬁnitam
1414 5021 2010 5092 etincomprehensibi-

426 5107 531 5167 lem
553 5109 915 5180 cognitionem
937 5118 993 5164 et
1011 5110 1428 5167 inenarrabilem
1450 5112 1787 5167 clementiam
1809 5112 2010 5168 Christi

427 5213 642 5270 qucque
659 5213 950 5270 agnoscere
968 5215 1068 5256 nos
1087 5201 1200 5256 vult
1225 5202 1567 5266 charitatem,
1581 5201 1706 5270 quia
1722 5201 2012 5272 superemi-

426 5291 606 5346 nentis
617 5299 700 5346 est
712 5290 968 5355 scientia,
985 5300 1039 5346 et
1052 5292 1472 5363 subintelligitur
1490 5293 1762 5358 humanae,
1776 5300 1835 5346 ut
1849 5307 2012 5362 super

427 5384 707 5439 scientiam
738 5385 1018 5439 hominum
1045 5383 1311 5440 habeatur
1351 5383 1568 5439 dilectio
1600 5383 1819 5439 Christi.
1876 5383 2010 5452 Quis

423 5476 568 5531 enim
609 5484 785 5546 potest
823 5477 1038 5548 coigere
1074 5477 1356 5532 charitatis
1392 5477 1634 5547 mysterii
1665 5476 1822 5547 hujus
1849 5479 2012 5534 ratio-

425 5583 569 5630 nem,
621 5579 682 5622 ut
711 5577 765 5622 et
806 5568 947 5622 Deus
993 5568 1227 5622 hominis
1261 5582 1422 5621 causa
1467 5568 1629 5624 homo
1674 5579 2010 5636 nasceretur,

426 5657 616 5712 deinde
639 5668 957 5722 moreretur,
975 5675 1073 5729 pro
1089 5659 1413 5724 hominibus,
1431 5677 1528 5730 pro
1541 5663 1712 5716 servis
1728 5662 2010 5728 Dominus,

427 5765 524 5819 pro
545 5759 790 5821 creatura
804 5753 1050 5820 Creator,
1067 5767 1167 5834 pro
1189 5752 1366 5828 impiis
1383 5755 1502 5824 pius
1517 5756 1540 5810 ?
1551 5766 1771 5826 propter
1789 5756 1918 5827 quid
1938 5757 2010 5812 ita

2036 4529 2089 4589 D

2103 3287 2232 3340 vitia
2274 3287 2603 3355 dilabuntur,
2662 3290 2747 3344 his
2779 3290 3079 3346 latitudinis
3111 3306 3306 3348 nomen
3365 3293 3687 3362 impositum

2102 3376 2173 3431 sit
2199 3395 2212 3430 :
2244 3376 2378 3433 Lata
2399 3381 2584 3450 quippe
2605 3388 2654 3434 et
2677 3382 2907 3451 spatiosa
2931 3383 3013 3437 via
3046 3400 3161 3454 qua:
3189 3383 3331 3437 ducit
3355 3383 3422 3436 ad
3459 3394 3690 3438 mortem

2105 3467 2312 3540 (Matth.
2343 3470 2458 3542 vn).
2492 3471 2618 3526 Haec
2645 3472 2898 3528 universa
2921 3481 2976 3528 et
3004 3475 3057 3528 in
3080 3490 3239 3530 cruce
3267 3475 3478 3530 Domini
3501 3476 3682 3530 nostri

2103 3559 2229 3616 Jesu
2256 3561 2454 3618 Christi
2487 3562 2706 3635 intelligi
2730 3574 2950 3634 queunt,
2979 3573 3038 3620 ut
3064 3567 3132 3621 sit
3163 3567 3392 3622 latitudo
3419 3568 3476 3621 in
3501 3576 3690 3622 trans-

2105 3669 2264 3709 verso
2285 3655 2450 3725 ligno,
2502 3655 2595 3710 ubi
2633 3657 2858 3712 brachia
2898 3667 3122 3714 extensa
3165 3658 3421 3714 fuerunt:
3453 3658 3687 3714 altitudo

2104 3761 2228 3816 pars
2254 3746 2404 3817 ligni,
2430 3762 2550 3816 quae
2577 3762 2738 3819 supra
2763 3747 3098 3805 latitudinem
3121 3749 3242 3816 fuit,
3266 3750 3351 3806 cui
3377 3759 3537 3820 caput
3555 3750 3688 3820 jun-

2107 3845 2250 3891 ctum
2277 3847 2380 3902 est,
2421 3837 2698 3909 longitudo
2725 3853 2874 3906 vero,
2917 3840 3008 3895 ubi
3034 3839 3256 3895 inferior
3283 3839 3410 3910 pars
3430 3839 3530 3895 sub
3553 3840 3686 3895 lati—

2109 3927 2295 3982 tudine
2320 3929 2631 3984 extenditur
2656 3929 2806 4002 ligni,
2863 3931 2949 3986 cui
2979 3940 3150 3986 totum
3175 3947 3371 4002 corpus
3417 3932 3682 3998 haerebat,

2107 4015 2430 4088 profundum
2459 4034 2589 4075 vero
2629 4019 2718 4074 illa
2753 4036 2880 4092 pars
2909 4022 3108 4088 crucis,
3164 4037 3284 4091 qua:
3312 4021 3366 4076 in
3391 4029 3537 4077 terra
3578 4022 3686 4078 ﬁxa

2108 4119 2209 4164 est.
2239 4109 2490 4167 Latitudo
2511 4127 2640 4168 vero
2672 4113 2916 4169 extensio
2934 4123 3018 4170 est
3039 4115 3344 4180 charitatis,
3372 4129 3493 4183 qua:
3517 4115 3684 4179 etiam

2108 4217 2217 4257 non
2258 4202 2429 4258 solum
2478 4203 2544 4258 ad
2569 4205 2772 4260 amicos
2805 4204 2898 4275 qui
2927 4205 3118 4260 dextra
3154 4203 3550 4274 signiﬁcantur,
3588 4203 3684 4258 sed

2113 4292 2278 4346 etiam
2313 4293 2379 4348 ad
2404 4293 2650 4350 inimicos
2689 4293 2781 4365 qui
2812 4294 2864 4347 in
2899 4294 3120 4349 sinistra
3149 4293 3562 4368 intelliguntur,_
3589 4307 3688 4347 ex-

2112 4385 2257 4438 tendi
2272 4383 2491 4452 jubetur
2521 4403 2532 4437 :
2557 4385 2780 4440 altitudo
2803 4399 2931 4440 vero
2971 4386 3040 4440 ad
3077 4399 3228 4457 Spem
3256 4386 3518 4458 pertinet,
3555 4385 3684 4454 quia

2111 4477 2290 4530 omnia
2319 4477 2600 4531 charitatis
2627 4491 2788 4546 opera
2823 4477 2876 4531 in
2909 4492 3004 4546 spe
3036 4484 3252 4533 internae
3303 4475 3688 4531 retributionis

2113 4567 2428 4622 solidantur.
2481 4566 2778 4638 Longitudo
2821 4567 3002 4637 itaque
3047 4567 3508 4638 perseverantiam
3550 4563 3686 4618 boni

2111 4660 2290 4728 operis
2319 4660 2604 4730 significat,
2642 4660 2709 4713 de
2748 4674 2853 4728 qua
2899 4659 3142 4716 dicitur:
3178 4660 3280 4726 Qui
3324 4673 3684 4728 perseueraue-

2113 4749 2180 4803 rit
2215 4766 2377 4821 usque
2406 4750 2460 4802 in
2484 4750 2660 4817 ﬂuent,
2711 4749 2793 4802 hic
2815 4748 2990 4804 salvus
3017 4751 3114 4804 erit
3163 4749 3379 4822 (Matth.
3427 4749 3507 4818 Χ).
3549 4747 3687 4803 Pro-

2112 4840 2347 4895 funditas
2375 4855 2504 4895 vero
2531 4841 2727 4906 crucis,
2756 4856 2876 4910 quze
2901 4841 3185 4896 invisibilis
3213 4849 3318 4907 est,
3343 4841 3582 4897 divinam
3600 4840 3690 4896 de-

2113 4939 2376 4986 monstrat
2393 4932 2640 5002 gratiam,
2666 4933 2807 4986 unde
2830 4932 2942 4986 haec
2967 4931 3148 4987 omnia
3172 4933 3468 5003 procedunt
3495 4940 3551 4985 et
3570 4945 3691 4986 cre-

2117 5031 2289 5077 scunt.
2329 5021 2550 5093 (Amb.)
2594 5022 2730 5090 Quia
2759 5023 2892 5079 ﬁdes
2933 5038 3108 5094 neque
3151 5025 3203 5078 in
3244 5025 3357 5080 solo
3405 5024 3566 5079 Patre
3601 5024 3686 5079 in—

2117 5123 2264 5185 tegra
2289 5122 2392 5179 est,
2429 5128 2602 5184 neque
2627 5116 2681 5169 in
2711 5115 2824 5170 solo
2854 5115 2988 5171 Filio
3009 5116 3268 5187 perfecta,
3301 5117 3422 5171 ideo
3446 5115 3645 5185 adjecit
3671 5133 3684 5168 :

2117 5215 2171 5258 ut
2193 5204 2530 5275 impleamini,
2561 5206 2651 5269 ait,
2706 5207 2762 5260 in
2800 5223 3002 5261 omnem
3038 5206 3410 5278 plenitudinem
3453 5208 3568 5262 Dei.
3625 5207 3693 5263 Ut

2114 5295 2451 5353 confessione
2499 5303 2553 5350 et
2575 5297 2873 5368 gratiarum
2903 5298 3112 5354 actione
3149 5299 3290 5354 sicut
3327 5299 3496 5363 Patri,
3537 5299 3609 5353 ita
3639 5305 3692 5353 et

2113 5386 2250 5441 Filio
2277 5386 2690 5443 honoriﬁcentia
2718 5396 3045 5453 reservetur,
3076 5396 3133 5443 et
3159 5388 3499 5458 omnia,quaa
3523 5403 3553 5442 a
3586 5388 3692 5442 Deo

2113 5477 2271 5533 Patre
2297 5487 2444 5545 sunt,
2473 5493 2570 5549 per
2605 5479 2796 5534 Filium
2839 5479 2979 5534 facta
3023 5488 3078 5536 et
3115 5489 3420 5535 restaurata
3467 5480 3692 5534 credan-

2113 5580 2220 5636 tur,
2267 5579 2323 5625 ut
2353 5571 2424 5625 sit
2458 5571 2614 5642 plena
2646 5571 2905 5641 perfectio
2933 5572 3230 5627 divinitatis
3267 5571 3319 5626 in
3354 5571 3690 5643 professione

2113 5663 2471 5717 credentium.
2527 5663 2670 5717 Nihil
2715 5664 2886 5718 deerit
2910 5663 3240 5728 Christiano,
3266 5663 3480 5732 quando
3527 5662 3690 5716 Deum

2112 5753 2327 5809 Patrem
2404 5771 2502 5826 per
2556 5756 2736 5811 omnia
2799 5755 3123 5812 immensum
3196 5768 3316 5810 esse
3393 5751 3690 5824 cognoscit,
