3986 6338
497 413 606 472 42Ἰ
1145 412 1210 469 Β.
1248 411 1508 471 RABANI
1544 408 1767 469 MAURI
1802 407 2126 468 ARCHIEP.
2166 408 2480 469 MOGUNT.
2521 406 2811 471 OPERUM
2847 407 3030 466 PARS
3060 407 3147 467 Ill.

3690 417 3804 479 428

495 526 894 603 pacis,vinculo
916 527 1179 600 dissipato
1206 536 1369 599 atque
1396 536 1671 599 corrupto,
1698 534 1893 598 putant
1915 540 1975 583 se
2012 533 2094 582 te-
2119 528 2177 591 Α
2199 529 2431 596 tribuet,
2466 537 2530 584 ut
2562 535 2774 584 tantum
2810 527 3059 594 hauriat,
3104 534 3369 599 quantm
3397 529 3533 588 sitit.
3572 530 3808 607 Propter

497 636 631 678 nere
662 620 886 692 spiritus
905 620 1202 685 unitatem,
1236 636 1361 676 cum
1388 620 1568 675 unitas
1607 619 1829 691 spiritus
1852 619 1910 674 in
1945 618 2098 689 pacis

497 713 715 771 vinculo
758 722 1129 769 conservetur.
1177 711 1288 769 Nos
1321 727 1452 769 vero
1494 711 1784 784 diligenter
1823 711 2099 767 custodire

497 806 759 862 debemus
805 806 1069 861 unitatem
1120 805 1345 877 spiritus
1389 805 1467 859 in'
1490 804 1711 861 vinculo
1744 805 1925 876 pacis,
1969 804 2096 875 quia

496 897 634 954 nihil
655 898 772 954 sine
792 914 925 970 pace
946 898 1123 969 placet
1147 898 1279 965 Deo,
1294 912 1397 953 nec
1415 913 1613 953 munus
1631 897 1699 953 ad
1721 912 1892 952 aram.
1921 895 2096 952 Unum

498 1004 689 1061 corpus
717 999 769 1044 et
796 1006 933 1045 unus
959 991 1207 1062 spiritus,
1236 990 1370 1045 sicut
1406 989 1574 1044 vocati
1611 989 1735 1045 estis
1770 989 1828 1044 in
1863 1005 1973 1044 una
2006 1003 2097 1060 spe

497 1084 786 1139 uocationis
821 1094 1020 1140 vestrm.
1052 1082 1257 1158 (Amb.)
1288 1084 1517 1156 Propter
1548 1100 1737 1155 pacem
1778 1093 1835 1141 et
1865 1076 2092 1140 concor-

498 1174 643 1230 diam
664 1176 769 1231 hoc
790 1177 1039 1248 subjecit,
1068 1177 1277 1248 utquia
1308 1193 1476 1233 mium
1502 1193 1700 1249 corpus
1723 1186 1808 1235 est
1830 1177 2095 1244 Ecclesia,

500 1281 670 1321 unum
699 1268 874 1340 sapiat
902 1269 1155 1340 populus,
1199 1269 1327 1340 quia
1351 1284 1519 1326 unum
1548 1278 1631 1327 est
1656 1272 1803 1343 quod
1831 1271 2093 1329 creditur.

501 1357 653 1419 Unus
675 1359 955 1429 Dominus,
980 1378 1087 1418 una
1109 1362 1261 1430 ﬁdes,
1286 1380 1447 1419 unum
1472 1360 1748 1435 baptisma,
1773 1382 1909 1420 unus
1930 1364 2093 1432 Deus,

494 1465 545 1512 et
585 1454 746 1510 Pater
772 1455 1025 1520 omnium,
1057 1470 1145 1526 qui
1175 1470 1332 1526 super
1360 1471 1539 1510 omnes
1571 1464 1617 1510 et
1646 1472 1739 1527 per
1767 1452 1946 1511 omnia
1970 1466 2018 1512 et
2040 1457 2097 1512 in

494 1546 735 1603 omnibus
774 1546 940 1601 nobis.
967 1545 1158 1602 Adhuc
1185 1546 1444 1602 unitatem
1483 1548 1847 1603 commendat.
1884 1556 1947 1604 ut
1968 1548 2095 1619 quia

494 1641 675 1697 unitas
698 1646 802 1706 est,
834 1638 901 1695 ad
928 1654 1094 1718 quam,
1120 1654 1398 1705 vocamur,
1428 1640 1483 1695 in
1504 1639 1650 1696 nullo
1674 1640 2090 1707 dissentiamus;

493 1736 541 1793 si
575 1735 722 1791 enim
750 1748 890 1789 unus
914 1740 1002 1790 est
1027 1732 1291 1789 Dominus
1308 1773 1324 1799 ,
1348 1732 1403 1788 id
1431 1739 1516 1788 est
1554 1731 1804 1788 Christus
1824 1773 1840 1801 ,
1869 1732 2013 1787 sicut
2040 1738 2095 1789 et

492 1829 611 1899 ipse
638 1826 716 1881 ait
747 1826 803 1881 in
841 1824 1165 1895 Evangelia,
1196 1825 1324 1896 quia
1361 1824 1614 1896 magister
1644 1833 1809 1879 vester
1846 1841 1983 1879 unus
2016 1835 2093 1879 est

495 1896 758 1985 Christus,
781 1932 890 1972 una
912 1915 1069 1984 ﬁdes,
1094 1930 1260 1971 unum
1285 1916 1574 1987 baptisma,
1599 1931 1741 1971 unus
1760 1914 1904 1971 Deus
1929 1924 1984 1971 et
2005 1931 2095 1986 pa-
2122 1896 2173 1959 Β

492 2017 581 2064 ter
606 2009 868 2075 omnium,
895 2008 987 2079 qui
1007 2022 1170 2079 super
1193 2007 1375 2062 omnia
1404 2014 1508 2073 est,
1530 2014 1586 2063 et
1607 2021 1704 2077 per
1724 2022 1933 2073 omnes,
1958 2013 2015 2063 et
2040 2006 2095 2062 in

493 2103 746 2159 omnibus
767 2100 1137 2167 credentibus,
1154 2114 1298 2155 unus
1315 2100 1474 2156 debet
1487 2114 1609 2156 esse
1625 2107 1683 2155 et
1700 2100 1916 2155 animus
1929 2107 1984 2154 et
1998 2115 2095 2155 cor

492 2194 701 2267 populi,
725 2193 853 2265 quia
875 2194 1009 2259 haec,
1044 2208 1167 2263 qua:
1194 2199 1501 2258 enumerat,
1526 2190 1756 2246 unitatis
1786 2198 1932 2257 sunt,
1964 2207 2096 2247 con-

495 2287 725 2342 cordant
746 2286 895 2342 enim
923 2285 977 2339 in
1003 2284 1288 2348 omnibus;
1310 2282 1529 2337 Patrem
1552 2289 1731 2337 tamen
1757 2281 1949 2349 Deum,
1970 2281 2099 2354 quia

495 2376 638 2431 nulli
661 2376 841 2443 debet,
870 2374 1017 2447 quod
1042 2382 1147 2442 est,
1181 2388 1344 2444 super
1364 2374 1546 2429 omnia
1581 2387 1702 2429 esse
1725 2373 1891 2442 dixit,
1920 2380 1975 2431 et
2001 2390 2101 2445 per

495 2482 720 2524 omnes:
739 2466 860 2524 ideo
878 2481 977 2538 per
996 2478 1208 2531 omnes,
1230 2465 1361 2536 quia
1382 2478 1451 2521 ex
1475 2478 1542 2519 eo
1561 2479 1773 2531 omnes,
1798 2472 1855 2520 et
1878 2478 2100 2522 necesse

496 2564 583 2611 est
611 2568 777 2627 super
811 2555 927 2611 haec
954 2554 1139 2612 omnia
1163 2553 1253 2615 sit,
1281 2567 1402 2624 quae
1425 2566 1494 2607 ex
1536 2568 1602 2609 eo
1632 2561 1778 2609 sunt.
1817 2552 1887 2608 Et
1911 2554 1968 2609 in
1988 2571 2099 2609 om-

496 2647 652 2704 nibus
683 2647 865 2715 nobis,
906 2647 962 2705 id
984 2654 1099 2713 est,
1133 2646 1402 2702 fidelibus.
1433 2645 1491 2700 In
1527 2645 1686 2702 nobis
1709 2654 1794 2702 est
1829 2647 1977 2701 enim
2002 2661 2100 2719 per

495 2739 917 2805 confessionem,
952 2738 1081 2809 quia
1121 2751 1246 2793 eum
1288 2736 1527 2793 fatemur
1569 2744 1626 2792 et
1668 2736 1796 2807 quia
1843 2737 2096 2808 spiritum

495 2846 655 2889 suum
687 2830 836 2886 dedit
860 2828 1037 2896 nobis,
1066 2843 1166 2899 per
1187 2842 1349 2898 quem
1378 2827 1499 2883 sine
1525 2827 1693 2883 dubio
1720 2828 1779 2883 in
1804 2826 1963 2884 nobis
1989 2835 2094 2885 est.

478 2902 552 2981 ‘ln
582 2922 809 2996 paganis
830 2936 941 2977 non
970 2930 1084 2988 est,
1114 2920 1243 2991 quia
1279 2920 1444 2976 Pater
1472 2918 1677 2975 Christi
1715 2934 1839 2975 esse
1869 2928 2099 2990 negatur

493 3016 564 3072 ab
607 3015 732 3071 illis.
771 3012 940 3086 (Αιὸ.)
970 3012 1126 3068 Unus
1151 3019 1237 3068 est
1271 3011 1535 3067 Dominus
1562 3019 1618 3065 et
1646 3026 1785 3066 unus
1809 3020 1894 3066 est
1922 3012 2095 3078 Deus,

492 3108 618 3179 quia
642 3106 822 3163 Patris
863 3114 918 3160 et
943 3103 1065 3158 Filii
1086 3119 1192 3158 una
1218 3102 1518 3168 dominatio
1535 3142 1549 3168 ,
1571 3118 1679 3157 una
1704 3109 1787 3157 est
1810 3102 2091 3171 divinitas;

489 3208 779 3271 propterea
814 3204 872 3252 et
894 3197 1028 3251 lides
1056 3211 1163 3250 una
1188 3194 1409 3259 dicitur,
1451 3194 1578 3264 quia
1607 3193 1858 3250 similiter
1897 3194 1953 3249 in
1994 3194 2096 3250 Pa-

2198 620 2339 693 quod
2366 621 2533 675 dicit:
2572 620 2869 675 Ascendens
2893 620 2950 674 in
2974 628 3142 674 auum
3168 623 3426 691 captiuam
3452 624 3606 680 duxit
3632 629 3809 699 capti-

2198 710 2432 777 nitatem,
2472 708 2614 763 dedit
2648 708 2790 764 dona
2831 708 3150 765 hominibus.
3178 709 3294 767 Hoc
3318 714 3586 784 scriptum
3622 726 3713 774 est
3746 719 3809 776 in

2198 803 2409 874 psalmo
2436 816 2616 858 uvn:
2649 802 2790 857 dona
2815 809 2995 858 tamen
3019 802 3138 859 haec
3162 810 3280 873 post
3307 805 3619 877 triumphos
3639 812 3815 884 cepit

2198 893 2403 966 largiri.
2432 893 2668 951 Vincens
2681 894 2828 949 enim
2856 902 3109 961 mortem,
3131 895 3401 954 exaltatus
3425 907 3511 954 est
3536 901 3594 957 in
3615 917 3809 972 cruce,

2198 990 2341 1046 sicut
2369 990 2485 1059 ipse
2510 988 2760 1055 dixerat;
2801 988 2878 1044 ait
2907 989 3055 1044 enim
3080 1008 3093 1044 :
3131 989 3264 1045 Cum
3297 992 3565 1049 excitatas
3592 996 3753 1065 fuero
3777 1016 3814 1053 α

2198 1090 2362 1148 terra,
2402 1084 2579 1136 omnia
2619 1081 2828 1135 traham
2860 1080 2930 1134 ad
2975 1096 3057 1135 me
3096 1080 3280 1154 (Joan.
3310 1084 3450 1158 ιιι),
3474 1088 3817 1158 exspoliavit

2198 1174 2422 1240 inferos,
2450 1188 2573 1229 cum
2594 1173 2868 1243 captivos,
2895 1187 3035 1243 quos
3054 1189 3125 1229 ex
3152 1177 3605 1245 prasvaricatioue
3637 1180 3813 1248 Atlas,

2199 1276 2295 1323 aut
2320 1267 2557 1339 propriis
2596 1275 2784 1337 captos
2815 1267 3054 1337 peccatis
3082 1268 3136 1323 in
3163 1270 3475 1328 conditione
3516 1275 3812 1343 tenebant,

2199 1359 2425 1415 abstulit
2444 1358 2848 1415 consentientes
2869 1358 2993 1426 sibi,
3018 1366 3074 1414 et
3094 1361 3395 1418 ascendens
3416 1363 3543 1420 inde
3562 1365 3616 1420 in
3634 1366 3817 1423 emiss

2198 1453 2509 1520 induxit,ex
2523 1452 2718 1524 quibus
2732 1452 2995 1524 aliquanti
3010 1464 3356 1526 resurgentes
3380 1455 3436 1510 in
3455 1458 3815 1527 corporibus,

2198 1546 2356 1604 multi
2383 1550 2752 1618 apparuerunt
2777 1546 2845 1603 ad
2876 1545 3246 1602 testimonium
3274 1547 3465 1605 evictze
3494 1550 3726 1618 mortis,
3756 1559 3819 1606 nt

2198 1638 2291 1711 qui
2318 1637 2460 1694 forte
2479 1636 2686 1693 Christi
2708 1638 3161 1696 resurrectionem
3183 1638 3442 1695 credituri
3467 1656 3574 1698 non
3593 1655 3815 1711 essent,

2198 1744 2265 1787 ex
2290 1729 2485 1787 horum
2506 1719 3061 1800 resurrectioneqqos
3081 1738 3325 1787 mortuos
3349 1733 3572 1800 scirent,
3595 1734 3687 1789 rei
3714 1734 3819 1790 tie-

2197 1818 2342 1879 rent.
2374 1818 2485 1878 Hos
2519 1819 2661 1878 enim
2704 1816 2990 1888 viderunt,
3036 1834 3175 1891 quos
3208 1832 3569 1893 agnoscerent
3594 1823 3821 1880 dudum

2199 1912 2435 1978 vixisse,
2467 1908 2717 1984 quamvis
2755 1910 2978 1983 captivi,
3004 1912 3161 1968 inviti
3204 1920 3261 1968 et
3308 1910 3467 1969 alieni
3495 1916 3818 1985 ducantur,

2199 1998 2462 2062 Salvator'
2492 2010 2674 2059 tamen
2708 2012 2765 2059 ct
2808 2018 2937 2059 suos
2971 2002 3124 2059 dunt
3149 2014 3203 2061 et
3234 2004 3600 2075 voluntarios;
3639 2023 3823 2080 appa-

2198 2098 2374 2156 rentia
2402 2094 2548 2154 enim
2585 2112 2681 2153 sua
2713 2097 2839 2152 dum
2868 2097 3092 2153 lacessit
3140 2098 3509 2155 desiderantes
3553 2099 3819 2169 liberari,

2201 2190 2411 2261 cepisse
2448 2187 2572 2244 illos
2611 2182 2832 2243 dicitur;
2877 2184 3123 2259 (Αιῠεη.)
3170 2187 3310 2257 Quia
3350 2204 3509 2260 supra
3549 2191 3819 2248 dixerat:

2198 2278 2501 2354 Unicuique
2526 2292 2701 2357 autem
2743 2274 2979 2336 nostrum
3017 2282 3146 2337 data
3181 2294 3255 2337 est
3296 2285 3471 2355 gratia
3505 2287 3822 2341 secundum

2200 2386 2501 2431 mensuram
2535 2368 2837 2428 donationis
2880 2368 3096 2440 Christi,
3118 2382 3179 2428 ut
3212 2374 3496 2430 conﬁrmet
3534 2374 3663 2431 haec
3694 2376 3822 2448 ipsa

2201 2465 2366 2532 dona,
2402 2470 2523 2536 quae
2544 2472 2668 2535 post
2694 2462 2969 2534 paululum
2998 2478 3213 2535 quoque
3242 2474 3524 2521 enumerat
3567 2466 3820 2524 dicens:

2200 2559 2272 2614 Et
2298 2561 2405 2631 ipse
2433 2557 2575 2613 dedit
2595 2556 2851 2629 quosdam
2875 2556 3085 2629 quidem
3108 2557 3391 2628 apostolos,
3414 2559 3685 2629 quosdam
3727 2579 3827 2617 au:

2200 2660 2305 2707 tem
2329 2651 2627 2721 prophetas,
2655 2649 2789 2704 alios
2821 2646 3192 2719 evangelistas,
3238 2649 3373 2705 alios
3404 2661 3671 2722 pastores,
3705 2663 3767 2709 et
3792 2669 3821 2708 a

2202 2738 2486 2799 Salvatore
2515 2756 2639 2798 esse
2677 2740 2833 2807 data,
2878 2740 3249 2796 testimonium
3290 2742 3357 2798 de
3400 2742 3605 2813 psalmo
3656 2760 3821 2802 um

2201 2832 2515 2903 assumpsit,
2541 2840 2604 2887 ut
2632 2828 2869 2888 sciamus
2896 2826 3017 2887 illas
3046 2832 3329 2888 manubias
3355 2833 3681 2891 hominibus
3708 2837 3825 2892 dis-

2198 2925 2465 2990 tributas,
2516 2938 2654 2995 quas
2698 2920 2947 2979 Chi-istus
2988 2922 3164 2979 victor
3205 2924 3455 2980 emeruit.
3494 2926 3819 2983 Ascendens

2200 3017 2401 3088 quippe
2430 3016 2485 3070 in
2513 3013 2680 3070 altrim
2707 3016 2965 3087 captivam
2990 3016 3141 3071 duxit
3176 3014 3542 3088 captivitatem.
3568 3017 3697 3075 Nos
3726 3021 3821 3093 qui

2199 3126 2347 3165 nunc
2372 3109 2426 3164 in
2456 3106 2732 3164 Christum
2760 3108 3033 3165 credimus
3071 3108 3136 3165 de
3170 3108 3420 3181 gentibus
3450 3113 3819 3184 congregati,

2202 3218 2326 3257 cum
2354 3215 2601 3257 essemus
2627 3209 2879 3256 creatura
2904 3199 3025 3268 Dei,
3059 3216 3089 3256 a
3116 3202 3331 3259 diabolo
3352 3204 3491 3275 capti
3518 3203 3745 3262 luimus
3766 3216 3823 3262 et

492 3303 632 3348 trem
673 3300 728 3346 et
766 3290 963 3347 Filium
1004 3298 1060 3345 et
1100 3288 1363 3360 Spiritum
1408 3295 1659 3343 sanctum
1691 3287 1998 3355 credimus;
2041 3296 2096 3344 et
2123 3279 2169 3345 C
2199 3290 2317 3361 ejus
2339 3291 2664 3347 satellitibus
2685 3290 2980 3348 distributi.
3012 3290 3172 3348 Venit
3203 3293 3371 3364 igitur
3399 3293 3674 3352 Dominus
3714 3314 3821 3353 no-

490 3382 761 3453 baptisma
790 3396 981 3447 unum,
1006 3382 1198 3435 eodem
1222 3378 1367 3434 enim
1401 3380 1562 3434 modo
1596 3387 1650 3432 et
1675 3378 1730 3434 in
1764 3379 1981 3434 Patrem
1999 3421 2012 3442 .
2040 3390 2097 3435 et

491 3476 545 3531 in
575 3475 773 3530 Filium
799 3483 855 3530 et
882 3475 936 3529 in
968 3472 1234 3545 Spiritum
1259 3482 1506 3529 sanctum
1530 3474 1899 3543 baptizamur;
1930 3482 1987 3529 et
2016 3485 2098 3530 ter

490 3569 809 3639 mergimur,
823 3577 883 3622 ut
898 3566 1182 3622 Trinitatis
1203 3582 1368 3621 unum
1386 3575 1941 3637 appareatsacramen
1951 3575 2059 3622 tum
2076 3585 2091 3635 ;

490 3670 547 3718 et
572 3677 682 3716 non
702 3661 1047 3732 baptizamur
1064 3661 1121 3716 in
1144 3660 1453 3716 nominibus
1473 3659 1651 3717 Patris
1670 3668 1726 3717 et
1749 3660 1872 3717 Filii
1899 3671 1955 3717 et
1972 3661 2094 3732 Spi-

488 3755 630 3810 ritus
676 3755 884 3821 sancti,
935 3753 1030 3809 sed
1075 3753 1131 3808 in
1170 3769 1280 3809 uno
1313 3754 1567 3821 nomine,
1605 3755 1750 3825 quod
1776 3754 2094 3827 intelligitur

491 3848 657 3905 Deus.
683 3847 981 3904 Diversitas
1002 3854 1186 3904 autem
1208 3836 1404 3904 harum
1427 3849 1887 3920 praepositionum,
1913 3849 1967 3904 id
1988 3856 2090 3915 est,

487 3959 667 4014 super,
696 3949 754 3997 et
779 3958 873 4013 per
898 3950 956 3999 et
993 3943 1070 4009 in,
1102 3942 1510 3999 distinctionem
1527 3957 1881 4015 personarum
1900 3940 1957 3997 in
1982 3940 2093 3998 Deo

488 4036 901 4093 demonstrant:
938 4050 1101 4106 super
1118 4036 1302 4096 omnia
1333 4035 1497 4091 Pater
1522 4043 1643 4102 est,
1670 4033 1762 4106 qui
1789 4042 1983 4091 auctor
2009 4043 2095 4091 cst

489 4126 767 4193 omnium;
795 4142 897 4198 per
924 4142 1115 4183 omnes
1152 4126 1353 4194 Filius,
1382 4128 1509 4199 quia
1535 4141 1636 4197 per
1660 4126 1859 4183 Filium
1905 4134 2091 4183 creata

489 4230 619 4277 sunt
644 4222 863 4288 omnia;
889 4221 945 4276 in
972 4221 1225 4277 omnibus
1260 4218 1498 4291 Spiritus
1536 4227 1788 4283 sanctus,
1819 4218 1947 4290 quia
1975 4218 2093 4289 ipse

485 4312 836 4367 credentibus
856 4312 1020 4367 datur
1042 4322 1096 4368 et
1120 4310 1379 4382 templum
1410 4324 1601 4365 sumus
1632 4310 1866 4381 Spiritus
1885 4311 2086 4380 sancti,

489 4420 615 4460 cum
638 4418 749 4476 quo
768 4403 930 4461 Pater
955 4414 1011 4462 et
1034 4404 1209 4460 Filius
1239 4403 1490 4458 habitant
1512 4402 1567 4458 in
1593 4403 1771 4460 nobis.

556 4495 851 4568 Unicuique
879 4504 1056 4551 autem
1082 4504 1323 4550 nostrum
1352 4494 1482 4548 data
1508 4504 1585 4549 est
1604 4496 1778 4567 gratia
1803 4496 2092 4552 secundum

486 4604 788 4645 mensuram
818 4586 1121 4643 donationis
1147 4582 1366 4641 Christi.
1398 4583 1553 4642 Licet
1578 4586 1721 4643 Deus
1746 4597 1934 4646 sancta
1968 4588 2091 4645 Tri-

2197 3392 2311 3439 ster
2343 3381 2504 3439 Jesus
2541 3383 2792 3438 Christus
2830 3383 3128 3439 secundum
3178 3384 3514 3441 Ezechielem
3563 3386 3819 3459 (Exerit.

2197 3474 2308 3546 xu)
2338 3490 2468 3530 vasa
2497 3489 2682 3530 secum
2712 3483 3008 3546 apportans
3032 3476 3383 3546 captivitatis,
3411 3486 3465 3531 et
3487 3490 3701 3548 operto
3730 3498 3823 3538 ca-

2194 3566 2329 3639 pite,
2374 3581 2446 3621 ne
2494 3566 2564 3621 ab
2612 3566 2939 3622 adversariis
2986 3578 3424 3638 cognosceretur,
3480 3572 3819 3640 praedicavit

2196 3658 2303 3724 his,
2335 3658 2429 3729 qui
2460 3660 2657 3730 captivi
2690 3669 2868 3721 erant,
2903 3660 3299 3728 remissionem,
3327 3672 3375 3717 et
3410 3658 3499 3732 qui
3524 3664 3817 3721 teneban-

2198 3754 2288 3804 tur
2316 3749 2373 3805 in
2402 3750 2633 3806 vinculis
2657 3750 3005 3818 solutionem,
3035 3760 3090 3807 et
3111 3767 3209 3807 nos
3230 3754 3297 3807 de
3320 3753 3523 3808 catenis
3554 3753 3817 3811 hostium

2196 3851 2253 3900 et
2285 3845 2636 3915 compedibus
2657 3844 2930 3911 liberavit,
2964 3844 3333 3918 liberatosquc
3360 3863 3457 3902 nos
3488 3857 3541 3902 et
3566 3863 3677 3918 per
3712 3866 3819 3907 uo—

2195 3951 2319 3991 vam
2344 3936 2715 4008 captivitatem
2765 3936 2833 3993 de
2860 3938 3170 4009 captivitate
3198 3939 3371 3996 veteri
3392 3950 3579 3997 erutos
3609 3957 3815 3999 secum

2196 4028 2353 4086 duxit
2380 4028 2434 4085 in
2461 4029 2678 4096 coelum,
2707 4039 2762 4101 et
2812 4029 2898 4085 his
2952 4030 3108 4102 ipsis,
3147 4047 3282 4102 quos
3331 4031 3399 4087 de
3446 4032 3817 4090 inimicorum

2194 4124 2359 4178 manu
2389 4122 2563 4177 victor
2590 4121 2809 4192 eripuit,
2836 4120 3051 4179 diversa
3071 4124 3367 4207 gratiarum
3394 4123 3536 4179 dona
3565 4123 3818 4199 largitus

2195 4222 2298 4270 est.
2337 4208 2452 4270 Hoc
2488 4221 2671 4269 autem
2706 4222 2880 4269 totum
2926 4214 3048 4271 ideo
3088 4214 3380 4286 Apostolus
3423 4216 3663 4288 replicat
3688 4260 3708 4285 ,
3748 4230 3815 4275 ut

2194 4292 2322 4379 quia
2357 4308 2605 4379 superius
2639 4307 2855 4364 dixerat
2884 4325 2897 4363 :
2938 4307 3260 4380 Sit/ferentes
3296 4310 3516 4366 invicem
3557 4311 3617 4365 in
3675 4314 3817 4367 cha—

2196 4401 2351 4457 ritate
2394 4398 2607 4455 solliciti
2654 4412 2860 4455 servare
2916 4400 3168 4455 unitatem
3214 4401 3429 4471 spiritus
3472 4401 3531 4455 in
3581 4402 3814 4459 vincuto

2194 4492 2371 4564 pacis,
2411 4492 2634 4548 doceret
2674 4491 2732 4547 in
2770 4491 3000 4548 diversis
3035 4492 3450 4549 cbarismatibus
3484 4494 3815 4555 Ecclesiam

2197 4598 2317 4640 esse
2366 4583 2727 4652 concordem,
2763 4584 2818 4641 id
2852 4594 2967 4653 est,
3008 4586 3148 4643 sicut
3184 4602 3324 4643 unus
3357 4588 3620 4646 Dominus
3666 4601 3769 4650 est
3795 4635 3814 4661 ,

483 4681 631 4736 nitas
656 4695 821 4751 super
846 4677 1030 4735 omnia
1057 4676 1163 4743 sit,
1190 4684 1245 4731 et
1268 4691 1367 4748 per
1398 4692 1621 4747 omnes,
1646 4688 1701 4735 et
1724 4679 1779 4735 in
1804 4680 2088 4747 omnibus,
2116 4660 2171 4723 Ῑ)
2196 4685 2252 4732 et
2299 4690 2408 4731 una
2460 4675 2596 4732 ﬁdes
2615 4716 2630 4743 ,
2683 4684 2738 4731 et
2784 4692 2951 4732 unum
2998 4678 3298 4751 baptisma,
3346 4687 3403 4735 et
3448 4696 3592 4737 unus
3644 4660 3815 4741 Deus

484 4781 668 4828 tamen
691 4770 865 4844 gratia
888 4769 1044 4840 juxta
1071 4780 1384 4824 mensuram
1416 4770 1576 4824 datur
1601 4768 2091 4837 credentibus,non

455 4863 459 4866 ’
482 4863 629 4936 quod
651 4874 963 4918 mensuram
982 4859 1181 4915 habeat
1207 4858 1445 4931 Spiritus
1471 4869 1713 4927 sanctus,
1737 4861 2089 4933 magniﬁcen-

484 4955 577 5011 tia:
594 4954 739 5011 enim
758 4950 877 5022 ejus
900 4966 1010 5007 non
1035 4961 1123 5007 est
1144 4949 1290 5018 linis,
1313 4952 1407 5008 sed
1432 4953 1576 5024 quod
1592 4950 1748 5021 juxta
1777 4968 2085 5008 mensuram

483 5045 784 5116 unicuique
811 5043 989 5108 datur,
1024 5043 1319 5099 secundum
1340 5045 1486 5114 quod
1513 5044 1735 5101 cuilibet
1751 5044 1970 5116 expedit
1996 5060 2088 5101 ac-

484 5138 740 5210 cipienti,
782 5136 839 5192 id
876 5145 976 5201 est,
1006 5144 1213 5192 tantum
1248 5137 1490 5193 muneris
1524 5136 1774 5209 largitur,
1821 5144 2085 5209 quantum

484 5235 667 5299 potest
710 5227 804 5282 ille
846 5228 937 5283 cui
979 5227 1213 5284 donatur
1242 5229 1526 5300 accipere:
1578 5230 1730 5285 novit
1767 5229 1913 5313 enim
1938 5224 2082 5285 Deus

484 5318 715 5392 largitor
740 5320 1027 5387 donorum,
1057 5320 1187 5392 quid
1222 5322 1310 5378 cui
1340 5321 1630 5379 conveniat
1658 5321 1795 5379 dari.
1829 5322 2080 5396 (Anton)

484 5409 660 5478 Nunc,
688 5424 777 5479 ne,
808 5412 936 5482 quia
964 5410 1177 5470 diversa
1206 5412 1261 5469 in
1288 5412 1598 5471 hominibus
1630 5413 1772 5470 dona
1800 5423 1947 5483 sunt,
1984 5431 2083 5487 pa-

485 5511 736 5562 terentur
755 5502 974 5563 oliicere
992 5506 1215 5573 unitati,
1242 5506 1347 5562 hoc
1366 5516 1564 5580 purgat
1588 5522 1694 5564 non
1719 5522 1842 5565 esse
1864 5516 2078 5566 contra-

489 5597 659 5665 rium,
692 5599 818 5671 quia
858 5601 915 5656 in
948 5601 1105 5659 donis
1132 5598 1431 5659 olﬁciorum
1470 5601 1759 5661 diversitas
1804 5614 1920 5673 est,
1968 5622 2077 5663 non

486 5698 717 5748 natum.
752 5691 1053 5764 Unicuique
1091 5702 1274 5750 autem
1308 5703 1520 5750 tantum
1553 5695 1668 5753 dari
1692 5697 1824 5754 dicit
1852 5700 2074 5770 gratia),

486 5794 746 5856 quantum
768 5787 971 5844 donare
991 5788 1243 5859 dignatus
1264 5786 1429 5842 fuerit
1447 5788 1729 5857 Dominus,
1758 5805 1863 5845 non
1894 5798 2073 5849 tamen

486 5880 603 5938 sine
627 5883 898 5954 tequitatis
938 5894 1214 5949 mensura,
1255 5882 1383 5953 quia
1418 5883 1710 5955 unicuique
1746 5900 1846 5955 pro
1870 5884 2077 5943 viribus

2191 4764 2377 4851 Pater,
2431 4767 2510 4824 ita
2558 4776 2614 4823 et
2659 4785 2759 4825 nos
2813 4769 2871 4825 in
2917 4769 3185 4828 charitate
3228 4772 3461 4843 idipsum
3507 4773 3699 4834 simus
3750 4779 3812 4834 in

2195 4860 2352 4933 pacis
2402 4860 2642 4928 vinculo,
2674 4870 2957 4920 servantes
3005 4865 3229 4935 spiritus
3278 4867 3568 4923 unitatem.

2263 4954 2420 5021 Quod
2466 4965 2642 5012 autem
2688 4957 2925 5011 ascendit
2968 4958 3096 5029 quid
3140 4968 3246 5025 est,
3287 4959 3391 5015 nisi
3416 4960 3561 5031 quia
3598 4970 3655 5016 et
3701 4965 3811 5019 de-

2187 5049 2392 5107 scendit
2424 5050 2481 5105 in
2518 5050 2797 5120 inferiores
2828 5060 3003 5122 partes
3038 5062 3195 5108 terra:
3216 5053 3243 5108 2
3286 5052 3537 5126 (Δηώ.)
3576 5055 3809 5115 Verum

2188 5149 2275 5197 est
2307 5141 2435 5213 quia
2479 5141 2602 5199 ideo
2647 5142 2956 5209 descendit,
2998 5151 3061 5199 ut
3106 5146 3455 5211 ascenderet,
3488 5161 3605 5204 non
3642 5151 3809 5207 sicut

2188 5231 2472 5300 homines,
2503 5233 2596 5303 qui
2626 5232 2696 5289 ad
2744 5235 2851 5290 hoc
2894 5234 3324 5303 descenderunt,
3357 5247 3417 5291 ut
3444 5238 3561 5295 illic
3598 5256 3807 5297 rema-

2186 5338 2426 5387 nerent:
2480 5345 2552 5387 ex
2598 5332 2870 5388 sententia
2922 5332 3067 5390 enim
3121 5335 3449 5392 tenebantur
3497 5336 3642 5408 apud
3701 5341 3805 5396 in-

2184 5420 2351 5491 feros,
2395 5436 2517 5494 quae
2564 5424 2838 5481 sententia
2886 5420 3233 5483 Salvatorem
3285 5436 3474 5484 tenere
3522 5444 3634 5486 non
3690 5447 3809 5503 po-

2180 5523 2357 5584 terat,
2411 5515 2502 5587 qui
2551 5516 2682 5573 vicit
2729 5528 3029 5589 peccatum.
3083 5519 3442 5593 Triumphato
3485 5538 3617 5594 ergo
3664 5526 3808 5580 dia-

2181 5607 2338 5676 bolo,
2394 5609 2676 5666 descendit
2732 5610 2789 5666 in
2822 5625 2918 5667 cor
2978 5621 3173 5681 terrae,
3233 5622 3295 5669 ut
3351 5614 3598 5671 ostensio
3660 5615 3807 5687 ejus

2182 5701 2498 5770 praedicatio
2547 5710 2693 5759 esset
2752 5712 3121 5775 mortuorum,
3163 5714 3220 5763 et
3275 5717 3541 5779 quotquot
3584 5711 3803 5775 cupidi

2181 5790 2299 5862 ejus
2343 5803 2527 5850 essent
2585 5794 2983 5867 liberarentur,
3026 5815 3128 5855 nec
3168 5809 3383 5871 poterat
3422 5817 3530 5857 non
3574 5816 3805 5859 ascen-

2183 5887 2347 5957 dere,
2397 5888 2525 5959 quia
2569 5889 2637 5945 ad
2688 5890 2792 5949 hoc
2838 5891 3227 5961 descenderat,
3274 5902 3333 5949 ut
3380 5894 3429 5949 vi
3480 5898 3805 5964 potestatis
