3986 6338
236 399 352 463 429

705 401 1259 465 ENABRATIONUM
1294 402 1366 461 IN
1400 402 1551 461 EPP.
1588 401 1793 464 PAULI
1829 401 1960 463 LIB.
1997 401 2184 462 XVIII.
2221 431 2293 446 —-
2323 400 2392 460 IN
2430 400 2648 461 EPIST.
2680 403 2779 460 AD
2814 402 3059 481 EPHES.

3380 405 3495 469 J50

239 530 355 574 sua!
401 496 610 572 calcata
652 526 856 582 morte,
910 530 1033 572 cum
1083 517 1345 589 captivis,
1368 514 1622 586 'quorum
1655 530 1818 572 causa
1845 526 1898 590 Α
1918 516 2001 572 dit
2028 516 2284 589 quosdam
2315 516 2523 589 quidem
2546 517 2841 589 apostolos,
2867 517 3123 590 quaedam
3159 530 3336 595 autem
3370 535 3496 592 pro-

236 611 353 685 pati
388 626 449 667 se
471 611 736 682 permisit,
766 619 1095 683 resurgeret.
1126 608 1396 685 (Ηίενοη.)
1420 610 1522 678 Qui
1550 609 1826 667 ascendis-

236 715 301 758 se
326 716 476 757 nunc
524 700 757 769 dicitur,
792 709 1081 772 propterea
1127 700 1345 767 dicitur,
1378 699 1648 767 ascendit,
1697 712 1825 770 qma

235 800 374 851 ante
443 792 832 858 descenderat,
872 792 977 848 hoc
1040 792 1183 848 enim
1246 799 1432 858 sonat,
1472 791 1611 864 quod
1649 800 1825 845 autem

235 880 477 938 ascendit
518 880 644 955 quid
687 890 797 948 est,
842 883 944 936 nisi
990 882 1116 953 quia
1170 891 1220 937 et
1271 881 1559 937 descendit.
1622 880 1827 952 Requi-

236 978 469 1035 rendum
505 975 689 1045 itaque
722 988 884 1045 super
917 987 1015 1040 eo,
1053 974 1195 1044 quod
1232 973 1362 1028 alibi
1398 973 1661 1043 scriptum
1691 979 1821 1027 est:

242 1067 415 1126 Nemo
440 1067 674 1123 ascendit
701 1068 757 1121 in
783 1064 968 1121 ctrlum
988 1107 1005 1134 ,
1036 1067 1140 1122 nisi
1173 1067 1263 1138 qui
1296 1066 1563 1122 descendit
1601 1065 1666 1120 de
1698 1064 1824 1121 caelo

238 1156 418 1215 Filius
465 1154 690 1213 hominis
714 1198 729 1225 ,
757 1158 848 1229 qui
878 1167 953 1212 est
996 1158 1051 1211 in
1097 1158 1226 1212 coelo
1262 1156 1469 1227 (Joan.
1501 1172 1561 1211 lli
1585 1157 1603 1229 )
1627 1197 1642 1222 ,
1685 1171 1825 1227 quo-

241 1249 409 1307 modo
452 1250 759 1305 ascenderit
806 1257 934 1305 ante
985 1246 1362 1306 descendens?
1408 1250 1634 1318 Quando
1678 1249 1824 1306 enim

241 1345 359 1402 haec
414 1342 739 1414 loquebatur
792 1351 917 1414 post
971 1342 1379 1399 descensionem
1434 1355 1466 1397 e
1518 1341 1705 1408 cretis,
1767 1354 1825 1396 se

239 1439 520 1510 quondam
550 1438 617 1492 ad
648 1436 815 1493 C(BIOS
845 1437 1158 1492 ascendisse
1185 1437 1542 1491 monstrabat.
1574 1435 1684 1491 Nec
1714 1446 1823 1489 non

240 1536 294 1586 et
346 1528 477 1585 illud
528 1528 735 1600 pariter
776 1528 1210 1595 retractandum,
1259 1528 1529 1599 quomodo
1573 1528 1690 1598 ipsa
1732 1528 1826 1583 de-

238 1624 455 1681 scensio
496 1630 552 1678 et
595 1621 841 1678 ascensio
911 1620 1195 1675 sentienda
1246 1620 1338 1686 sit,
1385 1628 1694 1675 utrumnam
1740 1635 1826 1675 se-

252 1715 492 1770 cundum
539 1727 736 1784 corpus
780 1712 1047 1778 localiter,
1098 1727 1167 1767 an
1212 1727 1376 1783 supra
1416 1724 1611 1782 corpus
1658 1711 1823 1782 spiri-

254 1806 461 1874 taliter,
516 1800 602 1860 vel
647 1814 799 1861 certe
846 1813 1077 1873 utroque
1111 1805 1291 1870 modo,
1350 1802 1607 1858 inferiora
1666 1813 1826 1858 terra:

1922 615 2104 685 phetas
2122 654 2137 667 .
2165 612 2297 668 alios
2334 626 2457 668 vero
2493 612 2856 684 euangelista,
2893 612 3028 668 alios
3058 621 3231 668 autem
3256 622 3494 684 pastores

1925 714 1977 761 et
2016 706 2256 760 doctores
2293 708 2362 759 ad
2400 705 2898 760 consummationem
2933 713 3234 759 sanctorum
3270 704 3330 760 in
3362 719 3494 776 opus

1924 795 2203 851 ministerii
2244 796 2301 851 in
2345 795 2747 865 wdiﬁcatzonem
2784 795 3017 867 corporis
3057 792 3273 851 Christi.
3315 794 3497 867 Expo-

1925 887 2007 943 nit
2040 902 2140 942 cur
2170 888 2385 944 dicatur
2421 889 2758 955 ascendisse,
2800 902 2925 944 cum
2962 886 3162 958 ubique
3188 894 3366 955 esset,
3394 887 3498 944 du-

1923 978 2073 1035 bium
2106 994 2213 1036 non
2246 990 2331 1036 est
2366 981 2662 1037 secundum
2702 980 2935 1037 formam
2968 980 3179 1037 scilicet
3217 980 3393 1053 s‘ervi,
3426 981 3496 1040 ad

1925 1084 2088 1143 quam
2136 1088 2245 1129 non
2292 1072 2560 1141 localiter,
2612 1070 2709 1129 sed
2760 1073 3051 1146 dignanter
3101 1074 3493 1145 descenderat,

1925 1164 2427 1235 subsequenterque
2456 1164 2786 1219 demonstrat
2814 1178 2912 1233 per
2948 1163 3196 1219 eumdem
3227 1164 3367 1221 dona
3399 1180 3496 1221 ac-

1927 1259 2132 1326 cepisse
2153 1256 2354 1311 electos
2372 1255 2468 1311 Dei
2486 1269 2587 1326 per
2602 1256 2783 1311 varios
2799 1256 3065 1329 gradusin
3086 1255 3346 1314 Ecclesia.
3371 1254 3495 1312 Pri-

1924 1362 2047 1403 mus
2084 1348 2221 1404 ordo
2249 1355 2333 1404 est
2372 1347 2428 1402 In
2476 1346 2717 1403 Ecclesia
2756 1345 2957 1403 Christi
3000 1347 3366 1424 apostolorum
3396 1362 3495 1403 aut

1926 1440 2150 1495 ctoritas
2169 1480 2184 1505 ,
2221 1439 2314 1509 qui
2352 1438 2517 1494 etiam
2554 1438 2624 1493 ab
2662 1437 2780 1508 ipso
2806 1437 3033 1493 Domino
3062 1438 3156 1494 Dei
3192 1437 3304 1494 tilio
3340 1437 3493 1495 missi

1926 1537 2082 1597 sunt,
2119 1539 2174 1585 et
2214 1529 2335 1585 ideo
2380 1527 2611 1600 apostoli
2642 1528 2916 1595 dicuntur,
2956 1528 3025 1585 ad
3065 1542 3202 1598 quos
3231 1528 3347 1598 ipse
3383 1527 3497 1583 Do—

1926 1623 2105 1678 minus
2147 1628 2274 1692 post
2315 1621 2769 1677 resurrectionem
2801 1620 2878 1676 ait
2905 1638 2919 1674 :
2955 1618 3156 1674 Euntes
3181 1620 3359 1677 docete
3385 1636 3498 1676 om-

1926 1726 2017 1769 nes
2064 1722 2239 1785 gentes
2290 1710 2526 1785 (Matth.
2575 1725 2747 1768 xxvm
2766 1709 2809 1785 ).
2869 1708 3119 1768 Secundo
3169 1713 3496 1783 prophetas,

1928 1818 2039 1863 non
2089 1807 2210 1863 illos
2257 1806 2351 1878 qui
2397 1803 2578 1861 futura
2620 1803 3007 1870 vaticinentur,
3055 1802 3243 1881 quales
3291 1804 3497 1861 veteris

250 1900 500 1956 infernus
542 1898 824 1970 accipitur,
870 1896 939 1952 ad
980 1911 1143 1968 quem
1187 1896 1446 1952 Dominus
1489 1903 1675 1951 noster
1702 1894 1824 1950 Sal-
1852 1886 1903 1958 Β
1928 1899 2063 1969 legis
2094 1904 2448 1964 testamento,
2488 1896 2705 1967 sedqqui
2739 1894 2983 1953 inﬁdeles
3007 1903 3065 1951 et
3090 1895 3367 1967 imperitos
3409 1910 3497 1955 ar-

238 1999 505 2062 vatorque
530 1989 847 2055 descendit,
889 1995 951 2045 ut
990 1996 1303 2044 sanctordm
1353 1988 1561 2043 animas
1602 2001 1723 2058 qua:
1750 1982 1827 2042 ibi

239 2083 569 2139 tenebantur
601 2074 860 2146 inclusae;
883 2094 1067 2135 secum
1103 2078 1170 2134 ad
1208 2078 1375 2135 caelos
1417 2077 1593 2133 victor
1638 2091 1829 2133 ascen-

240 2173 374 2231 deus
421 2172 733 2229 abduceret.
780 2170 931 2229 Unde
966 2180 1022 2228 et
1056 2179 1186 2244 post
1220 2171 1675 2228 resurrectionem
1708 2169 1828 2241 ejus

236 2266 477 2339 plurima
511 2279 739 2336 corpora
768 2263 1038 2335 iustorum
1084 2266 1140 2321 in
1206 2272 1395 2321 sancta
1449 2263 1670 2319 civitate
1709 2262 1825 2319 visa

236 2344 400 2425 sunt;
431 2354 575 2427 quod
601 2365 781 2413 autem
809 2356 867 2412 in
911 2355 1169 2412 inferiore
1209 2364 1363 2427 parte
1388 2364 1549 2411 terrae
1582 2352 1827 2410 infernus

238 2454 312 2510 sit
330 2460 387 2509 et
414 2451 701 2508 Psalmista
728 2456 956 2507 testatur
976 2450 1188 2507 dicens:
1206 2449 1402 2521 Aperta
1418 2457 1496 2504 est
1509 2458 1648 2503 terra
1668 2457 1716 2502 et
1736 2447 1827 2502 de-

234 2542 447 2616 glutivit
467 2540 681 2597 Dathan
697 2551 745 2596 et
759 2542 957 2621 operuit
980 2557 1139 2611 supra
1159 2540 1608 2612 congregationem
1630 2537 1825 2593 Abiron
1861 2569 1873 2582 -

238 2634 419 2710 (Psal.
450 2633 556 2708 cv)
583 2675 599 2701 ,
631 2641 687 2691 et
715 2634 945 2705 idipsum
975 2634 1029 2688 in
1057 2631 1416 2689 Numerorum
1446 2631 1584 2687 libro
1617 2630 1826 2702 plenius

237 2725 566 2797 explicatur.
591 2723 733 2781 Alibi
759 2738 975 2795 quoque
996 2723 1221 2793 legimus
1246 2740 1259 2775 :
1300 2720 1487 2790 Veniat
1509 2737 1649 2776 mors
1670 2737 1828 2792 super

238 2833 363 2885 eos,
400 2826 450 2872 et
485 2817 800 2873 descendant
838 2817 894 2870 in
926 2815 1192 2886 infernum
1225 2814 1448 2871 viventes
1490 2810 1662 2885 (Psal.
1693 2812 1824 2886 LW).

315 2910 424 2977 Qui
450 2909 746 2975 descendit,
776 2910 882 2980 ipse
909 2917 983 2963 est
1012 2916 1061 2963 et
1090 2909 1181 2979 qui
1208 2907 1441 2963 ascendit
1468 2923 1625 2979 super
1650 2922 1827 2961 omnes

240 3002 431 3070 caelos,
479 3008 537 3056 ut
578 2999 812 3073 impleret
862 3001 1060 3055 omnia.
1109 2998 1351 3072 (Amb.)
1401 2997 1519 3055 Hoc
1558 3005 1642 3054 est
1684 2996 1829 3067 quod

243 3094 382 3153 dicit
424 3094 726 3150 Dominus:
776 3090 944 3148 Nemo
985 3092 1218 3149 ascendit
1250 3093 1308 3147 in
1341 3092 1559 3158 caelum,
1600 3091 1703 3146 nisi
1735 3091 1827 3161 qui

239 3189 512 3245 descendit
555 3189 619 3243 de
662 3187 788 3244 coelo
834 3186 1007 3241 Filius
1033 3187 1289 3253 hominis,
1331 3188 1421 3259 qui
1464 3195 1539 3241 est
1578 3186 1635 3241 in
1678 3183 1851 3253 εωίοη

1926 1998 2095 2063 guunt
2132 1998 2293 2060 atque
2325 1988 2639 2058 diiudicent,
2679 1987 3020 2058 futuramque
3054 1987 3160 2043 illis
3210 1986 3500 2045 inconver-

1927 2082 2002 2138 sis
2030 2081 2385 2154 perditionem
2414 2079 2735 2150 praedicunt.
2779 2077 2956 2134 Etiam
2992 2087 3053 2134 et
3085 2077 3161 2134 illi
3208 2085 3335 2134 sunt
3371 2092 3501 2149 pro-

1924 2174 2131 2247 phetae,
2176 2174 2270 2245 qui
2309 2173 2631 2230 suavitatem
2661 2172 2815 2244 regni
2855 2172 2949 2228 Dei
2990 2172 3188 2229 animis
3215 2172 3496 2230 hominum

1924 2268 2309 2342 prmdicatione
2354 2266 2637 2337 inspirant.
2686 2265 2876 2323 Tertio
2922 2265 3310 2338 evangelistam,
3355 2280 3497 2337 quo-

1924 2374 2047 2419 rum
2089 2361 2320 2434 speciosi
2356 2361 2522 2432 pedes
2559 2368 2687 2417 sunt
2728 2360 2797 2416 ad
2840 2359 3266 2416 annuntiandum
3309 2374 3501 2430 pacem

1926 2453 1948 2528 (
1973 2455 2123 2511 Rom.
2155 2472 2189 2511 ι
2208 2454 2251 2528 ).
2285 2454 2543 2525 Quisquis
2580 2466 2768 2525 pacem
2808 2452 3033 2522 Christi,
3063 2468 3184 2524 qum
3211 2462 3507 2525 exsuperat

1926 2562 2143 2605 omnem
2186 2562 2429 2613 sensum,
2474 2546 2765 2601 annuntiat
2791 2545 3042 2612 ﬁdeliter,
3095 2546 3209 2602 sive
3253 2544 3505 2603 unicuili-

1923 2638 2049 2704 bet,
2086 2638 2173 2694 vel
2210 2639 2377 2694 etiam
2416 2637 2679 2709 pluribus,
2721 2635 3052 2709 evangelista
3070 2643 3178 2692 est.
3217 2634 3366 2693 Alios
3405 2651 3504 2692 au-

1924 2739 2037 2786 tem
2075 2736 2322 2800 pastores
2358 2735 2414 2783 et
2453 2728 2719 2794 doctores,
2761 2735 2823 2782 ut
2860 2727 2953 2799 qui
2993 2736 3182 2797 pastor
3216 2735 3329 2792 est,
3377 2741 3502 2785 esse

1927 2818 2121 2874 debeat
2168 2823 2224 2873 et
2268 2817 2481 2882 doctor,
2512 2830 2582 2872 ne
2627 2816 2935 2886 quisquam,
2986 2815 3234 2887 quamvis
3279 2824 3501 2873 sanctus

1926 2910 2019 2977 sit,
2057 2909 2296 2980 pastoris
2336 2907 2440 2965 sibi
2487 2919 2685 2962 nomen
2722 2915 2779 2963 et
2818 2906 3053 2963 cilicium
3093 2922 3371 2965 assumere
3406 2923 3503 2964 au-

1926 3000 2085 3067 deat,
2127 2999 2236 3055 nisi
2276 2999 2449 3069 possit
2492 2998 2717 3064 docere,
2761 2998 2957 3069 quibus
2991 3012 3226 3068 praeesse
3264 2997 3500 3056 videtur.

1928 3092 2160 3167 (Λυδὸν.)
2181 3091 2423 3163 Apostoli
2445 3091 2681 3163 episcopi
2704 3097 2852 3158 sunt,
2872 3092 3148 3161 prephetm
3170 3107 3300 3150 vero
3318 3093 3503 3164 expia-

1928 3193 2151 3240 natnres
2198 3192 2324 3240 sunt
2352 3183 2775 3254 Scripturarum,
2803 3184 3048 3254 quamvis
3084 3184 3227 3242 inter
3255 3187 3370 3257 ipsa
3389 3186 3503 3258 pri-

241 3279 401 3350 Quod
446 3279 753 3350 quidemet
786 3278 841 3333 in
877 3277 1086 3348 psalmo
1134 3277 1462 3344 continetur,
1507 3277 1586 3331 ait
1627 3275 1771 3332 enim
1802 3292 1817 3331 :
1844 3263 1894 3331 C
1931 3277 2142 3335 mordia
2170 3276 2373 3333 fuerint
2412 3276 2719 3347 prophetas,
2746 3276 2888 3333 sicut
2913 3276 3149 3351 Agabus,
3174 3287 3231 3334 et
3268 3288 3503 3350 quatuor

237 3374 290 3431 Δ
320 3389 527 3430 summa
556 3371 683 3428 ctelo
712 3371 937 3443 egressio
973 3371 1086 3441 ejus
1105 3411 1119 3436 ,
1154 3380 1200 3425 et
1233 3384 1472 3441 egressus
1513 3368 1626 3440 ejus
1665 3383 1829 3440 usque

238 3465 313 3521 ad
357 3481 620 3521 summum
668 3463 783 3535 ejus
836 3460 1024 3536 (Psal.
1074 3461 1249 3533 xvm).
1279 3460 1378 3518 Hic
1423 3476 1555 3534 ergo
1599 3462 1825 3518 descen-

241 3556 379 3612 dens
438 3572 470 3613 e
520 3556 670 3613 ccelis
725 3542 780 3611 in
834 3563 1034 3611 terram
1093 3556 1258 3611 homo
1310 3563 1473 3611 natus
1523 3565 1606 3611 est
1631 3594 1647 3621 ,
1702 3562 1827 3625 post

238 3655 493 3703 mortuus
530 3646 807 3703 descendit
836 3647 902 3702 ad
938 3646 1179 3713 inferos,
1208 3662 1275 3703 ex
1306 3647 1501 3717 quibus
1542 3646 1701 3702 tertio
1738 3646 1825 3701 die

239 3752 538 3810 resurgens
575 3748 702 3796 ante
738 3752 927 3796 omnes
956 3739 1211 3796 mortales
1236 3739 1479 3796 ascendit
1507 3754 1670 3809 super
1697 3754 1828 3794 cun-

239 3840 365 3889 ctos
405 3832 589 3899 caelos,
620 3840 683 3889 ut
718 3820 931 3889 illusum
963 3822 1190 3889 mortem
1213 3833 1521 3889 ostenderet
1539 3840 1821 3889 creaturie.

238 3924 534 3997 (Marinus)
563 3920 701 3980 Dum
747 3926 842 3991 ait,
872 3926 999 3997 ipse,
1036 3923 1307 3997 signiﬁcat
1348 3938 1511 3980 unam
1536 3938 1825 3994 personam

236 4013 623 4070 descendentis
666 4021 722 4070 et
760 4012 1118 4070 ascendentis.
1167 4011 1371 4085 (Διὸ.)
1410 4011 1664 4083 Nunquid
1703 4027 1825 4067 cor-

228 4096 501 4182 porsiliter
539 4120 728 4164 omnes
763 4106 930 4162 caelos
971 4100 1025 4162 et
1060 4107 1345 4162 universas
1374 4104 1734 4163 sublimitates
1769 4112 1825 4159 et

210 4197 509 4255 ‘uoeiorum
559 4198 825 4266 circulos,
880 4215 1017 4269 quos
1066 4198 1381 4271 Philosophi
1433 4198 1676 4270 sphzeras
1727 4211 1823 4254 vo-

233 4300 367 4347 cant
400 4292 673 4347 transiens
710 4299 873 4362 atque
896 4293 1284 4349 transcendens
1301 4333 1318 4359 ,
1347 4292 1500 4348 stetit
1526 4292 1587 4347 in
1610 4306 1822 4346 summo

233 4385 364 4441 εαξιί
401 4386 654 4455 vertice?
694 4400 761 4441 an
801 4394 951 4442 certe
991 4387 1173 4441 omnia
1211 4386 1509 4456 corporalia
1545 4392 1822 4441 transcen-

234 4472 375 4533 deris
405 4484 572 4548 atque
608 4488 869 4546 superans
908 4484 961 4534 et
1003 4477 1618 4548 :eterna‘contemplans
1658 4492 1822 4547 super

230 4566 438 4633 ccelos,
488 4566 547 4622 id
590 4576 709 4633 est,
753 4566 916 4638 'super
957 4566 1248 4623 invisibilia
1286 4568 1551 4624 mansisse
1592 4570 1857 4638 creden-;

1842 4625 1895 4688 D
1921 4666 2036 4715 tum
2064 4660 2213 4727 fecit,
2229 4674 2349 4731 quae
2365 4674 2466 4731 per
2491 4625 2871 4732 negligentiam
2886 4659 3170 4717 obsolevit.
3198 4658 3345 4716 Inter
3363 4660 3497 4717 istos

1902 4760 2041 4826 post
2080 4751 2391 4841 episcopum
2437 4750 2558 4821 plus
2601 4764 2724 4806 esse
2763 4748 3098 4821 intelligitur,
3134 4750 3228 4821 qui
3273 4759 3498 4823 ριὀριθι·

232 4660 340 4716 dus
386 4659 522 4716 est?
572 4659 719 4731 quod
767 4674 865 4731 ego
914 4659 1108 4716 melius
1154 4668 1304 4732 puto.
1356 4660 1645 4717 Descendit
1686 4674 1816 4733 ergo

227 4748 292 4806 in
340 4748 628 4807 inferiores
663 4757 825 4806 terrae
855 4758 912 4806 et
940 4750 1187 4807 ascendit
1223 4766 1386 4821 super
1425 4766 1613 4807 omnes
1651 4752 1816 4808 ctelos

233 4836 410 4899 Filius
434 4842 567 4910 Dei,
594 4852 656 4898 ut
678 4858 786 4899 non
812 4851 1023 4900 tantum
1050 4827 1225 4916 legem
1250 4845 1647 4915 prophetasque
1670 4859 1819 4900 com-

226 4936 413 5011 pleret
434 4976 454 5004 ,
507 4935 605 4992 sed
653 4944 709 4993 et
750 4934 886 4994 alias
934 4938 1197 5010 quasdam
1247 4940 1489 4997 occultas
1538 4938 1818 5011 dispensa-

228 5044 437 5107 tiones,
480 5052 617 5111 quas
648 5037 797 5092 solus
848 5036 1019 5099 novit,
1064 5033 1177 5102 ipse
1218 5045 1340 5085 eum
1385 5028 1546 5084 Patre
1592 5028 1823 5098 perlice-

225 5141 337 5191 ret.
366 5130 557 5203 Neque
598 5127 743 5184 enim
772 5122 1006 5197 pleniter
1043 5118 1186 5181 scire
1217 5136 1525 5194 possumus,
1558 5119 1829 5193 quomodo

222 5233 288 5282 et
333 5220 543 5294 angelis
588 5224 650 5276 'et
699 5216 806 5285 his,
858 5216 954 5289 qui
1010 5216 1068 5272 in
1116 5215 1334 5272 inferno
1386 5221 1564 5275 erant,
1610 5210 1828 5283 sanguis

222 5312 440 5375 Christi
464 5309 750 5384 profuerit,
770 5317 828 5365 et
847 5316 1029 5364 tamen
1050 5306 1180 5378 quin
1198 5303 1464 5374 profuerit
1486 5302 1701 5359 nescire
1719 5316 1828 5359 non

222 5420 550 5481 possumus.
580 5400 873 5479 (Μωιιυε.)
903 5398 1058 5467 Quod
1093 5408 1268 5454 autem
1297 5395 1554 5464 ascendit,
1581 5394 1705 5467 quid
1726 5403 1825 5461 est,

227 5478 343 5560 nisi
371 5500 465 5573 qui
491 5478 800 5555 dsscenditi
836 5498 940 5554 hoc
981 5503 1169 5552 contra
1212 5492 1499 5550 haereticos
1537 5490 1700 5558 valet,
1733 5487 1827 5560 qui

226 5596 430 5652 dicunt
469 5590 749 5655 Christum
794 5607 905 5648 non
934 5604 1057 5647 esse
1107 5597 1232 5644 ante
1275 5594 1495 5657 partum
1534 5584 1598 5640 B.
1644 5584 1827 5641 Mariae

223 5684 525 5761 Virginis:
567 5701 676 5744 non
717 5684 862 5740 enim
903 5681 1199 5739 secundum
1229 5678 1531 5751 proiectum
1572 5676 1720 5734 Deus
1742 5684 1825 5734 es'

224 5782 514 5850 Christus,
557 5781 654 5839 sed
691 5788 914 5853 propter
955 5776 1416 5841 misericordiam,
1467 5788 1575 5846 qua
1616 5772 1825 5845 indige-

224 5876 459 5945 bamus,
497 5874 662 5933 homo
710 5870 999 5946 dignanter
1038 5870 1260 5929 eﬂ‘ectus
1303 5876 1404 5927 est.
1449 5866 1521 5966 Et
1566 5867 1677 5939 ipse
1733 5865 1823 5921 de

1926 3369 2168 3441 virgines
2209 3369 2630 3439 prophetantes,
2673 3368 2816 3425 sicut
2856 3369 3169 3426 continch
3191 3371 3247 3427 in
3275 3371 3501 3430 Actibus

1925 3462 2290 3534 apostolon
2338 3461 2496 3533 (Act.
2552 3477 2643 3529 ιι,
2694 3477 2788 3518 ιιι
2813 3460 2858 3534 ),
2912 3471 3134 3535 propter
3194 3464 3498 3523 rudimenta

1926 3554 2051 3611 ﬁdei
2088 3553 2536 3610 commendanda.
2584 3551 2740 3608 Nunc
2780 3561 2959 3610 autem
3004 3555 3326 3627 interpretes
3368 3572 3499 3628 pro-

1925 3648 2110 3719 phetae
2160 3648 2432 3714 dicuntur,
2486 3646 2829 3718 evangelista:
2874 3647 3089 3704 diaconi
3139 3657 3267 3705 sunt
3289 3691 3306 3717 ,
3361 3651 3503 3708 sicut

1923 3736 2028 3793 fuit
2080 3737 2403 3809 Philippus;
2462 3751 2771 3807 quanquam
2828 3753 2936 3794 non
2988 3739 3099 3795 sint
3148 3741 3457 3799 sacerdotes
3482 3783 3500 3811 ,

1922 3835 2296 3906 evangelizare
2327 3842 2507 3890 tamen
2532 3843 2761 3905 possunt
2808 3834 2924 3891 sine
2968 3838 3262 3904 cathedra,
3313 3854 3500 3909 quem-

1923 3927 2211 3983 admodum
2265 3933 2323 3981 et
2387 3923 2693 3995 Stephanus
2749 3934 2805 3979 et
2842 3924 3124 3997 Philippus
3170 3937 3500 3985 memoratus

1923 4018 2073 4093 (Act.
2103 4035 2203 4075 Vill
2226 4021 2268 4089 ).
2310 4017 2562 4073 Pastores
2589 4028 2816 4088 possunt
2841 4033 2962 4074 esse
3000 4018 3262 4087 lectores,
3295 4022 3387 4090 qui
3424 4020 3500 4078 le-

1921 4110 2191 4169 ctionibus
2219 4110 2469 4181 saginent
2491 4108 3068 4181 populumgaudicntem
3085 4111 3241 4183 ,quia
3260 4128 3280 4164 ι
3306 4126 3414 4168 non
3442 4112 3498 4168 in

1918 4217 2062 4275 pane
2088 4210 2295 4258 tantum
2324 4200 2458 4256 vivit
2476 4200 2662 4267 homo,
2688 4200 2785 4257 sed
2820 4200 3045 4257 in-omni
3071 4203 3241 4259 verbo
3265 4202 3495 4275 (Matth.

1920 4292 2018 4366 iv).
2056 4315 2075 4347 ι
2104 4294 2346 4365 Magistri
2375 4306 2506 4348 vero
2550 4292 2802 4349 xoreistm
2826 4302 2975 4359 sunt,
3010 4293 3136 4364 quia
3160 4294 3219 4349 in
3250 4293 3498 4350 Ecclesia

1918 4386 2022 4455 ipsi
2050 4392 2424 4456 compescunt,
2445 4390 2501 4439 et
2518 4384 2809 4441 verberant
2836 4385 3135 4456 inquietos;
3161 4386 3276 4443 sive
3295 4386 3369 4451 hi,
3400 4387 3496 4458 qui

1918 4476 2239 4532 lectionibus
2261 4474 2577 4532 imbuendus
2603 4474 2843 4532 infantes
2860 4476 3051 4533 solent
3064 4478 3336 4544 imbuere,
3356 4478 3500 4535 sicut

1920 4583 2039 4625 mos
2060 4567 2365 4625 indecorum
2409 4575 2512 4634 est,
2543 4580 2772 4640 quorum
2797 4568 3020 4623 traditio
3053 4568 3123 4623 ad
3165 4582 3267 4624 nos
3292 4568 3498 4625 transi-

1918 4854 2217 4904 reseratum
2244 4846 2514 4904 occultum
2558 4844 2961 4917 Scripturarum
2992 4860 3214 4903 sensum
3256 4849 3496 4920 prophe-

1917 4944 2036 4994 tare
2060 4938 2276 5004 dicitur,
2294 4938 2593 5009 praesertim
2619 4937 2747 5008 quia
2772 4934 2967 4993 futurae
2990 4937 3104 5009 spei
3122 4938 3289 4995 verba
3311 4940 3497 5011 depro-

1917 5031 2038 5099 mit,
2059 5031 2151 5102 qui
2181 5030 2313 5086 ordo
2340 5045 2485 5086 nunc
2514 5036 2696 5101 potest
2728 5042 2848 5086 esse
2876 5031 3220 5104 presbyterii.
3259 5029 3396 5087 Nam
3438 5031 3497 5088 in

1916 5124 2171 5195 episcopo
2192 5137 2383 5180 omnes
2417 5122 2637 5179 ordines
2674 5131 2821 5190 sunt,
2851 5123 2977 5193 quia
3002 5124 3211 5196 primus
3239 5125 3497 5182 sacerdos

1915 5223 2022 5282 est,
2063 5215 2169 5271 hoc
2209 5220 2295 5271 est
2337 5213 2589 5286 princeps
2614 5213 2975 5281 sacerdotum,
3018 5222 3077 5271 et
3109 5214 3395 5287 propheta,
3442 5221 3497 5272 et

1916 5305 2280 5378 Evangelista,
2309 5311 2367 5360 et
2385 5312 2575 5361 cratera
2601 5304 2941 5377 adimplenda
2964 5304 3139 5362 cilicia
3157 5305 3416 5363 Ecclesia
3439 5307 3496 5362 in

1917 5397 2220 5455 ministerio
2246 5396 2522 5465 ﬁdelium;
2556 5404 2738 5455 tamen
2768 5406 3055 5471 postquam
3081 5398 3334 5455 omnibus
3361 5396 3498 5455 locis

1918 5490 2177 5548 Ecclesiae
2201 5500 2329 5548 sunt
2369 5490 2676 5549 constituta
2714 5500 2771 5549 et
2810 5490 2991 5550 officia
3026 5490 3305 5557 ordinata,
3339 5489 3497 5546 aliter

1919 5583 2217 5655 composita
2238 5598 2327 5640 res
2351 5592 2454 5652 est,
2479 5600 2643 5656 quam
2664 5591 2925 5659 coeperat,
2950 5583 3192 5640 Primum
3210 5581 3357 5639 enim
3377 5595 3498 5637 om-

1918 5690 2017 5732 nes
2067 5677 2345 5742 docebant,
2379 5684 2434 5732 et
2473 5692 2662 5734 omnes
2699 5676 3046 5749 baptizabant
3086 5676 3496 5749 quibuscunque

1917 5770 2109 5828 diebus
2163 5770 2250 5828 vel
2298 5772 2627 5844 temporibus
2677 5771 2869 5829 fuisset
2917 5770 3152 5827 occasio.
3193 5766 3305 5824 Nec
3346 5765 3492 5823 enim

1894 5862 2193 5940 'Philippus
2228 5874 2440 5940 tempus
2465 5865 2715 5938 qumsivit
2752 5873 2845 5923 aut
2886 5864 3027 5922 diem
3054 5878 3163 5938 quo
3187 5859 3494 5921 eunuchum
