3986 6338
257 305 369 384 ιω

719 315 1277 398 ἘΝΑΒΒΑΤΙΟΝΙΙΜ
1315 313 1384 374 IN
1423 315 1572 373 EPP.
1615 307 1822 374 PAULI
1860 313 1867 368 Ι

1971 354 1988 372 .
2024 307 2210 371 XVIII.
2249 343 2321 354 —-
2354 306 2423 368 ΙΝ
2461 309 2680 369 EPIST.
2720 313 2812 369 AD
2849 312 3090 371 EPHES.

3429 316 3544 375 ΑΜ

251 444 446 496 mente
497 447 620 506 qua:
655 442 813 490 erant
857 432 1134 488 inferenda
1180 441 1566 504 praenosceret.
1624 429 1851 487 Videbat
1877 433 1930 494 Α
1957 428 3548 505 haecnumerospmprioshabeant,etsintlegiones,utipse

257 532 429 603 igitur
450 541 595 598 saepe
635 541 704 582 ex
732 534 960 595 utraque
982 531 1139 594 parte
1182 524 1262 579 sic
1285 523 1413 590 dici,
1443 532 1498 578 et
1524 531 1634 577 tam
1659 522 1852 577 verisi-

256 621 409 678 milia
441 621 496 674 in
537 617 698 673 rebus
743 616 1030 672 contrariis
1059 615 1252 682 asseri,
1302 627 1362 670 ut
1402 615 1676 686 ambigere
1707 613 1852 670 face-

254 721 382 769 rent
409 712 742 776 audientem,
768 708 1238 765 idcircouthomo
1277 717 1333 763 et
1359 707 1536 763 adhuc
1576 709 1632 762 in
1673 707 1850 778 fragili

255 802 586 875 corpusculo
606 801 954 868 constitutus,
968 801 1172 856 circum
1180 800 1456 856 ferebatur
1469 801 1687 871 quidem
1701 801 1849 857 omni

253 903 425 950 vento
471 893 748 959 doctrinae,
774 891 868 948 sed
905 906 1013 948 non
1048 890 1371 947 elidebatur.
1421 891 1612 947 Stabat
1651 893 1852 964 quippe

254 986 310 1042 in
343 986 512 1057 puppi
551 983 975 1056 gubernaculum
1003 992 1193 1039 tenens
1233 991 1288 1038 et
1323 991 1637 1054 spumantes
1676 985 1850 1039 haere-

253 1095 389 1135 θεων
423 1079 617 1134 ﬂuctus
664 1079 792 1134 ﬁdei
838 1077 1134 1134 securitate
1182 1076 1490 1148 frangebat,
1522 1093 1632 1133 non
1668 1087 1854 1133 tamen

253 1172 566 1244 intrepidus
599 1180 654 1226 et
684 1186 927 1236 securus,
970 1185 1072 1225 nec
1109 1171 1326 1240 quietus
1353 1178 1411 1224 et
1441 1170 1707 1240 placidus,
1729 1184 1855 1241 pro-

254 1265 527 1337 Spiciebat
547 1272 739 1319 ventos
763 1263 890 1318 hinc
913 1263 1036 1317 inde
1058 1261 1444 1332 perﬁantes,et
1468 1263 1698 1319 sollicita
1723 1276 1857 1317 aure

253 1359 516 1428 captabat
559 1356 920 1425 vincebatque
969 1354 1278 1420 contraria;
1329 1356 1424 1410 sed
1455 1370 1562 1410 non
1611 1363 1730 1408 erat
1778 1353 1854 1410 illi

255 1467 459 1507 secura
488 1450 736 1506 victoria.
769 1448 907 1516 Quia
933 1448 1097 1519 igitur
1125 1448 1562 1503 adversariorum
1583 1449 1749 1502 verba
1777 1454 1858 1501 at-

254 1557 366 1612 que
397 1541 662 1605 rationes,
686 1540 882 1609 quibus
923 1539 1210 1594 veritatem
1253 1547 1499 1593 evertere
1521 1538 1856 1607 nitebantur,

252 1635 484 1690 videbat
511 1650 614 1690 non
640 1632 800 1689 facile
823 1649 983 1704 posse
1009 1634 1254 1704 superari
1283 1642 1338 1688 et
1375 1633 1523 1688 omni
1564 1633 1859 1688 calliditate

255 1727 473 1798 plenas,
533 1725 827 1781 dialecticae
880 1741 1124 1796 quoque,
1172 1725 1282 1781 imo
1319 1726 1513 1781 diaboli
1558 1734 1676 1782 arte
1723 1741 1856 1781 con-

1953 520 2215 576 Dominus
2239 521 2396 588 dixit,
2419 521 2547 592 quia
2578 521 2647 576 ab
2670 535 2779 576 uno
2800 529 2983 577 tamen
3005 531 3060 576 et
3083 538 3180 593 per
3202 539 3368 579 unum
3395 533 3545 596 sunt,

1952 613 2113 670 simul
2138 615 2321 669 omnia
2349 630 2515 669 unum
2537 629 2735 686 corpus
2761 614 3014 686 appellat;
3032 615 3172 670 sicut
3190 617 3338 671 enim
3365 633 3543 674 mem-

1951 705 2050 760 bra
2096 721 2220 760 cum
2261 705 2373 760 sint
2416 705 2577 761 unius
2616 706 2880 777 corporis,
2926 706 3139 762 diversa
3191 716 3376 764 tamen
3421 719 3548 768 sunt

1953 807 2077 852 actu
2103 806 2160 853 et
2188 798 2470 868 dignitate,
2499 798 2574 852 ita
2608 809 2665 852 et
2707 806 2954 854 creatura
3007 799 3222 854 condita
3265 808 3351 854 est
3379 815 3410 855 a
3436 801 3548 859 Deo

1951 902 2050 958 per
2073 885 2371 954 Christum,
2393 895 2498 942 uta
2523 886 2781 943 cherubin
2804 895 2858 942 et
2879 888 3132 958 seraphin
3152 896 3400 958 potentes
3430 887 3550 961 [po-

1953 979 2160 1051 tentiis]
2210 980 2300 1049 qui
2329 981 2429 1035 sub
2459 979 2588 1035 sede
2622 980 2718 1034 Dei
2741 990 2887 1046 sunt,
2915 989 2969 1035 et
3011 980 3215 1052 angelis
3261 996 3398 1050 quos
3433 981 3550 1052 ipse

1955 1071 2215 1128 Dominus
2240 1081 2460 1128 sanctos
2484 1073 2740 1143 appellat,
2769 1073 2924 1143 quasi
2950 1074 3193 1143 quadam
3219 1083 3550 1130 concatena-

1953 1161 2032 1218 tio
2055 1163 2126 1218 sit
2156 1179 2327 1233 usque
2369 1163 2436 1218 ad
2473 1163 2874 1220 ﬁrmamentum
2903 1166 3154 1221 ordinata
3191 1165 3546 1232 descendens,

1953 1259 2014 1306 ut
2038 1261 2210 1308 totum
2248 1263 2304 1308 et
2336 1253 2583 1323 junctum
2611 1256 2684 1311 sit
2725 1264 2778 1312 et
2803 1255 3013 1312 meritis
3057 1264 3236 1311 tamen
3274 1257 3552 1322 discerna—

1957 1353 2064 1400 tur.
2097 1345 2304 1401 Meritis
2331 1347 2453 1403 dico
2473 1363 2577 1403 non
2601 1348 2776 1404 solum
2806 1349 3127 1415 ofﬁciorum,
3162 1349 3261 1404 sed
3299 1357 3354 1406 et
3382 1359 3548 1406 natu-

1956 1453 2160 1494 rarum.
2213 1437 2326 1495 Nec
2373 1441 2521 1495 enim
2568 1441 2693 1511 quia
2735 1439 2925 1510 juncta
2976 1441 3109 1498 dicit
3151 1443 3356 1508 omnia,
3390 1443 3554 1500 unius

1955 1540 2117 1585 erunt
2149 1540 2378 1596 natura),
2412 1531 2506 1589 sed
2535 1532 2679 1603 quod
2719 1533 2773 1587 in
2800 1548 3030 1602 corpore
3072 1535 3314 1590 membra
3342 1534 3552 1590 faciunt

1955 1621 2189 1678 discreta
2210 1621 2422 1689 ofﬁciis,
2447 1638 2552 1678 non
2575 1633 2789 1689 natura,
2815 1624 2887 1678 ita
2909 1634 2964 1679 ct
2990 1624 3044 1678 in
3068 1625 3154 1680 his
3172 1625 3424 1681 omnibus
3441 1641 3550 1682 non

1957 1717 2224 1790 membra,
2265 1717 2358 1770 sed
2395 1726 2603 1771 natura:
2626 1715 2756 1785 ipsa:
2777 1715 2986 1771 faciunt
3011 1715 3409 1772 distinctiones.
3435 1716 3552 1773 Hoc

256 1830 461 1884 textas,
481 1821 737 1889 sperabat
763 1818 855 1875 Dei
880 1819 1161 1884 auxilium,
1184 1827 1244 1873 ut
1268 1833 1482 1875 omnem
1507 1818 1854 1874 deliberatio-
1881 1799 1928 1860 Β
1955 1817 2182 1878 eri-{085‘
2211 1809 2353 1879 (Ιιιοά
2376 1809 2826 1876 Ιθδοηιῑυΐνυιθά
2844 1824 3241 1865 υηυυιεθηευῐη
3255 1811 3552 1882 redigam".

257 1931 392 1972 nem
421 1917 488 1971 de
517 1923 696 1970 mente
720 1931 816 1970 sua
855 1914 1196 1986 propelleret,
1223 1924 1279 1970 et
1299 1924 1461 1968 certae
1484 1922 1646 1983 atque
1669 1913 1859 1968 deﬁxa:

258 2007 482 2082 absque.
505 2005 593 2060 illa
614 2005 861 2061 molestia
887 2005 1136 2060 crederet
1156 2005 1397 2071 veritati,
1419 2013 1472 2060 et
1495 2013 1719 2076 augeret
1739 2019 1859 2060 eam

257 2100 316 2154 in
346 2099 642 2154 dilectione
668 2096 893 2161 Christi,
915 2113 1073 2166 quem
1100 2098 1307 2152 sciebat
1331 2113 1452 2153 esse
1480 2105 1535 2152 et
1561 2097 1728 2154 totius
1765 2097 1861 2153 Ec-

256 2190 448 2247 clesiae
473 2189 717 2260 corporis
753 2197 933 2258 caput.
976 2187 1258 2243 Veritatem
1304 2198 1480 2242 autem
1511 2187 1760 2257 facientes
1805 2189 1862 2244 in

256 2283 546 2345 clmritate,
572 2296 864 2333 crescamus
890 2281 947 2334 in
983 2278 1076 2334 illo
1116 2296 1208 2350 per
1235 2279 1432 2344 omnia,
1459 2280 1548 2350 qui
1586 2289 1661 2334 est
1706 2288 1861 2350 caput

258 2371 528 2435 Christus,
548 2387 612 2426 ea:
637 2388 737 2442 quo
759 2380 925 2424 totum
947 2387 1133 2441 corpus
1159 2382 1484 2441 compactum
1497 2379 1546 2425 et
1569 2387 1861 2426 connexum

257 2482 358 2536 per
403 2481 607 2519 omnem
645 2465 956 2534 juncturam
1005 2463 1528 2529 subministrationis,
1574 2465 1861 2519 secundum

259 2556 624 2626 operationem
672 2556 725 2609 in
777 2570 1078 2608 mensuram
1143 2553 1555 2625 uniuscujusque
1600 2555 1861 2623 membri,

258 2659 608 2720 augmentum
653 2649 884 2718 corporis
917 2647 1136 2716 faciens,
1171 2647 1226 2702 in
1260 2647 1661 2716 tediﬁcationem
1701 2648 1786 2702 sui
1809 2647 1864 2701 in

260 2739 549 2794 charitate.
581 2737 638 2791 ln
670 2735 775 2792 ﬁne
803 2752 1004 2801 rerum,
1037 2752 1159 2790 cum
1187 2736 1358 2790 Deum
1379 2736 1518 2790 facie
1542 2736 1730 2790 videre
1751 2749 1864 2790 ete-

258 2830 516 2902 perimus
541 2830 608 2883 ad
651 2829 864 2894 faciem,
904 2836 961 2884 et
1005 2829 1061 2883 in
1109 2842 1422 2883 mensuram
1458 2827 1865 2898 pervenerimus

263 2922 453 2978 aetatis
481 2919 830 2990 plenitudinis
847 2919 1071 2985 Christi,
1094 2919 1161 2974 de
1187 2917 1342 2988 cujus
1365 2917 1702 2988 plenitudine
1722 2931 1866 2971 nunc

259 3027 463 3068 omnes
490 3011 820 3080 accepimus,
851 3010 926 3065 ita
953 3017 1013 3064 ut
1040 3009 1290 3065 Christus
1335 3025 1442 3064 non
1478 3024 1543 3063 ex
1571 3017 1728 3079 parte
1769 3008 1862 3074 sit,

263 3103 365 3159 sed
393 3111 540 3157 totus
561 3102 614 3156 in
645 3103 817 3166 nobis,
843 3109 900 3157 et
923 3100 1124 3156 relictis
1156 3100 1327 3156 initiis
1368 3099 1718 3172 parvulorum
1743 3115 1862 3156 ere-

1957 1902 2086 1958 etin
2115 1917 2280 1957 sensu
2313 1917 2480 1957 unum
2513 1901 2586 1957 sit
2615 1917 2830 1971 corpus,
2863 1903 2990 1959 dum
3019 1902 3262 1958 omnium
3295 1911 3551 1957 creatura

1957 2010 2063 2050 una
2083 1993 2352 2065 professio
2379 2004 2464 2049 est
2485 2003 2542 2050 ut
2562 1995 2856 2051 concordet
2892 1995 2947 2050 in
2973 1995 3240 2054 charitate
3271 1993 3552 2052 Creatoris

1959 2089 2027 2144 ad
2043 2104 2199 2144 suum
2213 2086 2535 2158 profectum,
2553 2088 2844 2144 reaediﬁcat
2857 2089 3001 2144 enim
3017 2105 3076 2145 se
3091 2090 3144 2144 in
3161 2091 3419 2160 templum
3444 2089 3553 2146 Do-
3640 2093 3647 2100 '

1959 2179 2091 2236 mini
2110 2197 2124 2234 :
2139 2179 2413 2235 destructa
2427 2180 2569 2234 enim
2586 2178 2762 2233 fuerat
2774 2179 3043 2234 dementia
3057 2189 3112 2235 et
3133 2179 3156 2234 Γ
3155 2197 3186 2234 ιι
3195 2196 3315 2236 rore
3335 2180 3554 2236 diaboli.

2033 2272 2149 2328 Hoc
2173 2274 2335 2344 igitur
2363 2273 2482 2327 dico
2506 2282 2557 2328 et
2583 2273 2830 2342 testiﬁcor
2867 2274 2921 2328 in
2947 2273 3192 2343 Domino,
3215 2285 3270 2327 ut
3299 2275 3417 2345 jam
3449 2291 3556 2329 non

1961 2365 2257 2431 ambuletis,
2284 2367 2418 2420 sicut
2445 2375 2493 2420 et
2522 2376 2696 2436 gentes
2727 2365 2994 2420 ambulant
3033 2368 3088 2423 in
3113 2369 3340 2422 vanitate
3363 2385 3549 2423 sensus

1959 2457 2064 2521 sui,
2089 2455 2311 2510 tenebris
2341 2455 2676 2510 obscuratum
2697 2457 2943 2511 habentes
2974 2455 3308 2521 intellectum,
3342 2458 3563 2515 alienati

1961 2565 1996 2601 a
2023 2548 2128 2602 vita
2155 2546 2254 2602 Dei
2291 2564 2384 2618 per
2431 2549 2806 2619 ignorantiam,
2832 2566 2950 2620 qua:
2989 2567 3063 2604 est
3105 2551 3160 2604 in
3205 2549 3311 2606 illis
3350 2559 3563 2622 propter

1963 2643 2248 2697 cwcitatem
2277 2642 2450 2698 cordis
2480 2643 2734 2713 ipsorum,
2766 2645 2856 2714 qui
2895 2644 3228 2716 desperantes
3265 2648 3566 2716 semetipsos

1963 2731 2296 2787 tradiderunt
2341 2733 2706 2802 impudicitiae,
2735 2736 2789 2790 in
2818 2738 3171 2808 operationem
3215 2738 3567 2793 immunditia:

1966 2824 2134 2877 omnis
2179 2833 2226 2877 et
2269 2825 2528 2879 avaritiae.
2557 2825 2902 2883 Manifestato
2963 2837 3211 2884 creatore
3250 2837 3306 2885 et
3355 2830 3566 2884 ratione

1964 2927 2210 2986 ostensa,
2237 2935 2400 2990 quam
2430 2921 2582 2991 sequi
2611 2922 2805 2977 debeat
2827 2932 3102 2991 creatura,
3127 2925 3182 2979 in
3222 2926 3327 2980 fide
3365 2924 3457 2979 Dei
3482 2925 3570 2995 sui

1967 3010 2231 3066 duntaxat
2257 3017 2594 3066 contestatur
2623 3011 2741 3068 illos
2766 3013 2818 3068 in
2850 3011 3040 3079 Deum,
3071 3023 3134 3069 ut
3162 3031 3268 3070 non
3300 3015 3459 3072 aliter
3485 3017 3567 3071 in-

1968 3104 2165 3160 cedant
2182 3103 2268 3159 vel
2294 3104 2553 3171 sentiant,
2577 3107 3047 3174 quamdocentur,
3066 3123 3134 3162 ne
3155 3108 3363 3164 similes
3391 3109 3570 3180 genti-

263 3196 516 3252 verimus
537 3195 591 3249 in
621 3209 744 3249 eum
765 3195 964 3261 virum,
996 3194 1062 3250 de
1089 3209 1196 3264 quo
1225 3195 1490 3264 propheta
1519 3193 1653 3250 dicit
1684 3211 1696 3246 :
1730 3193 1866 3248 Ecce
1891 3167 1938 3233 (ἶ
1968 3196 2072 3252 bus
2113 3196 2484 3264 inveniantur,
2534 3198 2624 3266 qui
2662 3213 2762 3252 nec
2795 3197 2957 3253 ﬁdem
2987 3199 3276 3270 recipiunt,
3311 3215 3410 3256 nec
3440 3216 3569 3256 con-

263 3289 372 3353 vir,
394 3285 584 3341 Oriens
600 3303 787 3341 nomen
811 3287 922 3356 ejus
941 3285 1127 3358 (Zach.
1149 3284 1260 3358 v1);
1290 3296 1345 3341 et
1366 3285 1606 3342 Joannes
1622 3286 1864 3356 Baptista

266 3388 668 3436 commemorat
697 3395 712 3434 :
741 3377 872 3434 Post
908 3395 992 3434 me
1032 3381 1167 3436 venit
1211 3381 1290 3434 vir
1307 3381 1398 3450 qui
1425 3390 1546 3434 ante
1587 3395 1669 3434 me
1694 3379 1867 3449 factus

267 3483 370 3538 est,
398 3473 650 3543 quoniam
684 3481 806 3527 ante
833 3487 916 3526 me
961 3482 1074 3526 erat
1103 3470 1322 3544 (Joann.
1350 3473 1407 3545 ι),
1443 3481 1571 3528 tunc
1604 3473 1658 3528 in
1679 3489 1870 3531 occur-

271 3582 396 3622 sum
431 3566 594 3621 unius
625 3565 750 3620 ﬁdei
784 3573 841 3620 et
890 3565 1052 3620 unius
1079 3565 1370 3638 agnitionis
1397 3565 1518 3621 Filii
1557 3566 1677 3633 Dei,
1709 3582 1870 3637 quem

269 3672 424 3712 nunc
475 3672 574 3726 pro
612 3657 874 3712 varietate
915 3657 1198 3722 mentium,
1225 3672 1332 3712 non
1367 3671 1475 3712 una
1524 3671 1628 3712 nec
1680 3657 1872 3712 eadem

276 3748 508 3804 scientia
551 3755 609 3802 et
651 3748 924 3820 agnitione
972 3749 1374 3818 cognoscimus,
1431 3755 1604 3803 totum
1652 3763 1867 3818 corpus,

275 3841 423 3910 quod
449 3841 600 3912 prius
627 3841 946 3913 dissipatum
978 3842 1154 3898 fuerat
1178 3852 1234 3896 et
1255 3843 1309 3896 in
1331 3843 1545 3898 diversa
1574 3842 1874 3898 laceratum

274 3931 331 3985 in
378 3946 532 3986 suam
565 3948 881 4004 compagem
922 3933 1343 4005 juncturamque
1379 3934 1674 4006 redigetur,
1702 3933 1780 3989 ita
1814 3941 1876 3990 ut

273 4037 388 4076 una
448 4023 882 4080 subministratio
938 4033 993 4080 et
1045 4024 1204 4080 unius
1263 4023 1440 4080 anatis
1493 4031 1872 4080 consummata

273 4113 540 4185 perfectio
571 4123 740 4170 totum
767 4131 1013 4172 crescere
1051 4115 1216 4172 faciat
1255 4132 1451 4187 corpus
1493 4117 1794 4188 mqualiter,
1819 4128 1876 4174 et

273 4206 464 4261 omnia
493 4206 732 4262 membra
759 4208 913 4278 juxta
960 4223 1272 4264 mensuram
1304 4209 1700 4265 incrementum
1746 4217 1877 4264 aeta-

278 4301 352 4355 tis
394 4301 682 4370 accipiant.
709 4301 836 4358 [haec
880 4311 1060 4358 autem
1091 4311 1203 4358 tota
1243 4301 1552 4370 aediﬁcatio,
1582 4318 1681 4374 per
1711 4318 1876 4374 quam

278 4403 483 4458 corpus
532 4389 786 4446 Ecclesiae
827 4405 926 4460 per
977 4400 1161 4462 partes
1212 4402 1461 4463 augetur,
1497 4402 1686 4449 mutua
1726 4395 1782 4449 in
1818 4409 1878 4450 se

280 4481 556 4536 charitate
582 4481 960 4552 complebitur,
989 4483 1206 4553 quando
1243 4497 1442 4554 corpus
1472 4484 1636 4539 totius
1686 4484 1875 4540 Eccle-

281 4574 380 4628 sia:
405 4587 550 4628 nunc
597 4574 898 4644 dispersum
926 4583 1089 4644 atque
1117 4574 1410 4630 laceratum
1435 4591 1598 4632 verus
1634 4577 1878 4632 medicus

281 4662 537 4720 Christus
563 4661 724 4719 Jesus
751 4673 1044 4720 sanaturus
1067 4665 1346 4720 advenerit
1377 4668 1667 4737 unicuique
1709 4683 1879 4724 mem-

283 4757 386 4811 bro
410 4757 686 4826 propriam
712 4755 938 4814 reddere
970 4757 1285 4830 dignitatem
1324 4760 1622 4815 secundum
1653 4761 1881 4816 merito-

287 4865 412 4906 rum
435 4850 771 4920 qualitatem,
796 4859 858 4906 ut
891 4851 947 4906 in
973 4853 1226 4907 omnibus
1268 4867 1375 4906 una
1401 4853 1640 4907 charitas
1677 4853 1879 4924 vigeat,

282 4953 340 4998 et
399 4943 640 5014 perfecta
693 4944 1004 5016 perficiatur
1044 4946 1340 5001 beatitudo.
1384 4945 1490 5000 Ista
1541 4953 1722 5002 autem
1761 4946 1884 5001 uni-

286 5053 446 5093 versa
474 5038 551 5094 sic
581 5037 729 5105 ﬁent,
753 5047 814 5094 ut
839 5039 1066 5094 invicem
1099 5039 1240 5094 inter
1267 5053 1326 5093 se
1349 5038 1616 5094 charitate
1648 5037 1882 5110 jungan-

289 5141 401 5198 tur,
423 5140 478 5187 et
499 5133 626 5186 dum
653 5133 954 5204 congaudet
995 5133 1297 5188 membrum
1327 5133 1592 5197 membro,
1623 5140 1680 5186 et
1707 5132 1762 5186 in
1802 5130 1881 5185 al-

287 5225 461 5280 terius
489 5225 680 5295 gaudio
701 5225 937 5291 laetatur,
959 5223 1161 5281 Christi
1185 5239 1401 5295 corpus,
1433 5224 1486 5279 id
1523 5234 1629 5290 est,
1651 5222 1879 5279 ecclesia

286 5326 624 5384 sanctorum,
657 5319 916 5375 inhabitet
951 5319 1007 5374 in
1042 5319 1250 5374 ccelesti
1289 5317 1606 5383 Jerusalem,
1631 5334 1795 5389 quam
1823 5318 1878 5374 in

287 5413 400 5467 alio
428 5412 550 5467 loco
573 5411 862 5482 Apostolus
886 5421 1116 5468 matrem
1141 5421 1452 5467 sanctorum
1473 5420 1648 5467 vocat.
1678 5410 1878 5484 (Amb.)

289 5507 408 5574 Qua
455 5505 666 5561 ratione
691 5505 970 5561 Christum
1021 5513 1184 5576 caput
1227 5519 1348 5560 esse
1402 5504 1641 5559 omnium
1689 5503 1888 5558 dixerit

289 5599 475 5664 docet,
500 5613 566 5651 ea:
591 5599 702 5668 ipso
735 5599 894 5664 enim,
924 5598 1116 5667 inquit,
1141 5613 1291 5650 omne
1324 5612 1532 5666 corpus,
1565 5595 1618 5651 id
1644 5604 1748 5660 est,
1771 5610 1888 5650 om-

291 5690 379 5746 nis
402 5690 606 5745 chorus
633 5689 1077 5761 archangelorum
1112 5699 1168 5744 et
1209 5689 1594 5759 potentiarum,
1617 5688 1889 5759 principa-

291 5795 471 5850 tuum,
499 5793 554 5840 et
581 5793 908 5856 potestatum
929 5785 1191 5842 subsistit.
1216 5784 1477 5849 Quamvis
1508 5782 1652 5836 enim
1678 5782 1887 5852 singula

1966 3289 2354 3354 versationem,
2384 3303 2547 3359 quam
2590 3289 2811 3345 mandat
2835 3289 2942 3354 lex,
2987 3291 3276 3347 obscurum
3307 3292 3572 3348 habentes

1969 3396 2209 3448 sensum,
2258 3397 2361 3438 nec
2393 3391 2832 3453 contemplantur
2876 3384 3040 3439 divini
3088 3385 3326 3442 nominis
3369 3387 3575 3442 verita-

1969 3481 2080 3530 tem
2099 3494 2112 3529 :
2131 3490 2269 3531 vana
2294 3475 2438 3532 enim
2468 3485 2738 3533 sectantes
2757 3493 2876 3548 anc
2901 3488 3028 3534 sunt
3048 3479 3347 3536 idololatria
3367 3523 3381 3548 ,
3402 3481 3572 3538 infre—

1970 3575 2176 3623 nantur
2201 3582 2232 3622 a
2261 3567 2498 3634 diabolo,
2533 3585 2601 3624 ne
2627 3569 2787 3625 unius
2823 3569 2914 3624 Dei
2957 3570 3061 3626 iter
3091 3571 3366 3639 incedant,
3395 3582 3454 3628 ut
3487 3589 3577 3630 so—

1971 3659 2087 3714 cios
2135 3659 2258 3715 illos
2305 3675 2416 3715 suae
2464 3660 2785 3730 perditionis
2828 3659 3025 3717 eﬂiciat
3067 3664 3338 3734 :gentiles
3379 3663 3575 3722 futura:

1972 3753 2391 3807 resurrectionis
2456 3753 2833 3823 desperatione
2889 3757 3188 3811 emcitatem
3236 3758 3416 3814 cordis
3472 3759 3576 3815 ha-

1972 3841 2104 3898 bere
2147 3843 2440 3914 signiﬁcat.
2469 3843 2636 3911 Quasi
2683 3845 2828 3900 enim
2878 3847 3021 3900 ultra
3069 3863 3175 3902 non
3207 3847 3374 3905 futuri
3405 3849 3573 3906 vitam

1974 3949 2129 3989 suam
2162 3937 2536 3991 contaminant
2591 3938 2899 4008 turpissima
2937 3941 3275 4008 Operatione,
3329 3943 3577 4002 nolentes

1977 4043 2034 4083 se
2055 4027 2323 4098 subjicere
2348 4027 2452 4099 legi
2479 4027 2625 4094 ﬁdei,
2655 4030 2780 4099 quia
2802 4031 3049 4101 prohibet
3079 4033 3410 4102 voluptatem
3447 4051 3576 4106 pro-

1973 4128 2096 4192 pter
2117 4134 2266 4190 spem
2315 4120 2438 4174 vitte
2468 4119 2682 4186 futurae,
2715 4136 2876 4190 quam
2906 4122 3110 4178 idcirco
3136 4125 3416 4180 ridendum
3444 4143 3574 4182 cen-

1977 4218 2138 4278 sent,
2193 4219 2254 4265 ut
2294 4210 2418 4282 jure
2463 4210 2833 4268 dehonestare
2889 4229 2948 4268 se
2995 4222 3050 4269 et
3096 4213 3271 4270 aliena
3317 4225 3576 4288 appetere

1977 4304 2133 4358 avida
2161 4302 2455 4373 cupiditate
2469 4302 2771 4368 videantur,
2798 4306 2950 4375 quasi
2979 4315 3101 4374 post
3119 4307 3260 4363 hanc
3283 4317 3577 4380 transpun-

1977 4395 2211 4452 ctionem
2241 4393 2389 4449 nulla
2412 4395 2484 4450 sit
2509 4395 2638 4449 vita.
2672 4394 2839 4469 (Alb.)
2871 4397 2984 4454 Hoc
3019 4415 3172 4470 ergo,
3203 4400 3302 4466 ait,
3332 4402 3454 4458 dico
3475 4417 3575 4480 v9.

1979 4489 2085 4553 bis,
2107 4503 2140 4542 ο
2168 4487 2407 4558 Ephesii,
2434 4503 2638 4558 vosque
2677 4496 2970 4555 contestor,
3004 4499 3064 4546 ut
3109 4491 3237 4562 quia
3285 4495 3572 4553 occursuri

1979 4583 2113 4638 estis
2159 4583 2216 4637 in
2259 4596 2571 4637 mensuram
2618 4583 2793 4638 aetatis
2821 4582 3172 4654 plenitudinis
3199 4583 3423 4651 Christi,
3464 4603 3576 4644 non
3647 4603 3660 4620 ·

1983 4673 2268 4728 ambuletis
2333 4672 2472 4728 sicut
2509 4671 2788 4726 ambulant
2835 4682 3042 4744 gentes,
3091 4689 3214 4743 quae
3259 4674 3415 4731 idolis
3462 4691 3578 4732 ser-

1983 4767 2195 4821 vientes
2220 4773 2276 4822 et
2299 4780 2461 4822 sensu
2508 4773 2565 4820 et
2599 4773 2780 4820 mente
2807 4766 3105 4821 abutuntur
3145 4782 3312 4838 prave
3337 4769 3579 4825 muneri-

1984 4860 2084 4916 bus
2113 4859 2232 4925 Dei,
2262 4873 2384 4928 quae
2407 4872 2529 4912 cum
2556 4857 2678 4914 ideo
2703 4865 3030 4926 acceperunt
3049 4857 3286 4914 animam
3324 4868 3380 4914 et
3418 4860 3578 4916 intel-

1986 4951 2205 5017 lectum,
2233 4959 2292 5005 ut
2317 4957 2704 5019 cognoscerent
2733 4948 2924 5012 Deum,
2964 4949 3251 5006 abalienati
3278 4962 3406 5009 sunt
3433 4968 3464 5007 a
3487 4953 3575 5010 via

1983 5043 2118 5114 ejus,
2144 5058 2307 5114 quam
2335 5042 2495 5097 aliam
2527 5042 2730 5112 absque
2755 5041 2970 5096 Christo
2997 5059 3103 5098 non
3131 5045 3405 5114 novimus,
3428 5053 3482 5102 et
3519 5045 3577 5102 in

1984 5134 2068 5191 sui
2090 5134 2272 5190 cordis
2292 5131 2572 5188 ambulant
2603 5130 2865 5186 caecitate.
2895 5132 3072 5203 Atque
3093 5133 3298 5188 utinam
3319 5151 3575 5206 peccasse

1984 5225 2274 5291 sufﬁceret,
2313 5233 2368 5281 et
2409 5223 2496 5278 vel
2527 5238 2650 5278 sero
2690 5233 2912 5292 agerent
2935 5225 3577 5294 poenitentiam,damna-

1986 5325 2213 5388 rentque
2246 5316 2402 5382 vitia,
2431 5315 2628 5384 quibus
2643 5313 2846 5384 iugiter
2871 5314 3172 5383 inhiarunt,
3206 5325 3456 5387 essetque
3491 5332 3578 5372 re-

1987 5411 2225 5466 medium
2255 5407 2528 5477 respicere
2558 5404 2924 5479 [resipiscere]
2970 5414 3092 5477 post
3127 5422 3388 5463 errorem.
3421 5407 3578 5464 Nunc

1986 5515 2118 5556 vero
2138 5498 2490 5568 desperantes
2512 5512 2570 5552 se
2595 5505 2649 5552 et
2671 5498 2775 5551 ritu
2799 5497 3245 5553 irrationabilium
3275 5498 3575 5554 bestiarum

1989 5607 2138 5648 caeno
2185 5589 2536 5660 voraginique
2580 5596 2906 5658 mergentes,
2967 5589 3308 5644 tradiderunt
3360 5604 3419 5646 se
3472 5588 3577 5642 im-

1987 5687 2262 5759 pudicitiae
2319 5691 2481 5753 atque
2539 5682 2785 5746 luxuriae,
2831 5690 3118 5751 Operantes
3165 5680 3422 5750 quidquid
3453 5695 3576 5735 cor-

1985 5796 2090 5851 pus
2134 5779 2322 5845 voluit,
2373 5790 2527 5832 mens
2572 5773 2920 5840 desideravit,
2954 5772 3117 5830 libido
3164 5771 3470 5844 suggessit;
3517 5777 3576 5830 et
