3986 6338
471 293 578 351 435

1109 292 1169 347 B;
1208 291 1461 347 MBAN!
1499 290 1719 347 MAURI
1754 289 2078 349 ARCHIEP.
2114 290 2423 349 MOGUNT.
2462 289 2748 349 OPERUM
2782 289 2963 347 PARS
2996 288 3085 345 ΠΙ.

3629 288 3743 349 ιὸθ

473 425 596 467 cum
627 406 759 463 nihil
790 403 1013 462 omnino
1049 404 1518 475 praetermiserim,
1548 405 1695 475 quod
1720 404 2060 460 immundum
2082 405 2138 471 Α
2162 407 2363 462 veritas
2384 422 2482 478 per
2508 404 2691 462 Iesum
2735 404 3013 461 Christum
3044 404 3187 463 facta
3215 410 3316 473 est.
3346 402 3617 476 Deponere
3647 422 3745 462 vos

472 504 567 570 sit,
596 503 701 558 hoc
746 507 919 556 totum
967 497 1147 555 fecere
1194 497 1250 553 in
1300 497 1550 563 avaritia,
1602 498 1730 553 dum
1781 510 2056 567 nunquam

472 590 797 650 luxuriando
837 596 1171 645 saturantur.
1204 587 1316 645 Nec
1354 603 1544 645 eorum
1584 587 1833 659 voluptas
1863 588 2056 644 termi-

470 700 604 742 num
635 681 816 739 habet.
867 681 978 736 Aut
1016 689 1164 737 certe
1209 680 1353 736 ultra
1382 694 1695 738 concessam
1722 681 1842 737 viro
1868 680 1938 735 ad
1978 679 2059 737 fe-

473 779 682 836 minam
710 778 1148 850 conjunctionem
1176 779 1245 835 ad
1273 777 1483 848 majora
1525 780 1913 846 conscendunt,
1942 791 2061 835 ma-

475 870 611 928 sculi
635 871 687 926 in
714 869 988 927 masculos
1015 871 1399 940 turpitudinem
1427 881 1736 943 operantes,
1763 881 1820 928 et
1846 886 2058 929 merce-

475 965 596 1020 dem
616 964 823 1019 erroris
845 963 930 1019 sui
960 965 1014 1019 in
1044 965 1350 1034 semetipsis
1395 965 1736 1035 recipientes.
1767 963 2059 1039 (Μλυιιῐῖε.)

476 1063 593 1119 Duo
611 1064 855 1135 quaedam
869 1070 922 1117 et
937 1064 1051 1119 haec
1074 1062 1529 1133 perniciosissima
1544 1070 1886 1133 peccatorum
1899 1074 2062 1134 gene-

477 1170 538 1211 ra
566 1155 885 1221 introduxit,
916 1155 973 1209 id
995 1164 1093 1217 est,
1130 1154 1396 1209 luxuriam
1429 1154 1484 1209 in
1524 1154 1746 1209 libidine
1784 1154 1984 1219 carnis,
2005 1160 2064 1208 et

478 1245 758 1299 avaritiam
786 1245 840 1300 in
888 1244 1181 1300 ambitione
1207 1244 1409 1309 saeculi,
1440 1252 1494 1299 et
1540 1244 1626 1299 his
1651 1243 1860 1300 duobus
1904 1242 2063 1299 malis

477 1335 695 1389 tertium
722 1334 969 1404 adiunxit
1014 1336 1404 1407 desperationis
1449 1335 1784 1407 voraginem,
1822 1336 1948 1391 dum
1993 1336 2063 1391 de

476 1424 676 1481 talibus
717 1440 877 1498 agere
925 1427 1301 1497 poenitentiam
1330 1426 1621 1491 noluerint,
1653 1427 1798 1497 quod
1844 1426 1899 1481 in
1944 1442 2064 1482 om-

479 1514 643 1572 nibus
667 1518 905 1586 peccatis
926 1517 1447 1588 perniciosissimum
1486 1531 1612 1579 esse
1653 1533 1761 1574 non
1791 1526 1875 1574 est
1902 1517 2061 1573 dubi-

478 1607 722 1663 tandum.
760 1606 862 1663 Vos
910 1619 1085 1665 autem
1121 1627 1226 1664 non
1264 1611 1342 1664 ita
1387 1610 1644 1675 didicistis
1689 1608 1977 1677 Christum,
2016 1611 2064 1666 si

2156 498 2443 554 secundum
2461 499 2737 571 pristinam
2760 498 3201 555 conversationem
3217 506 3433 554 veterem
3455 497 3745 569 hominem,

2154 593 2245 665 qui
2292 592 2644 664 corrumpitur
2665 591 2949 648 secundum
2992 591 3255 647 desideria
3286 591 3499 646 erroris.
3535 588 3747 665 (Δηὼ.)

2157 682 2261 751 Qui
2283 682 2563 740 Christum
2587 683 2813 745 audivit,
2844 683 2949 739 hoc
2968 690 3054 737 est
3080 682 3288 749 didicit,
3314 690 3377 737 ut
3400 680 3681 741 recederet
3712 697 3749 741 a

2157 759 2569 833 conversatione
2615 773 2843 846 pristina
2873 814 2890 840 ,
2942 790 3107 845 quam
3153 782 3395 831 veterem
3464 774 3747 831 hominem

2157 875 2431 936 nuncupat
2474 874 2694 937 propter
2739 866 3076 937 praeteritum
3130 865 3455 938 ignorantiae
3505 874 3745 938 tempus.

2158 956 2331 1013 Homo
2350 957 2533 1027 itaque
2557 972 2696 1013 unus
2724 964 2889 1026 atque
2908 956 3051 1012 idem
3077 963 3183 1023 est,
3214 957 3307 1029 qui
3334 956 3381 1013 si
3406 956 3640 1028 pristina
3665 957 3749 1013 vi-

2158 1050 2233 1105 tia
2257 1049 2524 1119 sequitur,
2546 1055 2702 1105 vetus
2728 1048 2926 1104 dicitur
2953 1067 2965 1103 :
2996 1049 3042 1104 si
3081 1057 3262 1104 autem
3300 1049 3355 1104 in
3402 1049 3647 1109 novitate
3670 1049 3752 1104 vi-

2158 1148 2230 1196 tae
2258 1140 2517 1207 ambulat,
2549 1140 2759 1197 alienus
2794 1156 2825 1196 a
2868 1140 3115 1201 saeculari
3143 1156 3349 1211 errore,
3380 1141 3475 1212 qui
3511 1150 3600 1199 est
3634 1142 3753 1199 sive

2157 1236 2215 1291 in
2253 1244 2399 1301 actu,
2447 1235 2563 1290 sive
2611 1235 2666 1290 in
2704 1250 2885 1300 sensu,
2927 1235 3077 1291 rudis
3134 1235 3351 1302 dicitur,
3408 1250 3517 1297 non
3556 1237 3749 1307 utique

2161 1326 2461 1384 substantia
2486 1326 2666 1383 carnis
2688 1338 2745 1381 et
2772 1326 2985 1394 animae,
3011 1326 3107 1383 sed
3140 1327 3417 1384 intellectu
3440 1335 3498 1383 et
3520 1341 3751 1382 conver-

2160 1420 2371 1477 satione
2393 1419 2537 1475 vitae.
2577 1418 2874 1490 Corruptus
2914 1428 3096 1475 tamen
3127 1430 3285 1477 vetus
3334 1421 3502 1479 homo
3550 1420 3754 1477 dicitur

2158 1523 2381 1583 propter
2390 1510 2691 1567 adulterum
2708 1526 2925 1568 sensum
2938 1518 2993 1568 et
3006 1519 3219 1583 turpem
3232 1511 3598 1586 vitam.(Atb.)
3610 1513 3754 1582 Quia

2163 1602 2375 1658 videtur
2415 1604 2570 1675 juxta
2595 1602 2842 1659 ordinem
2883 1610 3198 1675 textumque
3220 1605 3490 1661 sermonis
3536 1616 3755 1663 scatere

476 1707 652 1755 tamen
677 1699 828 1755 illum
865 1701 1111 1767 audistis,
1139 1713 1185 1756 et
1210 1703 1265 1757 in
1289 1703 1402 1774 ipso
1433 1703 1603 1758 edocti
1642 1705 1787 1769 estis,
1827 1705 1962 1758 sicut
1988 1712 2064 1758 est
2094 1772 2122 1774 _
2162 1696 2429 1751 sententia
2453 1704 2509 1751 et
2533 1710 2653 1753 esse
2674 1692 3036 1768 hyperbaton;
3072 1696 3151 1752 sic
3176 1695 3461 1768 legendum
3482 1704 3611 1753 est:
3649 1694 3756 1753 Vos

475 1790 662 1846 υετίεαε
698 1792 751 1846 in
775 1790 925 1846 Ιεεα,
963 1792 1198 1865 (Αωιω)
1238 1772 1576 1850 Mnifestum
1609 1804 1693 1851 εει
1725 1795 2063 1852 Christianos
2092 1772 2141 1839 Β
2165 1796 2340 1842 autem
2362 1804 2467 1842 non
2492 1789 2567 1841 ita
2591 1786 2849 1843 didicistis
2872 1786 3155 1854 Christum,
3181 1789 3226 1843 si
3246 1798 3420 1844 tamen
3447 1788 3682 1843 audistis
3709 1797 3757 1844 et

474 1895 582 1936 non
610 1880 1039 1951 desperationem
1069 1893 1191 1955 post
1216 1895 1449 1941 mortem
1475 1887 1616 1943 hanc
1653 1888 1928 1955 didicisse,
1960 1890 2058 1945 sed

478 1985 630 2042 spem
654 1974 724 2028 ad
753 1981 1059 2044 utrumque,
1090 1974 1336 2033 ﬁdelibus
1353 1977 1498 2033 enim
1522 1979 1657 2044 vita,
1686 1978 1907 2049 perﬁdis
1930 1996 2061 2037 vero

473 2063 809 2133 promittitur
858 2081 1022 2129 mors,
1072 2082 1192 2136 quae
1238 2075 1322 2125 est
1364 2082 1526 2139 ptena
1579 2079 1798 2135 aeterna,
1831 2078 1891 2125 ut
1947 2071 2062 2126 sive

473 2170 644 2223 mors,
676 2156 789 2213 sive
816 2158 1027 2224 vita,in
1065 2158 1284 2216 Christo
1329 2162 1585 2227 discatur,
1629 2163 1754 2234 quia
1798 2164 1893 2235 qui
1934 2179 2061 2220 eum

472 2249 715 2320 sequitur
734 2267 834 2322 per
859 2267 982 2309 eum
998 2260 1245 2325 resurget
1267 2254 1335 2310 ad
1361 2254 1566 2320 vitam;
1591 2256 1680 2325 qui
1702 2266 1833 2310 vero
1863 2256 2064 2312 discer-

472 2338 556 2403 nit
579 2354 637 2397 se
663 2339 734 2396 ab
761 2356 847 2407 eo,
880 2357 978 2413 per
1015 2359 1140 2399 eum
1161 2345 1556 2415 mancipabitur
1603 2347 1892 2416 gehennte;
1940 2348 2060 2417 ipso

470 2427 616 2482 enim
646 2426 947 2497 judicante,
987 2432 1349 2489 damnabitur.
1379 2435 1447 2489 Et
1488 2437 1743 2506 quoniam
1772 2446 1901 2492 sunt
1941 2438 2063 2509 qui-

473 2518 599 2574 dam
625 2519 682 2573 in
736 2520 1002 2587 Ecclesia,
1029 2524 1122 2593 qui
1157 2523 1259 2579 sub
1296 2525 1515 2583 nomine
1564 2527 1770 2583 Christi
1821 2544 1931 2585 non
1978 2545 2063 2586 se-

475 2619 716 2680 quuntur
744 2613 1047 2670 veritatem.
1072 2614 1306 2687 Ideoque
1333 2618 1467 2671 sicut
1489 2627 1539 2672 et
1566 2628 1665 2685 est,
1702 2619 1899 2692 inquit,
1924 2624 2060 2677 veri-

470 2710 556 2757 tas
594 2704 651 2759 in
691 2703 846 2772 Iesu,
872 2716 933 2763 ut
964 2707 1008 2763 si
1037 2708 1113 2763 ita
1143 2708 1286 2765 docti
1333 2717 1477 2777 sunt,
1516 2719 1577 2767 ut
1620 2721 1706 2769 est
1751 2714 1954 2771 veritas
1998 2716 2056 2773 in

470 2790 620 2863 Iesu,
660 2805 790 2854 tunc
821 2798 1095 2856 Christum
1121 2802 1371 2859 didiciSse
1398 2812 1453 2859 et
1472 2804 1625 2861 illum
1656 2807 1893 2875 audisse,
1915 2817 1973 2865 et
2000 2810 2055 2866 in

472 2889 565 2947 illo
585 2891 731 2947 docti
766 2908 887 2949 esse
925 2895 1230 2953 videantur.
1259 2896 1506 2955 Christus
1526 2900 1672 2956 enim
1693 2901 1760 2957 de
1788 2917 1847 2959 se
1871 2905 2051 2973 docet,

470 2985 601 3055 quid
643 2985 734 3051 sit,
774 2996 1011 3057 quantus
1037 2990 1340 3047 credendus
1366 2992 1457 3058 sit,
1487 3001 1543 3049 et.
1567 3010 1689 3065 qua:
1735 3010 1860 3067 spes
1898 2997 1953 3052 in
1986 3012 2054 3054 eo

468 3074 560 3140 sit,
584 3084 638 3130 et
665 3077 854 3146 quales
874 3079 1105 3135 debeant
1133 3095 1253 3138 esse
1275 3084 1577 3141 credentes.
1607 3086 1709 3153 Qui
1742 3089 1888 3143 enim
1913 3089 2053 3145 didi-

469 3168 860 3237 citCliristum,
890 3174 994 3229 scit
1037 3174 1189 3230 illum
1237 3192 1271 3230 a
1314 3178 1545 3235 mortuis
1574 3181 1959 3246 resurrexisse,
1990 3190 2052 3236 ut

466 3258 642 3316 forma
670 3271 813 3318 esset
856 3263 1119 3331 fidelibus,
1149 3266 1381 3338 ideoque
1406 3284 1600 3340 magna
1640 3285 1764 3341 spes
1804 3281 1891 3328 est
1931 3281 2054 3344 post

468 3352 627 3408 istam
662 3364 889 3412 mortem
917 3359 1225 3417 amantibus
1261 3360 1449 3418 Deum.
1483 3362 1649 3435 (Alb.)
1692 3364 1912 3422 Discere
1956 3383 2054 3423 au-

468 3452 579 3499 tem
606 3445 880 3503 Christum
908 3447 962 3504 id
1002 3449 1177 3520 ipsum
1204 3460 1288 3507 est
1320 3454 1463 3523 quod
1493 3469 1676 3521 nosse,
1725 3456 1783 3511 id
1806 3466 1908 3522 est,
1944 3459 2053 3514 vir-

467 3542 611 3591 tutes
631 3546 848 3595 sanctas
882 3540 1027 3595 scire
1053 3548 1108 3595 et
1135 3556 1340 3608 amare,
1366 3558 1430 3599 ac
1451 3544 1497 3598 si
1523 3544 1747 3611 diceret,
1777 3544 2050 3607 Christum

466 3625 675 3685 discere
710 3637 796 3686 est
840 3631 1029 3688 audire
1068 3634 1410 3705 sapientiam,
1448 3636 1737 3707 justitiam,
1784 3638 2054 3696 fortitudi-

465 3731 611 3785 nem,
653 3722 1083 3792 temperantiam,
1128 3734 1183 3780 et
1227 3734 1442 3794 cetera,
1488 3725 1542 3783 in
1581 3728 1778 3799 quibus
1803 3728 2051 3788 Christus

466 3807 783 3882 intelligitur
832 3813 916 3869 vel
944 3814 1117 3887 magis
1145 3815 1271 3886 quia
1311 3817 1427 3873 hac
1456 3819 1641 3875 omnia
1667 3818 1917 3879 Christus
1943 3829 2045 3892 est,

466 3899 569 3955 hoc
596 3910 681 3956 est
721 3902 861 3958 scire
889 3903 1187 3972 Christum,
1234 3907 1350 3964 haec
1378 3907 1555 3966 facere
1582 3920 1640 3967 et
1679 3911 1816 3969 alias
1862 3912 2050 3984 hujus-

462 3989 609 4046 modi
645 3990 895 4061 virtutes,
940 4002 1103 4068 atque
1135 3997 1372 4054 maxime
1407 4000 1753 4070 charitatem,
1796 4020 1919 4076 qua
1963 4014 2050 4065 est

461 4082 702 4139 omnium
751 4085 1011 4142 virtutum
1039 4097 1204 4160 caput
1244 4097 1300 4145 et
1342 4089 1621 4161 perfectio.
1655 4093 1715 4149 Si
1756 4095 1879 4165 quis
1914 4111 2045 4171 ergo

460 4171 735 4231 Christum
764 4176 972 4234 audivit
999 4188 1055 4235 et
1080 4181 1269 4237 didicit
1310 4190 1367 4239 et
1392 4194 1562 4251 amat,
1593 4201 1702 4243 non
1749 4189 2046 4247 ambulabit

459 4264 518 4320 in
543 4268 781 4323 vanitate
808 4283 998 4327 sensus
1031 4271 1135 4337 sui,
1162 4287 1263 4329 nec
1286 4274 1608 4332 obscuratus
1630 4288 1808 4336 mente
1832 4281 2044 4351 gradie-

460 4362 568 4421 tur,
600 4372 778 4428 neque
796 4358 903 4413 erit
926 4358 1275 4418 ‘abalienatus
1298 4378 1329 4417 a
1349 4365 1458 4420 vita
1480 4366 1594 4422 Dei.
1624 4368 1851 4425 Habebit
1878 4371 2040 4427 etiam

459 4448 769 4515 scientiam,
798 4449 1135 4522 ignoratione
1159 4454 1418 4520 discussa,
1452 4467 1509 4512 et
1535 4459 1776 4517 immisso
1803 4463 2041 4519 tenebris

456 4538 680 4609 lumine,
712 4538 889 4599 omnis
914 4544 989 4600 de
1021 4546 1192 4601 oculis
1218 4547 1400 4604 cordis
1435 4550 1552 4620 ejus
1581 4551 1799 4609 caecitas
1827 4552 2039 4612 aufere-

459 4641 566 4690 tur.
613 4633 767 4703 Quod
813 4636 860 4693 si
907 4637 1175 4707 habuerit,
1224 4656 1329 4697 non
1365 4657 1423 4697 se
1458 4644 1632 4701 tradet
1684 4645 2036 4705 immunditize

456 4728 682 4794 carnali,
746 4744 845 4787 nec
896 4731 1174 4789 ambitioni
1213 4735 1476 4793 saaculari.
1524 4738 1677 4795 Sicut
1717 4752 1792 4797 est
1843 4744 2034 4798 veritas

456 4816 512 4874 in
539 4818 668 4874 Jesu
699 4834 719 4873 :
750 4821 805 4876 in
851 4822 997 4879 nullo
1020 4825 1164 4880 enim
1206 4828 1636 4897 patriarcharum
1675 4839 1769 4887 aut
1803 4835 2035 4903 prophe-

458 4917 636 4964 tarum
686 4911 962 4982 plenitudo
1006 4917 1254 4972 veritatis
1300 4919 1597 4989 habitavit,
1626 4924 1730 4981 hoc
1767 4932 1870 4990 est,
1917 4933 2030 4982 tota

454 5003 680 5067 veritas,
705 5002 810 5059 nisi
838 5004 893 5059 in
919 5005 1035 5061 solo
1072 5004 1200 5063 Jesu
1231 5027 1245 5062 :
1270 5011 1399 5081 quia
1432 5012 1521 5071 alii
1549 5029 1617 5069 ex
1645 5023 1801 5085 parte
1840 5031 2038 5087 cogno-

456 5092 701 5159 scebant,
728 5102 785 5149 et
805 5110 875 5151 ex
914 5106 1068 5167 parte
1096 5102 1510 5171 prophetabant,
1539 5114 1596 5161 et
1636 5122 1735 5177 per
1757 5108 2032 5177 speculum

456 5183 509 5239 in
537 5186 821 5257 amigmate
848 5190 903 5245 in
922 5191 1037 5247 solo
1063 5190 1188 5249 Jesu
1215 5197 1392 5252 omnis
1414 5199 1615 5254 veritas
1644 5198 1741 5255 Dei
1760 5201 2028 5270 apparuit,

456 5293 578 5350 quae
591 5279 828 5352 loquitur
844 5284 1205 5345 conﬁdenter:
1223 5288 1336 5361 Ego
1350 5306 1465 5345 sum
1483 5289 1681 5345 Veritas
1693 5292 1874 5363 (Joan.
1891 5293 2025 5365 xiv).

454 5367 684 5444 (ΜΑυιι.)
704 5370 890 5429 Potest
906 5382 968 5432 et
986 5376 1145 5432 aliter
1166 5378 1415 5449 intelligi,
1442 5379 1581 5435 sicut
1602 5380 1793 5437 umbra
1813 5381 1979 5438 distat
1998 5399 2032 5438 a

451 5473 703 5531 corpore,
738 5474 791 5520 et
819 5473 903 5522 est
940 5468 1152 5539 signum
1192 5469 1461 5539 quoddam
1485 5471 1599 5527 veri
1641 5474 1885 5547 corporis
1909 5492 2032 5535 um-

456 5551 551 5607 bra
580 5571 594 5607 :
625 5554 697 5610 ita
726 5565 783 5612 et
820 5557 906 5613 lex
924 5561 1116 5615 umbra
1146 5558 1267 5625 fuit,
1290 5560 1492 5618 veritas
1517 5576 1648 5619 vero
1671 5563 1937 5634 Christus,
1968 5569 2034 5624 de

454 5640 607 5710 cujus
643 5645 971 5715 plenitudine
1012 5666 1110 5705 nos
1136 5664 1324 5705 omnes
1361 5653 1678 5722 accipimus,
1710 5664 1766 5712 et
1802 5660 2030 5728 gratiam

454 5746 554 5805 pro
582 5736 754 5807 gratia
785 5755 799 5793 :
825 5738 952 5813 quia
978 5738 1062 5797 lex
1106 5754 1205 5811 per
1231 5740 1452 5812 Moysen
1479 5743 1605 5801 data
1643 5754 1746 5803 est.
1777 5750 1951 5823 gratia
1976 5758 2033 5809 et

2077 3131 2125 3201 C

2164 1881 2219 1935 in
2237 1879 2328 1933 illo
2352 1881 2519 1935 edocti
2541 1881 2682 1946 estis,
2699 1882 2953 1953 deponere
2967 1898 3054 1937 vos
3076 1883 3362 1937 secundum
3380 1883 3611 1954 priorem
3631 1899 3760 1938 con-

2160 1971 2505 2027 uersationem
2535 1981 2755 2026 veterem
2782 1972 3066 2039 hominem,
3096 1973 3187 2043 qui
3213 1973 3575 2041 corrumpitur
3593 1973 3759 2043 juxta

2161 2062 2420 2117 desideria
2441 2063 2657 2129 erroris,
2688 2063 2821 2117 sicut
2846 2074 2919 2117 est
2944 2064 3135 2119 veritas
3168 2063 3225 2118 in
3242 2062 3392 2118 Iesu.
3425 2062 3500 2119 Ut
3522 2063 3603 2118 'sit
3624 2078 3759 2118 sen-

2160 2167 2277 2216 sus,
2306 2152 2577 2225 quomodo
2604 2162 2689 2208 est
2726 2153 2930 2208 veritas
2956 2154 3012 2208 in
3051 2148 3201 2229 Jesu,
3232 2154 3311 2209 sic
3337 2152 3444 2209 erit
3469 2161 3526 2209 et
3570 2153 3629 2208 in
3666 2167 3762 2209 vo-

2159 2244 2265 2310 bis,
2295 2245 2389 2314 qui
2418 2243 2683 2300 didicistis
2707 2242 2983 2299 Christum
3003 2255 3061 2299 et
3089 2242 3318 2300 audistis
3345 2243 3521 2310 illum,
3543 2251 3601 2299 et
3627 2245 3762 2299 edo-

2161 2334 2235 2390 cti
2272 2335 2404 2390 estis
2450 2334 2721 2406 deponere
2767 2336 3060 2391 secundum
3098 2336 3335 2406 priorem
3374 2336 3758 2392 conversatio-

2159 2442 2284 2483 nem
2312 2435 2551 2483 veterem
2576 2427 2875 2494 hominem,
2910 2428 3003 2499 qui
3043 2428 3413 2501 corrumpitur
3429 2427 3589 2500 juxta
3613 2427 3760 2484 desi-

2162 2518 2312 2577 deria
2336 2520 2558 2576 erroris.
2590 2518 2843 2577 Veterem
2869 2528 3052 2575 autem
3093 2521 3387 2587 hominem,
3411 2536 3579 2591 quem
3615 2536 3761 2593 prat-

2161 2613 2293 2684 cipit
2321 2613 2697 2685 deponendum
2718 2613 3076 2670 inveteratum
3104 2630 3136 2669 a
3161 2614 3367 2670 malitia
3388 2617 3634 2673 arbitror
3654 2631 3761 2687 ap-

2157 2705 2368 2776 pellari.
2400 2706 2505 2761 lste
2526 2706 2672 2760 enim
2693 2707 2989 2763 secundum
3016 2707 3251 2779 priorem
3282 2707 3761 2763 conversationem

2155 2810 2213 2858 et
2237 2800 2504 2858 desideria
2530 2801 2732 2857 erroris
2762 2815 2979 2872 semper
3007 2816 3200 2857 errans
3227 2809 3282 2856 et
3315 2802 3368 2857 in
3412 2817 3586 2873 opere
3628 2818 3760 2859 cor-

2156 2908 2218 2947 ru
2223 2891 2424 2962 ptionis
2440 2891 2717 2959 deﬁciens,
2734 2893 3101 2963 corrumpitur
3112 2902 3274 2964 atque
3283 2890 3539 2959 violatur,
3556 2900 3615 2948 et
3626 2892 3759 2963 quia

2154 2985 2210 3041 in
2224 2985 2511 3041 desideriis
2521 2985 2889 3043 indesinenter
2898 2997 3151 3043 versatur
3161 2987 3386 3054 erroris,
3405 2995 3462 3043 et
3474 3001 3761 3059 nunquam

2156 3090 2387 3138 cessata
2412 3081 2567 3147 vitio,
2585 3092 2930 3153 nequaquam
2950 3092 3239 3155 corruptus
3261 3082 3484 3148 dicitur,
3507 3082 3609 3145 sed
3635 3096 3759 3138 enr-

2156 3174 2352 3243 rumpi,
2396 3174 2537 3245 quod
2568 3189 2665 3245 per
2696 3174 2935 3247 singulos
2966 3175 3102 3241 dies,
3138 3176 3320 3241 horas,
3346 3183 3662 3247 punctaque
3705 3180 3760 3231 et

2152 3276 2425 3325 momenta
2445 3270 2831 3339 corrumpitur,
2852 3268 3105 3334 violatur,
3132 3277 3187 3324 et
3208 3283 3424 3341 semper
3441 3270 3601 3340 pejor
3623 3268 3755 3324 erit.

2223 3358 2569 3415 Renovamini
2610 3370 2786 3415 autem
2814 3361 3005 3431 spiritu
3034 3359 3220 3414 mentis
3271 3369 3476 3415 vestra.
3524 3356 3749 3431 (δῖος.)

2152 3449 2261 3509 Sed
2292 3450 2364 3506 ad
2390 3451 2507 3506 haec
2525 3451 2731 3521 agenda
2775 3450 2933 3507 valde
2979 3451 3224 3522 exempla
3254 3458 3471 3522 patrum
3512 3459 3571 3507 et
3606 3448 3755 3506 sacri

2151 3526 2369 3616 eloquii'
2401 3551 2671 3611 prazcepta
2720 3557 2822 3599 nos
2846 3541 3124 3612 adjuvant,
3160 3542 3209 3599 si
3234 3542 3380 3599 enim
3428 3551 3755 3598 sanctorum

2150 3647 2318 3703 opera
2385 3632 2722 3702 inspicimus,
2794 3642 2850 3689 et
2914 3633 3110 3697 divinis
3155 3631 3494 3703 jussionibus
3556 3646 3753 3689 aurem

2149 3723 2478 3795 praebemus,
2528 3723 2635 3779 alia
2664 3738 2765 3779 nos
2812 3724 3194 3795 contemplata,
3242 3725 3350 3781 alia
3393 3726 3583 3782 audita
3617 3740 3753 3784 sne-

2152 3813 2411 3882 cendunt,
2441 3822 2497 3870 et
2527 3828 2624 3871 cor
2650 3821 2897 3870 nostrum
2930 3824 3148 3887 torpore
3173 3829 3282 3871 non
3326 3817 3748 3892 constringitur,

2150 3906 2604 3963 dumimitatione
2628 3916 2972 3977 provocatur.
3020 3907 3090 3962 Et
3117 3909 3321 3967 induite
3361 3925 3550 3971 novum
3572 3911 3749 3969 Itami-

2148 4017 2287 4068 nem,
2312 4001 2405 4072 qui
2428 4001 2716 4057 secundum
2760 4001 2928 4056 Deum
2958 4011 3161 4057 creatus
3210 4011 3309 4070 est,
3336 4002 3393 4057 in
3437 4002 3651 4074 justitia
3674 4015 3731 4063 et

2145 4095 2423 4153 sanctitate
2483 4095 2737 4151 ueritatis.
2790 4092 3027 4167 (Ambn)
3079 4093 3292 4151 iustum
3329 4101 3386 4151 et
3429 4109 3621 4151 verum
3645 4104 3738 4154 est

2146 4197 2352 4245 rectam
2380 4187 2525 4243 viam
2563 4187 2736 4258 sequi.
2775 4184 2875 4243 Hic
2921 4195 3105 4243 autem
3130 4196 3335 4247 rectam
3362 4187 3507 4243 viam
3534 4189 3725 4259 sequi-

2145 4293 2254 4346 tur,
2285 4280 2378 4351 qui
2400 4281 2629 4337 devotus
2657 4278 2903 4337 Creatori
2936 4293 3038 4335 suo
3073 4280 3125 4334 in
3152 4280 3433 4337 voluntate
3454 4280 3580 4350 ejus
3609 4296 3730 4337 am-

2142 4372 2315 4439 bulat,
2342 4388 2506 4443 quam
2536 4372 2809 4445 gentilitas
2859 4373 3052 4428 nescit.
3094 4372 3385 4430 lnnovatus
3436 4374 3583 4430 enim
3612 4375 3730 4447 spi-

2146 4466 2254 4521 ritu
2279 4467 2479 4521 mentis
2530 4482 2727 4521 novum
2780 4466 3054 4523 hominem
3104 4466 3303 4523 dicitur
3358 4467 3596 4532 indutus,
3642 4468 3735 4539 qui

2143 4564 2229 4613 est
2273 4555 2567 4613 Christus:
2604 4557 2880 4613 Christum
2926 4559 3070 4615 enim
3101 4558 3366 4627 induitur,
3417 4560 3511 4631 qui
3538 4576 3641 4632 per
3666 4560 3731 4616 ﬁ-

2143 4649 2265 4704 dem
2296 4655 2519 4705 renatus
2549 4649 2602 4705 in
2632 4648 2872 4716 Christo,
2893 4650 3119 4707 aemulus
3143 4658 3227 4707 est
3256 4651 3403 4718 vitae,
3421 4666 3587 4722 quam
3620 4660 3736 4708 tra-

2140 4742 2277 4799 didit
2311 4741 2583 4808 Christus,
2617 4751 2674 4797 ut
2713 4740 2871 4811 juxta
2900 4743 3070 4798 Deum
3093 4752 3310 4800 creatus
3358 4743 3643 4810 videatur;
3675 4744 3734 4799 in

2140 4849 2208 4888 eo
2261 4833 2405 4888 enim
2453 4834 2576 4903 quis
2629 4840 2849 4891 creatus
2896 4841 3004 4900 est,
3044 4833 3098 4891 in
3154 4850 3265 4904 quo
3297 4835 3460 4906 sapit,
3495 4846 3555 4891 et
3606 4835 3730 4891 ideo

2137 4924 2343 4979 veritas
2367 4932 2425 4979 et
2459 4923 2669 4995 justitia
2697 4923 2793 4979 Dei
2843 4940 2875 4980 a
2920 4925 3211 4995 gentilibus
3245 4925 3544 4999 ignoratur.
3574 4925 3715 4982 Cum

2138 5019 2284 5075 enim
2312 5021 2600 5076 credentes
2636 5019 2806 5075 Deum
2857 5030 3160 5092 agnoscunt
3226 5031 3556 5089 creatorem,
3604 5038 3727 5080 ser-

2136 5120 2327 5169 vantes
2352 5113 2607 5169 mandata
2629 5112 2767 5181 ejus,
2798 5114 2853 5169 in
2875 5112 3085 5183 justitia
3112 5124 3169 5172 et
3194 5116 3425 5173 veritate
3443 5125 3721 5177 creantur.

2134 5202 2306 5274 (Alb.)
2339 5202 2449 5259 Nec
2479 5204 2535 5259 in
2574 5220 2738 5267 sensu
2768 5218 3099 5265 nenovamur
3125 5208 3331 5280 absque
3370 5210 3593 5281 spiritu,
3622 5225 3722 5266 nec

2134 5295 2189 5353 in
2218 5297 2411 5367 spiritu
2436 5299 2643 5370 absque
2663 5316 2847 5368 sensu,
2877 5303 2971 5359 sed
2997 5318 3322 5361 renovamur
3352 5306 3628 5377 conjuncti
3664 5306 3720 5362 in

2133 5388 2326 5457 spiritu
2351 5404 2542 5447 sensus
2572 5393 2765 5459 nostri,
2792 5401 2852 5448 ut
2896 5396 3166 5465 quomodo
3193 5397 3472 5475 psallimus
3499 5399 3714 5471 spiritu,

2133 5479 2427 5549 psallamus
2482 5490 2539 5538 et
2591 5498 2789 5550 sensu;
2848 5501 3070 5545 oramus
3132 5488 3346 5559 spiritu,
3412 5505 3632 5547 oremus
3661 5496 3714 5545 et

2133 5584 2337 5638 sensu;
2388 5573 2545 5628 sicin
2600 5575 2789 5644 spiritu
2820 5592 3015 5635 sensus
3072 5582 3243 5637 nostri
3281 5597 3625 5647 renovemur,
3654 5590 3711 5637 ut

2133 5678 2255 5718 cum
2303 5680 2497 5720 sensus
2550 5662 2781 5723 mundus
2816 5666 2978 5723 fuerit
3026 5679 3189 5739 atque
3241 5681 3524 5744 purgatus,
3568 5670 3708 5728 etab

2131 5753 2280 5812 omni
2332 5755 2543 5814 macula
2578 5757 2810 5816 sordidae
2865 5762 3261 5821 concreationis
3319 5764 3548 5841 alienus,
3584 5771 3707 5827 tunc
