3986 6338
240 342 355 401 4³⁸1

242 549 379 606 tatis
407 546 614 618 glutino
639 545 977 617 copulentur,
1010 556 1071 602 ut
1095 563 1433 619 nequaquam
1461 545 1685 616 simplex
1708 546 1820 617 spi-

240 642 408 707 ritus,
437 639 535 695 sed
584 638 807 708 spiritus
830 652 1024 695 sensus
1079 654 1199 695 esse
1224 638 1456 695 dicatur.
1484 637 1617 693 Cum
1644 645 1825 695 autem

238 731 493 789 renovati
514 727 779 791 fuerimus
803 730 1014 800 spiritu,
1046 730 1138 800 qui
1187 729 1356 785 nostri
1383 744 1574 785 sensus
1602 737 1687 785 est
1716 728 1826 801 spi-

238 823 410 888 ritus,
440 830 570 879 tunc
599 821 885 879 induemur
926 836 1125 877 novum
1156 821 1451 887 hominem,
1506 821 1597 893 qui
1628 836 1825 877 secun-

246 916 375 974 dum
404 913 576 971 Deum
608 922 829 971 creatus
879 922 982 969 est.
1035 913 1188 981 Quod
1237 912 1453 984 quidem
1493 912 1613 968 aliis
1642 912 1823 968 verbis

244 1007 299 1063 id
336 1007 513 1076 ipsum
553 1015 683 1074 puto
710 1019 851 1070 esse,
899 1006 1042 1076 quod
1087 1005 1141 1059 in
1187 1004 1293 1060 alio
1322 1003 1440 1060 loco
1465 1004 1662 1059 dicitur
1690 1022 1704 1061 :
1729 1002 1826 1057 In—

234 1102 389 1155 duile
433 1118 522 1156 uos
547 1097 813 1157 Christum
840 1099 1023 1155 Iesum
1053 1100 1231 1172 (Rom.
1286 1100 1427 1171 xm).
1467 1100 1573 1155 Iste
1624 1099 1824 1169 quippe

234 1200 324 1246 est
348 1206 527 1247 novus
551 1192 856 1262 homo,quo
885 1191 1124 1246 universi
1151 1191 1436 1247 credentes
1459 1191 1715 1247 debemus
1740 1191 1826 1245 in-

230 1281 331 1339 dui
384 1295 549 1355 atque
574 1285 779 1341 vestiri.
806 1284 947 1353 Quid
989 1286 1132 1340 enim
1179 1286 1233 1340 in
1260 1286 1500 1351 homine,
1526 1285 1617 1355 qui
1645 1300 1677 1339 a
1702 1281 1822 1339 Sal-

229 1385 432 1433 vatore
456 1388 642 1434 nostro
675 1386 981 1450 assumptus
1002 1386 1107 1446 est,
1140 1395 1249 1434 non
1284 1394 1480 1435 novum
1512 1378 1656 1434 fuit?
1693 1394 1821 1434 con-

229 1477 454 1539 ceptus,
504 1469 779 1537 nativitas,
824 1478 1030 1541 partus,
1072 1468 1320 1537 infantia,
1369 1470 1636 1537 doctrina,
1686 1470 1817 1538 vita,

228 1557 490 1623 virtutes,
522 1559 589 1614 ad
608 1568 909 1617 extremum
928 1575 1064 1616 crux
1090 1569 1146 1616 et
1172 1561 1352 1631 passio
1385 1559 1737 1630 exspoliantis
1762 1559 1821 1615 in

227 1663 295 1702 ea
334 1648 679 1720 principatus
706 1657 763 1705 et
805 1651 1107 1707 contrarias
1158 1649 1533 1718 fortitudines;
1576 1666 1820 1706 resurre-

226 1739 343 1794 ctio
384 1753 601 1810 quoque
647 1748 701 1797 et
732 1756 991 1798 ascensus
1020 1742 1088 1798 ad
1128 1742 1342 1798 coelum.
1394 1742 1493 1799 llic
1523 1759 1651 1816 ergo
1694 1758 1822 1799 vere

710 334 1255 396 ENARRATIONUM
1288 338 1355 395 IN
1393 338 1542 397 EPP.
1585 338 1788 395 PAULI
1823 337 1954 395 LIB.
1987 336 2171 394 XVIII.
2211 368 2279 379 --
2318 336 2383 393 IN
2423 338 2639 395 EPIS'I‘.
2678 338 2772 393 AD
2809 339 3052 395 EPHES.

242 455 581 528 eiiungatur
606 460 665 511 et
684 455 926 524 spiritus,
957 463 1011 510 et
1037 455 1111 510 ita
1150 456 1380 525 quodam
1428 455 1574 510 inter
1608 469 1667 510 se
1698 454 1821 509 uni-
1849 465 1901 525 Α
1927 452 2044 507 haec
2072 453 2354 517 Dominus,
2382 468 2507 508 eum
2551 468 2671 508 esse
2720 453 3047 523 proximum,
3071 453 3164 525 qui
3190 452 3267 508 illi
3295 454 3506 511 miseri.
3588 490 3600 506 .

1927 544 2165 600 cordiam
2193 543 2337 609 fecit,
2370 540 2556 600 volens
2590 544 2875 601 ostendere
2905 560 3095 600 omnes
3120 544 3370 601 homines
3390 562 3508 601 om-
3580 539 3596 609 ᾗ

3401 339 3504 395 458

1927 638 2084 693 nibus
2107 651 2229 693 esse
2276 636 2570 709 proximos.
2605 635 2760 707 Quod
2781 651 2910 691 vero
2950 637 3213 706 sequitur,
3253 639 3505 708 quoniam
3569 628 3573 633 ’

1926 747 2106 787 sumus
2132 730 2348 786 invicem
2388 728 2637 797 membra,
2672 728 2844 801 magis
2883 728 3097 784 videtur
3132 728 3266 784 mihi
3302 729 3507 800 signiﬁ-

1927 837 2051 877 care
2079 820 2395 892 mysterium
2430 829 2485 875 et
2507 818 2574 875 de
2601 819 2687 874 his
2714 820 2844 885 dici,
2876 820 2967 891 qui
2995 818 3150 876 nobis
3176 816 3280 877 ﬁde
3308 827 3363 876 et
3393 837 3507 876 vir-
3593 815 3597 821 ’

1926 920 2043 968 tute
2068 921 2194 968 sunt
2232 911 2483 982 proximi,
2523 911 2766 965 membra
2799 911 2996 983 quippe
3045 910 3364 968 alterutrum
3396 929 3506 969 non

1925 1015 2070 1071 sunt,
2100 1004 2204 1059 nisi
2248 1004 2431 1065 ﬁdeles
2457 1003 2713 1071 ﬁdelium,
2752 1010 2806 1058 et
2847 1002 3138 1058 Christiani
3168 1003 3508 1061 Christiano-

1926 1115 2066 1155 rum.
2116 1098 2257 1168 Ergo
2300 1096 2405 1152 hoc
2436 1096 2676 1162 mandat,
2734 1102 2793 1149 ut
2844 1097 3218 1167 unusquisque
3262 1108 3327 1151 ea
3385 1112 3508 1167 qua:

1926 1199 2052 1247 sunt
2084 1191 2180 1247 Dei
2206 1192 2437 1247 veritate
2467 1189 2625 1263 plena
2652 1188 2908 1259 praedicet
2955 1189 3139 1259 alteri,
3164 1197 3217 1245 et
3254 1188 3507 1259 loquatur

1926 1296 2046 1340 eum
2074 1284 2325 1353 proximo
2350 1298 2448 1338 suo
2471 1282 2775 1347 veritatem,
2812 1280 2863 1335 id
2898 1288 2983 1336 est
3016 1280 3293 1337 Christum
3320 1279 3509 1351 praedi-

1925 1384 2030 1443 cet,
2086 1377 2179 1447 qui
2228 1384 2311 1432 est
2344 1377 2567 1432 veritas.
2628 1376 2810 1451 (Aug.)
2856 1375 3144 1431 Proximus
3198 1387 3282 1431 est
3330 1374 3508 1431 omnis

1924 1470 2106 1534 homo,
2164 1484 2353 1525 omnes
2405 1468 2639 1539 proximi
2685 1482 2874 1523 sumus
2915 1466 3225 1523 conditione
3277 1475 3510 1521 terrenae

1924 1559 2244 1614 nativitatis.
2296 1559 2367 1613 Et
2405 1556 2586 1625 aliter,
2622 1557 2713 1613 illa
2741 1572 2836 1629 spe
2894 1556 3129 1612 ctelestis
3175 1553 3508 1611 hmreditatis

1921 1638 2230 1721 proximum
2259 1658 2409 1706 tuum
2438 1650 2604 1706 debes
2648 1659 2842 1721 putare
2871 1663 3088 1706 omnem
3130 1648 3425 1713 hominem,
3454 1656 3512 1703 et

1926 1752 2213 1814 antequam
2240 1743 2309 1798 sit
2332 1741 2673 1800 Christianus
2697 1760 2712 1810 ;
2744 1740 2852 1799 non
2877 1742 3020 1797 enim
3046 1741 3209 1807 nosti,
3241 1741 3417 1812 qualis
3440 1741 3512 1796 sit

229 1841 462 1886 creatus
491 1840 593 1897 est,
640 1832 694 1889 in
733 1832 944 1901 justitia
992 1841 1049 1888 et
1081 1835 1369 1889 sanctitate
1399 1835 1664 1900 veritatis,
1697 1834 1823 1904 quia
1852 1833 1902 1894 B
1932 1834 2147 1890 futurus
2176 1832 2318 1905 apud
2340 1833 2530 1888 Deum.
2562 1832 2663 1900 Qui
2692 1833 2853 1889 modo
2883 1840 2975 1887 aut
2999 1830 3238 1898 Judaeus,
3275 1840 3369 1886 aut
3398 1831 3512 1887 hae-

225 1920 387 1977 Deus
417 1936 577 1979 verus
606 1922 701 1977 Dei
727 1923 842 1981 veri
880 1922 1023 1978 ﬁlius
1051 1922 1174 1989 fuit,
1205 1931 1260 1980 et
1294 1931 1403 1979 tota
1432 1923 1489 1978 in
1516 1923 1606 1979 illo
1635 1922 1826 1994 religio

225 2018 408 2081 atque
434 2010 647 2081 justitia
683 2012 778 2069 Dei
805 2014 856 2069 in
902 2015 1131 2071 veritate
1176 2015 1443 2086 completa
1488 2023 1591 2071 est.
1642 2015 1825 2089 (ᾼυς.)

233 2106 403 2174 Quod
432 2107 511 2161 ait
537 2109 831 2183 secundum
857 2108 1025 2167 Deum
1048 2116 1311 2173 creatum,
1345 2110 1447 2165 hoc
1474 2107 1579 2164 alio
1602 2107 1722 2165 loco
1745 2109 1828 2165 di-

228 2197 384 2251 citur
416 2196 486 2250 ad
540 2198 819 2269 imaginem
864 2196 985 2264 Dei,
1022 2199 1117 2257 sed
1157 2200 1428 2270 peccando
1470 2198 1743 2269 justitiam
1770 2209 1828 2258 et

225 2288 585 2347 sanctitatem
608 2291 852 2347 veritatis
870 2291 1074 2358 amisit,
1094 2290 1318 2363 propter
1343 2292 1487 2363 quod
1504 2292 1623 2350 haec
1644 2294 1824 2365 imago

229 2382 507 2439 deformis
554 2392 610 2439 et
652 2385 870 2440 decolor
924 2384 1064 2443 facta
1099 2395 1221 2453 est;
1252 2389 1391 2445 hanc
1436 2388 1651 2460 recipit,
1700 2405 1825 2449 cum

224 2474 571 2530 reformatur
591 2486 754 2547 atque
778 2489 1088 2534 renovatur.
1120 2478 1273 2546 Quod
1319 2489 1499 2537 autem
1529 2482 1608 2537 ait
1632 2484 1823 2553 spiritu

223 2565 426 2621 mentis
450 2576 651 2631 vestrm,
677 2581 785 2623 non
812 2568 887 2623 ibi
921 2569 1055 2625 duas
1074 2584 1163 2625 res
1185 2569 1411 2642 intelligi
1439 2569 1630 2639 voluit,
1660 2572 1820 2644 quasi

222 2657 381 2713 aliud
408 2659 481 2714 sit
499 2674 673 2725 mens,
701 2660 848 2719 aliud
879 2662 1105 2733 Spiritus
1146 2663 1343 2721 mentis
1375 2682 1389 2720 :
1427 2666 1522 2722 sed
1542 2667 1672 2736 quia
1699 2681 1822 2721 om-

222 2749 311 2804 nis
340 2763 506 2806 mens
559 2751 781 2819 spiritus
810 2760 916 2818 est,
972 2768 1082 2811 non
1118 2762 1298 2810 autem
1359 2757 1538 2815 omnis
1597 2757 1823 2827 spiritus

221 2853 391 2895 mens
418 2849 522 2897 est.
576 2841 673 2899 Est
716 2844 860 2905 enim
888 2844 1113 2914 spiritus
1148 2853 1206 2907 et
1233 2847 1397 2913 Deus,
1444 2847 1537 2919 qui
1568 2848 1821 2904 renovari

222 2946 334 2986 non
370 2938 573 3001 potest,
603 2933 728 3002 quia
776 2949 879 2993 nec
927 2944 1266 2995 veterascere
1309 2947 1510 3009 potest,
1542 2939 1741 2995 dicitur
1766 2949 1823 2997 et

220 3021 458 3091 spiritus
488 3021 543 3077 in
574 3023 811 3093 homine,
848 3027 943 3098 qui
968 3043 1123 3087 mens
1155 3044 1277 3089 nou
1293 3030 1383 3097 sit,
1407 3031 1477 3087 ad
1503 3046 1665 3102 quem
1696 3049 1821 3105 per-

224 3109 411 3165 tinent
441 3111 851 3184 imaginationes
882 3117 1086 3177 similes
1122 3134 1434 3190 corporum,
1462 3122 1529 3178 de
1558 3138 1667 3192 quo
1690 3124 1822 3180 dicit

1927 1927 2150 1991 reticus,
2199 1933 2293 1979 aut
2338 1939 2580 1997 paganus
2608 1932 2710 1991 est,
2763 1922 2900 1980 forte
2934 1938 3034 1995 per
3084 1922 3512 1978 misericordiam

1927 2019 2023 2075 Dei
2054 2020 2128 2073 ita
2174 2025 2525 2075 convertetur
2552 2017 2622 2074 ad
2666 2016 2976 2083 Dominum,
3006 2023 3068 2072 ut
3115 2016 3260 2072 inter
3287 2023 3506 2071 sanctos

1925 2110 2163 2181 primum
2192 2109 2369 2166 locum
2407 2109 2607 2165 habere
2656 2118 2953 2164 mereatur.
2989 2107 3219 2181 (Ambr.)
3282 2106 3419 2176 Quia
3457 2108 3509 2162 in

1926 2203 2159 2258 veritate
2184 2210 2241 2258 et
2260 2199 2475 2270 justitia
2498 2200 2669 2257 creati
2694 2216 2882 2257 sumus
2926 2199 3102 2256 renati
3135 2199 3193 2254 in
3219 2197 3512 2270 baptismo,

1925 2294 2151 2361 idcirco,
2179 2300 2238 2349 ut
2268 2295 2323 2350 in
2358 2310 2423 2351 eo
2458 2310 2795 2360 maneamus,
2847 2293 3189 2350 mendacium
3239 2292 3511 2365 deponere

1916 2382 2189 2455 jubemur,
2245 2393 2521 2455 assumpta
2566 2385 2814 2452 veritate,
2852 2400 2954 2440 nec
2985 2383 3107 2440 dolo
3152 2382 3355 2455 aliquid
3386 2399 3523 2447 cur.
3572 2377 3576 2381 ⁴

1922 2477 2094 2534 fratre
2116 2494 2298 2552 agere,
2329 2488 2395 2535 ut
2415 2480 2543 2552 quia
2563 2479 2726 2535 unius
2750 2478 3000 2550 corporis
3030 2466 3277 2534 membra
3300 2494 3511 2545 sumus,

1924 2569 2104 2625 causis
2130 2571 2333 2627 nostris
2361 2571 2417 2627 in
2443 2571 2673 2627 veritate
2696 2571 2931 2626 invicem
2968 2569 3266 2626 faveamus.
3314 2562 3512 2625 Irasci-

1923 2663 2052 2718 mini
2086 2673 2137 2719 et
2164 2664 2325 2723 nolite
2359 2683 2596 2737 peccare.
2626 2664 2891 2734 Q'uoniam
2925 2665 3092 2723 irasci
3132 2666 3255 2737 quis
3290 2682 3399 2723 non
3423 2683 3516 2738 po-

1924 2762 2031 2811 test
2056 2756 2356 2826 prohiberi,
2386 2758 2609 2831 quippe,
2664 2774 2787 2815 cum
2816 2759 2894 2814 ira
2928 2769 3107 2816 motus
3138 2759 3211 2815 sit
3252 2758 3518 2816 naturalis

1922 2854 2219 2916 conceptus
2242 2863 2310 2903 ex
2339 2848 2537 2916 causis,
2565 2848 2658 2920 qui
2708 2849 2850 2905 solet
2883 2851 2952 2905 ad
3005 2848 3306 2923 profectum
3354 2850 3518 2921 perti-

1924 2951 2057 2992 nere
2113 2936 2493 3011 delinquentis,
2558 2939 2760 2996 idcirco
2823 2940 3167 2997 irascendum
3215 2941 3368 3009 dicit,
3420 2942 3517 2997 sed

1925 3037 2248 3093 commonet,
2302 3044 2372 3086 ne
2418 3045 2518 3101 per
2564 3031 2704 3087 iram
2751 3040 3027 3103 peccetur.
3082 3030 3335 3089 Solemus
3362 3032 3509 3089 enim

1923 3120 2142 3177 modum
2189 3120 2390 3192 egredi,
2448 3122 2578 3177 dum
2627 3120 2918 3179 irascimur
2968 3131 3024 3181 et
3070 3122 3379 3180 invenimur
3407 3124 3511 3194 ipsi

221 3201 291 3254 ad
322 3201 662 3271 Corinthios,
693 3214 749 3261 et
773 3208 851 3265 ait
888 3226 902 3265 :
931 3208 994 3265 Si
1020 3219 1197 3267 autem
1234 3229 1452 3277 orauere
1484 3213 1687 3287 lingua,
1712 3216 1820 3286 spi-
1845 3211 1892 3276 C
1922 3227 2171 3283 peccare,
2203 3213 2294 3285 qui
2323 3222 2615 3285 peccantes
2651 3215 2949 3288 arguimus,
3003 3215 3132 3272 dum
3178 3215 3299 3288 plus
3326 3216 3511 3273 irasci-

222 3294 362 3349 n’tus
392 3312 542 3352 meus
569 3308 703 3365 orat,
752 3317 898 3359 mens
925 3313 1101 3361 autem
1128 3322 1243 3360 mea
1294 3305 1626 3376 infructuosa
1652 3316 1729 3365 est
1756 3306 1810 3383 (Ι

224 3383 353 3442 Cor.
391 3389 528 3461 XIV).
577 3389 693 3447 Hoc
736 3393 880 3449 enim
941 3396 1039 3463 ait,
1067 3397 1284 3467 quando
1334 3397 1389 3455 id
1422 3399 1566 3469 quod
1620 3399 1820 3457 dicitur

228 3494 337 3535 non
366 3479 726 3553 intelligitur;
759 3485 886 3555 quia
914 3501 1017 3543 nec
1044 3488 1151 3544 dici
1190 3496 1390 3560 potest,
1420 3490 1526 3547 nisi
1564 3504 1818 3562 corpora-

224 3568 364 3625 lium
393 3586 590 3627 vocum
638 3574 921 3647 imagines,
953 3578 1214 3651 imagines
1257 3580 1453 3637 solium
1479 3582 1593 3638 oris
1617 3583 1672 3638 in
1702 3583 1816 3656 Spi-

225 3658 339 3713 ritu
362 3660 690 3732 cogitatione
716 3667 1066 3734 prazveuiunt.
1116 3668 1325 3725 Dicitur
1348 3678 1404 3727 et
1427 3670 1664 3728 hominis
1692 3673 1816 3729 aui-

227 3764 322 3803 ma
362 3750 600 3820 spiritus.
626 3753 779 3812 Unde
806 3768 890 3813 est
936 3759 993 3815 in
1032 3759 1347 3833 Evangelio,
1368 3770 1419 3818 et
1444 3763 1698 3821 inclinato
1728 3782 1817 3820 ca-

223 3841 336 3911 pite
362 3843 584 3899 tradidit
627 3846 869 3917 spiritum
905 3848 1088 3922 (Joan.
1137 3853 1470 3925 xvm),.quo
1514 3855 1817 3926 signiﬁcata

224 3940 311 3987 est
368 3948 520 4005 mors
571 3939 815 4008 corporis
867 3941 1049 3999 anima
1098 3953 1348 4019 exeunte.
1377 3945 1448 4001 Et
1480 3946 1642 4016 paulo
1668 3958 1812 4019 post,

225 4022 360 4093 quia
392 4039 523 4096 ergo
551 4035 631 4082 tot
652 4030 827 4089 modis
851 4031 1047 4091 dicitur
1070 4018 1298 4109 spiritus
1344 4035 1591 4109 spiritum
1620 4039 1819 4096 mentis

226 4114 420 4173 dicere
443 4116 616 4177 voluit
643 4137 765 4177 eum
791 4125 1062 4194 spiritum,
1085 4143 1206 4201 quae
1231 4144 1386 4201 mens
1405 4139 1652 4201 Vocatur,
1677 4134 1819 4191 sicut

223 4209 302 4263 ait
326 4209 503 4265 etiam
530 4211 673 4267 idem
692 4212 998 4287 Apostolus,
1031 4236 1050 4271 ι
1076 4219 1131 4275 in
1161 4222 1552 4293 exspoliatione
1573 4225 1817 4296 corporis

223 4302 440 4367 carnis,
472 4322 493 4356 ι
527 4318 634 4359 non
663 4305 796 4363 duas
841 4307 1028 4379 utique
1070 4324 1161 4367 res
1184 4312 1412 4384 intelligi
1440 4314 1630 4382 voluit,
1656 4316 1816 4388 quasi

224 4389 379 4445 aliud
411 4392 485 4446 sit
519 4408 666 4461 caro,
697 4396 845 4454 aliud
865 4414 1063 4471 corpus
1091 4403 1293 4471 carnis,
1339 4402 1437 4460 sed
1462 4405 1588 4477 quia
1618 4419 1816 4479 corpus

225 4481 531 4540 multarum
585 4499 767 4543 rerum
819 4504 1016 4549 nomen
1069 4500 1176 4561 est,
1226 4509 1457 4565 quarum
1505 4495 1651 4551 nulla
1680 4511 1814 4553 caro

225 4582 328 4629 est.
364 4572 593 4645 Pmpter
633 4578 771 4649 quod
818 4580 1128 4655 deponentes
1161 4586 1492 4665 mendacium
1541 4584 1816 4661 loquimini

226 4666 504 4719 ueritatem
544 4670 898 4743 unusquisque
944 4690 1063 4729 cum
1110 4677 1350 4757 proximo
1396 4693 1517 4744 suo,
1568 4680 1816 4750 quoniam

224 4773 417 4811 sumus
436 4758 659 4815 inuicem
683 4763 932 4819 membra.
970 4765 1137 4841 (Διὸ.)
1164 4768 1322 4825 Absit
1358 4776 1419 4824 ut
1444 4769 1525 4827 sic
1546 4770 1815 4843 intelliga-

225 4862 357 4904 mus
390 4855 645 4919 tanquam
671 4851 818 4924 loqui
850 4857 1188 4915 mendacium
1217 4859 1529 4928 permiserit
1555 4875 1679 4916 cum
1708 4862 1811 4928 eis,

226 4939 321 5008 qui
350 4939 596 4996 nondum
617 4952 740 4999 sunt
764 4948 1009 5003 membra
1036 4936 1289 5019 corporis
1315 4950 1538 5019 Christi,
1571 4953 1665 5009 sed
1692 4953 1814 5011 ideo

224 5023 457 5121 dictum
494 5040 598 5097 est,
626 5032 752 5104 quia
801 5038 1170 5109 unusquisque
1201 5049 1449 5121 nostrum
1497 5042 1602 5099 hoc
1648 5042 1813 5099 alium

229 5116 401 5174 debet
425 5117 708 5191 deputare,
743 5125 888 5197 quod
933 5142 1057 5184 eum
1100 5129 1217 5186 vult
1252 5114 1391 5187 ’ἤειδί
1445 5132 1570 5198 sibi,
1601 5133 1815 5190 etiamsi

228 5210 479 5268 nondum
512 5210 688 5270 factus
713 5215 805 5272 sit.
854 5218 1167 5277 Proximum
1200 5238 1329 5280 vere
1368 5232 1530 5281 vocat
1565 5224 1668 5280 hoc
1694 5224 1813 5281 loco

230 5317 453 5358 omnem
480 5302 773 5374 hominem,
799 5308 892 5380 qui
919 5323 985 5365 ex
1033 5310 1223 5369 eodem
1255 5313 1538 5370 nobiscum
1564 5326 1815 5387 parente.

230 5393 287 5481 id
316 5402 405 5449 est
424 5393 599 5451 Adam
620 5406 908 5471 generatus
935 5410 1041 5472 est,
1072 5415 1127 5461 et
1178 5406 1282 5462 hoc
1307 5408 1615 5479 evangelica
1650 5424 1817 5481 para-

230 5480 361 5537 bola
391 5485 633 5558 designat
662 5490 719 5545 in
764 5506 830 5549 eo
863 5495 956 5563 qui
982 5495 1266 5552 descendit
1298 5499 1367 5554 ab
1394 5480 1725 5557 Hierusalem
1756 5501 1817 5556 in

228 5568 475 5643 Iericho,
506 5585 562 5633 et
605 5579 793 5639 incidit
839 5586 894 5640 in
931 5585 1188 5655 latrones,
1224 5597 1281 5644 et
1317 5591 1596 5648 sacerdote
1629 5574 1687 5649 et
1717 5593 1822 5649 Le-

233 5661 352 5716 vita
398 5672 868 5736 praetereuntibus.
915 5692 947 5731 a
989 5676 1331 5734 Samaritano
1365 5689 1584 5736 curatus
1632 5690 1691 5737 et
1747 5684 1817 5739 ad

233 5754 598 5818 ambulat-ium
619 5770 810 5822 vectus
828 5776 915 5825 est
937 5767 1090 5835 (Luc.
1113 5766 1194 5837 χ).
1216 5768 1464 5828 Aﬁirmat
1485 5780 1665 5829 autem
1687 5782 1819 5848 post

1924 3319 2048 3359 mur
2080 3314 2136 3359 et
2163 3304 2393 3376 amplius
2431 3321 2721 3363 oneramus
2754 3315 3091 3378 peccantem,
3147 3300 3309 3380 quam
3335 3324 3511 3366 mere-

1924 3403 2033 3451 tur.
2089 3394 2205 3451 Hoc
2229 3410 2359 3468 ergo
2407 3397 2585 3465 docet,
2614 3406 2673 3454 ut
2696 3398 2811 3470 ipsa
2849 3399 2929 3454 ira
2953 3414 3079 3456 cum
3131 3399 3502 3459 moderatione

1921 3487 2010 3542 sit.
2051 3485 2237 3558 Neque
2266 3488 2491 3543 nimium
2540 3486 2662 3561 qui’s
2711 3488 2913 3560 justum
2966 3505 3026 3547 se
3070 3480 3314 3563 pmbeat
3336 3490 3515 3548 delin-

1921 3577 2152 3649 quenti:
2194 3579 2318 3649 quia
2350 3579 2529 3636 solent
2571 3580 2792 3652 quidam
2826 3582 2906 3638 sic
2950 3596 3200 3654 peccare,
3244 3591 3308 3638 ut
3342 3585 3513 3641 tantis

1919 3670 2093 3742 plagis
2148 3668 2415 3727 alliciendi
2451 3672 2758 3741 videantur,
2820 3680 3053 3744 quantas
3113 3690 3223 3729 non
3283 3684 3512 3746 possunt

1920 3760 2087 3828 ferre,
2110 3766 2169 3818 et
2208 3762 2300 3839 qui
2332 3770 2548 3835 poterat
2594 3763 2735 3820 forte
2780 3762 3001 3836 corrigi,
3036 3764 3245 3821 tollitur
3281 3766 3507 3845 devita,

1919 3871 2029 3911 non
2056 3856 2173 3912 sine
2198 3865 2421 3927 peccato
2448 3852 2755 3913 irascentis.
2783 3854 2923 3914 Hinc
2951 3866 3006 3915 et
3033 3856 3329 3915 Salomon:
3356 3858 3507 3928 Noli,

1919 3943 2115 4015 inquit,
2141 3946 2319 4017 justus
2361 3963 2469 4001 esse
2510 3945 2754 4014 multum,
2787 3948 2912 4021 quia
2951 3957 3027 4004 est
3057 3950 3144 4031 qui
3169 3951 3303 4020 perit
3328 3951 3385 4006 in
3410 3968 3511 4006 sua

1911 4035 2126 4106 justitia
2152 4034 2495 4109 (Eccle.‘vn),
2522 4038 2615 4092 sed
2636 4037 2935 4095 imitatores
2957 4039 3055 4095 Dei
3080 4056 3200 4096 esse
3216 4040 3507 4108 debemus;

1919 4126 2014 4197 qui
2043 4134 2399 4201 temperatam
2425 4127 2590 4184 habet
2610 4126 2903 4199 justitiam.
2934 4127 3069 4187 Cum
3113 4130 3258 4187 enim
3298 4129 3509 4201 justum

1920 4225 2065 4275 esset
2087 4217 2249 4289 plecti
2276 4218 2513 4290 iniquos,
2547 4220 2807 4292 patientia
2832 4238 2931 4279 sua
2958 4220 3147 4281 sull'ert
3177 4239 3292 4293 eos,
3321 4234 3384 4281 ut
3408 4225 3508 4282 ali-

1918 4309 2012 4382 qui
2037 4325 2105 4365 ex
2134 4310 2228 4368 .eis
2256 4309 2619 4385 corrigantur,
2651 4328 2752 4368 nos
2791 4313 2938 4386 ipsos
2982 4328 3168 4371 servos
3209 4331 3335 4373 suos
3371 4331 3503 4389 pec-

1918 4408 2106 4458 cantes
2139 4401 2367 4472 patitur,
2398 4417 2503 4458 nec
2533 4403 2641 4459 cito
2688 4403 2921 4477 aliquem
2945 4406 3200 4476 percutit.
3236 4405 3508 4482 (Hierom)

1918 4492 2075 4562 Quod
2120 4501 2301 4549 autem
2354 4493 2450 4561 ait,
2508 4493 2813 4551 Irascimini
2857 4505 2908 4550 et
2962 4494 3122 4551 nolite
3175 4512 3413 4567 peccare,
3440 4496 3510 4553 de

1838 4573 1896 4635 D
1920 4593 2116 4658 quarto
2135 4585 2345 4657 psalmo
2369 4592 2686 4657 usurpatum
2728 4586 2865 4642 nulli
2893 4586 3115 4642 dubium
3137 4594 3242 4651 est,
3275 4595 3330 4642 et
3356 4588 3507 4644 vide-

1921 4685 2012 4733 tur
2039 4675 2115 4732 illi
2170 4690 2292 4732 esse
2337 4678 2691 4743 contrarium,
2743 4678 2889 4748 quod
2925 4675 3053 4733 alibi
3080 4677 3314 4733 dicitur:
3346 4677 3507 4733 Nunc

1874 4827 1883 4837 ,
1918 4776 2094 4822 autem
2132 4766 2372 4838 deponite
2419 4783 2507 4822 vos
2541 4783 2747 4822 omnem
2804 4768 2964 4835 iram,
3015 4766 3428 4839 indignationem
3456 4780 3517 4845 et.

1917 4854 2203 4924 malitiam,
2242 4866 2290 4911 et
2344 4855 2742 4929 blasphemiam,
2793 4867 2843 4912 et
2885 4867 3088 4929 turpem
3125 4874 3416 4915 sermonem
3442 4877 3507 4915 ea:

1918 4963 2007 5002 ore
2052 4954 2219 5003 vestro
2267 4944 2493 5018 (Galeas.
2553 4946 2659 5020 ιιι).
2699 4946 2809 5003 Sed
2854 4955 2911 5004 et
2946 4947 3260 5023 simpliciter
3285 4948 3503 5006 intelle-

1919 5046 2066 5094 ctum
2094 5045 2273 5105 nocet,
2304 5039 2429 5095 dum
2462 5045 2723 5108 putantur
2758 5040 2864 5095 irm'
2890 5039 3043 5119 frena
3070 5040 3268 5097 laxata.
3298 5042 3502 5114 Duplex

1922 5136 2104 5185 autem
2131 5144 2238 5185 non
2266 5128 2441 5186 solum
2470 5128 2613 5200 apud
2637 5144 2757 5195 nos,
2784 5145 2976 5186 verum
3003 5132 3168 5187 etiam
3198 5134 3337 5203 apud
3380 5134 3503 5203 phi-

1919 5217 2176 5291 losophos
2219 5219 2316 5276 irae
2341 5234 2538 5276 nomen
2570 5220 2874 5293 accipitur;
2906 5220 2992 5278 vel
3015 5236 3138 5279 cum
3189 5222 3385 5294 injuria
3416 5224 3499 5279 la-

1920 5311 2130 5378 cessiti,
2159 5310 2496 5368 naturalibus
2548 5308 2781 5368 stimulis
2807 5312 3185 5382 concitamur;
3227 5313 3315 5369 vel
3353 5329 3497 5381 cum,

1922 5404 2294 5474 requiescente
2322 5403 2523 5474 impetu
2551 5410 2607 5459 et
2627 5401 2810 5460 furore
2833 5405 3111 5471 restincto,
3136 5413 3316 5476 potest
3345 5398 3499 5461 mens

1920 5494 2123 5549 habere
2164 5492 2452 5563 judicium,
2489 5503 2544 5551 et
2593 5494 2944 5552 nihilominus
2970 5512 3131 5567 super
3162 5512 3227 5552 eo
3253 5497 3344 5566 qui
3391 5510 3496 5565 pu-

1920 5594 2067 5641 tatur
2112 5586 2336 5655 lmsisse,
2384 5587 2655 5644 desiderat
2696 5588 2975 5645 ultionem.
3025 5586 3275 5643 Arbitror
3315 5587 3498 5657 itaque

1920 5681 1987 5738 de
2023 5682 2191 5752 priori
2225 5682 2306 5737 ira
2336 5698 2478 5738 nunc
2501 5683 2726 5749 dictum,
2755 5694 2810 5740 et
2856 5685 3015 5743 nobis
3058 5683 3212 5754 quasi
3261 5680 3497 5737 homini-

1918 5774 2020 5832 bus
2042 5789 2159 5832 esse
2182 5783 2599 5844 concessum,ut
2619 5774 2686 5832 ad
2702 5776 2931 5849 indignae
2951 5775 3177 5848 alicujus
3201 5774 3281 5834 rei
3300 5773 3496 5839 faciem
