  <div class='ocr_page' id='page_1' title='image "/cluster/home/n/w/nwhite01/storage/ocr_20150623/112/hvd.32044015685407/225.png"; bbox 0 0 3986 6338; ppageno 0'>
   <div class='ocr_carea' id='block_1_1' title="bbox 561 318 668 376">
    <p class='ocr_par' dir='ltr' id='par_1_1' title="bbox 561 318 668 376">
     <span class='ocr_line' id='line_1_1' title="bbox 561 318 668 376; baseline -0.009 0"><span class='ocrx_word' id='word_1_1' title='bbox 561 318 668 376; x_wconf 73' lang='grc'><strong>469</strong></span> 
     </span>
    </p>
   </div>
   <div class='ocr_carea' id='block_1_2' title="bbox 1236 316 3760 409">
    <p class='ocr_par' dir='ltr' id='par_1_2' title="bbox 1236 316 3760 409">
     <span class='ocr_line' id='line_1_2' title="bbox 1236 316 3760 409; baseline 0.002 -34"><span class='ocrx_word' id='word_1_2' title='bbox 1236 319 1296 375; x_wconf 87' lang='grc' dir='ltr'><strong>Β.</strong></span> <span class='ocrx_word' id='word_1_3' title='bbox 1336 317 1595 376; x_wconf 81' lang='lat' dir='ltr'><strong>RABANI</strong></span> <span class='ocrx_word' id='word_1_4' title='bbox 1628 317 1852 377; x_wconf 80' lang='lat' dir='ltr'><strong>MAURI</strong></span> <span class='ocrx_word' id='word_1_5' title='bbox 1883 318 2206 378; x_wconf 78' lang='lat' dir='ltr'><strong>ARCHIEP.</strong></span> <span class='ocrx_word' id='word_1_6' title='bbox 2247 318 2560 379; x_wconf 81' lang='lat' dir='ltr'><strong>MOGUNT.</strong></span> <span class='ocrx_word' id='word_1_7' title='bbox 2596 316 2887 378; x_wconf 76' lang='lat' dir='ltr'><strong>OPERUM</strong></span> <span class='ocrx_word' id='word_1_8' title='bbox 2920 317 3100 409; x_wconf 46' lang='lat' dir='ltr'><strong>PARS</strong></span> <span class='ocrx_word' id='word_1_9' title='bbox 3140 318 3223 380; x_wconf 78' lang='lat' dir='ltr'><strong>Ill.</strong></span> <span class='ocrx_word' id='word_1_10' title='bbox 3674 338 3760 399; x_wconf 64' lang='lat' dir='ltr'><strong>uo</strong></span> 
     </span>
    </p>
   </div>
   <div class='ocr_carea' id='block_1_3' title="bbox 561 430 3758 507">
    <p class='ocr_par' dir='ltr' id='par_1_3' title="bbox 561 430 3758 507">
     <span class='ocr_line' id='line_1_3' title="bbox 561 430 3758 507; baseline 0.001 -15"><span class='ocrx_word' id='word_1_11' title='bbox 561 447 882 493; x_wconf 81' lang='lat' dir='ltr'><strong>moveamur</strong></span> <span class='ocrx_word' id='word_1_12' title='bbox 934 433 1491 506; x_wconf 76' lang='lat' dir='ltr'><strong>tranquillitatemque</strong></span> <span class='ocrx_word' id='word_1_13' title='bbox 1543 434 1742 491; x_wconf 87' lang='lat' dir='ltr'><strong>mentis</strong></span> <span class='ocrx_word' id='word_1_14' title='bbox 1797 433 1947 490; x_wconf 89' lang='lat' dir='ltr'><strong>velut</strong></span> <span class='ocrx_word' id='word_1_15' title='bbox 2010 433 2150 490; x_wconf 84' lang='lat' dir='ltr'><strong>lenis</strong></span> <span class='ocrx_word' id='word_1_16' title='bbox 2177 436 2229 497; x_wconf 79' lang='grc' dir='ltr'><strong>Α</strong></span> <span class='ocrx_word' id='word_1_17' title='bbox 2253 430 2338 488; x_wconf 88' lang='lat' dir='ltr'><strong>sui</strong></span> <span class='ocrx_word' id='word_1_18' title='bbox 2367 431 2549 488; x_wconf 85' lang='lat' dir='ltr'><strong>facere</strong></span> <span class='ocrx_word' id='word_1_19' title='bbox 2602 431 3008 503; x_wconf 72' lang='lat' dir='ltr'><strong>cogitationem,</strong></span> <span class='ocrx_word' id='word_1_20' title='bbox 3061 432 3203 488; x_wconf 91' lang='lat' dir='ltr'><strong>hanc</strong></span> <span class='ocrx_word' id='word_1_21' title='bbox 3255 432 3299 489; x_wconf 88' lang='lat' dir='ltr'><strong>si</strong></span> <span class='ocrx_word' id='word_1_22' title='bbox 3330 434 3384 491; x_wconf 89' lang='lat' dir='ltr'><strong>in</strong></span> <span class='ocrx_word' id='word_1_23' title='bbox 3431 441 3577 499; x_wconf 82' lang='lat' dir='ltr'><strong>corde</strong></span> <span class='ocrx_word' id='word_1_24' title='bbox 3612 456 3758 507; x_wconf 71' lang='grc' dir='ltr'>ιιοειω</span> 
     </span>
    </p>
   </div>
   <div class='ocr_carea' id='block_1_4' title="bbox 560 525 2153 599">
    <p class='ocr_par' dir='ltr' id='par_1_4' title="bbox 560 525 2153 599">
     <span class='ocr_line' id='line_1_4' title="bbox 560 525 2153 599; baseline 0.001 -19"><span class='ocrx_word' id='word_1_25' title='bbox 560 527 809 599; x_wconf 77' lang='lat' dir='ltr'><strong>quaedam</strong></span> <span class='ocrx_word' id='word_1_26' title='bbox 856 540 992 583; x_wconf 90' lang='lat' dir='ltr'><strong>aura</strong></span> <span class='ocrx_word' id='word_1_27' title='bbox 1037 525 1363 583; x_wconf 81' lang='lat' dir='ltr'><strong>conturbet:</strong></span> <span class='ocrx_word' id='word_1_28' title='bbox 1393 543 1734 598; x_wconf 89' lang='lat' dir='ltr'><strong>nequaquam</strong></span> <span class='ocrx_word' id='word_1_29' title='bbox 1782 534 1983 585; x_wconf 58' lang='lat' dir='ltr'><strong>tamen,</strong></span> <span class='ocrx_word' id='word_1_30' title='bbox 2005 527 2153 582; x_wconf 89' lang='lat' dir='ltr'><strong>intu-</strong></span> 
     </span>
    </p>
   </div>
   <div class='ocr_carea' id='block_1_5' title="bbox 558 615 2151 691">
    <p class='ocr_par' dir='ltr' id='par_1_5' title="bbox 558 615 2151 691">
     <span class='ocr_line' id='line_1_5' title="bbox 558 615 2151 691; baseline 0.001 -20"><span class='ocrx_word' id='word_1_31' title='bbox 558 623 773 672; x_wconf 87' lang='lat' dir='ltr'><strong>mentes</strong></span> <span class='ocrx_word' id='word_1_32' title='bbox 814 616 1057 688; x_wconf 75' lang='lat' dir='ltr'><strong>gurgites</strong></span> <span class='ocrx_word' id='word_1_33' title='bbox 1104 615 1306 674; x_wconf 75' lang='lat' dir='ltr'><strong>furoris</strong></span> <span class='ocrx_word' id='word_1_34' title='bbox 1341 619 1546 690; x_wconf 89' lang='lat' dir='ltr'><strong>impetu</strong></span> <span class='ocrx_word' id='word_1_35' title='bbox 1592 617 1953 675; x_wconf 88' lang='lat' dir='ltr'><strong>sublevemur.</strong></span> <span class='ocrx_word' id='word_1_36' title='bbox 1984 618 2151 691; x_wconf 74' lang='grc' dir='ltr'><strong>(Διὸ.)</strong></span> 
     </span>
    </p>
   </div>
   <div class='ocr_carea' id='block_1_6' title="bbox 561 703 2148 782">
    <p class='ocr_par' dir='ltr' id='par_1_6' title="bbox 561 703 2148 782">
     <span class='ocr_line' id='line_1_6' title="bbox 561 703 2148 782; baseline 0.003 -20"><span class='ocrx_word' id='word_1_37' title='bbox 561 704 673 763; x_wconf 88' lang='lat' dir='ltr'><strong>Sed</strong></span> <span class='ocrx_word' id='word_1_38' title='bbox 726 703 976 764; x_wconf 81' lang='lat' dir='ltr'><strong>fortassis</strong></span> <span class='ocrx_word' id='word_1_39' title='bbox 1005 703 1074 764; x_wconf 69' lang='lat' dir='ltr'><strong>de</strong></span> <span class='ocrx_word' id='word_1_40' title='bbox 1101 715 1335 780; x_wconf 88' lang='lat' dir='ltr'><strong>utroque</strong></span> <span class='ocrx_word' id='word_1_41' title='bbox 1380 708 1484 764; x_wconf 86' lang='lat' dir='ltr'><strong>hoc</strong></span> <span class='ocrx_word' id='word_1_42' title='bbox 1513 708 1633 766; x_wconf 91' lang='lat' dir='ltr'><strong>loco</strong></span> <span class='ocrx_word' id='word_1_43' title='bbox 1662 709 1891 781; x_wconf 76' lang='lat' dir='ltr'><strong>intelligi</strong></span> <span class='ocrx_word' id='word_1_44' title='bbox 1931 718 2148 782; x_wconf 84' lang='lat' dir='ltr'><strong>potest:</strong></span> 
     </span>
    </p>
   </div>
   <div class='ocr_carea' id='block_1_7' title="bbox 558 797 2151 872">
    <p class='ocr_par' dir='ltr' id='par_1_7' title="bbox 558 797 2151 872">
     <span class='ocr_line' id='line_1_7' title="bbox 558 797 2151 872; baseline 0.003 -20"><span class='ocrx_word' id='word_1_45' title='bbox 558 798 690 868; x_wconf 69' lang='lat' dir='ltr'><strong>Quia</strong></span> <span class='ocrx_word' id='word_1_46' title='bbox 726 813 827 870; x_wconf 91' lang='lat' dir='ltr'><strong>per</strong></span> <span class='ocrx_word' id='word_1_47' title='bbox 849 797 1000 855; x_wconf 81' lang='lat' dir='ltr'><strong>vices</strong></span> <span class='ocrx_word' id='word_1_48' title='bbox 1028 797 1110 854; x_wconf 90' lang='lat' dir='ltr'><strong>ira</strong></span> <span class='ocrx_word' id='word_1_49' title='bbox 1133 799 1381 872; x_wconf 74' lang='lat' dir='ltr'><strong>magistri</strong></span> <span class='ocrx_word' id='word_1_50' title='bbox 1405 799 1636 870; x_wconf 85' lang='lat' dir='ltr'><strong>prodest</strong></span> <span class='ocrx_word' id='word_1_51' title='bbox 1673 800 1959 872; x_wconf 91' lang='lat' dir='ltr'><strong>discipulo,</strong></span> <span class='ocrx_word' id='word_1_52' title='bbox 1985 809 2042 857; x_wconf 77' lang='lat' dir='ltr'><strong>et</strong></span> <span class='ocrx_word' id='word_1_53' title='bbox 2068 802 2151 857; x_wconf 88' lang='lat' dir='ltr'><strong>ira</strong></span> 
     </span>
    </p>
   </div>
   <div class='ocr_carea' id='block_1_8' title="bbox 557 888 2148 963">
    <p class='ocr_par' dir='ltr' id='par_1_8' title="bbox 557 888 2148 963">
     <span class='ocr_line' id='line_1_8' title="bbox 557 888 2148 963; baseline 0.004 -21"><span class='ocrx_word' id='word_1_54' title='bbox 557 888 733 958; x_wconf 85' lang='lat' dir='ltr'><strong>patris</strong></span> <span class='ocrx_word' id='word_1_55' title='bbox 760 890 936 945; x_wconf 87' lang='lat' dir='ltr'><strong>erudit</strong></span> <span class='ocrx_word' id='word_1_56' title='bbox 983 888 1155 945; x_wconf 80' lang='lat' dir='ltr'><strong>ﬁlium</strong></span> <span class='ocrx_word' id='word_1_57' title='bbox 1191 890 1384 963; x_wconf 88' lang='lat' dir='ltr'><strong>magis,</strong></span> <span class='ocrx_word' id='word_1_58' title='bbox 1409 905 1576 962; x_wconf 91' lang='lat' dir='ltr'><strong>quam</strong></span> <span class='ocrx_word' id='word_1_59' title='bbox 1612 891 1791 948; x_wconf 91' lang='lat' dir='ltr'><strong>soluta</strong></span> <span class='ocrx_word' id='word_1_60' title='bbox 1837 890 2148 949; x_wconf 88' lang='lat' dir='ltr'><strong>blandities.</strong></span> 
     </span>
    </p>
   </div>
   <div class='ocr_carea' id='block_1_9' title="bbox 556 975 2147 1056">
    <p class='ocr_par' dir='ltr' id='par_1_9' title="bbox 556 975 2147 1056">
     <span class='ocr_line' id='line_1_9' title="bbox 556 975 2147 1056; baseline 0.006 -24"><span class='ocrx_word' id='word_1_61' title='bbox 556 975 645 1032; x_wconf 88' lang='lat' dir='ltr'><strong>Ira</strong></span> <span class='ocrx_word' id='word_1_62' title='bbox 668 977 875 1035; x_wconf 83' lang='lat' dir='ltr'><strong>homini</strong></span> <span class='ocrx_word' id='word_1_63' title='bbox 903 980 1167 1037; x_wconf 86' lang='lat' dir='ltr'><strong>naturalis</strong></span> <span class='ocrx_word' id='word_1_64' title='bbox 1188 981 1256 1038; x_wconf 86' lang='lat' dir='ltr'><strong>ad</strong></span> <span class='ocrx_word' id='word_1_65' title='bbox 1284 982 1632 1039; x_wconf 89' lang='lat' dir='ltr'><strong>irascendum</strong></span> <span class='ocrx_word' id='word_1_66' title='bbox 1653 992 1877 1056; x_wconf 90' lang='lat' dir='ltr'><strong>propter</strong></span> <span class='ocrx_word' id='word_1_67' title='bbox 1904 996 2147 1056; x_wconf 88' lang='lat' dir='ltr'><strong>peccata,</strong></span> 
     </span>
    </p>
   </div>
   <div class='ocr_carea' id='block_1_10' title="bbox 557 1069 2152 1144">
    <p class='ocr_par' dir='ltr' id='par_1_10' title="bbox 557 1069 2152 1144">
     <span class='ocr_line' id='line_1_10' title="bbox 557 1069 2152 1144; baseline 0.006 -20"><span class='ocrx_word' id='word_1_68' title='bbox 557 1078 617 1124; x_wconf 90' lang='lat' dir='ltr'><strong>et</strong></span> <span class='ocrx_word' id='word_1_69' title='bbox 637 1069 911 1137; x_wconf 85' lang='lat' dir='ltr'><strong>voluntas,</strong></span> <span class='ocrx_word' id='word_1_70' title='bbox 951 1080 1012 1126; x_wconf 90' lang='lat' dir='ltr'><strong>ut</strong></span> <span class='ocrx_word' id='word_1_71' title='bbox 1038 1073 1388 1144; x_wconf 90' lang='lat' dir='ltr'><strong>concupiscat</strong></span> <span class='ocrx_word' id='word_1_72' title='bbox 1413 1075 1661 1130; x_wconf 90' lang='lat' dir='ltr'><strong>bonum:</strong></span> <span class='ocrx_word' id='word_1_73' title='bbox 1695 1076 1793 1131; x_wconf 88' lang='lat' dir='ltr'><strong>sed</strong></span> <span class='ocrx_word' id='word_1_74' title='bbox 1826 1079 1988 1134; x_wconf 87' lang='lat' dir='ltr'><strong>ambo</strong></span> <span class='ocrx_word' id='word_1_75' title='bbox 2033 1078 2152 1134; x_wconf 70' lang='lat' dir='ltr'><strong>haec</strong></span> 
     </span>
    </p>
   </div>
   <div class='ocr_carea' id='block_1_11' title="bbox 556 1160 2149 1240">
    <p class='ocr_par' dir='ltr' id='par_1_11' title="bbox 556 1160 2149 1240">
     <span class='ocr_line' id='line_1_11' title="bbox 556 1160 2149 1240; baseline 0.006 -25"><span class='ocrx_word' id='word_1_76' title='bbox 556 1160 700 1217; x_wconf 86' lang='lat' dir='ltr'><strong>ratio</strong></span> <span class='ocrx_word' id='word_1_77' title='bbox 735 1164 890 1232; x_wconf 89' lang='lat' dir='ltr'><strong>quasi</strong></span> <span class='ocrx_word' id='word_1_78' title='bbox 923 1163 1164 1232; x_wconf 90' lang='lat' dir='ltr'><strong>domina,</strong></span> <span class='ocrx_word' id='word_1_79' title='bbox 1199 1181 1319 1236; x_wconf 75' lang='lat' dir='ltr'><strong>qua:</strong></span> <span class='ocrx_word' id='word_1_80' title='bbox 1373 1166 1501 1223; x_wconf 88' lang='lat' dir='ltr'><strong>data</strong></span> <span class='ocrx_word' id='word_1_81' title='bbox 1549 1175 1636 1223; x_wconf 89' lang='lat' dir='ltr'><strong>est</strong></span> <span class='ocrx_word' id='word_1_82' title='bbox 1676 1167 1905 1235; x_wconf 89' lang='lat' dir='ltr'><strong>homini,</strong></span> <span class='ocrx_word' id='word_1_83' title='bbox 1940 1178 2149 1240; x_wconf 87' lang='lat' dir='ltr'><strong>tempe-</strong></span> 
     </span>
    </p>
   </div>
   <div class='ocr_carea' id='block_1_12' title="bbox 554 1254 2150 1335">
    <p class='ocr_par' dir='ltr' id='par_1_12' title="bbox 554 1254 2150 1335">
     <span class='ocr_line' id='line_1_12' title="bbox 554 1254 2150 1335; baseline 0.008 -27"><span class='ocrx_word' id='word_1_84' title='bbox 554 1268 683 1309; x_wconf 88' lang='lat' dir='ltr'><strong>rare</strong></span> <span class='ocrx_word' id='word_1_85' title='bbox 711 1254 892 1321; x_wconf 81' lang='lat' dir='ltr'><strong>debet,</strong></span> <span class='ocrx_word' id='word_1_86' title='bbox 921 1271 989 1311; x_wconf 92' lang='lat' dir='ltr'><strong>ne</strong></span> <span class='ocrx_word' id='word_1_87' title='bbox 1026 1256 1193 1326; x_wconf 90' lang='lat' dir='ltr'><strong>ultra,</strong></span> <span class='ocrx_word' id='word_1_88' title='bbox 1219 1274 1385 1330; x_wconf 90' lang='lat' dir='ltr'><strong>quam</strong></span> <span class='ocrx_word' id='word_1_89' title='bbox 1405 1261 1708 1318; x_wconf 88' lang='lat' dir='ltr'><strong>necessitas</strong></span> <span class='ocrx_word' id='word_1_90' title='bbox 1734 1262 1936 1335; x_wconf 79' lang='lat' dir='ltr'><strong>exiget,</strong></span> <span class='ocrx_word' id='word_1_91' title='bbox 1966 1272 2150 1322; x_wconf 85' lang='lat' dir='ltr'><strong>trans-</strong></span> 
     </span>
    </p>
   </div>
   <div class='ocr_carea' id='block_1_13' title="bbox 556 1345 2151 1427">
    <p class='ocr_par' dir='ltr' id='par_1_13' title="bbox 556 1345 2151 1427">
     <span class='ocr_line' id='line_1_13' title="bbox 556 1345 2151 1427; baseline 0.008 -27"><span class='ocrx_word' id='word_1_92' title='bbox 556 1353 665 1400; x_wconf 86' lang='lat' dir='ltr'><strong>eat.</strong></span> <span class='ocrx_word' id='word_1_93' title='bbox 702 1345 830 1403; x_wconf 89' lang='lat' dir='ltr'><strong>Ideo</strong></span> <span class='ocrx_word' id='word_1_94' title='bbox 857 1348 1178 1405; x_wconf 88' lang='lat' dir='ltr'><strong>subsecutus</strong></span> <span class='ocrx_word' id='word_1_95' title='bbox 1207 1351 1285 1406; x_wconf 87' lang='lat' dir='ltr'><strong>ait</strong></span> <span class='ocrx_word' id='word_1_96' title='bbox 1314 1365 1330 1406; x_wconf 91' lang='lat'><strong>:</strong></span> <span class='ocrx_word' id='word_1_97' title='bbox 1362 1351 1460 1407; x_wconf 89' lang='lat' dir='ltr'><strong>Sol</strong></span> <span class='ocrx_word' id='word_1_98' title='bbox 1487 1370 1593 1409; x_wconf 87' lang='lat' dir='ltr'><strong>non</strong></span> <span class='ocrx_word' id='word_1_99' title='bbox 1624 1355 1830 1410; x_wconf 82' lang='lat' dir='ltr'><strong>occidat</strong></span> <span class='ocrx_word' id='word_1_100' title='bbox 1857 1373 2016 1427; x_wconf 83' lang='lat' dir='ltr'><strong>super</strong></span> <span class='ocrx_word' id='word_1_101' title='bbox 2041 1359 2151 1414; x_wconf 88' lang='lat' dir='ltr'><strong>ira-</strong></span> 
     </span>
    </p>
   </div>
   <div class='ocr_carea' id='block_1_14' title="bbox 556 1439 2155 1524">
    <p class='ocr_par' dir='ltr' id='par_1_14' title="bbox 556 1439 2155 1524">
     <span class='ocr_line' id='line_1_14' title="bbox 556 1439 2155 1524; baseline 0.01 -32"><span class='ocrx_word' id='word_1_102' title='bbox 556 1439 806 1494; x_wconf 79' lang='lat' dir='ltr'><strong>cundiam</strong></span> <span class='ocrx_word' id='word_1_103' title='bbox 841 1450 1084 1497; x_wconf 79' lang='lat' dir='ltr'><strong>vestram.</strong></span> <span class='ocrx_word' id='word_1_104' title='bbox 1117 1442 1301 1518; x_wconf 86' lang='lat' dir='ltr'><strong>(Aug.)</strong></span> <span class='ocrx_word' id='word_1_105' title='bbox 1328 1444 1563 1503; x_wconf 86' lang='lat' dir='ltr'><strong>Proinde</strong></span> <span class='ocrx_word' id='word_1_106' title='bbox 1589 1450 1849 1519; x_wconf 78' lang='lat' dir='ltr'><strong>praecepit</strong></span> <span class='ocrx_word' id='word_1_107' title='bbox 1876 1450 1964 1505; x_wconf 87' lang='lat' dir='ltr'><strong>hic</strong></span> <span class='ocrx_word' id='word_1_108' title='bbox 2005 1442 2155 1524; x_wconf 49' lang='lat' dir='ltr'><strong>Apo;</strong></span> 
     </span>
    </p>
   </div>
   <div class='ocr_carea' id='block_1_15' title="bbox 555 1529 2150 1606">
    <p class='ocr_par' dir='ltr' id='par_1_15' title="bbox 555 1529 2150 1606">
     <span class='ocr_line' id='line_1_15' title="bbox 555 1529 2150 1606; baseline 0.009 -23"><span class='ocrx_word' id='word_1_109' title='bbox 555 1529 728 1585; x_wconf 90' lang='lat' dir='ltr'><strong>stolus</strong></span> <span class='ocrx_word' id='word_1_110' title='bbox 754 1546 822 1588; x_wconf 90' lang='lat' dir='ltr'><strong>ne</strong></span> <span class='ocrx_word' id='word_1_111' title='bbox 846 1531 927 1588; x_wconf 90' lang='lat' dir='ltr'><strong>sol</strong></span> <span class='ocrx_word' id='word_1_112' title='bbox 954 1533 1181 1589; x_wconf 88' lang='lat' dir='ltr'><strong>rationis</strong></span> <span class='ocrx_word' id='word_1_113' title='bbox 1221 1543 1445 1606; x_wconf 87' lang='lat' dir='ltr'><strong>propter</strong></span> <span class='ocrx_word' id='word_1_114' title='bbox 1471 1536 1807 1594; x_wconf 89' lang='lat' dir='ltr'><strong>nimietatem</strong></span> <span class='ocrx_word' id='word_1_115' title='bbox 1836 1539 1934 1596; x_wconf 83' lang='lat' dir='ltr'><strong>irae</strong></span> <span class='ocrx_word' id='word_1_116' title='bbox 1953 1546 2150 1597; x_wconf 86' lang='lat' dir='ltr'><strong>obscu-</strong></span> 
     </span>
    </p>
   </div>
   <div class='ocr_carea' id='block_1_16' title="bbox 554 1623 2151 1694">
    <p class='ocr_par' dir='ltr' id='par_1_16' title="bbox 554 1623 2151 1694">
     <span class='ocr_line' id='line_1_16' title="bbox 554 1623 2151 1694; baseline 0.009 -20"><span class='ocrx_word' id='word_1_117' title='bbox 554 1628 728 1689; x_wconf 88' lang='lat' dir='ltr'><strong>retur,</strong></span> <span class='ocrx_word' id='word_1_118' title='bbox 762 1630 818 1677; x_wconf 94' lang='lat' dir='ltr'><strong>et</strong></span> <span class='ocrx_word' id='word_1_119' title='bbox 844 1623 1015 1694; x_wconf 78' lang='lat' dir='ltr'><strong>plenze</strong></span> <span class='ocrx_word' id='word_1_120' title='bbox 1048 1625 1231 1682; x_wconf 82' lang='lat' dir='ltr'><strong>cordis</strong></span> <span class='ocrx_word' id='word_1_121' title='bbox 1278 1628 1520 1684; x_wconf 88' lang='lat' dir='ltr'><strong>tenebris</strong></span> <span class='ocrx_word' id='word_1_122' title='bbox 1552 1630 1852 1687; x_wconf 70' lang='lat' dir='ltr'><strong>iracundia:</strong></span> <span class='ocrx_word' id='word_1_123' title='bbox 1909 1632 2151 1689; x_wconf 86' lang='lat' dir='ltr'><strong>involva-</strong></span> 
     </span>
    </p>
   </div>
   <div class='ocr_carea' id='block_1_17' title="bbox 554 1711 2146 1791">
    <p class='ocr_par' dir='ltr' id='par_1_17' title="bbox 554 1711 2146 1791">
     <span class='ocr_line' id='line_1_17' title="bbox 554 1711 2146 1791; baseline 0.009 -27"><span class='ocrx_word' id='word_1_124' title='bbox 554 1717 667 1765; x_wconf 90' lang='lat' dir='ltr'><strong>tur.</strong></span> <span class='ocrx_word' id='word_1_125' title='bbox 711 1711 1035 1785; x_wconf 85' lang='lat' dir='ltr'><strong>lntelligitur</strong></span> <span class='ocrx_word' id='word_1_126' title='bbox 1082 1716 1303 1786; x_wconf 88' lang='lat' dir='ltr'><strong>quidem</strong></span> <span class='ocrx_word' id='word_1_127' title='bbox 1354 1717 1655 1775; x_wconf 77' lang='lat' dir='ltr'><strong>secundum</strong></span> <span class='ocrx_word' id='word_1_128' title='bbox 1686 1728 1918 1791; x_wconf 88' lang='lat' dir='ltr'><strong>tempus,</strong></span> <span class='ocrx_word' id='word_1_129' title='bbox 1953 1723 2075 1791; x_wconf 85' lang='lat' dir='ltr'><strong>quia</strong></span> <span class='ocrx_word' id='word_1_130' title='bbox 2102 1723 2146 1779; x_wconf 91' lang='lat' dir='ltr'><strong>si</strong></span> 
     </span>
    </p>
   </div>
   <div class='ocr_carea' id='block_1_18' title="bbox 2257 523 3758 595">
    <p class='ocr_par' dir='ltr' id='par_1_18' title="bbox 2257 523 3758 595">
     <span class='ocr_line' id='line_1_18' title="bbox 2257 523 3758 595; baseline 0.003 -16"><span class='ocrx_word' id='word_1_131' title='bbox 2257 534 2565 594; x_wconf 87' lang='lat' dir='ltr'><strong>susceptam</strong></span> <span class='ocrx_word' id='word_1_132' title='bbox 2592 523 2948 578; x_wconf 89' lang='lat' dir='ltr'><strong>nutrierimus</strong></span> <span class='ocrx_word' id='word_1_133' title='bbox 2977 523 3299 579; x_wconf 83' lang='lat' dir='ltr'><strong>intrinsecus</strong></span> <span class='ocrx_word' id='word_1_134' title='bbox 3332 533 3385 581; x_wconf 89' lang='lat' dir='ltr'><strong>et</strong></span> <span class='ocrx_word' id='word_1_135' title='bbox 3415 542 3633 587; x_wconf 79' lang='lat' dir='ltr'><strong>crescere</strong></span> <span class='ocrx_word' id='word_1_136' title='bbox 3651 534 3758 595; x_wconf 67' lang='grc' dir='ltr'><strong>τωο.</strong></span> 
     </span>
    </p>
   </div>
   <div class='ocr_carea' id='block_1_19' title="bbox 2252 612 3760 694">
    <p class='ocr_par' dir='ltr' id='par_1_19' title="bbox 2252 612 3760 694">
     <span class='ocr_line' id='line_1_19' title="bbox 2252 612 3760 694; baseline 0.011 -25"><span class='ocrx_word' id='word_1_137' title='bbox 2252 613 2447 679; x_wconf 88' lang='lat' dir='ltr'><strong>rimus,</strong></span> <span class='ocrx_word' id='word_1_138' title='bbox 2472 628 2597 669; x_wconf 89' lang='lat' dir='ltr'><strong>cum</strong></span> <span class='ocrx_word' id='word_1_139' title='bbox 2626 613 2679 668; x_wconf 91' lang='lat' dir='ltr'><strong>in</strong></span> <span class='ocrx_word' id='word_1_140' title='bbox 2710 613 2867 669; x_wconf 90' lang='lat' dir='ltr'><strong>nobis</strong></span> <span class='ocrx_word' id='word_1_141' title='bbox 2891 612 3097 684; x_wconf 86' lang='lat' dir='ltr'><strong>prolem</strong></span> <span class='ocrx_word' id='word_1_142' title='bbox 3122 630 3273 670; x_wconf 89' lang='lat' dir='ltr'><strong>suam</strong></span> <span class='ocrx_word' id='word_1_143' title='bbox 3299 626 3499 675; x_wconf 79' lang='lat' dir='ltr'><strong>auctam</strong></span> <span class='ocrx_word' id='word_1_144' title='bbox 3524 623 3702 694; x_wconf 81' lang='lat' dir='ltr'><strong>viderit,</strong></span> <span class='ocrx_word' id='word_1_145' title='bbox 3720 637 3760 687; x_wconf 86' lang='lat' dir='ltr'><strong>et</strong></span> 
     </span>
    </p>
   </div>
   <div class='ocr_carea' id='block_1_20' title="bbox 2252 705 3759 779">
    <p class='ocr_par' dir='ltr' id='par_1_20' title="bbox 2252 705 3759 779">
     <span class='ocr_line' id='line_1_20' title="bbox 2252 705 3759 779; baseline 0.008 -16"><span class='ocrx_word' id='word_1_146' title='bbox 2252 708 2371 779; x_wconf 89' lang='lat' dir='ltr'><strong>ipse</strong></span> <span class='ocrx_word' id='word_1_147' title='bbox 2396 707 2618 763; x_wconf 86' lang='lat' dir='ltr'><strong>audebit</strong></span> <span class='ocrx_word' id='word_1_148' title='bbox 2644 706 2872 762; x_wconf 90' lang='lat' dir='ltr'><strong>intrare.</strong></span> <span class='ocrx_word' id='word_1_149' title='bbox 2902 705 3143 777; x_wconf 86' lang='lat' dir='ltr'><strong>Denique</strong></span> <span class='ocrx_word' id='word_1_150' title='bbox 3189 707 3243 763; x_wconf 89' lang='lat' dir='ltr'><strong>in</strong></span> <span class='ocrx_word' id='word_1_151' title='bbox 3266 707 3412 766; x_wconf 68' lang='lat' dir='ltr'><strong>Iuda:</strong></span> <span class='ocrx_word' id='word_1_152' title='bbox 3448 712 3674 773; x_wconf 82' lang='lat' dir='ltr'><strong>lscarioth</strong></span> <span class='ocrx_word' id='word_1_153' title='bbox 3689 733 3759 779; x_wconf 81' lang='lat' dir='ltr'><strong>cor</strong></span> 
     </span>
    </p>
   </div>
   <div class='ocr_carea' id='block_1_21' title="bbox 2250 796 3759 879">
    <p class='ocr_par' dir='ltr' id='par_1_21' title="bbox 2250 796 3759 879">
     <span class='ocr_line' id='line_1_21' title="bbox 2250 796 3759 879; baseline 0.008 -27"><span class='ocrx_word' id='word_1_154' title='bbox 2250 798 2481 868; x_wconf 89' lang='lat' dir='ltr'><strong>primam</strong></span> <span class='ocrx_word' id='word_1_155' title='bbox 2487 796 2622 867; x_wconf 89' lang='lat' dir='ltr'><strong>jecit</strong></span> <span class='ocrx_word' id='word_1_156' title='bbox 2644 798 2918 870; x_wconf 83' lang='lat' dir='ltr'><strong>sagittam,</strong></span> <span class='ocrx_word' id='word_1_157' title='bbox 2934 806 2995 854; x_wconf 88' lang='lat' dir='ltr'><strong>ut</strong></span> <span class='ocrx_word' id='word_1_158' title='bbox 3020 798 3258 855; x_wconf 83' lang='lat' dir='ltr'><strong>traderet</strong></span> <span class='ocrx_word' id='word_1_159' title='bbox 3284 799 3622 873; x_wconf 81' lang='lat' dir='ltr'><strong>Salvatorcm;</strong></span> <span class='ocrx_word' id='word_1_160' title='bbox 3637 822 3759 879; x_wconf 71' lang='lat' dir='ltr'><strong>quin</strong></span> 
     </span>
    </p>
   </div>
   <div class='ocr_carea' id='block_1_22' title="bbox 2251 888 3757 962">
    <p class='ocr_par' dir='ltr' id='par_1_22' title="bbox 2251 888 3757 962">
     <span class='ocr_line' id='line_1_22' title="bbox 2251 888 3757 962; baseline 0.007 -19"><span class='ocrx_word' id='word_1_161' title='bbox 2251 889 2299 944; x_wconf 87' lang='lat' dir='ltr'><strong>si</strong></span> <span class='ocrx_word' id='word_1_162' title='bbox 2342 897 2641 959; x_wconf 72' lang='lat' dir='ltr'><strong>exceptam</strong></span> <span class='ocrx_word' id='word_1_163' title='bbox 2696 889 2785 945; x_wconf 88' lang='lat' dir='ltr'><strong>ille</strong></span> <span class='ocrx_word' id='word_1_164' title='bbox 2830 888 3157 946; x_wconf 84' lang='lat' dir='ltr'><strong>miserabilis</strong></span> <span class='ocrx_word' id='word_1_165' title='bbox 3213 907 3321 947; x_wconf 93' lang='lat' dir='ltr'><strong>non</strong></span> <span class='ocrx_word' id='word_1_166' title='bbox 3377 890 3582 951; x_wconf 78' lang='lat' dir='ltr'><strong>fovisset</strong></span> <span class='ocrx_word' id='word_1_167' title='bbox 3601 937 3614 962; x_wconf 93' lang='lat'><strong>,</strong></span> <span class='ocrx_word' id='word_1_168' title='bbox 3654 913 3757 955; x_wconf 79' lang='lat' dir='ltr'><strong>nun-</strong></span> 
     </span>
    </p>
   </div>
   <div class='ocr_carea' id='block_1_23' title="bbox 2251 980 3758 1055">
    <p class='ocr_par' dir='ltr' id='par_1_23' title="bbox 2251 980 3758 1055">
     <span class='ocr_line' id='line_1_23' title="bbox 2251 980 3758 1055; baseline 0.009 -22"><span class='ocrx_word' id='word_1_169' title='bbox 2251 992 2413 1049; x_wconf 91' lang='lat' dir='ltr'><strong>quam</strong></span> <span class='ocrx_word' id='word_1_170' title='bbox 2440 988 2566 1051; x_wconf 86' lang='lat' dir='ltr'><strong>post</strong></span> <span class='ocrx_word' id='word_1_171' title='bbox 2587 980 2877 1036; x_wconf 89' lang='lat' dir='ltr'><strong>intinctum</strong></span> <span class='ocrx_word' id='word_1_172' title='bbox 2902 996 3099 1052; x_wconf 89' lang='lat' dir='ltr'><strong>panem</strong></span> <span class='ocrx_word' id='word_1_173' title='bbox 3153 981 3206 1037; x_wconf 91' lang='lat' dir='ltr'><strong>in</strong></span> <span class='ocrx_word' id='word_1_174' title='bbox 3237 985 3560 1055; x_wconf 79' lang='lat' dir='ltr'><strong>paropsidem</strong></span> <span class='ocrx_word' id='word_1_175' title='bbox 3600 988 3758 1046; x_wconf 81' lang='lat' dir='ltr'><strong>intras-</strong></span> 
     </span>
    </p>
   </div>
   <div class='ocr_carea' id='block_1_24' title="bbox 2252 1072 3760 1147">
    <p class='ocr_par' dir='ltr' id='par_1_24' title="bbox 2252 1072 3760 1147">
     <span class='ocr_line' id='line_1_24' title="bbox 2252 1072 3760 1147; baseline 0.004 -19"><span class='ocrx_word' id='word_1_176' title='bbox 2252 1082 2335 1129; x_wconf 86' lang='lat' dir='ltr'><strong>set</strong></span> <span class='ocrx_word' id='word_1_177' title='bbox 2362 1073 2416 1127; x_wconf 92' lang='lat' dir='ltr'><strong>in</strong></span> <span class='ocrx_word' id='word_1_178' title='bbox 2462 1072 2614 1128; x_wconf 90' lang='lat' dir='ltr'><strong>illum</strong></span> <span class='ocrx_word' id='word_1_179' title='bbox 2663 1072 2896 1129; x_wconf 87' lang='lat' dir='ltr'><strong>Satanas</strong></span> <span class='ocrx_word' id='word_1_180' title='bbox 2943 1073 3125 1146; x_wconf 82' lang='lat' dir='ltr'><strong>(Joan.</strong></span> <span class='ocrx_word' id='word_1_181' title='bbox 3152 1074 3297 1144; x_wconf 75' lang='lat' dir='ltr'><strong>xm).</strong></span> <span class='ocrx_word' id='word_1_182' title='bbox 3329 1073 3587 1147; x_wconf 82' lang='lat' dir='ltr'><strong>Simulque</strong></span> <span class='ocrx_word' id='word_1_183' title='bbox 3607 1087 3655 1134; x_wconf 88' lang='lat' dir='ltr'><strong>et</strong></span> <span class='ocrx_word' id='word_1_184' title='bbox 3685 1080 3760 1140; x_wconf 81' lang='lat' dir='ltr'><strong>hoc</strong></span> 
     </span>
    </p>
   </div>
   <div class='ocr_carea' id='block_1_25' title="bbox 2252 1164 3762 1237">
    <p class='ocr_par' dir='ltr' id='par_1_25' title="bbox 2252 1164 3762 1237">
     <span class='ocr_line' id='line_1_25' title="bbox 2252 1164 3762 1237; baseline 0.005 -16"><span class='ocrx_word' id='word_1_185' title='bbox 2252 1164 2539 1237; x_wconf 86' lang='lat' dir='ltr'><strong>diligenter</strong></span> <span class='ocrx_word' id='word_1_186' title='bbox 2584 1164 2870 1231; x_wconf 89' lang='lat' dir='ltr'><strong>attendite,</strong></span> <span class='ocrx_word' id='word_1_187' title='bbox 2919 1164 3067 1236; x_wconf 86' lang='lat' dir='ltr'><strong>quod</strong></span> <span class='ocrx_word' id='word_1_188' title='bbox 3126 1181 3235 1221; x_wconf 91' lang='lat' dir='ltr'><strong>non</strong></span> <span class='ocrx_word' id='word_1_189' title='bbox 3282 1166 3535 1223; x_wconf 84' lang='lat' dir='ltr'><strong>invenerit</strong></span> <span class='ocrx_word' id='word_1_190' title='bbox 3571 1168 3762 1229; x_wconf 72' lang='lat' dir='ltr'><strong>diabolus</strong></span> 
     </span>
    </p>
   </div>
   <div class='ocr_carea' id='block_1_26' title="bbox 2252 1256 3761 1331">
    <p class='ocr_par' dir='ltr' id='par_1_26' title="bbox 2252 1256 3761 1331">
     <span class='ocr_line' id='line_1_26' title="bbox 2252 1256 3761 1331; baseline 0.005 -18"><span class='ocrx_word' id='word_1_191' title='bbox 2252 1256 2433 1313; x_wconf 91' lang='lat' dir='ltr'><strong>locum</strong></span> <span class='ocrx_word' id='word_1_192' title='bbox 2460 1257 2769 1314; x_wconf 86' lang='lat' dir='ltr'><strong>introeundi</strong></span> <span class='ocrx_word' id='word_1_193' title='bbox 2815 1258 2870 1313; x_wconf 91' lang='lat' dir='ltr'><strong>in</strong></span> <span class='ocrx_word' id='word_1_194' title='bbox 2897 1256 3115 1325; x_wconf 73' lang='lat' dir='ltr'><strong>ludam,</strong></span> <span class='ocrx_word' id='word_1_195' title='bbox 3154 1257 3308 1328; x_wconf 83' lang='lat' dir='ltr'><strong>cujus</strong></span> <span class='ocrx_word' id='word_1_196' title='bbox 3355 1268 3533 1331; x_wconf 85' lang='lat' dir='ltr'><strong>pectus</strong></span> <span class='ocrx_word' id='word_1_197' title='bbox 3550 1259 3646 1330; x_wconf 83' lang='lat' dir='ltr'><strong>jam</strong></span> <span class='ocrx_word' id='word_1_198' title='bbox 3669 1272 3761 1320; x_wconf 78' lang='lat' dir='ltr'><strong>ante</strong></span> 
     </span>
    </p>
   </div>
   <div class='ocr_carea' id='block_1_27' title="bbox 2250 1351 3761 1425">
    <p class='ocr_par' dir='ltr' id='par_1_27' title="bbox 2250 1351 3761 1425">
     <span class='ocr_line' id='line_1_27' title="bbox 2250 1351 3761 1425; baseline 0.003 -17"><span class='ocrx_word' id='word_1_199' title='bbox 2250 1361 2614 1425; x_wconf 87' lang='lat' dir='ltr'><strong>percusserat,</strong></span> <span class='ocrx_word' id='word_1_200' title='bbox 2663 1353 2769 1409; x_wconf 89' lang='lat' dir='ltr'><strong>nisi</strong></span> <span class='ocrx_word' id='word_1_201' title='bbox 2804 1353 2860 1408; x_wconf 87' lang='lat' dir='ltr'><strong>in</strong></span> <span class='ocrx_word' id='word_1_202' title='bbox 2887 1353 3137 1409; x_wconf 86' lang='lat' dir='ltr'><strong>convivio</strong></span> <span class='ocrx_word' id='word_1_203' title='bbox 3166 1351 3494 1421; x_wconf 86' lang='lat' dir='ltr'><strong>Salvatoris;</strong></span> <span class='ocrx_word' id='word_1_204' title='bbox 3521 1355 3631 1425; x_wconf 89' lang='lat' dir='ltr'><strong>quia</strong></span> <span class='ocrx_word' id='word_1_205' title='bbox 3668 1366 3761 1413; x_wconf 77' lang='lat' dir='ltr'><strong>utut</strong></span> 
     </span>
    </p>
   </div>
   <div class='ocr_carea' id='block_1_28' title="bbox 2249 1444 3759 1517">
    <p class='ocr_par' dir='ltr' id='par_1_28' title="bbox 2249 1444 3759 1517">
     <span class='ocr_line' id='line_1_28' title="bbox 2249 1444 3759 1517; baseline 0.004 -18"><span class='ocrx_word' id='word_1_206' title='bbox 2249 1444 2337 1499; x_wconf 87' lang='lat' dir='ltr'><strong>vel</strong></span> <span class='ocrx_word' id='word_1_207' title='bbox 2384 1445 2621 1500; x_wconf 80' lang='lat' dir='ltr'><strong>maxime</strong></span> <span class='ocrx_word' id='word_1_208' title='bbox 2650 1445 2705 1499; x_wconf 91' lang='lat' dir='ltr'><strong>in</strong></span> <span class='ocrx_word' id='word_1_209' title='bbox 2755 1452 3082 1515; x_wconf 89' lang='lat' dir='ltr'><strong>potestatem</strong></span> <span class='ocrx_word' id='word_1_210' title='bbox 3128 1444 3182 1502; x_wconf 87' lang='lat' dir='ltr'><strong>ei</strong></span> <span class='ocrx_word' id='word_1_211' title='bbox 3224 1446 3434 1513; x_wconf 88' lang='lat' dir='ltr'><strong>damur,</strong></span> <span class='ocrx_word' id='word_1_212' title='bbox 3479 1447 3664 1517; x_wconf 86' lang='lat' dir='ltr'><strong>quando</strong></span> <span class='ocrx_word' id='word_1_213' title='bbox 3688 1463 3759 1505; x_wconf 82' lang='lat' dir='ltr'><strong>nec</strong></span> 
     </span>
    </p>
   </div>
   <div class='ocr_carea' id='block_1_29' title="bbox 2252 1533 3760 1607">
    <p class='ocr_par' dir='ltr' id='par_1_29' title="bbox 2252 1533 3760 1607">
     <span class='ocr_line' id='line_1_29' title="bbox 2252 1533 3760 1607; baseline 0.004 -19"><span class='ocrx_word' id='word_1_214' title='bbox 2252 1533 2611 1601; x_wconf 88' lang='lat' dir='ltr'><strong>humanitate,</strong></span> <span class='ocrx_word' id='word_1_215' title='bbox 2645 1549 2745 1591; x_wconf 91' lang='lat' dir='ltr'><strong>nec</strong></span> <span class='ocrx_word' id='word_1_216' title='bbox 2792 1533 3098 1601; x_wconf 89' lang='lat' dir='ltr'><strong>clementia,</strong></span> <span class='ocrx_word' id='word_1_217' title='bbox 3127 1548 3233 1591; x_wconf 87' lang='lat' dir='ltr'><strong>nec</strong></span> <span class='ocrx_word' id='word_1_218' title='bbox 3280 1535 3653 1593; x_wconf 81' lang='lat' dir='ltr'><strong>mansuetudine</strong></span> <span class='ocrx_word' id='word_1_219' title='bbox 3673 1536 3760 1607; x_wconf 70' lang='lat' dir='ltr'><strong>eius</strong></span> 
     </span>
    </p>
   </div>
   <div class='ocr_carea' id='block_1_30' title="bbox 2250 1606 3759 1696">
    <p class='ocr_par' dir='ltr' id='par_1_30' title="bbox 2250 1606 3759 1696">
     <span class='ocr_line' id='line_1_30' title="bbox 2250 1606 3759 1696; baseline 0.004 -19"><span class='ocrx_word' id='word_1_220' title='bbox 2250 1606 2542 1688; x_wconf 80' lang='lat' dir='ltr'><strong>vincimur,</strong></span> <span class='ocrx_word' id='word_1_221' title='bbox 2582 1637 2745 1693; x_wconf 89' lang='lat' dir='ltr'><strong>quem</strong></span> <span class='ocrx_word' id='word_1_222' title='bbox 2787 1623 3003 1679; x_wconf 89' lang='lat' dir='ltr'><strong>odimus</strong></span> <span class='ocrx_word' id='word_1_223' title='bbox 3054 1623 3292 1696; x_wconf 85' lang='lat' dir='ltr'><strong>indigne.</strong></span> <span class='ocrx_word' id='word_1_224' title='bbox 3321 1623 3453 1681; x_wconf 81' lang='lat' dir='ltr'><strong>Huic</strong></span> <span class='ocrx_word' id='word_1_225' title='bbox 3493 1624 3620 1695; x_wconf 88' lang='lat' dir='ltr'><strong>quod</strong></span> <span class='ocrx_word' id='word_1_226' title='bbox 3655 1606 3759 1683; x_wconf 81' lang='lat' dir='ltr'><strong>nunc</strong></span> 
     </span>
    </p>
   </div>
   <div class='ocr_carea' id='block_1_31' title="bbox 2251 1714 3758 1786">
    <p class='ocr_par' dir='ltr' id='par_1_31' title="bbox 2251 1714 3758 1786">
     <span class='ocr_line' id='line_1_31' title="bbox 2251 1714 3758 1786; baseline 0.002 -15"><span class='ocrx_word' id='word_1_227' title='bbox 2251 1714 2538 1786; x_wconf 68' lang='lat' dir='ltr'><strong>praecipit:</strong></span> <span class='ocrx_word' id='word_1_228' title='bbox 2574 1714 2759 1786; x_wconf 85' lang='lat' dir='ltr'><strong>Neque</strong></span> <span class='ocrx_word' id='word_1_229' title='bbox 2806 1715 2978 1771; x_wconf 84' lang='lat' dir='ltr'><strong>locum</strong></span> <span class='ocrx_word' id='word_1_230' title='bbox 3023 1715 3157 1770; x_wconf 84' lang='lat' dir='ltr'><strong>detis</strong></span> <span class='ocrx_word' id='word_1_231' title='bbox 3184 1715 3435 1785; x_wconf 44' lang='lat' dir='ltr'><strong>‘diabolo,</strong></span> <span class='ocrx_word' id='word_1_232' title='bbox 3466 1715 3581 1772; x_wconf 85' lang='lat' dir='ltr'><strong>illud</strong></span> <span class='ocrx_word' id='word_1_233' title='bbox 3605 1718 3659 1773; x_wconf 86' lang='lat' dir='ltr'><strong>de</strong></span> <span class='ocrx_word' id='word_1_234' title='bbox 3684 1718 3758 1774; x_wconf 76' lang='lat' dir='ltr'><strong>Et:-</strong></span> 
     </span>
    </p>
   </div>
   <div class='ocr_carea' id='block_1_32' title="bbox 551 1800 3758 1883">
    <p class='ocr_par' dir='ltr' id='par_1_32' title="bbox 551 1800 3758 1883">
     <span class='ocr_line' id='line_1_32' title="bbox 551 1800 3758 1883; baseline 0.002 -27"><span class='ocrx_word' id='word_1_235' title='bbox 551 1814 621 1857; x_wconf 82' lang='lat' dir='ltr'><strong>ex</strong></span> <span class='ocrx_word' id='word_1_236' title='bbox 646 1801 762 1872; x_wconf 88' lang='lat' dir='ltr'><strong>ipsa</strong></span> <span class='ocrx_word' id='word_1_237' title='bbox 805 1805 1116 1861; x_wconf 87' lang='lat' dir='ltr'><strong>conditione</strong></span> <span class='ocrx_word' id='word_1_238' title='bbox 1152 1814 1208 1862; x_wconf 92' lang='lat' dir='ltr'><strong>et</strong></span> <span class='ocrx_word' id='word_1_239' title='bbox 1240 1806 1560 1863; x_wconf 83' lang='lat' dir='ltr'><strong>inﬁrmitate</strong></span> <span class='ocrx_word' id='word_1_240' title='bbox 1588 1810 1955 1877; x_wconf 81' lang='lat' dir='ltr'><strong>mortalitatis,</strong></span> <span class='ocrx_word' id='word_1_241' title='bbox 1983 1828 2147 1883; x_wconf 88' lang='lat' dir='ltr'><strong>quam</strong></span> <span class='ocrx_word' id='word_1_242' title='bbox 2176 1800 2226 1862; x_wconf 81' lang='grc' dir='ltr'><strong>Β</strong></span> <span class='ocrx_word' id='word_1_243' title='bbox 2253 1806 2501 1863; x_wconf 87' lang='lat' dir='ltr'><strong>clesiaste</strong></span> <span class='ocrx_word' id='word_1_244' title='bbox 2528 1815 2879 1878; x_wconf 75' lang='lat' dir='ltr'><strong>wmparatur</strong></span> <span class='ocrx_word' id='word_1_245' title='bbox 2912 1825 2926 1862; x_wconf 89' lang='lat'><strong>:</strong></span> <span class='ocrx_word' id='word_1_246' title='bbox 2957 1806 3019 1863; x_wconf 87' lang='lat' dir='ltr'><strong>Si</strong></span> <span class='ocrx_word' id='word_1_247' title='bbox 3064 1807 3282 1879; x_wconf 80' lang='lat' dir='ltr'><strong>spiritus</strong></span> <span class='ocrx_word' id='word_1_248' title='bbox 3309 1817 3592 1878; x_wconf 75' lang='lat' dir='ltr'><strong>potestatem</strong></span> <span class='ocrx_word' id='word_1_249' title='bbox 3614 1809 3758 1864; x_wconf 71' lang='lat' dir='ltr'><strong>babes-</strong></span> 
     </span>
    </p>
   </div>
   <div class='ocr_carea' id='block_1_33' title="bbox 554 1898 2149 1968">
    <p class='ocr_par' dir='ltr' id='par_1_33' title="bbox 554 1898 2149 1968">
     <span class='ocr_line' id='line_1_33' title="bbox 554 1898 2149 1968; baseline 0.008 -21"><span class='ocrx_word' id='word_1_250' title='bbox 554 1903 859 1964; x_wconf 86' lang='lat' dir='ltr'><strong>portamus,</strong></span> <span class='ocrx_word' id='word_1_251' title='bbox 917 1898 1151 1968; x_wconf 88' lang='lat' dir='ltr'><strong>subripit</strong></span> <span class='ocrx_word' id='word_1_252' title='bbox 1195 1899 1277 1954; x_wconf 87' lang='lat' dir='ltr'><strong>ira</strong></span> <span class='ocrx_word' id='word_1_253' title='bbox 1338 1898 1671 1968; x_wconf 88' lang='lat' dir='ltr'><strong>Christiano,</strong></span> <span class='ocrx_word' id='word_1_254' title='bbox 1732 1917 1842 1958; x_wconf 92' lang='lat' dir='ltr'><strong>non</strong></span> <span class='ocrx_word' id='word_1_255' title='bbox 1870 1901 2032 1959; x_wconf 88' lang='lat' dir='ltr'><strong>debet</strong></span> <span class='ocrx_word' id='word_1_256' title='bbox 2058 1905 2149 1960; x_wconf 89' lang='lat' dir='ltr'><strong>diu</strong></span> 
     </span>
    </p>
   </div>
   <div class='ocr_carea' id='block_1_34' title="bbox 550 1988 2151 2062">
    <p class='ocr_par' dir='ltr' id='par_1_34' title="bbox 550 1988 2151 2062">
     <span class='ocr_line' id='line_1_34' title="bbox 550 1988 2151 2062; baseline 0.007 -22"><span class='ocrx_word' id='word_1_257' title='bbox 550 1988 728 2043; x_wconf 86' lang='lat' dir='ltr'><strong>teneri</strong></span> <span class='ocrx_word' id='word_1_258' title='bbox 754 1999 810 2044; x_wconf 88' lang='lat' dir='ltr'><strong>et</strong></span> <span class='ocrx_word' id='word_1_259' title='bbox 852 1988 973 2045; x_wconf 82' lang='lat' dir='ltr'><strong>ﬁeri</strong></span> <span class='ocrx_word' id='word_1_260' title='bbox 1003 1991 1275 2061; x_wconf 88' lang='lat' dir='ltr'><strong>pridiana.</strong></span> <span class='ocrx_word' id='word_1_261' title='bbox 1328 1991 1479 2062; x_wconf 83' lang='lat' dir='ltr'><strong>Ejice</strong></span> <span class='ocrx_word' id='word_1_262' title='bbox 1508 1993 1656 2049; x_wconf 89' lang='lat' dir='ltr'><strong>illam</strong></span> <span class='ocrx_word' id='word_1_263' title='bbox 1704 1994 1772 2051; x_wconf 91' lang='lat' dir='ltr'><strong>de</strong></span> <span class='ocrx_word' id='word_1_264' title='bbox 1795 1995 1962 2051; x_wconf 88' lang='lat' dir='ltr'><strong>corde</strong></span> <span class='ocrx_word' id='word_1_265' title='bbox 1995 2005 2151 2051; x_wconf 86' lang='lat' dir='ltr'><strong>ante-</strong></span> 
     </span>
    </p>
   </div>
   <div class='ocr_carea' id='block_1_35' title="bbox 552 2080 2147 2152">
    <p class='ocr_par' dir='ltr' id='par_1_35' title="bbox 552 2080 2147 2152">
     <span class='ocr_line' id='line_1_35' title="bbox 552 2080 2147 2152; baseline 0.008 -20"><span class='ocrx_word' id='word_1_266' title='bbox 552 2093 717 2149; x_wconf 87' lang='lat' dir='ltr'><strong>quam</strong></span> <span class='ocrx_word' id='word_1_267' title='bbox 750 2080 968 2138; x_wconf 86' lang='lat' dir='ltr'><strong>occidat</strong></span> <span class='ocrx_word' id='word_1_268' title='bbox 999 2082 1091 2138; x_wconf 80' lang='lat' dir='ltr'><strong>lux</strong></span> <span class='ocrx_word' id='word_1_269' title='bbox 1145 2083 1252 2139; x_wconf 88' lang='lat' dir='ltr'><strong>ista</strong></span> <span class='ocrx_word' id='word_1_270' title='bbox 1296 2085 1551 2152; x_wconf 89' lang='lat' dir='ltr'><strong>visibilis,</strong></span> <span class='ocrx_word' id='word_1_271' title='bbox 1604 2101 1674 2142; x_wconf 91' lang='lat' dir='ltr'><strong>ne</strong></span> <span class='ocrx_word' id='word_1_272' title='bbox 1719 2095 1772 2143; x_wconf 90' lang='lat' dir='ltr'><strong>te</strong></span> <span class='ocrx_word' id='word_1_273' title='bbox 1795 2087 2017 2144; x_wconf 88' lang='lat' dir='ltr'><strong>deserat</strong></span> <span class='ocrx_word' id='word_1_274' title='bbox 2053 2088 2147 2145; x_wconf 81' lang='lat' dir='ltr'><strong>lux</strong></span> 
     </span>
    </p>
   </div>
   <div class='ocr_carea' id='block_1_36' title="bbox 550 2168 2144 2251">
    <p class='ocr_par' dir='ltr' id='par_1_36' title="bbox 550 2168 2144 2251">
     <span class='ocr_line' id='line_1_36' title="bbox 550 2168 2144 2251; baseline 0.008 -28"><span class='ocrx_word' id='word_1_275' title='bbox 550 2168 644 2224; x_wconf 90' lang='lat' dir='ltr'><strong>illa</strong></span> <span class='ocrx_word' id='word_1_276' title='bbox 675 2171 986 2228; x_wconf 87' lang='lat' dir='ltr'><strong>invisibilis.</strong></span> <span class='ocrx_word' id='word_1_277' title='bbox 1017 2172 1127 2230; x_wconf 90' lang='lat' dir='ltr'><strong>Sed</strong></span> <span class='ocrx_word' id='word_1_278' title='bbox 1151 2183 1208 2231; x_wconf 90' lang='lat' dir='ltr'><strong>et</strong></span> <span class='ocrx_word' id='word_1_279' title='bbox 1235 2175 1394 2233; x_wconf 87' lang='lat' dir='ltr'><strong>aliter</strong></span> <span class='ocrx_word' id='word_1_280' title='bbox 1422 2176 1617 2233; x_wconf 89' lang='lat' dir='ltr'><strong>melius</strong></span> <span class='ocrx_word' id='word_1_281' title='bbox 1647 2176 1988 2251; x_wconf 89' lang='lat' dir='ltr'><strong>intelligitur,</strong></span> <span class='ocrx_word' id='word_1_282' title='bbox 2017 2180 2144 2251; x_wconf 90' lang='lat' dir='ltr'><strong>quia</strong></span> 
     </span>
    </p>
   </div>
   <div class='ocr_carea' id='block_1_37' title="bbox 548 2263 2147 2343">
    <p class='ocr_par' dir='ltr' id='par_1_37' title="bbox 548 2263 2147 2343">
     <span class='ocr_line' id='line_1_37' title="bbox 548 2263 2147 2343; baseline 0.007 -26"><span class='ocrx_word' id='word_1_283' title='bbox 548 2270 737 2343; x_wconf 60' lang='lat' dir='ltr'><strong>noster</strong></span> <span class='ocrx_word' id='word_1_284' title='bbox 760 2264 839 2321; x_wconf 90' lang='lat' dir='ltr'><strong>sol</strong></span> <span class='ocrx_word' id='word_1_285' title='bbox 861 2263 1085 2335; x_wconf 74' lang='lat' dir='ltr'><strong>iustitiae</strong></span> <span class='ocrx_word' id='word_1_286' title='bbox 1105 2276 1163 2322; x_wconf 90' lang='lat' dir='ltr'><strong>et</strong></span> <span class='ocrx_word' id='word_1_287' title='bbox 1182 2268 1429 2324; x_wconf 89' lang='lat' dir='ltr'><strong>veritatis</strong></span> <span class='ocrx_word' id='word_1_288' title='bbox 1456 2266 1709 2326; x_wconf 86' lang='lat' dir='ltr'><strong>Christus</strong></span> <span class='ocrx_word' id='word_1_289' title='bbox 1733 2279 1841 2337; x_wconf 93' lang='lat' dir='ltr'><strong>est,</strong></span> <span class='ocrx_word' id='word_1_290' title='bbox 1869 2271 2027 2343; x_wconf 87' lang='lat' dir='ltr'><strong>cujus</strong></span> <span class='ocrx_word' id='word_1_291' title='bbox 2054 2286 2147 2328; x_wconf 88' lang='lat' dir='ltr'><strong>ve-</strong></span> 
     </span>
    </p>
   </div>
   <div class='ocr_carea' id='block_1_38' title="bbox 537 2330 2147 2434">
    <p class='ocr_par' dir='ltr' id='par_1_38' title="bbox 537 2330 2147 2434">
     <span class='ocr_line' id='line_1_38' title="bbox 537 2330 2147 2434; baseline 0.006 -26"><span class='ocrx_word' id='word_1_292' title='bbox 537 2330 713 2409; x_wconf 61' lang='lat' dir='ltr'><strong>fitate</strong></span> <span class='ocrx_word' id='word_1_293' title='bbox 740 2330 920 2411; x_wconf 83' lang='lat' dir='ltr'><strong>anima</strong></span> <span class='ocrx_word' id='word_1_294' title='bbox 977 2361 1213 2415; x_wconf 88' lang='lat' dir='ltr'><strong>humana</strong></span> <span class='ocrx_word' id='word_1_295' title='bbox 1259 2358 1584 2428; x_wconf 89' lang='lat' dir='ltr'><strong>illustratur,</strong></span> <span class='ocrx_word' id='word_1_296' title='bbox 1614 2361 1683 2416; x_wconf 90' lang='lat' dir='ltr'><strong>ad</strong></span> <span class='ocrx_word' id='word_1_297' title='bbox 1711 2376 1875 2432; x_wconf 91' lang='lat' dir='ltr'><strong>quem</strong></span> <span class='ocrx_word' id='word_1_298' title='bbox 1909 2330 2147 2434; x_wconf 69' lang='lat' dir='ltr'><strong>gaudent</strong></span> 
     </span>
    </p>
   </div>
   <div class='ocr_carea' id='block_1_39' title="bbox 549 2447 2145 2520">
    <p class='ocr_par' dir='ltr' id='par_1_39' title="bbox 549 2447 2145 2520">
     <span class='ocr_line' id='line_1_39' title="bbox 549 2447 2145 2520; baseline 0.01 -22"><span class='ocrx_word' id='word_1_299' title='bbox 549 2447 726 2520; x_wconf 80' lang='lat' dir='ltr'><strong>angeli</strong></span> <span class='ocrx_word' id='word_1_300' title='bbox 753 2464 769 2515; x_wconf 92' lang='lat'><strong>;</strong></span> <span class='ocrx_word' id='word_1_301' title='bbox 806 2449 1088 2506; x_wconf 83' lang='lat' dir='ltr'><strong>hominum</strong></span> <span class='ocrx_word' id='word_1_302' title='bbox 1135 2461 1315 2509; x_wconf 86' lang='lat' dir='ltr'><strong>autem</strong></span> <span class='ocrx_word' id='word_1_303' title='bbox 1344 2453 1633 2510; x_wconf 61' lang='lat' dir='ltr'><strong>inﬁrmata</strong></span> <span class='ocrx_word' id='word_1_304' title='bbox 1658 2456 1808 2511; x_wconf 88' lang='lat' dir='ltr'><strong>acies</strong></span> <span class='ocrx_word' id='word_1_305' title='bbox 1833 2455 2016 2513; x_wconf 85' lang='lat' dir='ltr'><strong>cordis</strong></span> <span class='ocrx_word' id='word_1_306' title='bbox 2042 2459 2145 2514; x_wconf 88' lang='lat' dir='ltr'><strong>etsi</strong></span> 
     </span>
    </p>
   </div>
   <div class='ocr_carea' id='block_1_40' title="bbox 550 2540 2147 2614">
    <p class='ocr_par' dir='ltr' id='par_1_40' title="bbox 550 2540 2147 2614">
     <span class='ocr_line' id='line_1_40' title="bbox 550 2540 2147 2614; baseline 0.009 -24"><span class='ocrx_word' id='word_1_307' title='bbox 550 2540 826 2608; x_wconf 87' lang='lat' dir='ltr'><strong>trepidant</strong></span> <span class='ocrx_word' id='word_1_308' title='bbox 880 2542 981 2597; x_wconf 90' lang='lat' dir='ltr'><strong>sub</strong></span> <span class='ocrx_word' id='word_1_309' title='bbox 1011 2542 1179 2598; x_wconf 89' lang='lat' dir='ltr'><strong>radiis</strong></span> <span class='ocrx_word' id='word_1_310' title='bbox 1207 2543 1347 2614; x_wconf 90' lang='lat' dir='ltr'><strong>ejus,</strong></span> <span class='ocrx_word' id='word_1_311' title='bbox 1380 2543 1451 2600; x_wconf 90' lang='lat' dir='ltr'><strong>ad</strong></span> <span class='ocrx_word' id='word_1_312' title='bbox 1489 2560 1615 2601; x_wconf 92' lang='lat' dir='ltr'><strong>eum</strong></span> <span class='ocrx_word' id='word_1_313' title='bbox 1666 2555 1849 2602; x_wconf 88' lang='lat' dir='ltr'><strong>tamen</strong></span> <span class='ocrx_word' id='word_1_314' title='bbox 1902 2556 2147 2605; x_wconf 53' lang='lat' dir='ltr'><strong>contem.</strong></span> 
     </span>
    </p>
   </div>
   <div class='ocr_carea' id='block_1_41' title="bbox 546 2629 2145 2712">
    <p class='ocr_par' dir='ltr' id='par_1_41' title="bbox 546 2629 2145 2712">
     <span class='ocr_line' id='line_1_41' title="bbox 546 2629 2145 2712; baseline 0.011 -29"><span class='ocrx_word' id='word_1_315' title='bbox 546 2629 812 2703; x_wconf 78' lang='lat' dir='ltr'><strong>plaudunt</strong></span> <span class='ocrx_word' id='word_1_316' title='bbox 840 2648 940 2705; x_wconf 83' lang='lat' dir='ltr'><strong>per</strong></span> <span class='ocrx_word' id='word_1_317' title='bbox 966 2635 1222 2692; x_wconf 86' lang='lat' dir='ltr'><strong>mandata</strong></span> <span class='ocrx_word' id='word_1_318' title='bbox 1262 2647 1584 2710; x_wconf 87' lang='lat' dir='ltr'><strong>purgantur.</strong></span> <span class='ocrx_word' id='word_1_319' title='bbox 1611 2637 1748 2696; x_wconf 90' lang='lat' dir='ltr'><strong>Cum</strong></span> <span class='ocrx_word' id='word_1_320' title='bbox 1776 2640 1897 2712; x_wconf 87' lang='lat' dir='ltr'><strong>ipse</strong></span> <span class='ocrx_word' id='word_1_321' title='bbox 1924 2642 2007 2699; x_wconf 85' lang='lat' dir='ltr'><strong>sol</strong></span> <span class='ocrx_word' id='word_1_322' title='bbox 2033 2657 2145 2699; x_wconf 71' lang='grc' dir='ltr'><strong>εωο</strong></span> 
     </span>
    </p>
   </div>
   <div class='ocr_carea' id='block_1_42' title="bbox 545 2723 2144 2805">
    <p class='ocr_par' dir='ltr' id='par_1_42' title="bbox 545 2723 2144 2805">
     <span class='ocr_line' id='line_1_42' title="bbox 545 2723 2144 2805; baseline 0.009 -29"><span class='ocrx_word' id='word_1_323' title='bbox 545 2724 692 2793; x_wconf 89' lang='lat' dir='ltr'><strong>perit</strong></span> <span class='ocrx_word' id='word_1_324' title='bbox 743 2723 797 2780; x_wconf 91' lang='lat' dir='ltr'><strong>in</strong></span> <span class='ocrx_word' id='word_1_325' title='bbox 839 2727 1059 2805; x_wconf 74' lang='lat' dir='ltr'><strong>homine</strong></span> <span class='ocrx_word' id='word_1_326' title='bbox 1090 2728 1337 2785; x_wconf 84' lang='lat' dir='ltr'><strong>habitare</strong></span> <span class='ocrx_word' id='word_1_327' title='bbox 1366 2744 1465 2800; x_wconf 90' lang='lat' dir='ltr'><strong>per</strong></span> <span class='ocrx_word' id='word_1_328' title='bbox 1491 2729 1673 2798; x_wconf 80' lang='lat' dir='ltr'><strong>tidem,</strong></span> <span class='ocrx_word' id='word_1_329' title='bbox 1705 2746 1815 2786; x_wconf 93' lang='lat' dir='ltr'><strong>non</strong></span> <span class='ocrx_word' id='word_1_330' title='bbox 1844 2740 2054 2788; x_wconf 90' lang='lat' dir='ltr'><strong>tantam</strong></span> <span class='ocrx_word' id='word_1_331' title='bbox 2086 2733 2144 2790; x_wconf 92' lang='lat' dir='ltr'><strong>in</strong></span> 
     </span>
    </p>
   </div>
   <div class='ocr_carea' id='block_1_43' title="bbox 546 2814 2143 2892">
    <p class='ocr_par' dir='ltr' id='par_1_43' title="bbox 546 2814 2143 2892">
     <span class='ocr_line' id='line_1_43' title="bbox 546 2814 2143 2892; baseline 0.007 -23"><span class='ocrx_word' id='word_1_332' title='bbox 546 2824 600 2870; x_wconf 89' lang='lat' dir='ltr'><strong>te</strong></span> <span class='ocrx_word' id='word_1_333' title='bbox 629 2814 810 2873; x_wconf 86' lang='lat' dir='ltr'><strong>videat</strong></span> <span class='ocrx_word' id='word_1_334' title='bbox 859 2819 1213 2887; x_wconf 86' lang='lat' dir='ltr'><strong>iracundiam,</strong></span> <span class='ocrx_word' id='word_1_335' title='bbox 1247 2836 1369 2892; x_wconf 72' lang='lat' dir='ltr'><strong>qua:</strong></span> <span class='ocrx_word' id='word_1_336' title='bbox 1403 2821 1670 2889; x_wconf 82' lang='lat' dir='ltr'><strong>nascitur,</strong></span> <span class='ocrx_word' id='word_1_337' title='bbox 1701 2830 1764 2878; x_wconf 92' lang='lat' dir='ltr'><strong>ut</strong></span> <span class='ocrx_word' id='word_1_338' title='bbox 1792 2823 2008 2880; x_wconf 89' lang='lat' dir='ltr'><strong>occidat</strong></span> <span class='ocrx_word' id='word_1_339' title='bbox 2058 2825 2143 2882; x_wconf 92' lang='lat' dir='ltr'><strong>sol</strong></span> 
     </span>
    </p>
   </div>
   <div class='ocr_carea' id='block_1_44' title="bbox 542 2909 2142 2982">
    <p class='ocr_par' dir='ltr' id='par_1_44' title="bbox 542 2909 2142 2982">
     <span class='ocr_line' id='line_1_44' title="bbox 542 2909 2142 2982; baseline 0.007 -21"><span class='ocrx_word' id='word_1_340' title='bbox 542 2920 709 2978; x_wconf 88' lang='lat' dir='ltr'><strong>super</strong></span> <span class='ocrx_word' id='word_1_341' title='bbox 769 2909 1104 2968; x_wconf 86' lang='lat' dir='ltr'><strong>iracundiam</strong></span> <span class='ocrx_word' id='word_1_342' title='bbox 1137 2921 1306 2980; x_wconf 90' lang='lat' dir='ltr'><strong>tuam,</strong></span> <span class='ocrx_word' id='word_1_343' title='bbox 1360 2913 1415 2969; x_wconf 91' lang='lat' dir='ltr'><strong>id</strong></span> <span class='ocrx_word' id='word_1_344' title='bbox 1460 2921 1568 2982; x_wconf 90' lang='lat' dir='ltr'><strong>est,</strong></span> <span class='ocrx_word' id='word_1_345' title='bbox 1619 2914 1840 2971; x_wconf 89' lang='lat' dir='ltr'><strong>deserat</strong></span> <span class='ocrx_word' id='word_1_346' title='bbox 1888 2915 2142 2973; x_wconf 89' lang='lat' dir='ltr'><strong>Christus</strong></span> 
     </span>
    </p>
   </div>
   <div class='ocr_carea' id='block_1_45' title="bbox 543 3006 2142 3079">
    <p class='ocr_par' dir='ltr' id='par_1_45' title="bbox 543 3006 2142 3079">
     <span class='ocr_line' id='line_1_45' title="bbox 543 3006 2142 3079; baseline 0.006 -23"><span class='ocrx_word' id='word_1_347' title='bbox 543 3012 782 3059; x_wconf 87' lang='lat' dir='ltr'><strong>mentem</strong></span> <span class='ocrx_word' id='word_1_348' title='bbox 815 3013 979 3072; x_wconf 89' lang='lat' dir='ltr'><strong>tuam,</strong></span> <span class='ocrx_word' id='word_1_349' title='bbox 1016 3007 1145 3079; x_wconf 87' lang='lat' dir='ltr'><strong>quia</strong></span> <span class='ocrx_word' id='word_1_350' title='bbox 1173 3021 1283 3063; x_wconf 92' lang='lat' dir='ltr'><strong>non</strong></span> <span class='ocrx_word' id='word_1_351' title='bbox 1336 3006 1454 3062; x_wconf 92' lang='lat' dir='ltr'><strong>vult</strong></span> <span class='ocrx_word' id='word_1_352' title='bbox 1492 3007 1741 3065; x_wconf 87' lang='lat' dir='ltr'><strong>habitare</strong></span> <span class='ocrx_word' id='word_1_353' title='bbox 1772 3024 1895 3065; x_wconf 91' lang='lat' dir='ltr'><strong>cum</strong></span> <span class='ocrx_word' id='word_1_354' title='bbox 1924 3010 2142 3066; x_wconf 82' lang='lat' dir='ltr'><strong>iracun-</strong></span> 
     </span>
    </p>
   </div>
   <div class='ocr_carea' id='block_1_46' title="bbox 2251 1897 3758 1969">
    <p class='ocr_par' dir='ltr' id='par_1_46' title="bbox 2251 1897 3758 1969">
     <span class='ocr_line' id='line_1_46' title="bbox 2251 1897 3758 1969; baseline 0.003 -18"><span class='ocrx_word' id='word_1_355' title='bbox 2251 1898 2320 1951; x_wconf 83' lang='lat' dir='ltr'><strong>tis</strong></span> <span class='ocrx_word' id='word_1_356' title='bbox 2357 1897 2649 1953; x_wconf 77' lang='lat' dir='ltr'><strong>ascenderit</strong></span> <span class='ocrx_word' id='word_1_357' title='bbox 2704 1914 2863 1969; x_wconf 81' lang='lat' dir='ltr'><strong>super</strong></span> <span class='ocrx_word' id='word_1_358' title='bbox 2911 1907 2980 1965; x_wconf 81' lang='lat' dir='ltr'><strong>te,</strong></span> <span class='ocrx_word' id='word_1_359' title='bbox 3031 1897 3205 1954; x_wconf 86' lang='lat' dir='ltr'><strong>locum</strong></span> <span class='ocrx_word' id='word_1_360' title='bbox 3262 1909 3406 1955; x_wconf 83' lang='lat' dir='ltr'><strong>tuum</strong></span> <span class='ocrx_word' id='word_1_361' title='bbox 3454 1917 3512 1956; x_wconf 85' lang='lat' dir='ltr'><strong>ne</strong></span> <span class='ocrx_word' id='word_1_362' title='bbox 3543 1900 3758 1956; x_wconf 68' lang='lat' dir='ltr'><strong>dedeﬁtei</strong></span> 
     </span>
    </p>
   </div>
   <div class='ocr_carea' id='block_1_47' title="bbox 2257 1987 3759 2061">
    <p class='ocr_par' dir='ltr' id='par_1_47' title="bbox 2257 1987 3759 2061">
     <span class='ocr_line' id='line_1_47' title="bbox 2257 1987 3759 2061; baseline 0.004 -19"><span class='ocrx_word' id='word_1_363' title='bbox 2257 1987 2462 2060; x_wconf 84' lang='lat' dir='ltr'><strong>(Eccle.</strong></span> <span class='ocrx_word' id='word_1_364' title='bbox 2492 1990 2591 2061; x_wconf 79' lang='lat' dir='ltr'><strong>x);</strong></span> <span class='ocrx_word' id='word_1_365' title='bbox 2622 1987 2711 2044; x_wconf 91' lang='lat' dir='ltr'><strong>ille</strong></span> <span class='ocrx_word' id='word_1_366' title='bbox 2760 1990 3026 2061; x_wconf 89' lang='lat' dir='ltr'><strong>superbus</strong></span> <span class='ocrx_word' id='word_1_367' title='bbox 3053 1998 3111 2046; x_wconf 89' lang='lat' dir='ltr'><strong>et</strong></span> <span class='ocrx_word' id='word_1_368' title='bbox 3142 1992 3460 2048; x_wconf 85' lang='lat' dir='ltr'><strong>temerarius</strong></span> <span class='ocrx_word' id='word_1_369' title='bbox 3499 1992 3601 2048; x_wconf 90' lang='lat' dir='ltr'><strong>vult</strong></span> <span class='ocrx_word' id='word_1_370' title='bbox 3622 2006 3759 2048; x_wconf 81' lang='lat' dir='ltr'><strong>ascen-</strong></span> 
     </span>
    </p>
   </div>
   <div class='ocr_carea' id='block_1_48' title="bbox 2249 2077 3760 2154">
    <p class='ocr_par' dir='ltr' id='par_1_48' title="bbox 2249 2077 3760 2154">
     <span class='ocr_line' id='line_1_48' title="bbox 2249 2077 3760 2154; baseline 0.005 -21"><span class='ocrx_word' id='word_1_371' title='bbox 2249 2077 2403 2145; x_wconf 88' lang='lat' dir='ltr'><strong>dere,</strong></span> <span class='ocrx_word' id='word_1_372' title='bbox 2430 2077 2548 2135; x_wconf 89' lang='lat' dir='ltr'><strong>vult</strong></span> <span class='ocrx_word' id='word_1_373' title='bbox 2572 2079 2779 2145; x_wconf 89' lang='lat' dir='ltr'><strong>subire,</strong></span> <span class='ocrx_word' id='word_1_374' title='bbox 2807 2079 2904 2136; x_wconf 86' lang='lat' dir='ltr'><strong>sed</strong></span> <span class='ocrx_word' id='word_1_375' title='bbox 2946 2080 3161 2138; x_wconf 86' lang='lat' dir='ltr'><strong>etiamsi</strong></span> <span class='ocrx_word' id='word_1_376' title='bbox 3194 2090 3250 2138; x_wconf 90' lang='lat' dir='ltr'><strong>te</strong></span> <span class='ocrx_word' id='word_1_377' title='bbox 3276 2097 3573 2154; x_wconf 86' lang='lat' dir='ltr'><strong>oppressum</strong></span> <span class='ocrx_word' id='word_1_378' title='bbox 3592 2092 3760 2154; x_wconf 82' lang='lat' dir='ltr'><strong>putave-</strong></span> 
     </span>
    </p>
   </div>
   <div class='ocr_carea' id='block_1_49' title="bbox 2246 2169 3758 2247">
    <p class='ocr_par' dir='ltr' id='par_1_49' title="bbox 2246 2169 3758 2247">
     <span class='ocr_line' id='line_1_49' title="bbox 2246 2169 3758 2247; baseline 0.003 -23"><span class='ocrx_word' id='word_1_379' title='bbox 2246 2169 2341 2236; x_wconf 90' lang='lat' dir='ltr'><strong>rit,</strong></span> <span class='ocrx_word' id='word_1_380' title='bbox 2376 2176 2432 2226; x_wconf 92' lang='lat' dir='ltr'><strong>et</strong></span> <span class='ocrx_word' id='word_1_381' title='bbox 2456 2185 2516 2226; x_wconf 90' lang='lat' dir='ltr'><strong>se</strong></span> <span class='ocrx_word' id='word_1_382' title='bbox 2536 2170 2811 2239; x_wconf 77' lang='lat' dir='ltr'><strong>extulerit,</strong></span> <span class='ocrx_word' id='word_1_383' title='bbox 2843 2178 2905 2227; x_wconf 90' lang='lat' dir='ltr'><strong>tu</strong></span> <span class='ocrx_word' id='word_1_384' title='bbox 2933 2172 3232 2230; x_wconf 89' lang='lat' dir='ltr'><strong>retinueris</strong></span> <span class='ocrx_word' id='word_1_385' title='bbox 3258 2172 3351 2247; x_wconf 89' lang='lat' dir='ltr'><strong>[ne</strong></span> <span class='ocrx_word' id='word_1_386' title='bbox 3393 2173 3609 2247; x_wconf 89' lang='lat' dir='ltr'><strong>dederis]</strong></span> <span class='ocrx_word' id='word_1_387' title='bbox 3629 2174 3758 2230; x_wconf 85' lang='lat' dir='ltr'><strong>locum</strong></span> 
     </span>
    </p>
   </div>
   <div class='ocr_carea' id='block_1_50' title="bbox 2245 2263 3760 2335">
    <p class='ocr_par' dir='ltr' id='par_1_50' title="bbox 2245 2263 3760 2335">
     <span class='ocr_line' id='line_1_50' title="bbox 2245 2263 3760 2335; baseline 0.003 -19"><span class='ocrx_word' id='word_1_388' title='bbox 2245 2267 2400 2317; x_wconf 85' lang='lat' dir='ltr'><strong>tuum</strong></span> <span class='ocrx_word' id='word_1_389' title='bbox 2427 2279 2442 2316; x_wconf 89' lang='lat'><strong>:</strong></span> <span class='ocrx_word' id='word_1_390' title='bbox 2470 2269 2713 2333; x_wconf 87' lang='lat' dir='ltr'><strong>potestas</strong></span> <span class='ocrx_word' id='word_1_391' title='bbox 2740 2263 2937 2335; x_wconf 88' lang='lat' dir='ltr'><strong>quippe</strong></span> <span class='ocrx_word' id='word_1_392' title='bbox 2961 2263 3161 2321; x_wconf 89' lang='lat' dir='ltr'><strong>diaboli</strong></span> <span class='ocrx_word' id='word_1_393' title='bbox 3206 2280 3317 2322; x_wconf 89' lang='lat' dir='ltr'><strong>non</strong></span> <span class='ocrx_word' id='word_1_394' title='bbox 3361 2266 3415 2322; x_wconf 86' lang='lat' dir='ltr'><strong>in</strong></span> <span class='ocrx_word' id='word_1_395' title='bbox 3444 2266 3760 2323; x_wconf 83' lang='lat' dir='ltr'><strong>temeritateil-</strong></span> 
     </span>
    </p>
   </div>
   <div class='ocr_carea' id='block_1_51' title="bbox 2245 2349 3757 2429">
    <p class='ocr_par' dir='ltr' id='par_1_51' title="bbox 2245 2349 3757 2429">
     <span class='ocr_line' id='line_1_51' title="bbox 2245 2349 3757 2429; baseline 0.002 -22"><span class='ocrx_word' id='word_1_396' title='bbox 2245 2349 2355 2409; x_wconf 86' lang='lat' dir='ltr'><strong>lius</strong></span> <span class='ocrx_word' id='word_1_397' title='bbox 2380 2352 2847 2424; x_wconf 85' lang='lat' dir='ltr'><strong>atquejactantia,</strong></span> <span class='ocrx_word' id='word_1_398' title='bbox 2874 2355 2971 2412; x_wconf 88' lang='lat' dir='ltr'><strong>sed</strong></span> <span class='ocrx_word' id='word_1_399' title='bbox 2999 2355 3056 2412; x_wconf 88' lang='lat' dir='ltr'><strong>in</strong></span> <span class='ocrx_word' id='word_1_400' title='bbox 3082 2364 3176 2413; x_wconf 88' lang='lat' dir='ltr'><strong>tua</strong></span> <span class='ocrx_word' id='word_1_401' title='bbox 3205 2365 3293 2414; x_wconf 90' lang='lat' dir='ltr'><strong>est</strong></span> <span class='ocrx_word' id='word_1_402' title='bbox 3319 2357 3598 2414; x_wconf 83' lang='lat' dir='ltr'><strong>voluntate.</strong></span> <span class='ocrx_word' id='word_1_403' title='bbox 3622 2356 3757 2429; x_wconf 66' lang='grc' dir='ltr'><strong>(Δις.)</strong></span> 
     </span>
    </p>
   </div>
   <div class='ocr_carea' id='block_1_52' title="bbox 2244 2442 3758 2519">
    <p class='ocr_par' dir='ltr' id='par_1_52' title="bbox 2244 2442 3758 2519">
     <span class='ocr_line' id='line_1_52' title="bbox 2244 2442 3758 2519; baseline 0.007 -22"><span class='ocrx_word' id='word_1_404' title='bbox 2244 2442 2388 2498; x_wconf 89' lang='lat' dir='ltr'><strong>Dant</strong></span> <span class='ocrx_word' id='word_1_405' title='bbox 2434 2452 2617 2501; x_wconf 86' lang='lat' dir='ltr'><strong>autem</strong></span> <span class='ocrx_word' id='word_1_406' title='bbox 2664 2445 2842 2501; x_wconf 91' lang='lat' dir='ltr'><strong>locum</strong></span> <span class='ocrx_word' id='word_1_407' title='bbox 2893 2446 3143 2504; x_wconf 85' lang='lat' dir='ltr'><strong>homines</strong></span> <span class='ocrx_word' id='word_1_408' title='bbox 3190 2446 3405 2505; x_wconf 90' lang='lat' dir='ltr'><strong>diabolo</strong></span> <span class='ocrx_word' id='word_1_409' title='bbox 3454 2463 3517 2504; x_wconf 79' lang='lat' dir='ltr'><strong>ex</strong></span> <span class='ocrx_word' id='word_1_410' title='bbox 3560 2446 3758 2519; x_wconf 70' lang='lat' dir='ltr'><strong>conatui-</strong></span> 
     </span>
    </p>
   </div>
   <div class='ocr_carea' id='block_1_53' title="bbox 2243 2538 3759 2599">
    <p class='ocr_par' dir='ltr' id='par_1_53' title="bbox 2243 2538 3759 2599">
     <span class='ocr_line' id='line_1_53' title="bbox 2243 2538 3759 2599; baseline 0.001 -4"><span class='ocrx_word' id='word_1_411' title='bbox 2243 2538 2466 2595; x_wconf 87' lang='lat' dir='ltr'><strong>scentiis</strong></span> <span class='ocrx_word' id='word_1_412' title='bbox 2499 2539 2657 2596; x_wconf 88' lang='lat' dir='ltr'><strong>suis:</strong></span> <span class='ocrx_word' id='word_1_413' title='bbox 2693 2555 2801 2596; x_wconf 95' lang='lat' dir='ltr'><strong>non</strong></span> <span class='ocrx_word' id='word_1_414' title='bbox 2844 2541 2990 2596; x_wconf 90' lang='lat' dir='ltr'><strong>enim</strong></span> <span class='ocrx_word' id='word_1_415' title='bbox 3040 2540 3234 2598; x_wconf 85' lang='lat' dir='ltr'><strong>vident</strong></span> <span class='ocrx_word' id='word_1_416' title='bbox 3271 2542 3532 2599; x_wconf 79' lang='lat' dir='ltr'><strong>diabolum</strong></span> <span class='ocrx_word' id='word_1_417' title='bbox 3574 2540 3759 2598; x_wconf 77' lang='lat' dir='ltr'><strong>homines</strong></span> 
     </span>
    </p>
   </div>
   <div class='ocr_carea' id='block_1_54' title="bbox 2242 2630 3759 2703">
    <p class='ocr_par' dir='ltr' id='par_1_54' title="bbox 2242 2630 3759 2703">
     <span class='ocr_line' id='line_1_54' title="bbox 2242 2630 3759 2703; baseline 0.003 -19"><span class='ocrx_word' id='word_1_418' title='bbox 2242 2644 2367 2685; x_wconf 92' lang='lat' dir='ltr'><strong>cum</strong></span> <span class='ocrx_word' id='word_1_419' title='bbox 2381 2644 2490 2702; x_wconf 91' lang='lat' dir='ltr'><strong>quo</strong></span> <span class='ocrx_word' id='word_1_420' title='bbox 2502 2639 2767 2703; x_wconf 89' lang='lat' dir='ltr'><strong>pugnant,</strong></span> <span class='ocrx_word' id='word_1_421' title='bbox 2782 2631 2876 2688; x_wconf 90' lang='lat' dir='ltr'><strong>sed</strong></span> <span class='ocrx_word' id='word_1_422' title='bbox 2895 2630 3055 2688; x_wconf 75' lang='lat' dir='ltr'><strong>facile</strong></span> <span class='ocrx_word' id='word_1_423' title='bbox 3073 2633 3281 2690; x_wconf 87' lang='lat' dir='ltr'><strong>habent</strong></span> <span class='ocrx_word' id='word_1_424' title='bbox 3293 2631 3597 2690; x_wconf 86' lang='lat' dir='ltr'><strong>remedium:</strong></span> <span class='ocrx_word' id='word_1_425' title='bbox 3609 2631 3759 2702; x_wconf 63' lang='grc' dir='ltr'><strong>κῦμα</strong></span> 
     </span>
    </p>
   </div>
   <div class='ocr_carea' id='block_1_55' title="bbox 2243 2721 3565 2798">
    <p class='ocr_par' dir='ltr' id='par_1_55' title="bbox 2243 2721 3565 2798">
     <span class='ocr_line' id='line_1_55' title="bbox 2243 2721 3565 2798; baseline 0.001 -21"><span class='ocrx_word' id='word_1_426' title='bbox 2243 2721 2475 2779; x_wconf 89' lang='lat' dir='ltr'><strong>interius</strong></span> <span class='ocrx_word' id='word_1_427' title='bbox 2511 2723 2757 2790; x_wconf 88' lang='lat' dir='ltr'><strong>vincant,</strong></span> <span class='ocrx_word' id='word_1_428' title='bbox 2780 2732 2838 2779; x_wconf 88' lang='lat' dir='ltr'><strong>et</strong></span> <span class='ocrx_word' id='word_1_429' title='bbox 2860 2725 2928 2781; x_wconf 76' lang='lat' dir='ltr'><strong>de</strong></span> <span class='ocrx_word' id='word_1_430' title='bbox 2948 2722 3041 2781; x_wconf 88' lang='lat' dir='ltr'><strong>illo</strong></span> <span class='ocrx_word' id='word_1_431' title='bbox 3064 2722 3202 2782; x_wconf 82' lang='lat' dir='ltr'><strong>foris</strong></span> <span class='ocrx_word' id='word_1_432' title='bbox 3228 2724 3565 2798; x_wconf 84' lang='lat' dir='ltr'><strong>triumphant.</strong></span> 
     </span>
    </p>
   </div>
   <div class='ocr_carea' id='block_1_56' title="bbox 2315 2810 3759 2889">
    <p class='ocr_par' dir='ltr' id='par_1_56' title="bbox 2315 2810 3759 2889">
     <span class='ocr_line' id='line_1_56' title="bbox 2315 2810 3759 2889; baseline -0.002 -19"><span class='ocrx_word' id='word_1_433' title='bbox 2315 2814 2420 2882; x_wconf 78' lang='lat' dir='ltr'><strong>Qui</strong></span> <span class='ocrx_word' id='word_1_434' title='bbox 2453 2815 2756 2887; x_wconf 82' lang='lat' dir='ltr'><strong>furabatur,</strong></span> <span class='ocrx_word' id='word_1_435' title='bbox 2781 2817 2903 2888; x_wconf 84' lang='lat' dir='ltr'><strong>jam</strong></span> <span class='ocrx_word' id='word_1_436' title='bbox 2956 2833 3066 2873; x_wconf 80' lang='lat' dir='ltr'><strong>non</strong></span> <span class='ocrx_word' id='word_1_437' title='bbox 3092 2816 3328 2889; x_wconf 63' lang='grc' dir='ltr'><strong>[μνείαν.</strong></span> <span class='ocrx_word' id='word_1_438' title='bbox 3363 2816 3520 2889; x_wconf 75' lang='lat' dir='ltr'><strong>magis</strong></span> <span class='ocrx_word' id='word_1_439' title='bbox 3541 2823 3685 2871; x_wconf 64' lang='lat' dir='ltr'><strong>autem</strong></span> <span class='ocrx_word' id='word_1_440' title='bbox 3700 2810 3759 2867; x_wconf 76' lang='lat' dir='ltr'><strong>la-</strong></span> 
     </span>
    </p>
   </div>
   <div class='ocr_carea' id='block_1_57' title="bbox 2240 2906 3759 2980">
    <p class='ocr_par' dir='ltr' id='par_1_57' title="bbox 2240 2906 3759 2980">
     <span class='ocr_line' id='line_1_57' title="bbox 2240 2906 3759 2980; baseline -0.003 -16"><span class='ocrx_word' id='word_1_441' title='bbox 2240 2907 2383 2964; x_wconf 83' lang='lat' dir='ltr'><strong>boret</strong></span> <span class='ocrx_word' id='word_1_442' title='bbox 2410 2909 2677 2980; x_wconf 80' lang='lat' dir='ltr'><strong>operando</strong></span> <span class='ocrx_word' id='word_1_443' title='bbox 2702 2908 2949 2966; x_wconf 80' lang='lat' dir='ltr'><strong>manibus</strong></span> <span class='ocrx_word' id='word_1_444' title='bbox 2985 2925 3121 2978; x_wconf 66' lang='lat' dir='ltr'><strong>suis,</strong></span> <span class='ocrx_word' id='word_1_445' title='bbox 3146 2918 3211 2965; x_wconf 73' lang='lat' dir='ltr'><strong>ut</strong></span> <span class='ocrx_word' id='word_1_446' title='bbox 3241 2909 3426 2966; x_wconf 74' lang='lat' dir='ltr'><strong>habeat</strong></span> <span class='ocrx_word' id='word_1_447' title='bbox 3448 2906 3577 2963; x_wconf 78' lang='lat' dir='ltr'><strong>unde</strong></span> <span class='ocrx_word' id='word_1_448' title='bbox 3614 2906 3759 2961; x_wconf 71' lang='lat' dir='ltr'><strong>tribu!</strong></span> 
     </span>
    </p>
   </div>
   <div class='ocr_carea' id='block_1_58' title="bbox 2239 2997 3758 3074">
    <p class='ocr_par' dir='ltr' id='par_1_58' title="bbox 2239 2997 3758 3074">
     <span class='ocr_line' id='line_1_58' title="bbox 2239 2997 3758 3074; baseline -0.002 -21"><span class='ocrx_word' id='word_1_449' title='bbox 2239 2999 2601 3055; x_wconf 73' lang='lat' dir='ltr'><strong>necessitatem</strong></span> <span class='ocrx_word' id='word_1_450' title='bbox 2633 2999 2872 3069; x_wconf 78' lang='lat' dir='ltr'><strong>patienti.</strong></span> <span class='ocrx_word' id='word_1_451' title='bbox 2904 2997 3179 3074; x_wconf 71' lang='lat' dir='ltr'><strong>(Hierom)</strong></span> <span class='ocrx_word' id='word_1_452' title='bbox 3212 2999 3352 3070; x_wconf 87' lang='lat' dir='ltr'><strong>Quia</strong></span> <span class='ocrx_word' id='word_1_453' title='bbox 3399 3000 3453 3056; x_wconf 88' lang='lat' dir='ltr'><strong>hi</strong></span> <span class='ocrx_word' id='word_1_454' title='bbox 3477 2998 3562 3072; x_wconf 87' lang='lat' dir='ltr'><strong>qui</strong></span> <span class='ocrx_word' id='word_1_455' title='bbox 3586 2998 3635 3054; x_wconf 79' lang='lat' dir='ltr'><strong>iu</strong></span> <span class='ocrx_word' id='word_1_456' title='bbox 3669 3004 3758 3051; x_wconf 72' lang='lat' dir='ltr'><strong>uta</strong></span> 
     </span>
    </p>
   </div>
   <div class='ocr_carea' id='block_1_59' title="bbox 543 3089 2144 3172">
    <p class='ocr_par' dir='ltr' id='par_1_59' title="bbox 543 3094 2140 3172">
     <span class='ocr_line' id='line_1_59' title="bbox 543 3094 2140 3172; baseline 0.006 -23"><span class='ocrx_word' id='word_1_457' title='bbox 543 3094 633 3150; x_wconf 85' lang='lat' dir='ltr'><strong>dia</strong></span> <span class='ocrx_word' id='word_1_458' title='bbox 664 3106 777 3151; x_wconf 90' lang='lat' dir='ltr'><strong>tua.</strong></span> <span class='ocrx_word' id='word_1_459' title='bbox 798 3097 1071 3171; x_wconf 83' lang='lat' dir='ltr'><strong>(Hieron.)</strong></span> <span class='ocrx_word' id='word_1_460' title='bbox 1095 3099 1234 3168; x_wconf 84' lang='lat' dir='ltr'><strong>Quia</strong></span> <span class='ocrx_word' id='word_1_461' title='bbox 1265 3099 1432 3172; x_wconf 89' lang='lat' dir='ltr'><strong>igitur</strong></span> <span class='ocrx_word' id='word_1_462' title='bbox 1453 3114 1617 3156; x_wconf 90' lang='lat' dir='ltr'><strong>verus</strong></span> <span class='ocrx_word' id='word_1_463' title='bbox 1637 3100 1742 3169; x_wconf 89' lang='lat' dir='ltr'><strong>sol,</strong></span> <span class='ocrx_word' id='word_1_464' title='bbox 1769 3102 1912 3159; x_wconf 91' lang='lat' dir='ltr'><strong>sicut</strong></span> <span class='ocrx_word' id='word_1_465' title='bbox 1939 3104 2140 3161; x_wconf 89' lang='lat' dir='ltr'><strong>occidit</strong></span> 
     </span>
    </p>
   </div>
   <div class='ocr_carea' id='block_1_60' title="bbox 2244 3089 3761 3172">
    <p class='ocr_par' dir='ltr' id='par_1_60' title="bbox 2244 3089 3761 3166">
     <span class='ocr_line' id='line_1_60' title="bbox 2244 3089 3761 3166; baseline -0.003 -21"><span class='ocrx_word' id='word_1_466' title='bbox 2244 3089 2398 3148; x_wconf 89' lang='lat' dir='ltr'><strong>istius</strong></span> <span class='ocrx_word' id='word_1_467' title='bbox 2424 3091 2658 3163; x_wconf 88' lang='lat' dir='ltr'><strong>negotiis</strong></span> <span class='ocrx_word' id='word_1_468' title='bbox 2686 3101 3104 3161; x_wconf 89' lang='lat' dir='ltr'><strong>conversantur,</strong></span> <span class='ocrx_word' id='word_1_469' title='bbox 3142 3101 3372 3166; x_wconf 84' lang='lat' dir='ltr'><strong>propter</strong></span> <span class='ocrx_word' id='word_1_470' title='bbox 3391 3091 3706 3150; x_wconf 75' lang='lat' dir='ltr'><strong>emolumenta</strong></span> <span class='ocrx_word' id='word_1_471' title='bbox 3723 3093 3761 3141; x_wconf 85' lang='lat' dir='ltr'><strong>et</strong></span> 
     </span>
    </p>
   </div>
   <div class='ocr_carea' id='block_1_61' title="bbox 547 3167 2144 3283">
    <p class='ocr_par' dir='ltr' id='par_1_61' title="bbox 547 3167 2140 3268">
     <span class='ocr_line' id='line_1_61' title="bbox 547 3167 2140 3268; baseline 0.005 -24"><span class='ocrx_word' id='word_1_472' title='bbox 547 3201 707 3261; x_wconf 74' lang='lat' dir='ltr'><strong>super</strong></span> <span class='ocrx_word' id='word_1_473' title='bbox 733 3167 905 3247; x_wconf 82' lang='lat' dir='ltr'><strong>malos</strong></span> <span class='ocrx_word' id='word_1_474' title='bbox 948 3167 1268 3264; x_wconf 85' lang='lat' dir='ltr'><strong>prophetas,</strong></span> <span class='ocrx_word' id='word_1_475' title='bbox 1290 3167 1449 3264; x_wconf 56' lang='lat' dir='ltr'><strong>:iuxta</strong></span> <span class='ocrx_word' id='word_1_476' title='bbox 1494 3193 1648 3261; x_wconf 86' lang='lat' dir='ltr'><strong>illud,</strong></span> <span class='ocrx_word' id='word_1_477' title='bbox 1680 3167 1827 3264; x_wconf 88' lang='lat' dir='ltr'><strong>quod</strong></span> <span class='ocrx_word' id='word_1_478' title='bbox 1872 3196 2140 3268; x_wconf 90' lang='lat' dir='ltr'><strong>scriptum</strong></span> 
     </span>
    </p>
   </div>
   <div class='ocr_carea' id='block_1_62' title="bbox 2244 3167 3761 3283">
    <p class='ocr_par' dir='ltr' id='par_1_62' title="bbox 2244 3174 3761 3283">
     <span class='ocr_line' id='line_1_62' title="bbox 2244 3174 3761 3283; baseline -0.001 -44"><span class='ocrx_word' id='word_1_479' title='bbox 2244 3198 2378 3240; x_wconf 86' lang='lat' dir='ltr'><strong>usus</strong></span> <span class='ocrx_word' id='word_1_480' title='bbox 2428 3183 2771 3241; x_wconf 86' lang='lat' dir='ltr'><strong>necessarios</strong></span> <span class='ocrx_word' id='word_1_481' title='bbox 2807 3192 3078 3259; x_wconf 85' lang='lat' dir='ltr'><strong>coguntur</strong></span> <span class='ocrx_word' id='word_1_482' title='bbox 3122 3184 3312 3256; x_wconf 83' lang='lat' dir='ltr'><strong>aliqua</strong></span> <span class='ocrx_word' id='word_1_483' title='bbox 3361 3183 3444 3241; x_wconf 87' lang='lat' dir='ltr'><strong>vel</strong></span> <span class='ocrx_word' id='word_1_484' title='bbox 3487 3195 3690 3283; x_wconf 40' lang='lat' dir='ltr'><strong>emere,“</strong></span> 
     </span>
    </p>
   </div>
   <div class='ocr_carea' id='block_1_63' title="bbox 555 3267 2144 3355">
    <p class='ocr_par' dir='ltr' id='par_1_63' title="bbox 555 3267 2144 3355">
     <span class='ocr_line' id='line_1_63' title="bbox 555 3267 2144 3355; baseline 0.006 -19"><span class='ocrx_word' id='word_1_485' title='bbox 555 3291 627 3336; x_wconf 52' lang='lat' dir='ltr'><strong>est</strong></span> <span class='ocrx_word' id='word_1_486' title='bbox 652 3299 667 3336; x_wconf 89' lang='lat'><strong>:</strong></span> <span class='ocrx_word' id='word_1_487' title='bbox 696 3280 905 3338; x_wconf 82' lang='lat' dir='ltr'><strong>Occidit</strong></span> <span class='ocrx_word' id='word_1_488' title='bbox 965 3282 1047 3338; x_wconf 86' lang='lat' dir='ltr'><strong>sol</strong></span> <span class='ocrx_word' id='word_1_489' title='bbox 1109 3299 1268 3355; x_wconf 81' lang='lat' dir='ltr'><strong>super</strong></span> <span class='ocrx_word' id='word_1_490' title='bbox 1318 3285 1611 3355; x_wconf 76' lang='lat' dir='ltr'><strong>prophetas</strong></span> <span class='ocrx_word' id='word_1_491' title='bbox 1675 3297 1869 3343; x_wconf 82' lang='lat' dir='ltr'><strong>vestros</strong></span> <span class='ocrx_word' id='word_1_492' title='bbox 1924 3267 2144 3349; x_wconf 76' lang='lat' dir='ltr'><strong>meridie</strong></span> 
     </span>
    </p>
   </div>
   <div class='ocr_carea' id='block_1_64' title="bbox 2244 3267 3763 3355">
    <p class='ocr_par' dir='ltr' id='par_1_64' title="bbox 2244 3267 3763 3347">
     <span class='ocr_line' id='line_1_64' title="bbox 2244 3267 3763 3347; baseline -0.004 -16"><span class='ocrx_word' id='word_1_493' title='bbox 2244 3274 2502 3342; x_wconf 84' lang='lat' dir='ltr'><strong>vendere,</strong></span> <span class='ocrx_word' id='word_1_494' title='bbox 2529 3282 2589 3331; x_wconf 90' lang='lat' dir='ltr'><strong>et</strong></span> <span class='ocrx_word' id='word_1_495' title='bbox 2606 3274 2758 3332; x_wconf 87' lang='lat' dir='ltr'><strong>lucra</strong></span> <span class='ocrx_word' id='word_1_496' title='bbox 2781 3275 2852 3333; x_wconf 89' lang='lat' dir='ltr'><strong>de</strong></span> <span class='ocrx_word' id='word_1_497' title='bbox 2877 3274 3253 3347; x_wconf 87' lang='lat' dir='ltr'><strong>negotiatione</strong></span> <span class='ocrx_word' id='word_1_498' title='bbox 3276 3274 3499 3343; x_wconf 87' lang='lat' dir='ltr'><strong>sectari;</strong></span> <span class='ocrx_word' id='word_1_499' title='bbox 3531 3280 3583 3329; x_wconf 92' lang='lat' dir='ltr'><strong>et</strong></span> <span class='ocrx_word' id='word_1_500' title='bbox 3603 3267 3763 3327; x_wconf 69' lang='lat' dir='ltr'><strong>diﬁcile</strong></span> 
     </span>
    </p>
   </div>
   <div class='ocr_carea' id='block_1_65' title="bbox 539 3367 2144 3451">
    <p class='ocr_par' dir='ltr' id='par_1_65' title="bbox 539 3370 2140 3451">
     <span class='ocr_line' id='line_1_65' title="bbox 539 3370 2140 3451; baseline 0.007 -24"><span class='ocrx_word' id='word_1_501' title='bbox 539 3370 749 3444; x_wconf 72' lang='lat' dir='ltr'><strong>(Amos.</strong></span> <span class='ocrx_word' id='word_1_502' title='bbox 776 3373 921 3446; x_wconf 79' lang='lat' dir='ltr'><strong>vui),</strong></span> <span class='ocrx_word' id='word_1_503' title='bbox 953 3374 1030 3430; x_wconf 92' lang='lat' dir='ltr'><strong>ita</strong></span> <span class='ocrx_word' id='word_1_504' title='bbox 1055 3375 1226 3431; x_wconf 90' lang='lat' dir='ltr'><strong>etiam</strong></span> <span class='ocrx_word' id='word_1_505' title='bbox 1249 3375 1452 3432; x_wconf 87' lang='lat' dir='ltr'><strong>occidit</strong></span> <span class='ocrx_word' id='word_1_506' title='bbox 1477 3392 1643 3448; x_wconf 81' lang='lat' dir='ltr'><strong>super</strong></span> <span class='ocrx_word' id='word_1_507' title='bbox 1663 3393 1856 3436; x_wconf 89' lang='lat' dir='ltr'><strong>omnes</strong></span> <span class='ocrx_word' id='word_1_508' title='bbox 1882 3389 2140 3451; x_wconf 82' lang='lat' dir='ltr'><strong>peccato-</strong></span> 
     </span>
    </p>
   </div>
   <div class='ocr_carea' id='block_1_66' title="bbox 2244 3367 3761 3451">
    <p class='ocr_par' dir='ltr' id='par_1_66' title="bbox 2244 3367 3761 3441">
     <span class='ocr_line' id='line_1_66' title="bbox 2244 3367 3761 3441; baseline 0.001 -15"><span class='ocrx_word' id='word_1_509' title='bbox 2244 3379 2328 3426; x_wconf 89' lang='lat' dir='ltr'><strong>est</strong></span> <span class='ocrx_word' id='word_1_510' title='bbox 2355 3369 2521 3425; x_wconf 92' lang='lat' dir='ltr'><strong>etiam</strong></span> <span class='ocrx_word' id='word_1_511' title='bbox 2554 3384 2668 3435; x_wconf 88' lang='lat' dir='ltr'><strong>eos,</strong></span> <span class='ocrx_word' id='word_1_512' title='bbox 2699 3370 2794 3441; x_wconf 89' lang='lat' dir='ltr'><strong>qui</strong></span> <span class='ocrx_word' id='word_1_513' title='bbox 2820 3385 2853 3426; x_wconf 89' lang='lat' dir='ltr'><strong>a</strong></span> <span class='ocrx_word' id='word_1_514' title='bbox 2881 3368 3097 3427; x_wconf 66' lang='lat' dir='ltr'><strong>caeteris</strong></span> <span class='ocrx_word' id='word_1_515' title='bbox 3121 3369 3468 3441; x_wconf 86' lang='lat' dir='ltr'><strong>passionibus</strong></span> <span class='ocrx_word' id='word_1_516' title='bbox 3498 3367 3636 3424; x_wconf 88' lang='lat' dir='ltr'><strong>liberi</strong></span> <span class='ocrx_word' id='word_1_517' title='bbox 3655 3369 3761 3427; x_wconf 67' lang='lat' dir='ltr'><strong>sunt.</strong></span> 
     </span>
    </p>
   </div>
   <div class='ocr_carea' id='block_1_67' title="bbox 542 3456 2144 3546">
    <p class='ocr_par' dir='ltr' id='par_1_67' title="bbox 542 3468 2142 3546">
     <span class='ocr_line' id='line_1_67' title="bbox 542 3468 2142 3546; baseline 0.007 -27"><span class='ocrx_word' id='word_1_518' title='bbox 542 3479 656 3530; x_wconf 90' lang='lat' dir='ltr'><strong>res,</strong></span> <span class='ocrx_word' id='word_1_519' title='bbox 686 3479 1035 3537; x_wconf 90' lang='lat' dir='ltr'><strong>nequaquam</strong></span> <span class='ocrx_word' id='word_1_520' title='bbox 1061 3468 1142 3524; x_wconf 92' lang='lat' dir='ltr'><strong>eis</strong></span> <span class='ocrx_word' id='word_1_521' title='bbox 1166 3476 1321 3524; x_wconf 91' lang='lat' dir='ltr'><strong>ortus</strong></span> <span class='ocrx_word' id='word_1_522' title='bbox 1350 3472 1433 3525; x_wconf 77' lang='lat' dir='ltr'><strong>sui</strong></span> <span class='ocrx_word' id='word_1_523' title='bbox 1453 3469 1634 3527; x_wconf 89' lang='lat' dir='ltr'><strong>lumen</strong></span> <span class='ocrx_word' id='word_1_524' title='bbox 1657 3470 1981 3543; x_wconf 74' lang='lat' dir='ltr'><strong>indulgens:</strong></span> <span class='ocrx_word' id='word_1_525' title='bbox 2003 3490 2142 3546; x_wconf 76' lang='lat' dir='ltr'><strong>pne-</strong></span> 
     </span>
    </p>
   </div>
   <div class='ocr_carea' id='block_1_68' title="bbox 2244 3456 3761 3546">
    <p class='ocr_par' dir='ltr' id='par_1_68' title="bbox 2244 3456 3761 3530">
     <span class='ocr_line' id='line_1_68' title="bbox 2244 3456 3761 3530; baseline -0.005 -13"><span class='ocrx_word' id='word_1_526' title='bbox 2244 3474 2276 3517; x_wconf 90' lang='lat' dir='ltr'><strong>a</strong></span> <span class='ocrx_word' id='word_1_527' title='bbox 2299 3459 2685 3528; x_wconf 78' lang='lat' dir='ltr'><strong>fornicatione,</strong></span> <span class='ocrx_word' id='word_1_528' title='bbox 2716 3460 2988 3529; x_wconf 85' lang='lat' dir='ltr'><strong>videlicet,</strong></span> <span class='ocrx_word' id='word_1_529' title='bbox 3010 3460 3342 3530; x_wconf 85' lang='lat' dir='ltr'><strong>idololatria,</strong></span> <span class='ocrx_word' id='word_1_530' title='bbox 3358 3460 3603 3520; x_wconf 82' lang='lat' dir='ltr'><strong>adulterio</strong></span> <span class='ocrx_word' id='word_1_531' title='bbox 3626 3467 3672 3514; x_wconf 89' lang='lat' dir='ltr'><strong>et</strong></span> <span class='ocrx_word' id='word_1_532' title='bbox 3690 3456 3761 3511; x_wconf 88' lang='lat' dir='ltr'><strong>ho-</strong></span> 
     </span>
    </p>
   </div>
   <div class='ocr_carea' id='block_1_69' title="bbox 541 3547 2144 3649">
    <p class='ocr_par' dir='ltr' id='par_1_69' title="bbox 541 3556 2143 3631">
     <span class='ocr_line' id='line_1_69' title="bbox 541 3556 2143 3631; baseline 0.006 -18"><span class='ocrx_word' id='word_1_533' title='bbox 541 3556 676 3631; x_wconf 89' lang='lat' dir='ltr'><strong>cipit</strong></span> <span class='ocrx_word' id='word_1_534' title='bbox 704 3572 849 3613; x_wconf 91' lang='lat' dir='ltr'><strong>nunc</strong></span> <span class='ocrx_word' id='word_1_535' title='bbox 892 3558 1204 3631; x_wconf 83' lang='lat' dir='ltr'><strong>Apostolus,</strong></span> <span class='ocrx_word' id='word_1_536' title='bbox 1235 3575 1305 3615; x_wconf 89' lang='lat' dir='ltr'><strong>ne</strong></span> <span class='ocrx_word' id='word_1_537' title='bbox 1348 3560 1475 3616; x_wconf 85' lang='lat' dir='ltr'><strong>talia</strong></span> <span class='ocrx_word' id='word_1_538' title='bbox 1523 3562 1789 3619; x_wconf 81' lang='lat' dir='ltr'><strong>faciamus</strong></span> <span class='ocrx_word' id='word_1_539' title='bbox 1839 3562 2023 3621; x_wconf 79' lang='lat' dir='ltr'><strong>furore</strong></span> <span class='ocrx_word' id='word_1_540' title='bbox 2050 3582 2143 3621; x_wconf 90' lang='lat' dir='ltr'><strong>su-</strong></span> 
     </span>
    </p>
   </div>
   <div class='ocr_carea' id='block_1_70' title="bbox 2244 3547 3763 3649">
    <p class='ocr_par' dir='ltr' id='par_1_70' title="bbox 2244 3547 3763 3649">
     <span class='ocr_line' id='line_1_70' title="bbox 2244 3547 3763 3649; baseline -0.003 -38"><span class='ocrx_word' id='word_1_541' title='bbox 2244 3553 2482 3621; x_wconf 90' lang='lat' dir='ltr'><strong>micidio,</strong></span> <span class='ocrx_word' id='word_1_542' title='bbox 2514 3555 2620 3611; x_wconf 90' lang='lat' dir='ltr'><strong>hoc</strong></span> <span class='ocrx_word' id='word_1_543' title='bbox 2646 3553 2781 3610; x_wconf 89' lang='lat' dir='ltr'><strong>vitio</strong></span> <span class='ocrx_word' id='word_1_544' title='bbox 2804 3569 2912 3610; x_wconf 92' lang='lat' dir='ltr'><strong>non</strong></span> <span class='ocrx_word' id='word_1_545' title='bbox 2939 3555 3134 3611; x_wconf 86' lang='lat' dir='ltr'><strong>teneri.</strong></span> <span class='ocrx_word' id='word_1_546' title='bbox 3164 3554 3460 3628; x_wconf 84' lang='lat' dir='ltr'><strong>Propterea</strong></span> <span class='ocrx_word' id='word_1_547' title='bbox 3485 3565 3614 3649; x_wconf 77' lang='lat' dir='ltr'><strong>nunc</strong></span> 
     </span>
    </p>
   </div>
   <div class='ocr_carea' id='block_1_71' title="bbox 540 3642 3764 3727">
    <p class='ocr_par' dir='ltr' id='par_1_71' title="bbox 540 3642 3764 3727">
     <span class='ocr_line' id='line_1_71' title="bbox 540 3642 3764 3727; baseline 0.004 -23"><span class='ocrx_word' id='word_1_548' title='bbox 540 3649 739 3719; x_wconf 88' lang='lat' dir='ltr'><strong>perati,</strong></span> <span class='ocrx_word' id='word_1_549' title='bbox 764 3664 866 3721; x_wconf 88' lang='lat' dir='ltr'><strong>per</strong></span> <span class='ocrx_word' id='word_1_550' title='bbox 891 3665 1012 3721; x_wconf 75' lang='lat' dir='ltr'><strong>qua:</strong></span> <span class='ocrx_word' id='word_1_551' title='bbox 1040 3651 1198 3707; x_wconf 90' lang='lat' dir='ltr'><strong>nobis</strong></span> <span class='ocrx_word' id='word_1_552' title='bbox 1225 3650 1306 3707; x_wconf 92' lang='lat' dir='ltr'><strong>sol</strong></span> <span class='ocrx_word' id='word_1_553' title='bbox 1348 3653 1583 3721; x_wconf 89' lang='lat' dir='ltr'><strong>occidat,</strong></span> <span class='ocrx_word' id='word_1_554' title='bbox 1611 3662 1667 3708; x_wconf 92' lang='lat' dir='ltr'><strong>et</strong></span> <span class='ocrx_word' id='word_1_555' title='bbox 1693 3654 1996 3727; x_wconf 87' lang='lat' dir='ltr'><strong>principale</strong></span> <span class='ocrx_word' id='word_1_556' title='bbox 2019 3670 2143 3713; x_wconf 86' lang='lat' dir='ltr'><strong>eor-</strong></span> <span class='ocrx_word' id='word_1_557' title='bbox 2242 3646 2354 3703; x_wconf 66' lang='grc' dir='ltr'><strong>θεοῦ</strong></span> <span class='ocrx_word' id='word_1_558' title='bbox 2382 3654 2586 3714; x_wconf 67' lang='lat' dir='ltr'><strong>mouet.</strong></span> <span class='ocrx_word' id='word_1_559' title='bbox 2618 3660 2691 3703; x_wconf 68' lang='lat' dir='ltr'><strong>ne</strong></span> <span class='ocrx_word' id='word_1_560' title='bbox 2722 3646 2826 3704; x_wconf 68' lang='lat' dir='ltr'><strong>sub</strong></span> <span class='ocrx_word' id='word_1_561' title='bbox 2852 3648 3143 3706; x_wconf 70' lang='grc' dir='ltr'><strong>οωεδίοηθ</strong></span> <span class='ocrx_word' id='word_1_562' title='bbox 3185 3646 3531 3705; x_wconf 72' lang='grc' dir='ltr'><strong>θωοιαωθιιιί</strong></span> <span class='ocrx_word' id='word_1_563' title='bbox 3556 3642 3667 3699; x_wconf 57' lang='lat' dir='ltr'><strong>furti</strong></span> <span class='ocrx_word' id='word_1_564' title='bbox 3688 3642 3764 3695; x_wconf 62' lang='grc' dir='ltr'><strong>αἱ·</strong></span> 
     </span>
    </p>
   </div>
   <div class='ocr_carea' id='block_1_72' title="bbox 545 3728 3763 3818">
    <p class='ocr_par' dir='ltr' id='par_1_72' title="bbox 545 3728 3763 3818">
     <span class='ocr_line' id='line_1_72' title="bbox 545 3728 3763 3818; baseline 0.004 -22"><span class='ocrx_word' id='word_1_565' title='bbox 545 3740 628 3796; x_wconf 91' lang='lat' dir='ltr'><strong>dis</strong></span> <span class='ocrx_word' id='word_1_566' title='bbox 654 3739 893 3797; x_wconf 88' lang='lat' dir='ltr'><strong>tenebris</strong></span> <span class='ocrx_word' id='word_1_567' title='bbox 913 3740 1250 3797; x_wconf 85' lang='lat' dir='ltr'><strong>obvolvatur.</strong></span> <span class='ocrx_word' id='word_1_568' title='bbox 1282 3741 1514 3810; x_wconf 81' lang='lat' dir='ltr'><strong>Quidam</strong></span> <span class='ocrx_word' id='word_1_569' title='bbox 1545 3752 1737 3814; x_wconf 83' lang='lat' dir='ltr'><strong>putant</strong></span> <span class='ocrx_word' id='word_1_570' title='bbox 1759 3743 1841 3800; x_wconf 91' lang='lat' dir='ltr'><strong>sic</strong></span> <span class='ocrx_word' id='word_1_571' title='bbox 1864 3745 2137 3818; x_wconf 81' lang='lat' dir='ltr'><strong>accipien-</strong></span> <span class='ocrx_word' id='word_1_572' title='bbox 2240 3754 2367 3797; x_wconf 82' lang='lat' dir='ltr'><strong>men</strong></span> <span class='ocrx_word' id='word_1_573' title='bbox 2422 3739 2748 3807; x_wconf 73' lang='lat' dir='ltr'><strong>incurram;</strong></span> <span class='ocrx_word' id='word_1_574' title='bbox 2778 3740 2987 3797; x_wconf 64' lang='lat' dir='ltr'><strong>furtum</strong></span> <span class='ocrx_word' id='word_1_575' title='bbox 3035 3741 3328 3800; x_wconf 71' lang='lat' dir='ltr'><strong>nominans</strong></span> <span class='ocrx_word' id='word_1_576' title='bbox 3354 3754 3510 3799; x_wconf 72' lang='lat' dir='ltr'><strong>omne</strong></span> <span class='ocrx_word' id='word_1_577' title='bbox 3552 3735 3674 3808; x_wconf 72' lang='grc' dir='ltr'><strong>(Ιαοά</strong></span> <span class='ocrx_word' id='word_1_578' title='bbox 3704 3728 3763 3785; x_wconf 58' lang='grc' dir='ltr'><em>δ’</em></span> 
     </span>
    </p>
   </div>
   <div class='ocr_carea' id='block_1_73' title="bbox 544 3830 3764 3908">
    <p class='ocr_par' dir='ltr' id='par_1_73' title="bbox 544 3830 3764 3908">
     <span class='ocr_line' id='line_1_73' title="bbox 544 3830 3764 3908; baseline 0 -21"><span class='ocrx_word' id='word_1_579' title='bbox 544 3830 672 3887; x_wconf 91' lang='lat' dir='ltr'><strong>dum</strong></span> <span class='ocrx_word' id='word_1_580' title='bbox 702 3833 807 3888; x_wconf 87' lang='lat' dir='ltr'><strong>hoc</strong></span> <span class='ocrx_word' id='word_1_581' title='bbox 837 3847 960 3888; x_wconf 85' lang='lat' dir='ltr'><strong>esse</strong></span> <span class='ocrx_word' id='word_1_582' title='bbox 1003 3832 1341 3904; x_wconf 79' lang='lat' dir='ltr'><strong>simpliciter,</strong></span> <span class='ocrx_word' id='word_1_583' title='bbox 1394 3835 1666 3904; x_wconf 83' lang='lat' dir='ltr'><strong>quomodo</strong></span> <span class='ocrx_word' id='word_1_584' title='bbox 1694 3845 1753 3892; x_wconf 92' lang='lat' dir='ltr'><strong>et</strong></span> <span class='ocrx_word' id='word_1_585' title='bbox 1804 3836 1933 3893; x_wconf 86' lang='lat' dir='ltr'><strong>illud</strong></span> <span class='ocrx_word' id='word_1_586' title='bbox 1958 3838 2139 3908; x_wconf 89' lang='lat' dir='ltr'><strong>quarti</strong></span> <span class='ocrx_word' id='word_1_587' title='bbox 2244 3831 2413 3887; x_wconf 88' lang='lat' dir='ltr'><strong>terius</strong></span> <span class='ocrx_word' id='word_1_588' title='bbox 2440 3831 2641 3888; x_wconf 88' lang='lat' dir='ltr'><strong>damno</strong></span> <span class='ocrx_word' id='word_1_589' title='bbox 2683 3833 2983 3904; x_wconf 56' lang='lat' dir='ltr'><strong>quaeritur;</strong></span> <span class='ocrx_word' id='word_1_590' title='bbox 3010 3832 3223 3905; x_wconf 85' lang='lat' dir='ltr'><strong>justum</strong></span> <span class='ocrx_word' id='word_1_591' title='bbox 3252 3843 3430 3892; x_wconf 87' lang='lat' dir='ltr'><strong>autem</strong></span> <span class='ocrx_word' id='word_1_592' title='bbox 3459 3847 3589 3897; x_wconf 84' lang='lat' dir='ltr'><strong>esse,</strong></span> <span class='ocrx_word' id='word_1_593' title='bbox 3612 3836 3764 3885; x_wconf 57' lang='lat' dir='ltr'><strong>ulmi:</strong></span> 
     </span>
    </p>
   </div>
   <div class='ocr_carea' id='block_1_74' title="bbox 540 3916 3765 3997">
    <p class='ocr_par' dir='ltr' id='par_1_74' title="bbox 540 3916 3765 3997">
     <span class='ocr_line' id='line_1_74' title="bbox 540 3916 3765 3997; baseline 0.002 -17"><span class='ocrx_word' id='word_1_594' title='bbox 540 3922 756 3993; x_wconf 87' lang='lat' dir='ltr'><strong>psalmi,</strong></span> <span class='ocrx_word' id='word_1_595' title='bbox 787 3924 930 3981; x_wconf 88' lang='lat' dir='ltr'><strong>unde</strong></span> <span class='ocrx_word' id='word_1_596' title='bbox 956 3925 1192 3996; x_wconf 87' lang='lat' dir='ltr'><strong>idipsqu</strong></span> <span class='ocrx_word' id='word_1_597' title='bbox 1224 3936 1499 3997; x_wconf 89' lang='lat' dir='ltr'><strong>sumptum</strong></span> <span class='ocrx_word' id='word_1_598' title='bbox 1521 3928 1772 3985; x_wconf 86' lang='lat' dir='ltr'><strong>videtur:</strong></span> <span class='ocrx_word' id='word_1_599' title='bbox 1809 3927 1943 3995; x_wconf 68' lang='lat' dir='ltr'><strong>Qut:</strong></span> <span class='ocrx_word' id='word_1_600' title='bbox 1965 3931 2139 3987; x_wconf 80' lang='lat' dir='ltr'><strong>dicitis</strong></span> <span class='ocrx_word' id='word_1_601' title='bbox 2240 3920 2402 3977; x_wconf 74' lang='lat' dir='ltr'><strong>uibus</strong></span> <span class='ocrx_word' id='word_1_602' title='bbox 2435 3920 2552 3979; x_wconf 75' lang='lat' dir='ltr'><strong>suis</strong></span> <span class='ocrx_word' id='word_1_603' title='bbox 2583 3922 2962 3995; x_wconf 76' lang='lat' dir='ltr'><strong>unusquisque</strong></span> <span class='ocrx_word' id='word_1_604' title='bbox 2990 3938 3247 3996; x_wconf 69' lang='lat' dir='ltr'><strong>operam,</strong></span> <span class='ocrx_word' id='word_1_605' title='bbox 3290 3934 3347 3982; x_wconf 79' lang='lat' dir='ltr'><strong>et</strong></span> <span class='ocrx_word' id='word_1_606' title='bbox 3398 3924 3585 3982; x_wconf 69' lang='lat' dir='ltr'><strong>Victum</strong></span> <span class='ocrx_word' id='word_1_607' title='bbox 3628 3916 3765 3973; x_wconf 65' lang='grc' dir='ltr'><strong>Ιθδοκ</strong></span> 
     </span>
    </p>
   </div>
   <div class='ocr_carea' id='block_1_75' title="bbox 542 4012 2144 4112">
    <p class='ocr_par' dir='ltr' id='par_1_75' title="bbox 542 4016 2137 4095">
     <span class='ocr_line' id='line_1_75' title="bbox 542 4016 2137 4095; baseline 0.006 -25"><span class='ocrx_word' id='word_1_608' title='bbox 542 4016 598 4071; x_wconf 84' lang='lat' dir='ltr'><strong>in</strong></span> <span class='ocrx_word' id='word_1_609' title='bbox 629 4016 876 4073; x_wconf 80' lang='lat' dir='ltr'><strong>cordibus</strong></span> <span class='ocrx_word' id='word_1_610' title='bbox 903 4020 1087 4075; x_wconf 77' lang='lat' dir='ltr'><strong>uestris</strong></span> <span class='ocrx_word' id='word_1_611' title='bbox 1109 4020 1167 4075; x_wconf 85' lang='lat' dir='ltr'><strong>in</strong></span> <span class='ocrx_word' id='word_1_612' title='bbox 1211 4020 1469 4077; x_wconf 83' lang='lat' dir='ltr'><strong>cubilibus</strong></span> <span class='ocrx_word' id='word_1_613' title='bbox 1493 4022 1673 4079; x_wconf 77' lang='lat' dir='ltr'><strong>vestris</strong></span> <span class='ocrx_word' id='word_1_614' title='bbox 1700 4023 2137 4095; x_wconf 80' lang='lat' dir='ltr'><strong>compungimini,</strong></span> 
     </span>
    </p>
   </div>
   <div class='ocr_carea' id='block_1_76' title="bbox 2244 4012 3767 4112">
    <p class='ocr_par' dir='ltr' id='par_1_76' title="bbox 2244 4012 3767 4112">
     <span class='ocr_line' id='line_1_76' title="bbox 2244 4012 3767 4112; baseline -0.002 -44"><span class='ocrx_word' id='word_1_615' title='bbox 2244 4012 2588 4084; x_wconf 89' lang='lat' dir='ltr'><strong>conquirens,</strong></span> <span class='ocrx_word' id='word_1_616' title='bbox 2616 4015 2891 4087; x_wconf 76' lang='lat' dir='ltr'><strong>impertiat</strong></span> <span class='ocrx_word' id='word_1_617' title='bbox 2919 4031 3032 4075; x_wconf 89' lang='lat' dir='ltr'><strong>non</strong></span> <span class='ocrx_word' id='word_1_618' title='bbox 3072 4018 3422 4076; x_wconf 87' lang='lat' dir='ltr'><strong>habentibus.</strong></span> <span class='ocrx_word' id='word_1_619' title='bbox 3467 4016 3634 4086; x_wconf 85' lang='lat' dir='ltr'><strong>Neque</strong></span> <span class='ocrx_word' id='word_1_620' title='bbox 3670 4021 3767 4112; x_wconf 62' lang='lat' dir='ltr'><strong>vam</strong></span> 
     </span>
    </p>
   </div>
   <div class='ocr_carea' id='block_1_77' title="bbox 543 4105 3763 4189">
    <p class='ocr_par' dir='ltr' id='par_1_77' title="bbox 543 4105 3763 4189">
     <span class='ocr_line' id='line_1_77' title="bbox 543 4105 3763 4189; baseline 0.005 -27"><span class='ocrx_word' id='word_1_621' title='bbox 543 4107 597 4163; x_wconf 90' lang='lat' dir='ltr'><strong>id</strong></span> <span class='ocrx_word' id='word_1_622' title='bbox 624 4117 730 4176; x_wconf 85' lang='lat' dir='ltr'><strong>est,</strong></span> <span class='ocrx_word' id='word_1_623' title='bbox 758 4123 1095 4182; x_wconf 65' lang='lat' dir='ltr'><strong>quaecunque</strong></span> <span class='ocrx_word' id='word_1_624' title='bbox 1125 4110 1181 4166; x_wconf 93' lang='lat' dir='ltr'><strong>in</strong></span> <span class='ocrx_word' id='word_1_625' title='bbox 1234 4111 1321 4168; x_wconf 91' lang='lat' dir='ltr'><strong>dic</strong></span> <span class='ocrx_word' id='word_1_626' title='bbox 1368 4111 1455 4169; x_wconf 90' lang='lat' dir='ltr'><strong>vel</strong></span> <span class='ocrx_word' id='word_1_627' title='bbox 1500 4127 1687 4183; x_wconf 88' lang='lat' dir='ltr'><strong>opere,</strong></span> <span class='ocrx_word' id='word_1_628' title='bbox 1748 4112 1831 4169; x_wconf 89' lang='lat' dir='ltr'><strong>vel</strong></span> <span class='ocrx_word' id='word_1_629' title='bbox 1861 4128 2134 4189; x_wconf 82' lang='lat' dir='ltr'><strong>sermone,</strong></span> <span class='ocrx_word' id='word_1_630' title='bbox 2241 4105 2341 4172; x_wconf 65' lang='lat' dir='ltr'><strong>ait.</strong></span> <span class='ocrx_word' id='word_1_631' title='bbox 2386 4107 2555 4178; x_wconf 65' lang='grc' dir='ltr'><strong>θοιαῃὶδ</strong></span> <span class='ocrx_word' id='word_1_632' title='bbox 2604 4117 2783 4163; x_wconf 59' lang='lat' dir='ltr'><strong>autem</strong></span> <span class='ocrx_word' id='word_1_633' title='bbox 2833 4108 3037 4165; x_wconf 70' lang='grc' dir='ltr'><strong>ιαὺοτϐε</strong></span> <span class='ocrx_word' id='word_1_634' title='bbox 3085 4111 3355 4183; x_wconf 73' lang='lat' dir='ltr'><strong>operando</strong></span> <span class='ocrx_word' id='word_1_635' title='bbox 3404 4107 3627 4166; x_wconf 66' lang='grc' dir='ltr'><strong>Μπίθαε</strong></span> <span class='ocrx_word' id='word_1_636' title='bbox 3666 4105 3763 4163; x_wconf 68' lang='grc' dir='ltr'><strong>³¹⁶ί⁸ν</strong></span> 
     </span>
    </p>
   </div>
   <div class='ocr_carea' id='block_1_78' title="bbox 542 4196 3766 4275">
    <p class='ocr_par' dir='ltr' id='par_1_78' title="bbox 542 4196 3766 4275">
     <span class='ocr_line' id='line_1_78' title="bbox 542 4196 3766 4275; baseline 0.007 -22"><span class='ocrx_word' id='word_1_637' title='bbox 542 4199 627 4256; x_wconf 89' lang='lat' dir='ltr'><strong>vel</strong></span> <span class='ocrx_word' id='word_1_638' title='bbox 658 4202 988 4272; x_wconf 82' lang='lat' dir='ltr'><strong>cogitatione</strong></span> <span class='ocrx_word' id='word_1_639' title='bbox 1019 4204 1281 4273; x_wconf 88' lang='lat' dir='ltr'><strong>peccatis,</strong></span> <span class='ocrx_word' id='word_1_640' title='bbox 1310 4204 1428 4260; x_wconf 75' lang='lat' dir='ltr'><strong>ltzec</strong></span> <span class='ocrx_word' id='word_1_641' title='bbox 1463 4205 1787 4260; x_wconf 88' lang='lat' dir='ltr'><strong>succedente</strong></span> <span class='ocrx_word' id='word_1_642' title='bbox 1814 4205 2136 4275; x_wconf 86' lang='lat' dir='ltr'><strong>poenitentia</strong></span> <span class='ocrx_word' id='word_1_643' title='bbox 2236 4196 2378 4268; x_wconf 73' lang='grc' dir='ltr'><strong>φιοά</strong></span> <span class='ocrx_word' id='word_1_644' title='bbox 2425 4197 2619 4253; x_wconf 68' lang='lat' dir='ltr'><strong>bonum</strong></span> <span class='ocrx_word' id='word_1_645' title='bbox 2649 4208 2748 4267; x_wconf 68' lang='grc' dir='ltr'>εδει</span> <span class='ocrx_word' id='word_1_646' title='bbox 2780 4207 2845 4255; x_wconf 67' lang='grc' dir='ltr'><strong>ιιι</strong></span> <span class='ocrx_word' id='word_1_647' title='bbox 2872 4215 2981 4257; x_wconf 74' lang='lat' dir='ltr'><strong>non</strong></span> <span class='ocrx_word' id='word_1_648' title='bbox 3031 4200 3277 4274; x_wconf 73' lang='lat' dir='ltr'><strong>indiseat</strong></span> <span class='ocrx_word' id='word_1_649' title='bbox 3318 4210 3375 4260; x_wconf 69' lang='grc' dir='ltr'>εί</span> <span class='ocrx_word' id='word_1_650' title='bbox 3401 4200 3588 4259; x_wconf 59' lang='lat' dir='ltr'><strong>habe“</strong></span> <span class='ocrx_word' id='word_1_651' title='bbox 3609 4196 3766 4252; x_wconf 66' lang='grc' dir='ltr'><strong>νίοωω</strong></span> 
     </span>
    </p>
   </div>
   <div class='ocr_carea' id='block_1_79' title="bbox 538 4285 2144 4367">
    <p class='ocr_par' dir='ltr' id='par_1_79' title="bbox 538 4297 2137 4367">
     <span class='ocr_line' id='line_1_79' title="bbox 538 4297 2137 4367; baseline 0.006 -19"><span class='ocrx_word' id='word_1_652' title='bbox 538 4304 769 4366; x_wconf 85' lang='lat' dir='ltr'><strong>purgate</strong></span> <span class='ocrx_word' id='word_1_653' title='bbox 796 4310 897 4367; x_wconf 89' lang='lat' dir='ltr'><strong>per</strong></span> <span class='ocrx_word' id='word_1_654' title='bbox 922 4306 1138 4354; x_wconf 90' lang='lat' dir='ltr'><strong>noctem</strong></span> <span class='ocrx_word' id='word_1_655' title='bbox 1180 4305 1237 4355; x_wconf 92' lang='lat' dir='ltr'><strong>et</strong></span> <span class='ocrx_word' id='word_1_656' title='bbox 1266 4297 1350 4352; x_wconf 89' lang='lat' dir='ltr'><strong>ira</strong></span> <span class='ocrx_word' id='word_1_657' title='bbox 1377 4298 1451 4354; x_wconf 89' lang='lat' dir='ltr'><strong>sit</strong></span> <span class='ocrx_word' id='word_1_658' title='bbox 1500 4299 1705 4366; x_wconf 88' lang='lat' dir='ltr'><strong>brevis,</strong></span> <span class='ocrx_word' id='word_1_659' title='bbox 1738 4315 1840 4356; x_wconf 90' lang='lat' dir='ltr'><strong>nec</strong></span> <span class='ocrx_word' id='word_1_660' title='bbox 1888 4301 1944 4355; x_wconf 88' lang='lat' dir='ltr'><strong>in</strong></span> <span class='ocrx_word' id='word_1_661' title='bbox 1990 4301 2137 4358; x_wconf 92' lang='lat' dir='ltr'><strong>diem</strong></span> 
     </span>
    </p>
   </div>
   <div class='ocr_carea' id='block_1_80' title="bbox 2244 4285 3765 4367">
    <p class='ocr_par' dir='ltr' id='par_1_80' title="bbox 2244 4285 3765 4363">
     <span class='ocr_line' id='line_1_80' title="bbox 2244 4285 3765 4363; baseline 0.003 -19"><span class='ocrx_word' id='word_1_662' title='bbox 2244 4289 2630 4363; x_wconf 85' lang='lat' dir='ltr'><strong>indigentibus,</strong></span> <span class='ocrx_word' id='word_1_663' title='bbox 2655 4299 2712 4349; x_wconf 86' lang='lat' dir='ltr'><strong>et</strong></span> <span class='ocrx_word' id='word_1_664' title='bbox 2739 4292 2875 4348; x_wconf 87' lang='lat' dir='ltr'><strong>nulli</strong></span> <span class='ocrx_word' id='word_1_665' title='bbox 2910 4293 3220 4351; x_wconf 88' lang='lat' dir='ltr'><strong>molestiam</strong></span> <span class='ocrx_word' id='word_1_666' title='bbox 3247 4295 3522 4360; x_wconf 76' lang='lat' dir='ltr'><strong>exhibeat,</strong></span> <span class='ocrx_word' id='word_1_667' title='bbox 3547 4290 3629 4349; x_wconf 88' lang='lat' dir='ltr'><strong>sed</strong></span> <span class='ocrx_word' id='word_1_668' title='bbox 3653 4285 3765 4342; x_wconf 71' lang='lat' dir='ltr'><strong>labo-</strong></span> 
     </span>
    </p>
   </div>
   <div class='ocr_carea' id='block_1_81' title="bbox 542 4376 2144 4462">
    <p class='ocr_par' dir='ltr' id='par_1_81' title="bbox 542 4387 2131 4462">
     <span class='ocr_line' id='line_1_81' title="bbox 542 4387 2131 4462; baseline 0.007 -21"><span class='ocrx_word' id='word_1_669' title='bbox 542 4387 844 4445; x_wconf 90' lang='lat' dir='ltr'><strong>crastinum</strong></span> <span class='ocrx_word' id='word_1_670' title='bbox 886 4389 1190 4447; x_wconf 83' lang='lat' dir='ltr'><strong>diﬂ&#39;eratur.</strong></span> <span class='ocrx_word' id='word_1_671' title='bbox 1251 4389 1438 4462; x_wconf 84' lang='lat' dir='ltr'><strong>Neque</strong></span> <span class='ocrx_word' id='word_1_672' title='bbox 1495 4391 1670 4446; x_wconf 83' lang='lat' dir='ltr'><strong>locum</strong></span> <span class='ocrx_word' id='word_1_673' title='bbox 1714 4393 1845 4449; x_wconf 87' lang='lat' dir='ltr'><strong>dare</strong></span> <span class='ocrx_word' id='word_1_674' title='bbox 1898 4392 2131 4452; x_wconf 87' lang='lat' dir='ltr'><strong>diabolo.</strong></span> 
     </span>
    </p>
   </div>
   <div class='ocr_carea' id='block_1_82' title="bbox 2244 4376 3767 4462">
    <p class='ocr_par' dir='ltr' id='par_1_82' title="bbox 2244 4376 3767 4456">
     <span class='ocr_line' id='line_1_82' title="bbox 2244 4376 3767 4456; baseline -0.004 -16"><span class='ocrx_word' id='word_1_675' title='bbox 2244 4391 2344 4451; x_wconf 87' lang='lat' dir='ltr'><strong>ret,</strong></span> <span class='ocrx_word' id='word_1_676' title='bbox 2386 4383 2584 4456; x_wconf 91' lang='lat' dir='ltr'><strong>inquit,</strong></span> <span class='ocrx_word' id='word_1_677' title='bbox 2639 4383 2892 4442; x_wconf 88' lang='lat' dir='ltr'><strong>manibus</strong></span> <span class='ocrx_word' id='word_1_678' title='bbox 2924 4386 3060 4453; x_wconf 87' lang='lat' dir='ltr'><strong>suis,</strong></span> <span class='ocrx_word' id='word_1_679' title='bbox 3088 4388 3234 4456; x_wconf 88' lang='lat' dir='ltr'><strong>quod</strong></span> <span class='ocrx_word' id='word_1_680' title='bbox 3268 4387 3473 4444; x_wconf 88' lang='lat' dir='ltr'><strong>bonum</strong></span> <span class='ocrx_word' id='word_1_681' title='bbox 3515 4391 3607 4447; x_wconf 89' lang='lat' dir='ltr'><strong>est,</strong></span> <span class='ocrx_word' id='word_1_682' title='bbox 3630 4388 3678 4435; x_wconf 75' lang='lat' dir='ltr'><strong>ut</strong></span> <span class='ocrx_word' id='word_1_683' title='bbox 3698 4376 3767 4430; x_wconf 73' lang='lat' dir='ltr'><strong>Ita-</strong></span> 
     </span>
    </p>
   </div>
   <div class='ocr_carea' id='block_1_83' title="bbox 542 4465 3767 4591">
    <p class='ocr_par' dir='ltr' id='par_1_83' title="bbox 542 4465 3767 4591">
     <span class='ocr_line' id='line_1_83' title="bbox 542 4465 3767 4591; baseline 0.01 -60"><span class='ocrx_word' id='word_1_684' title='bbox 542 4477 781 4552; x_wconf 79' lang='lat' dir='ltr'><strong>(Ambr.)</strong></span> <span class='ocrx_word' id='word_1_685' title='bbox 810 4479 955 4537; x_wconf 90' lang='lat' dir='ltr'><strong>Iram</strong></span> <span class='ocrx_word' id='word_1_686' title='bbox 979 4482 1217 4538; x_wconf 88' lang='lat' dir='ltr'><strong>transire</strong></span> <span class='ocrx_word' id='word_1_687' title='bbox 1244 4480 1380 4549; x_wconf 89' lang='lat' dir='ltr'><strong>vult,</strong></span> <span class='ocrx_word' id='word_1_688' title='bbox 1409 4496 1513 4537; x_wconf 88' lang='lat' dir='ltr'><strong>nec</strong></span> <span class='ocrx_word' id='word_1_689' title='bbox 1537 4483 1782 4581; x_wconf 31' lang='lat' dir='ltr'><strong>Oretiueri</strong></span> <span class='ocrx_word' id='word_1_690' title='bbox 1807 4484 1865 4540; x_wconf 89' lang='lat' dir='ltr'><strong>in</strong></span> <span class='ocrx_word' id='word_1_691' title='bbox 1890 4494 2130 4557; x_wconf 82' lang='lat' dir='ltr'><strong>pectore,</strong></span> <span class='ocrx_word' id='word_1_692' title='bbox 2156 4526 2214 4591; x_wconf 67' lang='grc' dir='ltr'><strong><em>Β</em></strong></span> <span class='ocrx_word' id='word_1_693' title='bbox 2238 4477 2378 4591; x_wconf 58' lang='grc' dir='ltr'><strong>ξεαει</strong></span> <span class='ocrx_word' id='word_1_694' title='bbox 2429 4476 2570 4534; x_wconf 62' lang='lat' dir='ltr'><strong>unde</strong></span> <span class='ocrx_word' id='word_1_695' title='bbox 2611 4478 2993 4591; x_wconf 44' lang='lat' dir='ltr'><strong>“immuni”.</strong></span> <span class='ocrx_word' id='word_1_696' title='bbox 3017 4478 3397 4551; x_wconf 65' lang='grc' dir='ltr'><strong>ίηάίθεητίθυδ·</strong></span> <span class='ocrx_word' id='word_1_697' title='bbox 3563 4465 3767 4591; x_wconf 39' lang='lat' dir='ltr'><strong>mitiga“</strong></span> 
     </span>
    </p>
   </div>
   <div class='ocr_carea' id='block_1_84' title="bbox 540 4568 3768 4643">
    <p class='ocr_par' dir='ltr' id='par_1_84' title="bbox 540 4568 3768 4643">
     <span class='ocr_line' id='line_1_84' title="bbox 540 4568 3768 4643; baseline -0.001 -20"><span class='ocrx_word' id='word_1_698' title='bbox 540 4577 602 4624; x_wconf 90' lang='lat' dir='ltr'><strong>ut</strong></span> <span class='ocrx_word' id='word_1_699' title='bbox 624 4570 712 4625; x_wconf 88' lang='lat' dir='ltr'><strong>die</strong></span> <span class='ocrx_word' id='word_1_700' title='bbox 748 4580 871 4627; x_wconf 92' lang='lat' dir='ltr'><strong>orta</strong></span> <span class='ocrx_word' id='word_1_701' title='bbox 907 4586 1033 4627; x_wconf 90' lang='lat' dir='ltr'><strong>cum</strong></span> <span class='ocrx_word' id='word_1_702' title='bbox 1062 4570 1150 4625; x_wconf 89' lang='lat' dir='ltr'><strong>die</strong></span> <span class='ocrx_word' id='word_1_703' title='bbox 1175 4568 1391 4625; x_wconf 90' lang='lat' dir='ltr'><strong>decidat</strong></span> <span class='ocrx_word' id='word_1_704' title='bbox 1417 4588 1430 4623; x_wconf 93' lang='lat'><strong>:</strong></span> <span class='ocrx_word' id='word_1_705' title='bbox 1459 4568 1589 4641; x_wconf 89' lang='lat' dir='ltr'><strong>quia</strong></span> <span class='ocrx_word' id='word_1_706' title='bbox 1617 4572 1666 4626; x_wconf 94' lang='lat' dir='ltr'><strong>si</strong></span> <span class='ocrx_word' id='word_1_707' title='bbox 1692 4571 1748 4626; x_wconf 91' lang='lat' dir='ltr'><strong>in</strong></span> <span class='ocrx_word' id='word_1_708' title='bbox 1773 4573 1956 4629; x_wconf 90' lang='lat' dir='ltr'><strong>animo</strong></span> <span class='ocrx_word' id='word_1_709' title='bbox 1975 4589 2132 4631; x_wconf 83' lang='lat' dir='ltr'><strong>man-</strong></span> <span class='ocrx_word' id='word_1_710' title='bbox 2156 4568 2212 4591; x_wconf 78' lang='lat'><strong><em>”</em></strong></span> <span class='ocrx_word' id='word_1_711' title='bbox 2237 4571 2341 4628; x_wconf 90' lang='lat' dir='ltr'><strong>hoc</strong></span> <span class='ocrx_word' id='word_1_712' title='bbox 2369 4577 2582 4627; x_wconf 89' lang='lat' dir='ltr'><strong>tantum</strong></span> <span class='ocrx_word' id='word_1_713' title='bbox 2610 4569 2847 4639; x_wconf 86' lang='lat' dir='ltr'><strong>laborat,</strong></span> <span class='ocrx_word' id='word_1_714' title='bbox 2881 4578 2945 4627; x_wconf 93' lang='lat' dir='ltr'><strong>ut</strong></span> <span class='ocrx_word' id='word_1_715' title='bbox 2976 4570 3093 4643; x_wconf 86' lang='lat' dir='ltr'><strong>ipse</strong></span> <span class='ocrx_word' id='word_1_716' title='bbox 3130 4587 3241 4628; x_wconf 91' lang='lat' dir='ltr'><strong>non</strong></span> <span class='ocrx_word' id='word_1_717' title='bbox 3268 4580 3448 4642; x_wconf 87' lang='lat' dir='ltr'><strong>egeat,</strong></span> <span class='ocrx_word' id='word_1_718' title='bbox 3473 4577 3527 4626; x_wconf 89' lang='lat' dir='ltr'><strong>et</strong></span> <span class='ocrx_word' id='word_1_719' title='bbox 3552 4582 3579 4622; x_wconf 88' lang='lat' dir='ltr'><strong>a</strong></span> <span class='ocrx_word' id='word_1_720' title='bbox 3602 4568 3768 4622; x_wconf 67' lang='lat' dir='ltr'><strong>ceteris</strong></span> 
     </span>
    </p>
   </div>
   <div class='ocr_carea' id='block_1_85' title="bbox 540 4661 3767 4737">
    <p class='ocr_par' dir='ltr' id='par_1_85' title="bbox 540 4661 3767 4737">
     <span class='ocr_line' id='line_1_85' title="bbox 540 4661 3767 4737; baseline -0.002 -18"><span class='ocrx_word' id='word_1_721' title='bbox 540 4664 696 4731; x_wconf 89' lang='lat' dir='ltr'><strong>serit,</strong></span> <span class='ocrx_word' id='word_1_722' title='bbox 724 4664 818 4719; x_wconf 92' lang='lat' dir='ltr'><strong>dat</strong></span> <span class='ocrx_word' id='word_1_723' title='bbox 841 4663 1188 4721; x_wconf 84' lang='lat' dir='ltr'><strong>occasionem</strong></span> <span class='ocrx_word' id='word_1_724' title='bbox 1218 4663 1432 4720; x_wconf 85' lang='lat' dir='ltr'><strong>diabolo</strong></span> <span class='ocrx_word' id='word_1_725' title='bbox 1461 4663 1765 4735; x_wconf 86' lang='lat' dir='ltr'><strong>gloriandi:</strong></span> <span class='ocrx_word' id='word_1_726' title='bbox 1797 4680 2023 4723; x_wconf 90' lang='lat' dir='ltr'><strong>necesse</strong></span> <span class='ocrx_word' id='word_1_727' title='bbox 2046 4675 2132 4725; x_wconf 85' lang='lat' dir='ltr'><strong>est</strong></span> <span class='ocrx_word' id='word_1_728' title='bbox 2232 4662 2507 4721; x_wconf 90' lang='lat' dir='ltr'><strong>contrahit</strong></span> <span class='ocrx_word' id='word_1_729' title='bbox 2554 4677 2780 4720; x_wconf 89' lang='lat' dir='ltr'><strong>manum</strong></span> <span class='ocrx_word' id='word_1_730' title='bbox 2808 4680 2824 4719; x_wconf 91' lang='lat'><strong>:</strong></span> <span class='ocrx_word' id='word_1_731' title='bbox 2853 4664 3105 4736; x_wconf 89' lang='lat' dir='ltr'><strong>quamvis</strong></span> <span class='ocrx_word' id='word_1_732' title='bbox 3133 4664 3425 4737; x_wconf 86' lang='lat' dir='ltr'><strong>applaudat</strong></span> <span class='ocrx_word' id='word_1_733' title='bbox 3455 4661 3584 4727; x_wconf 89' lang='lat' dir='ltr'><strong>sibi,</strong></span> <span class='ocrx_word' id='word_1_734' title='bbox 3628 4664 3767 4712; x_wconf 80' lang='lat' dir='ltr'><strong>tamen</strong></span> 
     </span>
    </p>
   </div>
   <div class='ocr_carea' id='block_1_86' title="bbox 538 4753 3769 4837">
    <p class='ocr_par' dir='ltr' id='par_1_86' title="bbox 538 4753 3769 4837">
     <span class='ocr_line' id='line_1_86' title="bbox 538 4753 3769 4837; baseline -0.003 -23"><span class='ocrx_word' id='word_1_735' title='bbox 538 4757 685 4814; x_wconf 91' lang='lat' dir='ltr'><strong>enim</strong></span> <span class='ocrx_word' id='word_1_736' title='bbox 724 4758 897 4813; x_wconf 88' lang='lat' dir='ltr'><strong>iratus</strong></span> <span class='ocrx_word' id='word_1_737' title='bbox 917 4756 1135 4814; x_wconf 85' lang='lat' dir='ltr'><strong>animus</strong></span> <span class='ocrx_word' id='word_1_738' title='bbox 1161 4757 1305 4814; x_wconf 91' lang='lat' dir='ltr'><strong>mala</strong></span> <span class='ocrx_word' id='word_1_739' title='bbox 1331 4758 1552 4832; x_wconf 87' lang='lat' dir='ltr'><strong>cogitet,</strong></span> <span class='ocrx_word' id='word_1_740' title='bbox 1597 4758 1742 4837; x_wconf 84' lang='lat' dir='ltr'><strong>quod</strong></span> <span class='ocrx_word' id='word_1_741' title='bbox 1767 4759 1918 4832; x_wconf 91' lang='lat' dir='ltr'><strong>cupit</strong></span> <span class='ocrx_word' id='word_1_742' title='bbox 1944 4761 2132 4818; x_wconf 89' lang='lat' dir='ltr'><strong>diabo-</strong></span> <span class='ocrx_word' id='word_1_743' title='bbox 2231 4753 2478 4827; x_wconf 84' lang='lat' dir='ltr'><strong>Apostoli</strong></span> <span class='ocrx_word' id='word_1_744' title='bbox 2500 4764 2772 4827; x_wconf 67' lang='lat' dir='ltr'><strong>przecepta</strong></span> <span class='ocrx_word' id='word_1_745' title='bbox 2791 4770 2901 4812; x_wconf 92' lang='lat' dir='ltr'><strong>non</strong></span> <span class='ocrx_word' id='word_1_746' title='bbox 2924 4755 3074 4812; x_wconf 81' lang='lat' dir='ltr'><strong>fecit.</strong></span> <span class='ocrx_word' id='word_1_747' title='bbox 3106 4756 3339 4831; x_wconf 82' lang='lat' dir='ltr'><strong>(Ambr.)</strong></span> <span class='ocrx_word' id='word_1_748' title='bbox 3358 4756 3474 4813; x_wconf 85' lang='lat' dir='ltr'><strong>Non</strong></span> <span class='ocrx_word' id='word_1_749' title='bbox 3495 4753 3650 4811; x_wconf 87' lang='lat' dir='ltr'><strong>solum</strong></span> <span class='ocrx_word' id='word_1_750' title='bbox 3669 4754 3769 4837; x_wconf 71' lang='lat' dir='ltr'><strong>ergo</strong></span> 
     </span>
    </p>
   </div>
   <div class='ocr_carea' id='block_1_87' title="bbox 537 4834 3771 4923">
    <p class='ocr_par' dir='ltr' id='par_1_87' title="bbox 537 4834 3771 4923">
     <span class='ocr_line' id='line_1_87' title="bbox 537 4834 3771 4923; baseline -0.004 -16"><span class='ocrx_word' id='word_1_751' title='bbox 537 4850 623 4907; x_wconf 92' lang='lat' dir='ltr'><strong>lus</strong></span> <span class='ocrx_word' id='word_1_752' title='bbox 655 4870 669 4907; x_wconf 91' lang='lat'><strong>:</strong></span> <span class='ocrx_word' id='word_1_753' title='bbox 702 4850 912 4905; x_wconf 88' lang='lat' dir='ltr'><strong>invenit</strong></span> <span class='ocrx_word' id='word_1_754' title='bbox 954 4850 1100 4905; x_wconf 88' lang='lat' dir='ltr'><strong>enim</strong></span> <span class='ocrx_word' id='word_1_755' title='bbox 1124 4860 1359 4909; x_wconf 88' lang='lat' dir='ltr'><strong>mentem</strong></span> <span class='ocrx_word' id='word_1_756' title='bbox 1406 4834 1671 4923; x_wconf 82' lang='lat' dir='ltr'><strong>paratam</strong></span> <span class='ocrx_word' id='word_1_757' title='bbox 1694 4851 1762 4907; x_wconf 90' lang='lat' dir='ltr'><strong>ad</strong></span> <span class='ocrx_word' id='word_1_758' title='bbox 1791 4852 2017 4920; x_wconf 86' lang='lat' dir='ltr'><strong>malum,</strong></span> <span class='ocrx_word' id='word_1_759' title='bbox 2040 4855 2131 4910; x_wconf 86' lang='lat' dir='ltr'><strong>cui</strong></span> <span class='ocrx_word' id='word_1_760' title='bbox 2233 4844 2576 4903; x_wconf 87' lang='lat' dir='ltr'><strong>Christianus</strong></span> <span class='ocrx_word' id='word_1_761' title='bbox 2601 4845 2779 4903; x_wconf 88' lang='lat' dir='ltr'><strong>aliena</strong></span> <span class='ocrx_word' id='word_1_762' title='bbox 2817 4863 2927 4903; x_wconf 92' lang='lat' dir='ltr'><strong>non</strong></span> <span class='ocrx_word' id='word_1_763' title='bbox 2963 4846 3154 4905; x_wconf 89' lang='lat' dir='ltr'><strong>tollere</strong></span> <span class='ocrx_word' id='word_1_764' title='bbox 3174 4847 3422 4917; x_wconf 77' lang='lat' dir='ltr'><strong>iubetur,</strong></span> <span class='ocrx_word' id='word_1_765' title='bbox 3453 4845 3544 4903; x_wconf 91' lang='lat' dir='ltr'><strong>sed</strong></span> <span class='ocrx_word' id='word_1_766' title='bbox 3566 4851 3616 4899; x_wconf 90' lang='lat' dir='ltr'><strong>et</strong></span> <span class='ocrx_word' id='word_1_767' title='bbox 3634 4839 3691 4894; x_wconf 88' lang='lat' dir='ltr'><strong>de</strong></span> <span class='ocrx_word' id='word_1_768' title='bbox 3712 4834 3771 4886; x_wconf 74' lang='lat' dir='ltr'><strong>la-</strong></span> 
     </span>
    </p>
   </div>
   <div class='ocr_carea' id='block_1_88' title="bbox 536 4930 3769 5013">
    <p class='ocr_par' dir='ltr' id='par_1_88' title="bbox 536 4930 3769 5013">
     <span class='ocr_line' id='line_1_88' title="bbox 536 4930 3769 5013; baseline -0.001 -16"><span class='ocrx_word' id='word_1_769' title='bbox 536 4956 598 4997; x_wconf 84' lang='lat' dir='ltr'><strong>se</strong></span> <span class='ocrx_word' id='word_1_770' title='bbox 633 4940 881 4995; x_wconf 88' lang='lat' dir='ltr'><strong>inserens</strong></span> <span class='ocrx_word' id='word_1_771' title='bbox 908 4936 1109 4997; x_wconf 80' lang='lat' dir='ltr'><strong>allectu</strong></span> <span class='ocrx_word' id='word_1_772' title='bbox 1160 4956 1259 4998; x_wconf 90' lang='lat' dir='ltr'><strong>suo</strong></span> <span class='ocrx_word' id='word_1_773' title='bbox 1287 4942 1488 5013; x_wconf 91' lang='lat' dir='ltr'><strong>decipit</strong></span> <span class='ocrx_word' id='word_1_774' title='bbox 1526 4942 1803 4998; x_wconf 90' lang='lat' dir='ltr'><strong>hominem</strong></span> <span class='ocrx_word' id='word_1_775' title='bbox 1832 4940 2036 4999; x_wconf 82' lang='lat' dir='ltr'><strong>factum</strong></span> <span class='ocrx_word' id='word_1_776' title='bbox 2060 4944 2129 5001; x_wconf 89' lang='lat' dir='ltr'><strong>ad</strong></span> <span class='ocrx_word' id='word_1_777' title='bbox 2229 4939 2366 4996; x_wconf 90' lang='lat' dir='ltr'><strong>bore</strong></span> <span class='ocrx_word' id='word_1_778' title='bbox 2421 4953 2520 4996; x_wconf 89' lang='lat' dir='ltr'><strong>suo</strong></span> <span class='ocrx_word' id='word_1_779' title='bbox 2569 4939 2854 5012; x_wconf 88' lang='lat' dir='ltr'><strong>penuriam</strong></span> <span class='ocrx_word' id='word_1_780' title='bbox 2900 4940 3231 5011; x_wconf 81' lang='lat' dir='ltr'><strong>patientibus</strong></span> <span class='ocrx_word' id='word_1_781' title='bbox 3283 4936 3692 4997; x_wconf 67' lang='lat' dir='ltr'><strong>subministrare.</strong></span> <span class='ocrx_word' id='word_1_782' title='bbox 3723 4930 3769 4979; x_wconf 68' lang='grc' dir='ltr'>αι</span> 
     </span>
    </p>
   </div>
   <div class='ocr_carea' id='block_1_89' title="bbox 539 5023 3765 5119">
    <p class='ocr_par' dir='ltr' id='par_1_89' title="bbox 539 5023 3765 5119">
     <span class='ocr_line' id='line_1_89' title="bbox 539 5023 3765 5119; baseline -0.002 -33"><span class='ocrx_word' id='word_1_783' title='bbox 539 5031 730 5096; x_wconf 88' lang='lat' dir='ltr'><strong>vitam,</strong></span> <span class='ocrx_word' id='word_1_784' title='bbox 750 5030 879 5100; x_wconf 87' lang='lat' dir='ltr'><strong>quia</strong></span> <span class='ocrx_word' id='word_1_785' title='bbox 902 5030 1138 5090; x_wconf 75' lang='lat' dir='ltr'><strong>hominis</strong></span> <span class='ocrx_word' id='word_1_786' title='bbox 1162 5034 1401 5105; x_wconf 87' lang='lat' dir='ltr'><strong>cogitare</strong></span> <span class='ocrx_word' id='word_1_787' title='bbox 1414 5035 1733 5102; x_wconf 91' lang='lat' dir='ltr'><strong>cst,diaboli</strong></span> <span class='ocrx_word' id='word_1_788' title='bbox 1754 5035 1997 5105; x_wconf 89' lang='lat' dir='ltr'><strong>implere.</strong></span> <span class='ocrx_word' id='word_1_789' title='bbox 2014 5034 2131 5092; x_wconf 86' lang='lat' dir='ltr'><strong>No-</strong></span> <span class='ocrx_word' id='word_1_790' title='bbox 2229 5030 2393 5089; x_wconf 91' lang='lat' dir='ltr'><strong>bonis</strong></span> <span class='ocrx_word' id='word_1_791' title='bbox 2427 5031 2685 5103; x_wconf 90' lang='lat' dir='ltr'><strong>operibus</strong></span> <span class='ocrx_word' id='word_1_792' title='bbox 2720 5032 2954 5100; x_wconf 86' lang='lat' dir='ltr'><strong>deditus,</strong></span> <span class='ocrx_word' id='word_1_793' title='bbox 3008 5031 3273 5104; x_wconf 91' lang='lat' dir='ltr'><strong>rependat</strong></span> <span class='ocrx_word' id='word_1_794' title='bbox 3297 5046 3422 5103; x_wconf 76' lang='lat' dir='ltr'><strong>qua:</strong></span> <span class='ocrx_word' id='word_1_795' title='bbox 3446 5028 3592 5101; x_wconf 89' lang='lat' dir='ltr'><strong>prius</strong></span> <span class='ocrx_word' id='word_1_796' title='bbox 3617 5023 3765 5119; x_wconf 39' lang='lat' dir='ltr'><strong>absint</strong></span> 
     </span>
    </p>
   </div>
   <div class='ocr_carea' id='block_1_90' title="bbox 537 5110 3766 5199">
    <p class='ocr_par' dir='ltr' id='par_1_90' title="bbox 537 5110 3766 5199">
     <span class='ocr_line' id='line_1_90' title="bbox 537 5110 3766 5199; baseline 0.001 -23"><span class='ocrx_word' id='word_1_797' title='bbox 537 5122 628 5177; x_wconf 86' lang='lat' dir='ltr'><strong>lite</strong></span> <span class='ocrx_word' id='word_1_798' title='bbox 652 5122 856 5193; x_wconf 88' lang='lat' dir='ltr'><strong>itaque,</strong></span> <span class='ocrx_word' id='word_1_799' title='bbox 882 5124 977 5190; x_wconf 90' lang='lat' dir='ltr'><strong>ait,</strong></span> <span class='ocrx_word' id='word_1_800' title='bbox 1004 5123 1176 5181; x_wconf 85' lang='lat' dir='ltr'><strong>locum</strong></span> <span class='ocrx_word' id='word_1_801' title='bbox 1200 5126 1328 5182; x_wconf 88' lang='lat' dir='ltr'><strong>dare</strong></span> <span class='ocrx_word' id='word_1_802' title='bbox 1353 5125 1583 5192; x_wconf 85' lang='lat' dir='ltr'><strong>diabolo,</strong></span> <span class='ocrx_word' id='word_1_803' title='bbox 1603 5126 1873 5199; x_wconf 73' lang='lat' dir='ltr'><strong>(Hierom)</strong></span> <span class='ocrx_word' id='word_1_804' title='bbox 1890 5127 1984 5199; x_wconf 86' lang='lat' dir='ltr'><strong>qui</strong></span> <span class='ocrx_word' id='word_1_805' title='bbox 2010 5136 2128 5183; x_wconf 87' lang='lat' dir='ltr'><strong>tan-</strong></span> <span class='ocrx_word' id='word_1_806' title='bbox 2229 5122 2387 5191; x_wconf 91' lang='lat' dir='ltr'><strong>lerat,</strong></span> <span class='ocrx_word' id='word_1_807' title='bbox 2426 5130 2483 5179; x_wconf 86' lang='lat' dir='ltr'><strong>et</strong></span> <span class='ocrx_word' id='word_1_808' title='bbox 2507 5123 2577 5179; x_wconf 91' lang='lat' dir='ltr'><strong>de</strong></span> <span class='ocrx_word' id='word_1_809' title='bbox 2605 5132 2804 5181; x_wconf 79' lang='lat' dir='ltr'><strong>caetero</strong></span> <span class='ocrx_word' id='word_1_810' title='bbox 2828 5123 3161 5181; x_wconf 87' lang='lat' dir='ltr'><strong>thesaurizet</strong></span> <span class='ocrx_word' id='word_1_811' title='bbox 3203 5123 3306 5180; x_wconf 91' lang='lat' dir='ltr'><strong>sibi</strong></span> <span class='ocrx_word' id='word_1_812' title='bbox 3336 5124 3393 5179; x_wconf 91' lang='lat' dir='ltr'><strong>in</strong></span> <span class='ocrx_word' id='word_1_813' title='bbox 3423 5120 3663 5177; x_wconf 79' lang='lat' dir='ltr'><strong>futurum.</strong></span> <span class='ocrx_word' id='word_1_814' title='bbox 3687 5110 3766 5179; x_wconf 68' lang='lat' dir='ltr'><strong>Qui</strong></span> 
     </span>
    </p>
   </div>
   <div class='ocr_carea' id='block_1_91' title="bbox 538 5214 2130 5291">
    <p class='ocr_par' dir='ltr' id='par_1_91' title="bbox 538 5214 2130 5291">
     <span class='ocr_line' id='line_1_91' title="bbox 538 5214 2130 5291; baseline 0.006 -24"><span class='ocrx_word' id='word_1_815' title='bbox 538 5230 702 5290; x_wconf 79' lang='lat' dir='ltr'><strong>quam</strong></span> <span class='ocrx_word' id='word_1_816' title='bbox 716 5214 798 5271; x_wconf 92' lang='lat' dir='ltr'><strong>leo</strong></span> <span class='ocrx_word' id='word_1_817' title='bbox 812 5217 1031 5288; x_wconf 88' lang='lat' dir='ltr'><strong>rugiens</strong></span> <span class='ocrx_word' id='word_1_818' title='bbox 1043 5217 1450 5288; x_wconf 60' lang='lat' dir='ltr'><strong>quaeritaditum</strong></span> <span class='ocrx_word' id='word_1_819' title='bbox 1465 5234 1564 5289; x_wconf 89' lang='lat' dir='ltr'><strong>per</strong></span> <span class='ocrx_word' id='word_1_820' title='bbox 1573 5232 1736 5291; x_wconf 89' lang='lat' dir='ltr'><strong>quem</strong></span> <span class='ocrx_word' id='word_1_821' title='bbox 1746 5220 2130 5289; x_wconf 89' lang='lat' dir='ltr'><strong>possitirrum-</strong></span> 
     </span>
    </p>
   </div>
   <div class='ocr_carea' id='block_1_92' title="bbox 535 5305 2129 5381">
    <p class='ocr_par' dir='ltr' id='par_1_92' title="bbox 535 5305 2129 5381">
     <span class='ocr_line' id='line_1_92' title="bbox 535 5305 2129 5381; baseline 0.004 -19"><span class='ocrx_word' id='word_1_822' title='bbox 535 5323 669 5380; x_wconf 87' lang='lat' dir='ltr'><strong>pere</strong></span> <span class='ocrx_word' id='word_1_823' title='bbox 694 5306 744 5381; x_wconf 89' lang='lat' dir='ltr'><strong>(l</strong></span> <span class='ocrx_word' id='word_1_824' title='bbox 772 5305 918 5366; x_wconf 84' lang='lat' dir='ltr'><strong>Petr.</strong></span> <span class='ocrx_word' id='word_1_825' title='bbox 940 5307 1017 5380; x_wconf 89' lang='lat' dir='ltr'><strong>v).</strong></span> <span class='ocrx_word' id='word_1_826' title='bbox 1043 5307 1324 5377; x_wconf 90' lang='lat' dir='ltr'><strong>Quomodo</strong></span> <span class='ocrx_word' id='word_1_827' title='bbox 1352 5310 1496 5365; x_wconf 91' lang='lat' dir='ltr'><strong>enim</strong></span> <span class='ocrx_word' id='word_1_828' title='bbox 1522 5309 1685 5366; x_wconf 89' lang='lat' dir='ltr'><strong>Pater</strong></span> <span class='ocrx_word' id='word_1_829' title='bbox 1706 5319 1761 5367; x_wconf 89' lang='lat' dir='ltr'><strong>et</strong></span> <span class='ocrx_word' id='word_1_830' title='bbox 1785 5310 1956 5368; x_wconf 89' lang='lat' dir='ltr'><strong>Filius</strong></span> <span class='ocrx_word' id='word_1_831' title='bbox 1979 5320 2129 5368; x_wconf 88' lang='lat' dir='ltr'><strong>stant</strong></span> 
     </span>
    </p>
   </div>
   <div class='ocr_carea' id='block_1_93' title="bbox 536 5402 2127 5473">
    <p class='ocr_par' dir='ltr' id='par_1_93' title="bbox 536 5402 2127 5473">
     <span class='ocr_line' id='line_1_93' title="bbox 536 5402 2127 5473; baseline 0.004 -16"><span class='ocrx_word' id='word_1_832' title='bbox 536 5409 664 5457; x_wconf 91' lang='lat' dir='ltr'><strong>ante</strong></span> <span class='ocrx_word' id='word_1_833' title='bbox 690 5402 890 5458; x_wconf 89' lang='lat' dir='ltr'><strong>ostium</strong></span> <span class='ocrx_word' id='word_1_834' title='bbox 922 5412 978 5458; x_wconf 90' lang='lat' dir='ltr'><strong>et</strong></span> <span class='ocrx_word' id='word_1_835' title='bbox 1008 5403 1248 5473; x_wconf 90' lang='lat' dir='ltr'><strong>pulsant,</strong></span> <span class='ocrx_word' id='word_1_836' title='bbox 1282 5410 1343 5458; x_wconf 92' lang='lat' dir='ltr'><strong>ut</strong></span> <span class='ocrx_word' id='word_1_837' title='bbox 1372 5403 1645 5460; x_wconf 89' lang='lat' dir='ltr'><strong>introeant</strong></span> <span class='ocrx_word' id='word_1_838' title='bbox 1674 5414 1730 5461; x_wconf 90' lang='lat' dir='ltr'><strong>et</strong></span> <span class='ocrx_word' id='word_1_839' title='bbox 1757 5416 1977 5463; x_wconf 70' lang='lat' dir='ltr'><strong>ctenent</strong></span> <span class='ocrx_word' id='word_1_840' title='bbox 2003 5422 2127 5463; x_wconf 88' lang='lat' dir='ltr'><strong>cum</strong></span> 
     </span>
    </p>
   </div>
   <div class='ocr_carea' id='block_1_94' title="bbox 516 5496 2127 5571">
    <p class='ocr_par' dir='ltr' id='par_1_94' title="bbox 516 5496 2127 5571">
     <span class='ocr_line' id='line_1_94' title="bbox 516 5496 2127 5571; baseline 0.001 -16"><span class='ocrx_word' id='word_1_841' title='bbox 516 5511 621 5561; x_wconf 78' lang='lat' dir='ltr'><strong>eo,</strong></span> <span class='ocrx_word' id='word_1_842' title='bbox 651 5497 743 5567; x_wconf 87' lang='lat' dir='ltr'><strong>qui</strong></span> <span class='ocrx_word' id='word_1_843' title='bbox 789 5512 849 5553; x_wconf 88' lang='lat' dir='ltr'><strong>se</strong></span> <span class='ocrx_word' id='word_1_844' title='bbox 882 5498 1172 5568; x_wconf 90' lang='lat' dir='ltr'><strong>receperit,</strong></span> <span class='ocrx_word' id='word_1_845' title='bbox 1227 5496 1302 5552; x_wconf 91' lang='lat' dir='ltr'><strong>ita</strong></span> <span class='ocrx_word' id='word_1_846' title='bbox 1347 5504 1404 5553; x_wconf 91' lang='lat' dir='ltr'><strong>et</strong></span> <span class='ocrx_word' id='word_1_847' title='bbox 1440 5497 1784 5554; x_wconf 84' lang='lat' dir='ltr'><strong>adversarius</strong></span> <span class='ocrx_word' id='word_1_848' title='bbox 1824 5516 2043 5571; x_wconf 90' lang='lat' dir='ltr'><strong>semper</strong></span> <span class='ocrx_word' id='word_1_849' title='bbox 2070 5502 2127 5557; x_wconf 92' lang='lat' dir='ltr'><strong>in</strong></span> 
     </span>
    </p>
   </div>
   <div class='ocr_carea' id='block_1_95' title="bbox 535 5589 2130 5663">
    <p class='ocr_par' dir='ltr' id='par_1_95' title="bbox 535 5589 2130 5663">
     <span class='ocr_line' id='line_1_95' title="bbox 535 5589 2130 5663; baseline -0.001 -15"><span class='ocrx_word' id='word_1_850' title='bbox 535 5606 641 5648; x_wconf 89' lang='lat' dir='ltr'><strong>nos</strong></span> <span class='ocrx_word' id='word_1_851' title='bbox 666 5599 751 5649; x_wconf 87' lang='lat' dir='ltr'><strong>est</strong></span> <span class='ocrx_word' id='word_1_852' title='bbox 780 5598 1009 5663; x_wconf 89' lang='lat' dir='ltr'><strong>paratus</strong></span> <span class='ocrx_word' id='word_1_853' title='bbox 1035 5589 1362 5660; x_wconf 87' lang='lat' dir='ltr'><strong>irrumpere,</strong></span> <span class='ocrx_word' id='word_1_854' title='bbox 1421 5597 1477 5644; x_wconf 90' lang='lat' dir='ltr'><strong>et</strong></span> <span class='ocrx_word' id='word_1_855' title='bbox 1529 5605 1652 5644; x_wconf 91' lang='lat' dir='ltr'><strong>cum</strong></span> <span class='ocrx_word' id='word_1_856' title='bbox 1704 5590 1879 5646; x_wconf 88' lang='lat' dir='ltr'><strong>locum</strong></span> <span class='ocrx_word' id='word_1_857' title='bbox 1917 5592 2130 5647; x_wconf 88' lang='lat' dir='ltr'><strong>dederi-</strong></span> 
     </span>
    </p>
   </div>
   <div class='ocr_carea' id='block_1_96' title="bbox 536 5678 2130 5754">
    <p class='ocr_par' dir='ltr' id='par_1_96' title="bbox 536 5678 2130 5754">
     <span class='ocr_line' id='line_1_96' title="bbox 536 5678 2130 5754; baseline 0 -16"><span class='ocrx_word' id='word_1_858' title='bbox 536 5695 681 5748; x_wconf 87' lang='lat' dir='ltr'><strong>mus,</strong></span> <span class='ocrx_word' id='word_1_859' title='bbox 711 5680 1033 5754; x_wconf 85' lang='lat' dir='ltr'><strong>ingreditur.</strong></span> <span class='ocrx_word' id='word_1_860' title='bbox 1063 5678 1213 5737; x_wconf 91' lang='lat' dir='ltr'><strong>Solet</strong></span> <span class='ocrx_word' id='word_1_861' title='bbox 1239 5689 1420 5737; x_wconf 88' lang='lat' dir='ltr'><strong>autem</strong></span> <span class='ocrx_word' id='word_1_862' title='bbox 1459 5690 1749 5751; x_wconf 85' lang='lat' dir='ltr'><strong>antequam</strong></span> <span class='ocrx_word' id='word_1_863' title='bbox 1780 5683 1964 5738; x_wconf 89' lang='lat' dir='ltr'><strong>veniat</strong></span> <span class='ocrx_word' id='word_1_864' title='bbox 1983 5698 2130 5752; x_wconf 69' lang='lat' dir='ltr'><strong>quae-</strong></span> 
     </span>
    </p>
   </div>
   <div class='ocr_carea' id='block_1_97' title="bbox 512 5746 2130 5849">
    <p class='ocr_par' dir='ltr' id='par_1_97' title="bbox 512 5746 2130 5849">
     <span class='ocr_line' id='line_1_97' title="bbox 512 5746 2130 5849; baseline -0.001 -14"><span class='ocrx_word' id='word_1_865' title='bbox 512 5746 675 5835; x_wconf 18' lang='lat' dir='ltr'><strong>&#39;dami</strong></span> <span class='ocrx_word' id='word_1_866' title='bbox 709 5746 893 5849; x_wconf 74' lang='lat' dir='ltr'><strong>iacula</strong></span> <span class='ocrx_word' id='word_1_867' title='bbox 941 5775 1291 5847; x_wconf 73' lang='lat' dir='ltr'><strong>pmmittere,</strong></span> <span class='ocrx_word' id='word_1_868' title='bbox 1341 5784 1399 5833; x_wconf 89' lang='lat' dir='ltr'><strong>et</strong></span> <span class='ocrx_word' id='word_1_869' title='bbox 1440 5746 1836 5849; x_wconf 78' lang='lat' dir='ltr'><strong>praecursorem</strong></span> <span class='ocrx_word' id='word_1_870' title='bbox 1864 5746 2130 5835; x_wconf 76' lang='lat' dir='ltr'><strong>adventus</strong></span> 
     </span>
    </p>
   </div>
   <div class='ocr_carea' id='block_1_98' title="bbox 2228 5211 3765 5287">
    <p class='ocr_par' dir='ltr' id='par_1_98' title="bbox 2228 5211 3765 5287">
     <span class='ocr_line' id='line_1_98' title="bbox 2228 5211 3765 5287; baseline -0.005 -15"><span class='ocrx_word' id='word_1_871' title='bbox 2228 5216 2376 5272; x_wconf 91' lang='lat' dir='ltr'><strong>enim</strong></span> <span class='ocrx_word' id='word_1_872' title='bbox 2427 5223 2607 5273; x_wconf 88' lang='lat' dir='ltr'><strong>cessat</strong></span> <span class='ocrx_word' id='word_1_873' title='bbox 2652 5232 2685 5272; x_wconf 92' lang='lat' dir='ltr'><strong>a</strong></span> <span class='ocrx_word' id='word_1_874' title='bbox 2729 5214 2897 5285; x_wconf 91' lang='lat' dir='ltr'><strong>furto,</strong></span> <span class='ocrx_word' id='word_1_875' title='bbox 2935 5216 3155 5274; x_wconf 88' lang='lat' dir='ltr'><strong>veniam</strong></span> <span class='ocrx_word' id='word_1_876' title='bbox 3201 5222 3383 5287; x_wconf 89' lang='lat' dir='ltr'><strong>potest</strong></span> <span class='ocrx_word' id='word_1_877' title='bbox 3433 5211 3635 5271; x_wconf 87' lang='lat' dir='ltr'><strong>habere,</strong></span> <span class='ocrx_word' id='word_1_878' title='bbox 3683 5214 3765 5257; x_wconf 80' lang='lat' dir='ltr'><strong>non</strong></span> 
     </span>
    </p>
   </div>
   <div class='ocr_carea' id='block_1_99' title="bbox 2230 5290 3764 5380">
    <p class='ocr_par' dir='ltr' id='par_1_99' title="bbox 2230 5290 3764 5380">
     <span class='ocr_line' id='line_1_99' title="bbox 2230 5290 3764 5380; baseline -0.013 -15"><span class='ocrx_word' id='word_1_879' title='bbox 2230 5306 2477 5380; x_wconf 87' lang='lat' dir='ltr'><strong>gloriam.</strong></span> <span class='ocrx_word' id='word_1_880' title='bbox 2510 5308 2651 5376; x_wconf 88' lang='lat' dir='ltr'><strong>Quid</strong></span> <span class='ocrx_word' id='word_1_881' title='bbox 2679 5310 2825 5365; x_wconf 90' lang='lat' dir='ltr'><strong>enim</strong></span> <span class='ocrx_word' id='word_1_882' title='bbox 2853 5323 3109 5380; x_wconf 89' lang='lat' dir='ltr'><strong>magnum</strong></span> <span class='ocrx_word' id='word_1_883' title='bbox 3137 5316 3231 5362; x_wconf 92' lang='lat' dir='ltr'><strong>aut</strong></span> <span class='ocrx_word' id='word_1_884' title='bbox 3251 5305 3409 5375; x_wconf 82' lang='lat' dir='ltr'><strong>cujus</strong></span> <span class='ocrx_word' id='word_1_885' title='bbox 3438 5301 3605 5360; x_wconf 84' lang='lat' dir='ltr'><strong>meriti</strong></span> <span class='ocrx_word' id='word_1_886' title='bbox 3626 5290 3764 5353; x_wconf 86' lang='lat' dir='ltr'><strong>estab</strong></span> 
     </span>
    </p>
   </div>
   <div class='ocr_carea' id='block_1_100' title="bbox 2230 5394 3762 5474">
    <p class='ocr_par' dir='ltr' id='par_1_100' title="bbox 2230 5394 3762 5474">
     <span class='ocr_line' id='line_1_100' title="bbox 2230 5394 3762 5474; baseline -0.006 -18"><span class='ocrx_word' id='word_1_887' title='bbox 2230 5401 2427 5458; x_wconf 89' lang='lat' dir='ltr'><strong>alienis</strong></span> <span class='ocrx_word' id='word_1_888' title='bbox 2472 5403 2819 5474; x_wconf 87' lang='lat' dir='ltr'><strong>temperare?</strong></span> <span class='ocrx_word' id='word_1_889' title='bbox 2846 5403 2915 5459; x_wconf 93' lang='lat' dir='ltr'><strong>ad</strong></span> <span class='ocrx_word' id='word_1_890' title='bbox 2955 5403 3209 5459; x_wconf 90' lang='lat' dir='ltr'><strong>meritum</strong></span> <span class='ocrx_word' id='word_1_891' title='bbox 3241 5402 3389 5456; x_wconf 88' lang='lat' dir='ltr'><strong>enim</strong></span> <span class='ocrx_word' id='word_1_892' title='bbox 3419 5394 3638 5470; x_wconf 85' lang='lat' dir='ltr'><strong>prolicit,</strong></span> <span class='ocrx_word' id='word_1_893' title='bbox 3666 5395 3762 5443; x_wconf 81' lang='lat' dir='ltr'><strong>cum</strong></span> 
     </span>
    </p>
   </div>
   <div class='ocr_carea' id='block_1_101' title="bbox 2229 5490 3764 5568">
    <p class='ocr_par' dir='ltr' id='par_1_101' title="bbox 2229 5490 3764 5568">
     <span class='ocr_line' id='line_1_101' title="bbox 2229 5490 3764 5568; baseline -0.012 -17"><span class='ocrx_word' id='word_1_894' title='bbox 2229 5495 2352 5565; x_wconf 90' lang='lat' dir='ltr'><strong>quis</strong></span> <span class='ocrx_word' id='word_1_895' title='bbox 2378 5494 2444 5551; x_wconf 90' lang='lat' dir='ltr'><strong>de</strong></span> <span class='ocrx_word' id='word_1_896' title='bbox 2470 5497 2692 5567; x_wconf 80' lang='lat' dir='ltr'><strong>proprio</strong></span> <span class='ocrx_word' id='word_1_897' title='bbox 2714 5497 2906 5554; x_wconf 89' lang='lat' dir='ltr'><strong>tribuit</strong></span> <span class='ocrx_word' id='word_1_898' title='bbox 2943 5498 3147 5568; x_wconf 81' lang='lat' dir='ltr'><strong>egenis.</strong></span> <span class='ocrx_word' id='word_1_899' title='bbox 3182 5493 3452 5566; x_wconf 69' lang='grc' dir='ltr'><strong>(Πίον-οη.)</strong></span> <span class='ocrx_word' id='word_1_900' title='bbox 3502 5490 3668 5544; x_wconf 87' lang='lat' dir='ltr'><strong>Potest</strong></span> <span class='ocrx_word' id='word_1_901' title='bbox 3689 5490 3764 5533; x_wconf 84' lang='lat' dir='ltr'><strong>au-</strong></span> 
     </span>
    </p>
   </div>
   <div class='ocr_carea' id='block_1_102' title="bbox 2230 5574 3761 5659">
    <p class='ocr_par' dir='ltr' id='par_1_102' title="bbox 2230 5574 3761 5659">
     <span class='ocr_line' id='line_1_102' title="bbox 2230 5574 3761 5659; baseline -0.005 -19"><span class='ocrx_word' id='word_1_902' title='bbox 2230 5595 2339 5640; x_wconf 87' lang='lat' dir='ltr'><strong>tem</strong></span> <span class='ocrx_word' id='word_1_903' title='bbox 2367 5596 2422 5642; x_wconf 89' lang='lat' dir='ltr'><strong>et</strong></span> <span class='ocrx_word' id='word_1_904' title='bbox 2450 5587 2591 5642; x_wconf 88' lang='lat' dir='ltr'><strong>alius</strong></span> <span class='ocrx_word' id='word_1_905' title='bbox 2648 5587 2895 5659; x_wconf 88' lang='lat' dir='ltr'><strong>intelligi,</strong></span> <span class='ocrx_word' id='word_1_906' title='bbox 2929 5589 3021 5659; x_wconf 86' lang='lat' dir='ltr'><strong>qui</strong></span> <span class='ocrx_word' id='word_1_907' title='bbox 3070 5585 3365 5657; x_wconf 78' lang='lat' dir='ltr'><strong>furabatur,</strong></span> <span class='ocrx_word' id='word_1_908' title='bbox 3391 5584 3504 5654; x_wconf 86' lang='lat' dir='ltr'><strong>jam</strong></span> <span class='ocrx_word' id='word_1_909' title='bbox 3531 5593 3624 5634; x_wconf 81' lang='lat' dir='ltr'><strong>non</strong></span> <span class='ocrx_word' id='word_1_910' title='bbox 3645 5574 3761 5659; x_wconf 57' lang='grc' dir='ltr'><strong>[κφ-</strong></span> 
     </span>
    </p>
   </div>
   <div class='ocr_carea' id='block_1_103' title="bbox 2231 5657 3763 5752">
    <p class='ocr_par' dir='ltr' id='par_1_103' title="bbox 2231 5657 3763 5752">
     <span class='ocr_line' id='line_1_103' title="bbox 2231 5657 3763 5752; baseline -0.011 -21"><span class='ocrx_word' id='word_1_911' title='bbox 2231 5688 2341 5743; x_wconf 87' lang='lat' dir='ltr'><strong>tur,</strong></span> <span class='ocrx_word' id='word_1_912' title='bbox 2368 5687 2424 5734; x_wconf 92' lang='lat' dir='ltr'><strong>et</strong></span> <span class='ocrx_word' id='word_1_913' title='bbox 2454 5678 2658 5749; x_wconf 85' lang='lat' dir='ltr'><strong>reliqua</strong></span> <span class='ocrx_word' id='word_1_914' title='bbox 2684 5696 2699 5747; x_wconf 90' lang='lat'><strong>;</strong></span> <span class='ocrx_word' id='word_1_915' title='bbox 2740 5657 2963 5752; x_wconf 78' lang='lat' dir='ltr'><strong>propter</strong></span> <span class='ocrx_word' id='word_1_916' title='bbox 3003 5678 3130 5733; x_wconf 89' lang='lat' dir='ltr'><strong>illud</strong></span> <span class='ocrx_word' id='word_1_917' title='bbox 3161 5678 3303 5749; x_wconf 82' lang='lat' dir='ltr'><strong>quod</strong></span> <span class='ocrx_word' id='word_1_918' title='bbox 3348 5676 3593 5744; x_wconf 86' lang='lat' dir='ltr'><strong>scriptum</strong></span> <span class='ocrx_word' id='word_1_919' title='bbox 3620 5671 3691 5720; x_wconf 88' lang='lat' dir='ltr'><strong>est</strong></span> <span class='ocrx_word' id='word_1_920' title='bbox 3711 5657 3763 5714; x_wconf 77' lang='lat' dir='ltr'><strong>de</strong></span> 
     </span>
    </p>
   </div>
   <div class='ocr_carea' id='block_1_104' title="bbox 2229 5764 3762 5846">
    <p class='ocr_par' dir='ltr' id='par_1_104' title="bbox 2229 5764 3762 5846">
     <span class='ocr_line' id='line_1_104' title="bbox 2229 5764 3762 5846; baseline -0.016 -1"><span class='ocrx_word' id='word_1_921' title='bbox 2229 5772 2736 5846; x_wconf 65' lang='lat' dir='ltr'><strong>Pseudopl‘ophetis,</strong></span> <span class='ocrx_word' id='word_1_922' title='bbox 2788 5773 2881 5846; x_wconf 86' lang='lat' dir='ltr'><strong>qui</strong></span> <span class='ocrx_word' id='word_1_923' title='bbox 2935 5772 3189 5845; x_wconf 73' lang='lat' dir='ltr'><strong>furantur</strong></span> <span class='ocrx_word' id='word_1_924' title='bbox 3228 5786 3486 5830; x_wconf 83' lang='lat' dir='ltr'><strong>sermones</strong></span> <span class='ocrx_word' id='word_1_925' title='bbox 3508 5764 3600 5825; x_wconf 73' lang='lat' dir='ltr'><strong>Dei</strong></span> <span class='ocrx_word' id='word_1_926' title='bbox 3627 5765 3762 5815; x_wconf 71' lang='lat' dir='ltr'><strong>tm&quot;</strong></span> 
     </span>
    </p>
   </div>
  </div>
