3986 6338
239 343 350 400 441
709 335 1256 394 ENABRATIONUM
1294 334 1362 392 IN
1401 335 1550 393 EPP.
1591 334 1800 393 PAULI
1837 333 1968 392 LIB.
2012 333 2199 390 XVIII.
2233 361 2306 374 —--
2339 327 2403 385 IN
2440 325 2660 386 EPIST.
2698 324 2792 384 AD
2829 315 3074 383 EPHES.
3416 323 3522 382 442

238 454 461 524 quisque
485 464 518 504 a
544 450 782 520 proximo
808 467 904 504 suo
927 450 1060 521 (Jer.
1091 452 1250 521 χχιιι)
1275 467 1291 517 ;
1321 458 1377 506 et
1407 451 1462 504 in
1488 449 1780 521 Evangelio
1806 467 1821 503 :
1851 453 1907 515 Α
1929 465 2094 520 quam
2123 450 2175 504 in
2205 447 2428 504 exordio
2456 445 2660 502 conditi
2691 440 3220 516 sumus.-(Maunus.)
3245 441 3371 500 Dies
3389 457 3521 498 vero

239 541 438 598 Omnes
465 543 554 612 qui
604 550 849 596 venerunt
895 551 1014 596 ante
1069 559 1150 597 me
1179 542 1322 612 fures
1365 552 1486 596 sunt
1514 552 1562 596 et
1598 541 1827 597 latrones

237 633 425 708 (Joan.
459 633 516 705 ιι)
542 649 556 699 ;
587 641 644 687 et
669 633 735 688 ad
763 633 1074 689 Romanos:
1109 632 1211 698 Qui
1239 633 1494 704 pradicas
1517 649 1619 687 non
1644 631 1828 701 furan-

236 726 388 792 dum,
418 725 620 794 furari:
642 723 822 796 (Rom.
875 724 961 798 ιι),
989 726 1134 795 quod
1161 725 1306 780 furta
1333 725 1720 796 prohibeamur
1747 722 1828 778 fa-

234 832 366 872 cere
428 815 714 886 spiritalia.
769 815 957 886 Neque
1015 820 1160 872 enim
1213 818 1316 872 hoc
1364 815 1506 885 quod
1533 816 1823 886 sequitur:

236 907 414 978 Magis
457 916 635 962 autem
683 906 883 962 laboret
933 907 1196 978 operando
1242 907 1486 962 manibus
1525 908 1634 962 suis
1686 905 1826 978 quod

235 1000 430 1053 bonum
459 1009 558 1064 est,
595 997 664 1053 ad
699 998 825 1052 vitae
871 998 1030 1068 hujus
1064 998 1374 1054 necessaria
1427 999 1587 1070 digne
1636 997 1826 1052 referri

232 1097 439 1161 potest,
485 1099 544 1144 ιιι
592 1090 794 1144 bonum
844 1089 1056 1145 dicatur
1110 1091 1470 1160 quodcunque
1523 1090 1824 1162 periturum

235 1191 336 1244 est,
363 1190 422 1237 et
453 1184 523 1237 ad
549 1197 912 1237 mammonam
951 1181 1252 1252 iniquitatis
1281 1183 1536 1252 pertinet.
1567 1181 1827 1247 Quamvis

242 1275 377 1334 :uim
396 1273 582 1343 justus
602 1275 756 1330 labor
775 1290 906 1346 opes
928 1275 1126 1330 habeat
1151 1276 1355 1346 absque
1377 1275 1825 1346 tergiversatione

229 1367 509 1435 quaesitas,
539 1366 672 1426 satis
701 1367 944 1432 habebit,
971 1367 1018 1422 si
1059 1381 1167 1421 non
1193 1366 1444 1420 dicantur
1470 1364 1694 1430 malum,
1722 1381 1826 1420 ca:-

229 1468 414 1514 terum
444 1460 644 1515 bonum
669 1475 778 1514 non
827 1459 1012 1514 valent
1065 1458 1346 1529 appellari.
1380 1457 1825 1528 Igituroperatur

226 1555 458 1619 bonum,
474 1554 566 1624 qui
587 1553 821 1608 declinat
841 1569 871 1607 a
893 1552 1034 1608 malo
1049 1560 1104 1607 et
1115 1550 1246 1607 facit
1263 1551 1476 1606 bonum.
1501 1559 1825 1620 etoperatur

226 1645 279 1699 in
302 1661 442 1717 agro
461 1647 655 1701 animae
671 1662 802 1710 sum,
818 1654 878 1700 ut
899 1645 1229 1715 spiritalibus
1253 1645 1487 1715 panibus
1508 1639 1821 1714 impleatur,

223 1747 278 1794 et
300 1739 484 1808 possit
507 1740 854 1795 commodare
872 1739 1155 1804 esurienti,
1181 1747 1235 1793 et
1257 1739 1639 1794 necessitatem
1660 1737 1823 1792 susti-

1926 542 2311 612 redemptionis
2345 547 2564 603 nostrae,
2598 540 2654 592 in
2679 553 2786 607 quo
2814 543 3158 592 sacramento
3181 534 3522 605 baptismatis

1925 639 2188 710 redempti
2215 651 2401 692 sumus
2421 637 2640 704 Deoque
2665 633 2721 688 in
2764 632 2906 688 ﬁlios
2947 629 3211 701 adoptati,
3245 630 3330 684 vel
3354 630 3520 686 etiam

1926 733 2042 788 dies
2063 729 2449 800 redemptionis
2469 735 2668 782 nostrae
2683 733 2789 791 est,
2806 723 3023 794 quando
3036 711 3389 792 corruptibile
3413 721 3519 776 hoc

1925 827 2162 883 induerit
2181 824 2664 894 incorruptionem,
2682 829 2738 876 et
2762 817 2990 874 mortale
3018 817 3126 873 hoc
3153 813 3390 870 induerit
3416 814 3518 868 im-

1924 919 2308 976 mortalitatem
2339 915 2392 988 (l
2414 913 2536 970 Cor.
2560 911 2672 984 xv).
2697 909 2934 985 [Ambr.]
2960 908 3096 965 Cum
3117 909 3256 964 bene
3285 907 3517 978 agimus,

1925 1010 2119 1081 gaudet
2148 1010 2202 1064 in
2232 1008 2386 1063 nobis
2409 1006 2642 1076 Spiritus
2668 1010 2887 1059 sanctus
2917 1001 3075 1056 datus
3120 999 3300 1065 nobis,
3328 997 3520 1053 videns

1925 1102 2127 1158 monita
2154 1117 2252 1158 sua
2273 1098 2539 1171 prolicere
2560 1095 2880 1151 utilitatibus
2903 1093 3124 1157 nostris,
3155 1092 3296 1146 sicut
3313 1090 3520 1145 dictum

1923 1203 2009 1250 est
2028 1209 2061 1248 a
2079 1193 2337 1246 Domino:
2361 1190 2448 1244 Ita
2464 1188 2715 1260 gaudium
2743 1187 2841 1240 erit
2867 1186 2924 1238 in
2941 1183 3067 1238 caelo
3087 1199 3246 1254 super
3270 1198 3375 1236 uno
3395 1197 3519 1252 pec-

1925 1296 2101 1342 catore
2115 1285 2470 1356 paenitentiam
2484 1289 2665 1352 agente
2679 1277 2832 1351 (Luc.
2849 1277 2962 1349 xv).
2977 1276 3186 1333 Gaudet
3199 1290 3329 1346 ergo
3351 1271 3525 1344 Spiri-

1925 1387 2012 1432 tus
2041 1384 2260 1432 sauctus
2300 1373 2459 1429 saluti
2516 1378 2736 1435 nostra},
2761 1384 2872 1424 non
2891 1369 3017 1435 sibi,
3045 1368 3138 1438 qui
3158 1383 3266 1422 non
3295 1365 3518 1433 indiget,

1923 1469 2108 1526 lzctitia
2127 1486 2141 1534 ;
2161 1469 2232 1523 ita
2251 1483 2282 1524 e
2308 1465 2602 1531 contrario,
2627 1465 2672 1520 si
2693 1463 3008 1520 obedientes
3027 1462 3075 1518 ei
3103 1477 3209 1516 non
3232 1460 3519 1525 fuerimus,

1925 1565 2302 1625 contristatur,
2353 1558 2480 1630 quia
2530 1572 2639 1611 non
2694 1555 2860 1610 habet
2889 1551 3192 1624 profectum
3236 1553 3292 1606 in
3335 1550 3513 1605 nobis.

1925 1653 2052 1708 Vult
2085 1652 2232 1707 enim
2278 1664 2378 1706 nos
2417 1648 2691 1719 pertinere
2733 1646 2801 1701 ad
2835 1645 3028 1711 vitam,
3078 1659 3186 1699 non
3227 1651 3409 1698 tamen
3438 1641 3518 1695 sic

1925 1741 2300 1805 contristatur,
2346 1747 2405 1793 ut
2446 1739 2706 1809 patiatur,
2758 1735 2956 1805 quippe
3000 1749 3124 1790 cum
3171 1731 3522 1803 impassibilis

223 1833 401 1897 neuti,
431 1833 566 1888 dans
595 1833 649 1887 in
683 1841 926 1902 tempore
955 1833 1158 1888 cibaria
1171 1832 1449 1888 conservis
1471 1831 1606 1886 suis.
1634 1829 1819 1884 Omnis
1847 1827 1897 1888 Β
1925 1835 2023 1900 sit;
2051 1833 2146 1889 sed
2169 1847 2292 1888 cum
2315 1846 2440 1886 eum
2455 1828 2838 1885 contristatum
2858 1825 3009 1893 dicit,
3034 1824 3206 1881 nostri
3228 1837 3394 1879 causa
3416 1822 3522 1877 hoc

222 1939 397 1976 sermo
436 1921 608 1977 malus
631 1939 734 1976 non
758 1922 1006 1994 procedat
1029 1938 1096 1976 ea:
1119 1939 1208 1976 ore
1249 1930 1437 1987 vestro,
1479 1920 1571 1975 sed
1612 1919 1658 1974 si
1700 1919 1818 1989 quis

223 2018 394 2072 bonus
419 2016 488 2071 ad
513 2017 915 2086 wdi/ieationent
939 2015 1364 2087 opportunitatis,
1393 2023 1449 2068 ut
1478 2015 1564 2068 det
1591 2013 1820 2084 gratiam

221 2107 588 2163 audientibus.
611 2107 792 2164 Bonus
821 2123 1000 2164 sermo
1032 2115 1136 2173 est,
1172 2106 1266 2177 qui
1289 2107 1448 2162 docet
1477 2106 1710 2160 virtutes
1733 2119 1821 2160 se-

221 2199 496 2270 quendas,
527 2200 658 2254 vitia
690 2198 962 2271 fugienda,
994 2199 1167 2254 malus
1195 2199 1288 2270 qui
1321 2200 1388 2254 ad
1434 2209 1659 2270 peccata
1688 2210 1821 2266 pro-

219 2304 406 2360 vocat,
445 2301 502 2349 et
543 2309 746 2364 pronos
775 2294 947 2364 magis
975 2295 1168 2349 incitat
1196 2295 1264 2349 ad
1299 2294 1534 2349 ruinam.
1571 2293 1823 2362 Quoties-

219 2399 442 2454 cunque
485 2399 554 2438 ex
605 2399 857 2440 sermone
905 2391 1091 2438 nostro
1143 2383 1282 2439 alius
1318 2383 1551 2454 proficit,
1591 2381 1822 2451 etjuxta

219 2476 690 2546 Opportunitatcm
718 2475 842 2540 loci,
900 2475 1160 2545 temporis
1211 2483 1536 2546 etpersoute
1588 2473 1822 2529 aedificat

219 2568 534 2632 audientes,
589 2567 765 2622 bonus
816 2566 884 2622 de
933 2581 1028 2622 ore
1056 2575 1248 2622 nostro
1298 2583 1479 2622 sermo
1513 2568 1818 2638 processit;

219 2656 444 2726 quoties
469 2671 602 2710 vero
627 2655 918 2725 loquimur,
951 2664 1045 2710 aut
1074 2671 1184 2711 nou
1215 2657 1270 2710 in
1299 2662 1566 2726 tempore,
1599 2663 1692 2710 aut
1713 2671 1820 2711 non

219 2750 273 2805 iu
317 2757 636 2821 opportuno
671 2749 806 2812 loco,
847 2758 942 2804 aut
986 2765 1094 2804 non
1125 2757 1186 2804 ut
1245 2750 1499 2804 convenit
1557 2747 1823 2804 audienti-

218 2844 341 2907 bus,
395 2843 561 2898 toties
605 2857 784 2898 sermo
810 2843 986 2898 malus
1019 2843 1362 2913 procedit'de
1407 2857 1503 2898 ore
1533 2851 1723 2898 nostro
1750 2843 1818 2898 ad

219 2935 655 2992 destructionem
710 2951 897 2992 eorum
950 2937 1042 3008 qui
1107 2937 1352 2992 audiunt.
1403 2935 1820 2992 Consideremus

219 3027 414 3097 itaque
440 3027 572 3098 quid
609 3027 916 3098 loquamur,
971 3027 1099 3098 quia
1131 3043 1233 3099 pro
1258 3028 1410 3084 omni
1443 3029 1621 3084 otioso
1650 3029 1818 3084 verbo

219 3119 495 3176 reddituri
547 3135 736 3177 sumus
793 3121 1059 3176 rationem
1107 3121 1163 3177 in
1214 3121 1304 3178 die
1349 3121 1540 3191 judicii
1599 3121 1819 3194 (Matth.

220 3213 348 3284 xu),
380 3214 600 3268 etiamsi
630 3228 737 3269 non
765 3213 1044 3280 laedamus,
1099 3229 1209 3270 nou
1252 3221 1434 3269 tamen
1464 3213 1815 3280 aediﬁcenius,
1845 3202 1891 3267 C

221 3307 350 3362 mali
387 3305 541 3361 verbi
598 3306 752 3362 nobis
803 3305 997 3362 luenda
1033 3307 1104 3363 sit
1149 3323 1330 3378 poma.
1377 3306 1605 3379 (Ambr.)
1635 3308 1692 3362 ln
1720 3305 1818 3363 Dei

223 3415 388 3456 servo
415 3399 599 3455 omnia
622 3401 764 3456 bona
793 3400 994 3456 debent
1018 3400 1207 3465 videri,
1234 3415 1338 3456 nec
1364 3416 1431 3457 ex
1455 3400 1634 3472 aliqua
1663 3407 1820 3471 parte

222 3492 438 3563 puritas
491 3490 608 3562 ejus
661 3491 819 3546 debet
869 3491 1149 3546 maculari.
1207 3491 1349 3559 Quid
1405 3492 1551 3546 enim
1597 3491 1821 3562 prodest

225 3580 492 3635 mundam
539 3580 708 3635 vitam
737 3580 938 3636 habere
965 3589 1022 3635 et
1063 3597 1126 3637 os
1167 3581 1492 3636 sordidum?
1521 3597 1644 3636 cum
1675 3582 1822 3638 dicat

226 3671 516 3737 Dominus,
565 3672 710 3742 quod
757 3673 1132 3743 unusquisque
1157 3673 1340 3728 verbis
1369 3673 1502 3738 suis,
1543 3681 1635 3728 aut
1659 3672 1820 3741 justi—

229 3763 506 3831 tieabitur,
558 3773 652 3819 aut
683 3765 1149 3820 condemnabitur.
1189 3763 1302 3819 Nec
1347 3763 1607 3820 credibile
1642 3773 1824 3834 potest

225 3853 406 3910 videri
432 3855 570 3908 bene
625 3854 805 3909 vivere
842 3867 968 3908 eum
1017 3853 1109 3923 qui
1163 3854 1306 3909 male
1354 3854 1626 3923 loquatur.
1685 3854 1822 3909 Male

225 3946 377 4001 enim
437 3944 586 4014 loqui
646 3945 715 3999 ad
761 3943 930 3999 multa
998 3944 1164 3998 trahit
1215 3945 1366 3999 vitia.
1424 3944 1611 4000 Potest
1674 3944 1821 4000 enim

225 4037 374 4092 male
409 4035 580 4106 loqui,
611 4036 702 4107 qui
733 4037 964 4106 turpiter
991 4035 1138 4090 fatur
1171 4043 1227 4091 et
1255 4036 1347 4106 qui
1379 4036 1616 4092 detrahit
1642 4035 1818 4102 bonis,

227 4138 278 4184 et
307 4128 410 4200 qui
441 4144 564 4184 eum
595 4127 718 4184 dolo
746 4128 1039 4195 fabulatur,
1061 4136 1115 4184 et
1144 4129 1236 4198 qui
1265 4128 1528 4183 mentitur
1552 4147 1566 4183 :
1597 4129 1714 4184 haec
1737 4143 1824 4182 er-

227 4237 416 4278 rorem
445 4230 726 4292 prtestant.
758 4221 922 4277 Bonae
976 4222 1120 4278 enim
1147 4232 1202 4277 et
1231 4220 1424 4278 sobria:
1468 4221 1663 4276 fabulae
1692 4222 1824 4276 dant

229 4315 470 4386 gratiam
501 4321 557 4369 et
598 4313 902 4384 exemplum
941 4313 1302 4379 audientibus,
1357 4323 1415 4368 ut
1467 4313 1826 4370 honorificent

231 4405 406 4461 Deum
432 4405 488 4458 in
520 4405 722 4470 verbis,
765 4403 1013 4460 aediﬁcati
1064 4405 1116 4459 in
1165 4404 1269 4460 fide
1295 4402 1519 4460 Christi.
1567 4403 1636 4458 Et
1667 4402 1824 4458 nolite

231 4497 547 4551 contristare
577 4494 832 4566 Spiritum
859 4504 1098 4550 sanctum
1127 4493 1245 4559 Dei,
1275 4496 1331 4548 in
1357 4511 1460 4565 quo
1487 4495 1680 4565 signati
1700 4494 1824 4548 estis

231 4591 284 4645 in
337 4590 429 4644 die
475 4562 861 4660 redemptionis.
897 4587 1168 4661 (Hieron.)
1206 4562 1406 4644 Mteror
1436 4562 1609 4642 sancti
1650 4585 1824 4657 Spiri-
1850 4562 1904 4623 Ῑ)

233 4689 318 4736 tus
361 4683 445 4736 sic
470 4681 872 4752 intelligendus,
898 4679 1170 4751 quomodo
1195 4679 1276 4734 ira
1322 4679 1420 4734 Dei
1448 4687 1503 4733 et
1556 4679 1828 4749 paeniten-

235 4773 331 4837 tia,
365 4780 424 4826 et
469 4771 618 4827 zelus
643 4780 698 4828 et
723 4780 933 4828 caetera:
959 4772 1014 4826 iu
1045 4772 1284 4826 humana
1326 4769 1676 4826 similitudine
1705 4785 1826 4840 pas-

233 4865 438 4929 siones,
453 4879 562 4918 non
587 4865 731 4935 quod
751 4863 1060 4919 contristari
1083 4863 1254 4932 possit
1275 4861 1509 4932 Spiritus
1535 4862 1650 4929 Dei,
1673 4872 1728 4918 et
1747 4862 1828 4917 ul-

235 4955 340 5012 lam
364 4956 826 5027 perturbationem
841 4956 1096 5012 divinitas
1109 4956 1325 5022 sentiat,
1344 4957 1436 5010 sed
1450 4957 1590 5024 quod
1613 4971 1680 5010 ex
1703 4971 1829 5010 ver-

235 5049 320 5104 bis
336 5049 540 5104 nostris
557 5048 652 5103 Dei
666 5049 934 5104 discamus
947 5046 1187 5110 afl‘ectus,
1203 5048 1342 5117 quod
1359 5046 1831 5116 mmreatquoties-

238 5154 454 5208 cunque
469 5153 774 5208 peccamus,
797 5149 853 5196 et
866 5139 1059 5195 deﬂeat
1080 5149 1413 5209 peccatores,
1436 5138 1505 5211 (M
1514 5138 1729 5209 sonus.)
1745 5137 1828 5193 vel

237 5249 302 5289 eo
313 5245 512 5302 genere
528 5232 832 5299 locutionis,
847 5247 954 5303 quo
981 5231 1086 5287 alio
1112 5231 1232 5288 loco
1256 5231 1399 5288 idem
1413 5232 1489 5286 ait
1503 5230 1792 5300 Apostolus
1809 5247 1823 5284 :

241 5323 385 5378 Nam
412 5323 522 5394 ipse
538 5322 764 5393 Spiritus
777 5323 1006 5394 postulat
1019 5340 1114 5395 pro
1139 5323 1286 5378 nobis
1319 5323 1591 5394 gemitibus
1620 5325 1829 5378 inenar-

242 5413 496 5468 rabilibus
512 5413 683 5486 (Rom.
702 5414 842 5488 vm).
875 5414 989 5470 Non
1006 5415 1150 5484 quod
1172 5414 1406 5484 Spiritus
1434 5425 1651 5470 sanctus
1674 5415 1824 5486 iuge-

241 5506 458 5570 tuiscat,
491 5507 584 5560 sed
614 5508 754 5576 quod
788 5522 888 5562 nos
928 5507 1281 5577 ingemiscere
1311 5506 1441 5561 facit
1477 5508 1529 5561 in
1556 5507 1826 5577 precibus.

243 5597 446 5670 (Περι.)
466 5598 670 5669 Signati
699 5608 876 5653 autem
903 5615 1090 5655 sumus
1113 5597 1318 5668 Spiritu
1344 5600 1436 5653 Dei
1455 5609 1659 5664 sancto,
1686 5608 1741 5654 et
1771 5609 1830 5654 ut

245 5689 472 5759 spiritus
494 5699 680 5744 uoster
704 5699 760 5745 et
788 5691 967 5745 anima
997 5691 1376 5760 imprimantur
1401 5691 1680 5762 signaculo
1710 5693 1825 5758 Dei,

250 5789 306 5839 et
349 5782 495 5839 illam
544 5784 868 5855 recipiamus
896 5785 1185 5856 imaginem
1220 5792 1276 5841 et
1307 5785 1729 5853 similitudinem,
1760 5787 1830 5844 ad

1918 1926 2204 1998 significat,
2237 1924 2364 1995 quia
2389 1922 2595 1978 deserit
2627 1936 2748 1986 nos,
2778 1935 2844 1976 eo
2873 1918 3019 1989 quod
3055 1916 3354 1973 laeserimus
3396 1929 3522 1970 eum

1919 2017 2314 2075 contemnendo
2345 2015 2551 2070 monita
2596 2014 2737 2086 ejus.
2775 2011 3132 2068 Contristatio
3171 2011 3354 2080 itaque
3403 2009 3521 2080 ejus

1919 2109 2213 2178 indignitas
2259 2115 2447 2162 nostra
2496 2115 2598 2169 est,
2629 2119 2750 2176 quae
2797 2104 2944 2159 ﬁlios
2990 2119 3091 2159 nos
3119 2103 3213 2157 Dci
3255 2103 3510 2173 prohibet

1921 2199 2199 2271 appellari.
2238 2198 2354 2268 Ipse
2393 2206 2478 2254 est
2510 2197 2654 2252 enim
2677 2194 2914 2266 Spiritus
2947 2194 3291 2265 sanctus,qui
3320 2191 3522 2249 sancti—

1923 2293 2050 2348 ficat
2077 2291 2216 2348 ﬁlios
2246 2291 2342 2346 Dei
2374 2305 2601 2346 manens
2630 2289 2686 2344 in
2729 2289 2906 2344 nobis.
2957 2286 3140 2359 (Aug.)
3177 2285 3364 2356 Neque
3397 2285 3512 2354 ipsa

1925 2387 2160 2458 Spiritus
2191 2385 2384 2452 sancti,
2417 2379 2658 2454 qua'est,
2689 2381 2950 2454 quidquid
2984 2381 3098 2451 ipse
3131 2388 3236 2446 est,
3265 2379 3518 2434 substan-

1923 2482 1994 2538 tia
2043 2479 2355 2536 eontristari
2402 2487 2602 2548 potest,
2656 2477 3012 2532 cumhabeat
3043 2482 3304 2530 aeternam
3355 2479 3520 2541 atque

1921 2570 2422 2629 incommutabilem
2486 2567 2898 2632 beatitudinem,
2943 2565 3222 2637 magisque
3277 2563 3350 2618 sit
3402 2561 3519 2632 ipsa

1921 2674 2124 2719 aeterna
2171 2673 2226 2717 et
2257 2658 2714 2717 incommutabilis
2739 2657 3034 2718 beatitudo,
3068 2655 3163 2710 sed
3192 2653 3320 2723 quia
3347 2651 3424 2706 ita
3459 2651 3516 2706 in

1922 2759 2126 2815 sanctis
2147 2756 2379 2820 habitat,
2406 2764 2466 2808 ut
2485 2769 2581 2809 eos
2603 2750 2822 2820 impleat
2846 2748 3134 2814 eharitate,
3159 2761 3266 2818 qua
3296 2757 3522 2800 necesse

1921 2859 2006 2906 est
2055 2858 2114 2903 ut
2161 2847 2410 2903 homines
2453 2861 2522 2900 ex
2572 2852 2814 2914 tempore
2874 2841 3146 2912 gaudeant
3185 2837 3520 2908 profectibus

1923 2945 2164 3001 ﬁdelium
2189 2950 2245 2997 et
2272 2939 2429 2996 bouis
2449 2938 2728 3009 operibus,
2761 2944 2818 2991 et
2844 2934 2966 2990 ideo
2995 2946 3220 2988 necesse
3245 2939 3330 2986 est
3354 2929 3517 2984 etiam

1922 3035 2314 3093 contristentur
2341 3031 2492 3101 lapsu
2523 3029 2611 3086 vel
2641 3026 2881 3100 peccatis
2930 3039 3120 3082 eorum
3177 3024 3244 3079 de
3288 3037 3522 3092 quorum

1923 3129 2028 3184 fide
2067 3143 2130 3181 ae
2171 3126 2375 3197 pietate
2409 3121 2754 3194 gaudebant,
2794 3131 2916 3188 quae
2961 3113 3185 3171 tristitia
3235 3111 3523 3168 laudabilis

1923 3227 2030 3285 est,
2060 3218 2188 3288 quia
2213 3215 2362 3271 venit
2386 3228 2454 3268 ex
2493 3210 2804 3274 dilectione,
2829 3221 2994 3278 quam
3034 3203 3270 3276 Spiritus
3299 3209 3524 3258 sanctus

1922 3311 2176 3374 infundit,
2210 3315 2496 3379 prOpterea
2536 3305 2652 3376 ipse
2684 3301 2920 3372 Spiritus
2964 3298 3174 3355 dicitur
3201 3293 3519 3352 contristari

1921 3403 1990 3458 ab
2013 3403 2109 3464 eis,
2139 3399 2229 3470 qui
2258 3399 2337 3453 sic
2371 3402 2560 3468 agunt,
2595 3402 2656 3449 ut
2691 3406 2883 3448 eorum
2925 3389 3081 3444 factis
3119 3386 3517 3444 contristentur

1921 3495 2116 3557 sancti,
2145 3507 2252 3546 non
2279 3489 2349 3544 ob
2371 3489 2536 3552 aliud,
2565 3486 2672 3540 nisi
2697 3484 2824 3555 quia
2853 3481 3117 3553 Spiritum
3141 3487 3392 3536 sanctum
3423 3479 3514 3532 ha-

1920 3589 2076 3643 bent:
2096 3599 2206 3656 quo
2219 3584 2361 3639 dono
2379 3591 2487 3636 tam
2503 3579 2628 3636 boni
2652 3586 2797 3643 sunt,
2816 3585 2874 3632 ut
2887 3591 2980 3630 eos
2997 3573 3120 3629 mali
3148 3571 3518 3629 mmstiﬁeent.

1921 3678 1974 3734 hi
1995 3677 2392 3743 maxime,quos
2404 3675 2576 3729 bonos
2590 3670 2776 3734 fuisse,
2797 3670 2911 3724 sive
2928 3665 3336 3731 noverunt,sive
3350 3662 3499 3718 credi

1924 3771 2137 3826 derunt.
2152 3766 2281 3834 Qute
2301 3764 2552 3835 profecto
2567 3761 2786 3817 tristitia
2800 3775 2906 3815 non
2923 3757 3096 3814 solum
3112 3771 3219 3810 non
3235 3753 3502 3825 culpanda

1920 3875 2112 3916 verum
2149 3857 2314 3913 etiam
2355 3854 2625 3925 praecipue
2664 3848 2931 3906 laudanda
2962 3863 3026 3904 ac
3052 3845 3394 3917 praedicanda
3421 3850 3504 3897 est

1997 3950 2182 4005 Omnis
2213 3945 2534 4010 amaritudo,
2563 3953 2612 3999 et
2642 3945 2750 4009 ira,
2791 3950 2838 3996 et
2869 3938 3185 4010 indignatio,
3215 3945 3264 3990 et
3299 3933 3501 3988 clamor

1924 4051 1971 4096 et
2017 4037 2338 4109 blasphemia
2381 4033 2601 4089 tollatur
2639 4051 2673 4086 a
2722 4031 2888 4097 vobis,
2939 4044 3059 4084 cum
3099 4026 3243 4080 omni
3291 4025 3498 4078 malitia

1926 4131 2094 4205 (Alb.)
2125 4130 2222 4184 Hic
2247 4127 2506 4192 ostendit,
2541 4140 2643 4196 pro
2669 4123 2867 4194 quibus
2906 4118 3260 4178 contristetur
3286 4115 3524 4187 Spiritus

1925 4229 2164 4287 sanctus,
2195 4228 2252 4276 et
2283 4217 2556 4289 relinquat
2585 4232 2700 4282 cor,
2730 4215 2786 4269 in
2813 4227 2921 4284 quo
2949 4209 3233 4266 habitabat
3267 4223 3366 4278 per
3394 4206 3523 4262 cha-

1925 4317 2143 4371 ritatem
2171 4321 2226 4368 et
2259 4310 2604 4366 modestiam.
2637 4306 2959 4363 Amaritudo
2989 4299 3267 4360 contraria
3291 4306 3375 4354 est
3400 4313 3525 4353 sua-

1925 4408 2080 4464 vitati
2113 4414 2170 4463 et
2195 4403 2468 4461 dulcedini
2507 4401 2682 4458 sancti
2713 4399 2989 4472 Spiritus:
3033 4395 3188 4452 furor
3223 4408 3357 4450 vero
3391 4392 3528 4447 inei-

1925 4501 2082 4572 piens
2111 4499 2193 4554 ira
2220 4507 2327 4564 est,
2375 4505 2432 4552 et
2474 4495 2789 4552 fervescens
2817 4494 2876 4549 in
2925 4491 3107 4547 anima
3154 4487 3511 4560 perturbatio.

1929 4591 2234 4663 Indignatio
2257 4605 2325 4645 ex
2350 4588 2605 4660 superbia
2653 4586 2914 4650 nascitur,
2951 4599 3076 4640 cum
3117 4581 3350 4652 aliquem
3380 4577 3527 4649 judi-

1930 4697 2118 4739 camus
2161 4681 2460 4752 indignum,
2496 4688 2554 4736 et
2603 4679 2724 4734 ideo
2764 4693 2889 4734 eum
2934 4674 3186 4730 nolumus
3227 4673 3519 4728 sustinere.

1930 4774 2202 4850 (Ηὶετοη.)
2242 4774 2327 4830 Ira
2353 4782 2534 4829 autem
2563 4781 2670 4839 est,
2718 4770 2874 4840 cujus
2903 4768 3231 4834 amaritudo,
3267 4777 3322 4823 et
3345 4765 3524 4834 furor,

1929 4877 1986 4923 et
2011 4865 2327 4936 indignatio,
2359 4864 2567 4935 species
2594 4869 2741 4928 sunt,
2765 4876 2887 4932 qua:
2908 4859 3090 4914 furore
3121 4859 3383 4914 restincto
3422 4856 3512 4912 de-

1931 4958 2135 5015 siderat
2161 4958 2442 5021 ultionem,
2471 4964 2525 5009 et
2558 4969 2706 5021 eum,
2742 4967 2903 5024 quem
2940 4950 3189 5007 nocuisse
3215 4957 3386 5020 putat,
3410 4947 3502 5002 vul

1930 5053 2147 5118 laedere,
2176 5050 2318 5106 unde
2350 5066 2379 5104 a
2419 5049 2576 5104 nobis
2603 5049 2780 5103 omnis
2811 5044 3136 5110 amaritudo,
3173 5050 3227 5098 et
3263 5041 3435 5106 furor,
3464 5047 3513 5095 e‘

1929 5145 2246 5214 indignatio,
2275 5143 2508 5199 tollenda
2536 5149 2638 5198 est.
2677 5139 2806 5194 Post
2845 5140 2962 5195 haec
2991 5136 3174 5193 omnia
3225 5143 3372 5190 recte
3411 5133 3513 5189 cla-

1932 5253 2050 5292 mor
2069 5251 2282 5306 quoque
2307 5241 2361 5288 et
2383 5232 2715 5304 blasphemia
2737 5231 3092 5302 prohibentur
3114 5229 3169 5283 in
3193 5227 3368 5292 nobis,
3396 5225 3525 5296 quia

1931 5329 2022 5399 qui
2049 5327 2215 5382 semel
2246 5325 2408 5381 fuerit
2435 5325 2619 5380 furore
2659 5333 2970 5395 superatus,
3011 5321 3309 5393 saepissime
3339 5335 3526 5375 erum-

1933 5422 2014 5492 pit
2041 5421 2108 5474 ad
2134 5421 2452 5484 clamorem,
2483 5427 2538 5473 et
2583 5417 2793 5500 turbide
2847 5415 3088 5470 fremens
3147 5411 3442 5469 ventilatur
3469 5409 3526 5463 iu

1936 5517 2154 5573 modum
2183 5515 2314 5570 folii.
2347 5514 2687 5584 Blasphemia
2715 5519 2818 5577 est,
2851 5526 2974 5566 cum
3003 5511 3070 5566 de
3097 5508 3204 5564 Deo
3244 5506 3377 5561 falsa
3425 5503 3528 5558 tin-

1936 5618 2158 5678 guntur,
2187 5616 2278 5660 aut
2301 5607 2354 5660 in
2389 5606 2492 5660 fide
2521 5604 2787 5660 catholica
2829 5601 3087 5657 lucretica
3132 5599 3400 5671 pravitate
3428 5593 3522 5648 de-

1937 5708 2126 5770 ceptus
2150 5714 2336 5754 errare
2365 5700 2487 5769 quis
2513 5699 2792 5769 probatur.
2824 5694 3008 5768 (Aug.)
3032 5689 3374 5761 Blasphemia
3414 5694 3524 5752 est,

1935 5807 2034 5864 per
2059 5807 2222 5862 quam
2253 5793 2318 5848 de
2341 5792 2457 5864 ipso
2485 5792 2596 5848 Deo
2635 5789 2774 5846 falsa
2800 5789 3076 5853 dicuntur,
3122 5793 3178 5842 et
3221 5782 3342 5839 ideo
3371 5777 3530 5855 pejus
