3986 6338
462 275 573 334 ω

1108 270 1172 331 B.
1208 267 1465 353 nsum
1501 265 1721 327 mum
1756 261 2063 321 meumr.

2167 260 2421 321 OGUNT.
2461 260 2747 319 OPERUM
2784 259 2965 317 PARS
3000 259 3067 317 ιιι

3637 260 3769 318 464

464 395 548 445 est
589 383 990 458 blasphemare,
1017 397 1180 454 quam
1224 378 1527 453 perjurare,
1563 377 1818 450 quoniam
1862 374 2049 447 perju-
2077 374 2127 437 A
2154 376 2283 447 ipsis
2304 377 2459 433 nobis
2479 377 2664 431 datum
2685 376 2757 431 sit
2782 385 2837 431 et
2853 374 3273 441 donatum,dum
3294 377 3360 433 de
3387 377 3547 434 malis
3572 379 3633 434 in
3653 378 3775 435 bo-

464 477 633 537 raudo
657 476 828 534 falsus
860 475 1175 549 perhibetur
1224 473 1380 528 testis
1411 472 1575 537 Deus,
1619 468 2049 540 blasphemando

464 572 532 629 de
564 572 680 645 ipso
705 570 817 627 Deo
847 570 981 626 falsa
1008 569 1282 624 dicuntur.
1308 564 1515 639 (Amb.)
1545 561 1731 619 Timor
1748 561 1892 618 enim
1916 568 2052 616 tern-

463 678 655 735 perare
681 662 859 727 debet,
888 670 943 718 et
972 660 1193 716 modum
1218 659 1497 729 imponere
1525 654 1895 712 accidentibus
1922 669 2054 709 cau-

467 760 562 826 sis,
591 758 684 815 sed
720 756 845 830 quia
883 765 1113 829 possunt
1153 754 1339 825 aliqui,
1366 768 1553 824 pressa
1582 752 1637 807 in
1674 750 1858 805 animo
1883 748 1963 804 ira
1997 754 2052 804 et

469 850 727 915 clamore,
765 849 997 904 retinere
1024 845 1283 903 malitiam
1331 847 1398 900 ad
1431 842 1843 899 retributionem
1894 848 2052 895 nacta

467 941 773 1003 occasione,
824 939 1027 995 idcirco
1071 937 1300 1007 subjecit
1348 937 1463 993 haec
1509 933 1711 991 auferri
1741 950 1859 989 cum
1910 933 2051 988 omni

468 1031 692 1099 malitia,
725 1032 850 1102 quia
880 1045 988 1086 non
1037 1029 1209 1085 solum
1252 1026 1630 1099 blaSphemare
1676 1026 1884 1082 malitia
1923 1032 2049 1080 est:

466 1141 656 1181 verum
677 1124 841 1180 etiam
869 1123 1072 1195 fingere
1101 1138 1287 1195 pacem
1318 1123 1371 1178 in
1403 1123 1539 1178 facie
1563 1130 1619 1177 et
1646 1121 1701 1176 in
1728 1120 1912 1175 animo
1935 1134 2050 1175 me-

469 1217 631 1274 ditari
653 1217 998 1275 discordiam.
1036 1216 1236 1290 (Cass.)
1269 1216 1402 1271 Cum
1448 1214 1602 1279 dicit,
1633 1213 1802 1268 omnis
1835 1213 1915 1266 ira
1947 1211 2052 1265 ιοι-

468 1307 612 1364 latur
634 1326 667 1364 a
700 1310 865 1374 vobis,
906 1309 1108 1365 nullam
1148 1309 1363 1380 penitus
1390 1306 1540 1363 velut
1580 1304 1968 1369 necessari-am,
2001 1310 2058 1357 et

468 1399 657 1455 utilem
704 1399 858 1457 nobis
908 1400 1127 1472 excipit,
1165 1400 1673 1471 delinquentemque
1714 1396 1960 1461 fratrem,
2007 1394 2054 1451 si

469 1507 691 1550 necesse
714 1500 800 1550 est
826 1494 899 1548 ita
924 1509 1116 1550 curare
1161 1492 1404 1559 festinet,
1434 1509 1503 1548 ne
1529 1493 1656 1548 dum
1679 1489 1945 1547 medelam
1976 1489 2055 1544 le-

471 1584 607 1640 viori
650 1584 879 1641 forsitan
926 1584 1184 1641 febricula
1226 1584 1495 1640 laboranti
1529 1589 1788 1654 procurat
1828 1580 2051 1643 inferre,

470 1677 817 1747 semetipsum
853 1676 1023 1734 iratus
1080 1677 1289 1733 tetriori
1338 1676 1529 1732 morbo
1576 1675 1837 1732 caecitatis
1886 1672 2056 1729 invol-

2154 487 2253 528 nos
2278 474 2541 529 vertimur
2566 482 2621 527 et
2652 473 2770 528 haec
2800 473 2914 542 ipsa
2957 473 3221 541 donamus
3252 474 3571 546 nobis,quae
3598 476 3775 534 Deus

2152 565 2321 624 Pater
2342 567 2566 623 donavit
2604 568 2658 623 in
2708 566 2944 623 Christo.
2990 566 3047 622 Si
3080 568 3249 633 enim,
3297 569 3515 625 omissis
3569 569 3770 636 vitiis,

2152 660 2384 716 virtutes
2412 660 2787 725 habuerimus,
2830 659 2973 730 ipsas
3011 660 3167 715 nobis
3197 660 3361 715 etiam
3407 670 3603 717 nostro
3636 669 3773 716 stu-

2153 752 2243 808 dio
2271 767 2665 823 comparamus,
2695 760 2751 806 et
2792 750 2994 807 habere
3022 767 3121 808 nos
3155 751 3406 819 facimus,
3434 770 3580 824 quas
3604 755 3772 811 Deus

2154 844 2311 900 nobis
2338 843 2560 899 donavit
2588 844 2641 898 in
2672 842 2910 899 Christo.
2956 843 3107 899 Alius
3146 859 3273 899 vero
3308 844 3415 900 hoc
3443 845 3589 917 quod
3650 848 3769 913 ait,

2155 933 2406 989 donantes
2435 935 2837 1007 nobismetipsis,
2868 936 3185 1006 simpliciter
3214 938 3470 1008 accipiet,
3505 948 3565 994 ut
3603 955 3767 1010 quo-

2156 1026 2316 1081 modo
2342 1041 2503 1097 supra
2539 1027 2737 1081 dicitur
2769 1046 2783 1081 :
2820 1026 2998 1081 Estote
3044 1037 3217 1082 autem
3266 1030 3479 1085 invicem
3529 1049 3767 1095 sum-es,

2156 1117 2235 1173 sic
2286 1127 2341 1173 et
2373 1134 2515 1174 nunc
2553 1119 2781 1181 dicatur,
2824 1119 3078 1174 donantes
3116 1120 3511 1191 vobismetipsis,
3542 1139 3659 1194 pro
3698 1141 3773 1179 eo

2156 1212 2299 1283 quod
2325 1220 2409 1267 est
2439 1213 2698 1268 donantes
2723 1213 2878 1267 vobis
2911 1210 3162 1279 invicem,
3203 1223 3262 1267 ut
3289 1215 3558 1284 quomodo
3596 1215 3771 1271 Deus

2156 1303 2395 1360 nobisin
2437 1304 2650 1359 Christo
2684 1313 2866 1360 nostra
2906 1312 3125 1374 peccata
3171 1305 3409 1369 donavit,
3450 1307 3529 1361 sic
3576 1309 3767 1363 etiam

2158 1410 2258 1450 nos
2295 1395 2375 1450 eis
2404 1395 2497 1465 qui
2534 1396 2584 1450 in
2623 1411 2723 1449 nos
2749 1403 3110 1465 peccaverunt
3166 1394 3519 1461 dimittamus,
3577 1407 3637 1451 et
3698 1397 3771 1452 ad

2157 1489 2495 1559 probandum
2533 1489 2675 1559 quod
2720 1489 2962 1544 dimissio
2984 1499 3332 1559 peccatorum
3361 1490 3414 1544 in
3444 1488 3771 1560 Scriptus-is

2159 1582 2380 1645 donatio
2409 1591 2771 1651 nuncupatur,
2805 1581 2931 1636 illud
2965 1580 3480 1651 sumetexemplum,
3513 1582 3677 1652 quod
3712 1580 3771 1636 iu

2159 1674 2303 1730 Luca
2326 1675 2582 1730 scribitur
2617 1673 2769 1745 (Luc.
2793 1672 2916 1744 vn),
2944 1673 3033 1727 ubi
3059 1671 3149 1727 uni
3187 1672 3443 1727 creditori
3483 1672 3631 1727 alius
3659 1673 3771 1727 de-

470 1778 576 1823 vat.
610 1766 835 1839 Oportet
867 1785 1099 1840 namque
1131 1769 1297 1829 illum,
1327 1769 1419 1840 qui
1447 1768 1670 1823 alterius
1698 1766 1908 1821 vulneri
1940 1780 2054 1821 me-
2081 1759 2130 1821 B
2156 1769 2319 1824 bebat
2360 1770 2684 1840 quingentos
2732 1769 3003 1833 denarios,
3047 1777 3100 1823 et
3139 1768 3296 1834 alius,
3329 1768 3771 1839 quinquaginta,

470 1858 583 1913 deri
610 1859 761 1931 cupit
780 1860 925 1918 ωηπί
952 1860 1225 1931 languoris
1253 1860 1441 1914 morbo
1469 1858 1707 1915 alienum
1756 1871 2056 1926 sanumque

470 1951 787 2020 subsistere,
814 1970 882 2009 ne
910 1953 1038 2010 illud
1066 1953 1438 2023 evangelicum
1462 1954 1675 2009 dicatur
1702 1952 1751 2007 ei
1788 1971 1801 2006 :
1836 1950 2055 2019 Medico,

471 2045 623 2116 prius
647 2062 774 2100 cura
799 2045 1121 2116 temetipsum
1161 2045 1310 2114 (Luc.
1344 2044 1443 2118 Iv),
1478 2060 1541 2099 ac
1577 2044 1766 2099 videns
1794 2044 2056 2097 festucam

472 2135 525 2191 in
547 2136 704 2192 ocnio
735 2136 919 2192 fratris
947 2137 1049 2201 sui,
1076 2137 1284 2193 trabem
1324 2147 1503 2192 autem
1542 2136 1596 2191 in
1623 2136 1784 2191 oculo
1820 2150 1919 2190 suo
1950 2149 2057 2188 non

472 2229 681 2295 videat;
737 2229 822 2285 vel
871 2231 1139 2301 quomodo
1189 2229 1389 2285 valebit
1435 2228 1631 2297 ejicere
1682 2227 1943 2283 festucam
1992 2225 2058 2280 de

472 2322 627 2393 oculo
647 2321 836 2378 fratris
864 2321 968 2385 sui,
997 2323 1089 2393 qui
1131 2323 1337 2377 trabem
1369 2320 1568 2387 furoris
1603 2328 1778 2391 gestat
1807 2320 1859 2374 in
1900 2318 2058 2374 oculo

458 2392 610 2473 ’ἓυοῖ
636 2414 874 2485 qualibet
917 2430 982 2468 ex
1025 2430 1188 2469 causa
1233 2414 1526 2469 iracundia:
1568 2421 1747 2467 motus
1794 2410 2062 2466 effervens

473 2516 711 2564 excaecat
739 2508 938 2571 cordis,
970 2515 1024 2563 et
1062 2507 1301 2562 acumini
1332 2506 1505 2562 visum
1535 2504 1811 2561 exitialem
1835 2503 2060 2559 validio-

475 2601 551 2655 ris
582 2598 753 2655 morhi
796 2598 986 2670 ingens
1029 2597 1179 2653 trabs
1204 2597 1368 2653 solem
1392 2596 1617 2668 iustitiae
1646 2611 1751 2651 non
1803 2594 1933 2649 sinit
1978 2595 2060 2649 in-

475 2690 635 2748 tueri.
669 2689 811 2745 Nihil
841 2689 1089 2756 interest,
1123 2699 1302 2745 utrum
1346 2703 1510 2745 aurea
1546 2688 1743 2743 lamina
1787 2686 2061 2757 plumbive

474 2801 571 2842 seu
616 2784 903 2855 cujuslibet
931 2785 1132 2841 metalli
1174 2783 1457 2862 oculorum
1482 2781 1763 2838 obtutibus
1815 2782 2061 2851 impona-

477 2887 584 2943 tur,
617 2877 979 2934 dilferentiam
1013 2878 1273 2934 cmcitatis
1300 2891 1404 2932 non
1443 2874 1576 2930 facit
1599 2873 1914 2943 pretiositas
1950 2888 2063 2929 me-

476 2969 747 3025 tallorum.
787 2967 1061 3025 Habemus
1082 2984 1213 3024 sane
1234 2966 1593 3024 ministerium
1616 2967 1752 3022 satis
1779 2964 2062 3021 commode

480 3060 634 3116 nobis
682 3061 967 3123 insertum,
1016 3060 1085 3114 ad
1113 3059 1255 3129 quod
1287 3059 1462 3114 solum
1500 3073 1623 3114 eam
1650 3056 1895 3127 recipere
1932 3052 2064 3111 utile

2165 1877 2300 1933 quos
2324 1862 2569 1931 utrisque
2589 1861 3007 1925 concesserit,ct
3040 1863 3106 1916 ad
3134 1861 3619 1932 interrogationem
3646 1861 3775 1916 sal-

2160 1954 2368 2031 vatoris
2394 1954 2498 2015 ille,
2532 1955 2623 2023 qui
2656 1954 3019 2024 interrogatus
3047 1954 3243 2019 fuerat,
3268 1954 3615 2024 responderit
3636 1971 3771 2009 ma-

2155 2046 2328 2116 jorem
2349 2047 2580 2118 gratiam
2602 2048 2747 2101 illum
2766 2048 3075 2111 habere,cui
3095 2048 3213 2118 plus
3227 2049 3478 2102 donatum
3493 2051 3588 2104 sit.
3610 2048 3777 2103 Dici-

2162 2148 2251 2193 tur
2276 2149 2330 2193 et
2357 2140 2410 2193 in
2437 2140 2683 2195 oratione
2710 2139 3011 2204 Dominica,
3039 2140 3252 2195 Dimitte
3281 2141 3426 2195 nobis
3450 2142 3629 2196 debita
3661 2160 3775 2196 no-

2162 2238 2291 2295 stra,
2314 2230 2448 2283 sicut
2474 2240 2520 2284 et
2545 2247 2636 2284 nos
2662 2230 2972 2285 dimittimus
3011 2230 3329 2286 debitoribus
3367 2233 3579 2287 nostris.
3611 2231 3774 2290 Deus

2163 2329 2342 2375 autem
2359 2321 2514 2375 nobis
2538 2322 2758 2375 donavit
2781 2323 2830 2375 in
2847 2321 3088 2387 Christo,
3115 2340 3218 2378 non
3244 2334 3399 2378 extra
3412 2324 3641 2396 positus,
3661 2327 3773 2382 sed

2164 2411 2419 2467 habitans
2438 2413 2491 2466 in
2515 2428 2612 2468 eo:
2644 2414 2768 2484 quia
2792 2414 2952 2469 Pater
2977 2415 3030 2469 in
3054 2415 3280 2482 Filio,et
3302 2416 3468 2472 Filius
3488 2418 3539 2472 in
3566 2416 3772 2475 Patre.

2164 2504 2275 2559 Nec
2320 2505 2504 2560 statim
2551 2506 2658 2571 ille,
2688 2508 2742 2562 in
2782 2524 2892 2578 quo
2921 2506 3173 2573 donatur,
3206 2510 3384 2565 minor
3431 2519 3511 2567 est
3561 2511 3634 2566 ab
3669 2527 3767 2577 eo,

2164 2598 2255 2669 qui
2287 2598 2339 2653 in
2369 2614 2427 2654 se
2477 2598 2663 2668 donat,
2708 2602 2834 2672 quia
2863 2610 2917 2658 et
2945 2601 3235 2671 Apostolus
3264 2602 3395 2658 dicit
3433 2602 3540 2657 :Et
3583 2620 3683 2675 ego
3720 2604 3773 2657 si

2165 2690 2289 2762 quid
2312 2689 2508 2746 donavi
2538 2691 2700 2757 vobis,
2729 2693 2783 2747 in
2812 2692 2949 2762 [acie
2976 2690 3172 2747 Christi
3194 2703 3243 2747 et
3270 2692 3367 2747 Dei
3394 2691 3484 2765 (II
3510 2690 3639 2748 Cor.
3672 2694 3770 2767 ιι).

2778 2806 3007 2865 CAPUT
3072 2809 3132 2865 ν.

2166 2898 2381 2973 Ittducit
2412 2899 2671 2973 Ephesios
2702 2902 2772 2956 ad
2805 2903 3125 2973 sequendum
3160 2901 3427 2958 Christum
3456 2901 3513 2957 in
3552 2901 3769 2973 fervore

2237 2970 2526 3055 chqritatis,
2559 2990 2612 3027 ιη
2635 2972 2819 3027 decore
2837 2970 3166 3054 sanctitatis,
3190 2991 3252 3056 ac
3279 2975 3493 3056 veritate
3523 2970 3766 3046 cognita,

2236 3052 2286 3097 et
2314 3052 2526 3096 instruit
2551 3060 2800 3114 personas
2819 3052 3037 3113 junctas
3072 3052 3428 3099 matrimonio.

475 3150 631 3206 nobis
659 3159 762 3216 est,
799 3164 865 3204 ac
892 3149 1128 3217 salubre,
1160 3164 1282 3206 cum
1310 3158 1499 3206 contra
1541 3149 1894 3205 lascivientes
1938 3162 2061 3202 cor-

2242 3129 2421 3187 Estote
2467 3150 2588 3204 ergo
2632 3135 2918 3189 imitatores
2960 3134 3076 3200 Dei,
3124 3135 3258 3190 sicut
3302 3136 3404 3205 ﬁlii
3431 3136 3764 3192 charissimi.

477 3240 560 3297 dis
588 3239 756 3296 nostri
786 3248 965 3296 motus
980 3240 1324 3313 indignanter
1356 3240 1718 3308 infremimus,
1748 3249 1803 3296 et
1832 3255 1895 3296 ea
1945 3254 2067 3309 qua:

478 3347 638 3405 agere
667 3330 1049 3388 confundimur
1086 3347 1270 3389 coram
1313 3334 1623 3390 hominibus
1664 3334 1747 3391 vel
1787 3332 2065 3405 proloqui,

480 3424 534 3480 in
562 3424 799 3481 latebras
842 3425 1149 3481 ascendisse
1196 3426 1368 3482 nostri
1408 3427 1646 3498 pectoris
1687 3426 2064 3498 indignamur,

481 3516 793 3589 angelorum
823 3517 1031 3574 scilicet
1059 3534 1124 3574 ac
1162 3518 1257 3575 Dei
1289 3519 1458 3591 ipsius
1494 3521 1838 3591 praesentiam
1867 3521 2068 3591 ubique

479 3618 538 3667 et
556 3612 737 3667 omnia
766 3612 1122 3685 penetrantis,
1146 3611 1468 3683 oculumque
1495 3613 1613 3683 ejus
1641 3621 1753 3669 tota
1782 3613 2068 3672 formidine

482 3704 874 3771 tremiscentes,
905 3720 1067 3777 quem
1098 3719 1440 3776 nequaquam
1467 3714 1693 3776 possunt
1720 3706 2066 3763 conscientia:

482 3804 682 3852 nostra:
718 3794 890 3853 latere
917 3805 1146 3853 secreta.
1188 3794 1367 3850 Estote
1393 3806 1568 3851 autem
1589 3799 1806 3852 invicem
1832 3797 2065 3869 benigni,

482 3888 865 3954 misericordes,
881 3887 1136 3944 donantes
1150 3888 1391 3955 inuicem,
1407 3889 1539 3943 sicut
1554 3898 1603 3943 et
1624 3889 1768 3943 Deus
1784 3890 1838 3944 in
1860 3886 2067 3944 Christo

481 3977 693 4035 donavit
721 3979 882 4035 vobis.
910 3979 1146 4054 (Ambr.)
1174 3978 1433 4051 Exemplo
1462 3978 1556 4035 Dei
1587 3979 1766 4036 Patris
1804 3981 2068 4052 benignos

483 4076 539 4124 et
582 4070 961 4137 misericordes
1010 4070 1241 4127 invicem
1272 4068 1390 4128 ﬁeri
1438 4072 1780 4140 exhortatur,
1828 4073 1968 4128 sicut
2014 4080 2070 4127 et

482 4158 743 4216 Dominus
784 4175 801 4214 :
848 4158 1062 4229 Estote,
1122 4161 1335 4233 inquit,
1373 4162 1759 4229 misericordes,
1787 4170 1843 4216 ut
1870 4161 2067 4218 similes

483 4254 599 4306 sitis
626 4251 805 4306 Patris
830 4252 1004 4317 vestri,
1033 4253 1122 4323 qui
1152 4254 1204 4306 in
1232 4252 1373 4307 caelis
1403 4263 1479 4307 est
1521 4251 1673 4324 (Luc.
1703 4251 1800 4325 vi).
1840 4251 1895 4308 Si
1923 4253 2067 4309 enim

490 4341 744 4397 Dominus
783 4358 883 4415 per
924 4342 1119 4397 Filium
1164 4359 1320 4403 suum
1348 4359 1626 4398 servorum
1666 4344 1923 4399 misertus
1962 4354 2065 4411 est,

489 4440 690 4504 quanto
731 4434 903 4506 magis
932 4434 1075 4489 servi
1113 4433 1215 4506 ipsi
1258 4434 1489 4489 invicem
1536 4435 1617 4490 sui
1648 4434 1881 4491 debeant
1905 4436 2068 4491 mise-

2169 3221 2440 3296 (Hierom)
2506 3223 2608 3291 Qui
2670 3224 2962 3295 intelligit,
3023 3227 3295 3296 quomodo
3352 3227 3557 3283 dictum
3622 3238 3764 3285 est:

2170 3314 2351 3370 Estote
2379 3315 2612 3386 perfecti,
2639 3317 2773 3371 sicut
2795 3327 2844 3371 et
2876 3315 3040 3372 Pater
3062 3328 3226 3374 vester
3244 3304 3464 3374 orelestis
3498 3319 3768 3390 perfectus

2167 3418 2243 3463 est
2265 3406 2484 3480 (Matth.
2512 3410 2586 3481 v),
2622 3409 2725 3465 iste
2751 3410 2885 3466 sciet
2928 3409 3202 3481 quomodo
3230 3418 3286 3466 et
3327 3427 3471 3468 nunc
3494 3411 3718 3468 dicatur
3744 3431 3761 3466 :

2168 3499 2352 3557 Estote
2386 3502 2672 3558 imitatores
2725 3502 2838 3557 Dei.
2884 3503 2953 3558 Et
2991 3503 3288 3559 Corinthiis
3331 3505 3581 3561 scribens
3630 3505 3711 3560 ait
3745 3524 3763 3561 :

2167 3593 2470 3650 Imitatores
2499 3595 2599 3650 mei
2625 3604 2804 3663 estote,
2834 3598 2968 3650 sicut
2999 3604 3049 3651 et
3077 3613 3170 3668 ego
3190 3594 3389 3652 Christi
3418 3596 3473 3670 (Ι
3498 3596 3621 3653 Cor.
3654 3598 3763 3671 XI).

2169 3685 2286 3742 Non
2316 3688 2460 3742 enim
2504 3695 2757 3759 poterant
2796 3687 2983 3743 statim
3024 3687 3225 3744 Christi
3254 3686 3369 3745 ﬁeri
3424 3689 3761 3757 imitatores,

2169 3781 2263 3836 sed
2290 3781 2494 3853 grande
2537 3781 2642 3837 illis
2678 3789 2816 3847 erat,
2857 3782 2904 3837 si
2952 3781 3254 3837 imitatores
3296 3791 3521 3853 possent
3547 3782 3762 3842 Christi

2169 3873 2423 3929 existere.
2450 3872 2698 3945 Ephesiis
2727 3888 2858 3929 vero
2882 3874 3037 3944 quasi
3067 3873 3172 3941 his,
3203 3890 3339 3945 quos
3358 3875 3471 3945 jam
3500 3879 3763 3948 mysteria

2171 3977 2323 4024 tanta
2353 3969 2631 4034 docuerat,
2662 3982 2767 4023 non
2796 3968 2873 4023 ait
2898 3987 2911 4022 :
2944 3968 3247 4024 imitatores
3278 3968 3384 4024 mei
3427 3976 3629 4034 estote,
3657 3986 3764 4028 nec

2170 4061 2471 4118 imitatores
2503 4059 2726 4127 Christi,
2749 4060 2842 4116 sed
2869 4061 3159 4114 imitatores
3184 4058 3301 4126 Dei,
3330 4075 3438 4115 non
3483 4060 3627 4131 quod
3656 4062 3764 4115 mi-

2169 4170 2273 4209 nus
2307 4153 2380 4209 sit
2428 4153 2757 4208 imitatorem
2802 4164 2925 4207 esse
2973 4150 3192 4217 Christi,
3237 4164 3401 4221 quam
3452 4149 3571 4206 Dei.
3620 4150 3768 4207 Deus

2170 4246 2367 4317 quippe
2395 4244 2644 4300 Christus
2680 4251 2766 4299 est
2802 4261 2816 4299 :
2863 4243 2957 4298 sed
2987 4244 3132 4314 quod
3176 4241 3322 4296 aliud
3363 4241 3435 4297 sit
3461 4240 3759 4297 secundum

2170 4337 2442 4392 hominem
2472 4336 2621 4390 illum
2654 4334 2874 4401 imitari,
2904 4334 3049 4389 aliud
3079 4333 3375 4389 secundum
3398 4328 3591 4388 Deum.
3625 4330 3759 4386 Nam

2170 4439 2225 4484 ct
2245 4429 2289 4485 si
2313 4428 2589 4484 Christum
2624 4427 2920 4483 secundum
2956 4441 3177 4481 carnem
3213 4434 3340 4482 ante
3374 4439 3495 4480 esse
3526 4436 3758 4478 novera.

488 4526 597 4581 reri
625 4534 680 4581 et
726 4525 948 4593 donare,
993 4527 1039 4583 si
1078 4527 1215 4585 alter
1253 4528 1305 4582 in
1347 4528 1576 4585 alterum
1623 4529 1854 4600 peccet?
1903 4528 2069 4603 (Alb.)
2102 4516 2151 4577 Ι)
2176 4538 2316 4587 mils.
2348 4536 2488 4577 nunc
2510 4519 2623 4589 iam
2664 4534 3008 4591 nequaquam
3032 4534 3155 4575 eum
3186 4518 3438 4574 DOVimus
3463 4516 3759 4574 secundum

487 4616 740 4691 Pmcipit
763 4620 1054 4692 Apostolus
1080 4637 1179 4678 nos
1208 4621 1504 4678 clementes
1532 4638 1676 4689 esse,
1706 4632 1762 4678 et
1787 4624 2068 4701 benignos,

489 4720 545 4767 ct
572 4712 815 4781 blandos,
843 4726 899 4771 et
925 4713 994 4769 ad
1035 4714 1463 4771 familiaritatem
1510 4725 1752 4773 nostram
1782 4716 1925 4772 ultro
1968 4718 2069 4774 ho~

490 4806 665 4864 mines
684 4806 994 4875 invitemus,
1016 4820 1074 4866 ut
1101 4808 1279 4865 nullus
1301 4810 1368 4863 ad
1390 4798 1490 4865 nos
1510 4807 1767 4865 formidet
1789 4812 2071 4878 accedere,

489 4916 613 4975 quas
640 4900 977 4959 familiaritas
1006 4903 1240 4958 maxime
1274 4918 1342 4958 ex
1372 4903 1747 4965 misericordia
1791 4920 2074 4977 compara-

494 5001 601 5049 tur.
636 4991 747 5048 Nec
770 4993 955 5049 statim
981 5002 1301 5065 pnestantes
1325 4993 1468 5061 aliis,
1498 4995 1601 5066 ipsi
1632 4997 1776 5068 quod
1807 4996 2072 5065 dedimus,

493 5089 695 5146 habere
718 5089 1040 5145 desistimus.
1068 5086 1340 5160 (Hieron.)
1370 5086 1628 5158 Sequitur
1647 5088 1791 5144 enim
1820 5089 2075 5145 donantes

497 5181 890 5249 nobismetipsis,
914 5180 1043 5251 quia
1077 5181 1219 5251 quod
1248 5180 1387 5235 bene
1423 5181 1475 5235 in
1514 5179 1679 5236 alium
1716 5180 1794 5246 fit,
1829 5180 2000 5253 magis
2024 5183 2075 5236 ei

499 5273 796 5345 reponitur,
826 5272 918 5344 qui
944 5270 1219 5344 praestitit,
1245 5288 1405 5343 quam
1434 5274 1521 5329 cui
1553 5274 1808 5330 donatum
1837 5282 1951 5341 est;
1982 5275 2077 5345 qui

497 5369 782 5426 miseretur
819 5366 1096 5437 pauperis,
1128 5365 1241 5436 ipse
1277 5366 1629 5429 saturabitur,
1671 5373 1727 5419 et
1767 5364 1858 5434 qui
1899 5365 1991 5419 dat
2024 5365 2074 5420 ei

498 5460 775 5518 feneratur
820 5458 931 5514 Deo
989 5456 1123 5533 (Xiv,
1162 5455 1318 5512 Prov.
1357 5456 1493 5528 xu).
1540 5455 1637 5513 Vel
1679 5457 1753 5512 ita
1812 5457 2077 5526 accipien-

496 5551 621 5607 dum
642 5558 747 5616 est,
759 5548 903 5620 quod
926 5547 980 5603 in
1009 5562 1075 5602 eo
1096 5548 1233 5618 quod
1257 5563 1451 5603 suaves
1486 5555 1541 5602 et
1572 5547 1952 5601 misericordes
1980 5562 2073 5601 sn-

496 5658 616 5698 mus
635 5650 690 5696 ct
717 5638 1210 5712 perturbationibus
1240 5656 1338 5695 nos
1367 5657 1486 5710 qua:
1517 5639 1814 5693 incitabant
1847 5639 2107 5705 relictis,

500 5735 571 5805 ad
626 5732 1092 5794 mansuetudinem
1144 5735 1663 5810 temperantiamque
1710 5734 2076 5805 transivimus,

2173 4628 2410 4669 carnem.
2436 4610 2697 4682 Loquitur
2740 4620 2796 4666 ct
2824 4609 3095 4677 Salvator,
3140 4608 3504 4665 humilitatem
3547 4606 3762 4678 diSpen-

2175 4705 2403 4762 sationis
2423 4704 2716 4760 ostendens
2740 4719 2754 4757 :
2782 4721 2799 4754 ι
2836 4701 3184 4773 Quaecunque
3206 4701 3405 4757 viderit
3429 4698 3651 4755 Patrem
3678 4697 3760 4753 fa-

2176 4799 2431 4864 cientem,
2446 4797 2563 4853 haac
2581 4797 2768 4852 eadem
2791 4794 2960 4851 Filius
2982 4795 3113 4850 facit
3136 4793 3412 4860 similiter;
3437 4812 3458 4847 ι
3486 4806 3596 4847 non
3616 4791 3760 4862 quod

2178 4892 2323 4947 aliud
2356 4891 2553 4947 coelum
2580 4898 2636 4945 et
2659 4889 2817 4944 aliam
2853 4897 3052 4946 terram
3078 4888 3242 4943 Pater
3262 4886 3472 4951 fecerit,
3499 4894 3555 4941 et
3583 4884 3654 4939 ad
3687 4882 3759 4938 si-

2177 4982 2534 5039 militudinem
2566 4998 2755 5038 eorum
2781 4981 2928 5038 aliud
2963 4981 3158 5037 caelum
3180 4988 3233 5037 et
3262 4980 3366 5036 alia
3395 4988 3539 5036 terra
3567 4989 3622 5035 et
3643 4978 3758 5035 cle—

2178 5088 2357 5135 menta
2386 5094 2416 5133 a
2442 5078 2656 5135 Christo
2682 5078 2823 5133 facta
2850 5078 2959 5133 sint
2971 5086 3201 5143 caetera;
3229 5075 3321 5133 sed
3343 5073 3485 5145 quod
3506 5084 3763 5143 quaecun-

2177 5187 2281 5243 que
2309 5179 2561 5241 operetur
2585 5170 2770 5235 Pater,
2796 5170 2911 5224 haec
2941 5170 3127 5225 eadem
3150 5174 3400 5238 operetur
3423 5172 3478 5219 et
3498 5162 3684 5218 Filius.
3700 5159 3761 5215 lu

2178 5278 2285 5334 quo
2313 5273 2493 5317 autem
2514 5260 2719 5317 similes
2743 5261 2854 5316 Deo
2886 5259 3153 5331 possimus
3178 5258 3315 5322 fieri,
3335 5270 3501 5327 supra
3526 5262 3760 5310 testatus

2177 5364 2260 5412 est
2287 5356 2507 5411 dicens:
2555 5354 2816 5409 Donantes
2850 5352 3241 5423 nobismetipsis,
3278 5350 3411 5405 sicut
3444 5358 3493 5403 et
3532 5344 3673 5402 Deus
3704 5346 3761 5401 in

2162 5450 2380 5523 Christo
2407 5449 2616 5503 donarit
2638 5448 2798 5502 vobis.
2825 5446 2939 5501 Non
2971 5447 3113 5501 enim
3135 5452 3288 5517 pulo,
3308 5443 3451 5514 quod
3473 5441 3528 5497 in
3551 5437 3763 5496 ueteris

2178 5559 2414 5613 quoque,
2442 5555 2778 5611 quarcunquc
2807 5539 2945 5593 Deus
2974 5537 3122 5603 fecit,
3160 5536 3321 5591 homo
3367 5533 3534 5588 Deum
3588 5528 3767 5600 possit

2182 5634 2401 5689 imitari.
2422 5633 2525 5687 Sed
2554 5630 2701 5686 verbi
2735 5645 2921 5695 causa,
2940 5638 2996 5682 ut
3018 5626 3288 5698 quomodo
3309 5624 3397 5679 ille
3423 5621 3766 5678 clemensest

2179 5740 2231 5788 ct
2259 5728 2394 5801 pluit
2422 5742 2585 5800 super
2608 5726 2779 5782 bonos
2808 5730 2863 5780 et
2891 5721 3061 5780 malos
3087 5719 3301 5799 (Matth.
3335 5717 3415 5795 v),
3453 5724 3511 5774 et
3528 5713 3769 5789 reliqua,
