3986 6338
209 261 323 321 4⁴ὄ

678 258 1224 317 ENARRATIONUM
1259 260 1329 325 IN
1366 260 1516 318 EPP.
1553 259 1755 317 PAULI
1794 259 1922 319 LIB.
1965 259 2150 318 XVIII.
2186 290 2259 302 --
2295 258 2362 317 IN
2397 259 2622 319 EPIST.
2661 260 2756 319 AD
2789 260 3031 319 EPHES.

3362 262 3470 318 M6

208 375 294 432 sic
324 375 491 429 etiam
530 384 633 425 nos
666 368 965 425 bonitatem
1006 378 1247 425 nostram
1292 386 1454 443 super
1481 386 1670 427 omnes
1700 371 1793 426 ho—
1818 372 1869 433 Α
1895 380 2072 427 autem
2090 344 2350 429 Christus
2385 373 2501 444 ipse
2523 373 2741 441 obtulit,
2775 382 2869 428 aut
2887 374 3030 430 Deus
3053 373 3202 430 illum
3225 374 3471 439 tradidit,

206 466 389 523 mines
417 460 783 529 eﬁ‘undamus:
816 461 957 531 quod
986 475 1107 517 cum
1131 460 1445 528 fecerimus,
1463 462 1666 519 erimus
1696 461 1791 516 ﬁlii

208 555 418 612 dilecti.
472 551 699 627 (Ambr.)
752 552 852 609 Hic
897 554 1043 609 enim
1095 553 1446 610 charissimus
1491 554 1662 626 patris
1709 561 1793 610 est

204 649 376 715 ﬁlius,
403 647 498 718 qui
516 646 779 703 bonorum
801 643 919 715 ejus
946 646 1188 703 imitator
1210 658 1313 704 est.
1352 648 1421 703 Et
1446 648 1709 703 ambulate
1736 649 1793 704 in

204 739 509 805 ddectione,
557 739 691 797 sicut
727 746 778 792 et
822 735 1062 794 Christus
1089 741 1270 796 dilexit
1320 758 1433 805 nos,
1484 750 1532 795 et
1574 741 1792 797 tradidit

203 832 546 903 semetipsum
588 828 685 900 pro
726 830 874 884 nobis
912 830 1222 887 oblationem
1260 841 1309 887 et
1333 830 1555 887 hostiam
1585 828 1694 886 Deo
1736 832 1792 887 in

212 923 439 978 odorem
475 921 774 976 suavitatis.
805 920 956 977 Sicut
994 922 1090 977 Dei
1139 921 1320 978 Patris
1362 938 1462 978 nos
1497 923 1794 979 imitatores

199 1034 333 1075 esse
352 1017 470 1073 vult
494 1018 548 1073 in
570 1017 899 1089 benignitate
922 1026 976 1073 et
997 1017 1364 1075 misericordia
1380 1060 1396 1084 ,
1423 1018 1497 1072 ita
1521 1026 1575 1073 et
1593 1017 1795 1074 Christi

203 1108 303 1164 ﬁlii
333 1108 451 1179 ejus
474 1109 529 1165 in
553 1108 857 1175 dilectione,
887 1117 947 1163 ut
988 1109 1128 1164 sicut
1174 1109 1263 1165 ille
1306 1109 1499 1164 dilexit
1528 1126 1648 1176 nos,
1681 1118 1793 1166 tra-

199 1199 344 1255 dens
364 1215 425 1255 se
444 1215 543 1270 pro
570 1198 743 1263 nobis,
770 1198 845 1253 ita
871 1208 924 1252 et
951 1214 1049 1255 nos
1078 1199 1305 1254 invicem
1327 1215 1427 1270 pro
1447 1199 1602 1255 nobis
1625 1200 1792 1256 etiam

199 1291 422 1346 animas
454 1306 659 1361 ponere
688 1291 997 1355 debeamus,
1022 1291 1164 1361 quod
1191 1291 1354 1345 etiam
1381 1289 1617 1346 Joannes
1643 1292 1789 1362 Apo-

197 1380 383 1437 stolus
412 1381 550 1435 dixit
592 1379 834 1451 exemplo
884 1380 1092 1435 Domini
1134 1396 1234 1451 pro
1273 1380 1533 1436 fratribus
1583 1382 1792 1437 animas

194 1474 505 1544 ponendas.
540 1472 807 1546 (Ηιενοη.)
842 1471 941 1539 Qui
986 1488 1086 1543 pro
1126 1472 1355 1526 aliorum
1395 1472 1567 1527 salute
1611 1487 1786 1542 usque

195 1566 266 1621 ad
320 1565 640 1637 sanguinem
671 1573 857 1619 contra
903 1573 1185 1634 peccatum
1229 1563 1473 1628 dimicat,
1526 1563 1601 1618 ita
1644 1571 1704 1619 ut
1735 1572 1791 1618 et

194 1657 448 1712 animam
467 1672 618 1711 suam
649 1657 827 1710 tradat
856 1671 955 1727 pro
996 1657 1095 1721 eis,
1136 1656 1237 1711 iste
1258 1655 1496 1710 ambulat
1529 1655 1582 1709 in
1612 1654 1792 1710 chari-

1894 480 2058 519 unum
2098 473 2198 529 est,
2233 466 2359 537 quia
2386 466 2667 523 amborum
2703 482 2810 522 una
2838 467 3086 524 voluntas
3115 475 3216 524 est.

1964 552 2272 610 Fornieatio
2299 565 2471 611 autem
2503 566 2552 612 et
2580 558 2748 612 omnis
2790 557 3151 623 immunditia,
3177 568 3269 614 aut
3291 560 3473 616 avari-

1892 649 1997 713 tia,
2049 665 2141 705 nec
2189 649 2482 705 nominetur
2527 651 2584 705 in
2642 650 2804 717 vobis,
2860 652 2996 706 sicut
3055 652 3201 709 decet
3241 662 3470 712 sanctos.

1893 740 2127 813 (Ambr.)
2154 738 2438 797 Manifesta
2467 749 2594 798 sunt
2622 756 2741 812 qua:
2776 742 2935 808 dicit;
2959 758 3122 814 quam
3145 752 3323 800 tamen
3350 760 3472 817 gra-

1891 833 1973 887 vis
2006 848 2097 886 res
2144 832 2216 887 sit
2254 832 2502 898 avaritia,
2550 848 2581 887 a
2633 849 2741 903 qua
2785 833 3210 901 dissimulamus,
3247 836 3467 905 quando

1891 924 2232 981 fornicationi
2253 936 2307 981 et
2327 925 2681 982 immunditite
2696 935 3059 998 comparatur,
3072 937 3126 983 et
3147 928 3228 983 sic
3254 943 3283 982 a
3310 927 3466 983 nobis

1892 1019 2129 1084 videtur,
2149 1017 2301 1088 quasi
2333 1017 2574 1088 qumdam
2606 1017 2761 1089 culpa
2796 1017 2993 1073 nullius
3022 1018 3300 1079 momenti,
3340 1031 3463 1072 cum

1892 1111 1964 1166 sit
2009 1124 2170 1182 grave
2218 1118 2519 1181 peccatum.
2581 1108 2745 1181 (Alb.)
2798 1108 2990 1165 Omnia
3040 1109 3186 1165 enim
3233 1108 3461 1165 crimina

1890 1203 2128 1257 breviter
2176 1201 2581 1271 comprehendit
2625 1201 2761 1256 duas
2810 1201 3093 1256 criminum
3137 1199 3467 1271 designanda

1893 1295 2102 1349 radices
2136 1312 2149 1347 :
2195 1293 2247 1349 id
2282 1301 2367 1348 est
2390 1292 2801 1348 fornicationem
2839 1300 2894 1348 et
2936 1292 3240 1354 avaritiam,
3272 1290 3467 1358 adjun-

1893 1401 2025 1457 gens
2088 1383 2432 1439 fornicationi
2482 1382 2923 1449 immunditiam;
2986 1383 3207 1439 alterius
3255 1379 3468 1453 generis

1890 1476 2166 1534 libidinem
2202 1475 2554 1532 immunditiae
2577 1475 2859 1530 avaritiam
2888 1474 3136 1540 sociavit,
3164 1488 3269 1528 non
3291 1472 3465 1528 solum

1894 1568 2135 1640 pecunize
2162 1568 2510 1639 cupiditatem
2538 1567 2936 1629 demonstrans,
2974 1565 3067 1620 sed
3110 1563 3275 1619 etiam
3318 1562 3465 1617 illam

1894 1658 2197 1723 avaritiam,
2244 1670 2408 1727 quam
2454 1670 2617 1725 supra
2662 1655 2924 1727 designat,
2954 1652 3044 1708 ubi
3069 1653 3145 1707 ait
3178 1671 3192 1707 :
3232 1652 3313 1706 Ne
3350 1651 3465 1723 quis

192 1757 335 1811 tate,
369 1747 592 1802 imitans
633 1745 929 1811 Christum,
976 1747 1067 1816 qui
1098 1762 1196 1801 nos
1238 1745 1293 1800 in
1338 1753 1547 1800 tantum
1579 1745 1786 1811 dilexit,
1817 1741 1868 1804 B
1894 1750 2315 1822 supergrediatur
2338 1749 2554 1818 fratrem
2598 1765 2753 1803 suum
2780 1747 2832 1820 (I
2862 1747 3040 1802 Thess.
3076 1747 3175 1817 tv).
3216 1776 3289 1786 —
3316 1744 3467 1802 Sicut

192 1849 254 1897 ut
292 1856 518 1897 crucem
546 1857 643 1912 pro
671 1840 841 1895 salute
878 1840 1118 1895 omnium
1162 1840 1475 1895 sustineret.
1508 1840 1787 1908 Quomodo

191 1935 344 1989 enim
375 1934 469 1990 ille
493 1933 712 1987 tradidit
737 1946 794 1987 se
820 1948 919 2003 pro
942 1932 1118 1997 nobis,
1142 1933 1222 1986 sic
1247 1939 1301 1988 et
1325 1932 1438 2002 ipse
1466 1947 1564 2003 pro
1591 1932 1789 2001 quibus

188 2021 644 2093 potest,libenter
665 2022 1013 2086 occumbens,
1044 2019 1343 2075 imitabitur
1363 2036 1486 2075 eum
1522 2020 1613 2090 qui
1639 2020 1790 2076 obla-

193 2118 405 2172 tionem
437 2125 495 2172 et
515 2116 747 2171 hostiam
778 2116 831 2171 in
852 2116 1073 2171 odorem
1101 2116 1386 2171 suavitatis
1408 2131 1467 2171 se
1493 2116 1642 2171 Patri
1676 2124 1788 2171 tra-

188 2209 356 2274 didit,
389 2219 447 2263 ει
470 2207 559 2262 fiet
587 2208 749 2262 etiam
780 2208 892 2278 ipse
939 2208 1144 2263 oblatio
1166 2216 1220 2264 et
1251 2208 1428 2263 hostia
1455 2208 1551 2263 Dei
1579 2208 1632 2262 in
1660 2211 1792 2264 odo-

190 2315 310 2354 rem
355 2299 669 2355 suavitatis.
712 2298 945 2371 (Arnim)
996 2299 1055 2354 Si
1098 2315 1228 2370 ergo
1278 2298 1483 2355 Christi
1534 2316 1682 2355 mors
1732 2300 1788 2354 in

186 2392 428 2447 odorem
481 2392 766 2448 suavitatis
812 2400 896 2446 est
938 2392 1067 2449 Deo.
1120 2400 1351 2447 mortem
1401 2392 1516 2462 ejus
1557 2391 1789 2446 libenter

186 2485 430 2556 accepit.
482 2484 637 2553 Quod
673 2485 718 2540 si
765 2500 953 2540 verum
1000 2492 1102 2550 est,
1149 2500 1257 2541 non
1292 2492 1654 2556 peccaverunt
1691 2482 1782 2553 qui

186 2577 346 2633 illum
376 2577 677 2633 secundum
714 2577 807 2633 Dei
847 2577 1176 2633 voluntatem
1210 2577 1601 2633 cruciﬁxerunt
1632 2595 1645 2631 :
1688 2576 1786 2632 sed

186 2683 299 2723 non
346 2668 420 2723 ita
446 2676 552 2732 est,
581 2667 707 2737 quia
734 2667 982 2723 Christus
1016 2667 1129 2722 Deo
1163 2684 1222 2724 se
1260 2661 1457 2723 dicitur
1502 2667 1782 2733 obtulisse,

185 2762 323 2815 dum
354 2760 533 2816 occidi
564 2776 624 2816 se
658 2777 851 2832 passus
879 2769 981 2827 est,
1005 2760 1057 2814 in
1080 2760 1173 2816 Dei
1202 2761 1374 2831 patris
1395 2761 1480 2816 sui
1508 2759 1785 2816 voluntate

182 2853 518 2926 pcrdarans,
548 2852 672 2924 quia
697 2853 785 2923 qui
808 2852 952 2921 juste
978 2844 1264 2919 occiditur,
1295 2853 1507 2909 diabolo
1522 2868 1580 2908 se
1601 2852 1778 2919 offert;

184 2946 532 3002 voluntatem
559 2945 705 3002 enim
727 2944 841 3015 ejus
872 2943 1020 3011 facit,
1053 2954 1112 3001 ut
1144 2944 1318 3001 occidi
1359 2954 1635 3000 mereatur
1666 2965 1679 2999 :
1707 2945 1783 3001 ita

162 3047 167 3051 ’
185 3048 239 3095 ει
254 3038 537 3102 Christus,
556 3037 680 3092 dum
699 3036 791 3092 Dei
816 3036 1075 3093 voluntati
1100 3037 1358 3102 adhaeret,
1374 3036 1585 3091 diabolo
1600 3035 1784 3107 displi-

1890 1845 2054 1907 decet,
2083 1843 2280 1913 inquit,
2317 1851 2544 1897 sanctos.
2577 1839 2654 1897 De
2679 1842 2875 1912 quibus
2914 1840 3175 1895 Dominus
3206 1837 3337 1893 dicit
3365 1852 3465 1907 per

1887 1936 2204 2007 prophetam
2256 1952 2269 1986 :
2323 1931 2502 1987 Sancti
2553 1940 2733 1997 estote,
2785 1933 2910 2002 quia
2957 1946 3050 2001 ego
3092 1939 3305 1985 sanctus
3350 1944 3467 1983 sum

1889 2026 2031 2098 (Leu.
2083 2024 2183 2096 xx).
2231 2023 2419 2080 Omnis
2470 2022 2670 2094 quippe
2720 2020 3059 2077 immunditia
3105 2019 3359 2084 carnalis,
3409 2026 3464 2073 et

1887 2118 2064 2173 omnis
2122 2116 2319 2171 mentis
2365 2113 2690 2171 instabilitas
2748 2130 2845 2185 per
2903 2113 3087 2169 varios
3127 2113 3465 2167 voluntatum

1886 2207 2062 2262 ﬂuxus
2083 2207 2413 2271 discurrens,
2440 2203 2658 2261 vitanda
2686 2211 2769 2261 est
2788 2204 3021 2259 ‘sanctis.
3048 2202 3159 2259 Nec
3176 2202 3320 2258 enim
3344 2216 3470 2258 san-

1886 2309 2006 2357 ctus
2030 2298 2295 2354 nominari
2328 2306 2474 2353 recte
2500 2305 2697 2368 potest,
2735 2297 2826 2366 qui
2872 2296 2925 2351 in
2955 2294 3260 2366 hujusmodi
3300 2292 3469 2349 scele-

1886 2394 2038 2448 ribus
2062 2400 2332 2448 versatur.
2359 2392 2464 2446 Aut
2490 2390 2912 2473 turpitudokaut
2948 2388 3352 2460 stultiloquium,
3374 2394 3469 2443 aut

1886 2487 2200 2553 scurrilitas,
2231 2503 2348 2559 qua:
2372 2486 2442 2540 ad
2485 2501 2592 2539 rem
2635 2500 2738 2539 non
2764 2485 3004 2555 pertinet,
3026 2482 3116 2537 sed
3145 2482 3312 2551 magis
3351 2496 3472 2552 gra-

1888 2583 2080 2635 tiarum
2111 2581 2265 2634 actio.
2300 2577 2535 2649 (Amhr.)
2571 2576 2837 2645 Quoniam
2877 2574 3095 2645 quidam
3119 2572 3322 2634 solent,
3363 2571 3467 2626 ali-

1887 2673 2013 2743 quid
2062 2682 2216 2744 turpe
2258 2686 2439 2740 agere,
2472 2676 2564 2723 aut
2612 2667 2960 2737 stultiloquiis
2994 2666 3177 2737 jocum
3224 2674 3463 2728 movere,

1887 2765 2040 2835 quasi
2072 2779 2176 2818 non
2201 2763 2273 2818 sit.
2297 2770 2603 2832 peccatum,
2630 2762 2732 2816 hoc
2753 2758 3027 2829 prohibet,
3050 2757 3175 2828 quia
3200 2756 3295 2812 Dei
3323 2753 3467 2811 servi

1886 2871 2101 2926 semper
2130 2854 2293 2911 sobrii
2318 2863 2373 2908 et
2407 2853 2634 2909 modesti
2659 2852 2859 2907 debent
2881 2850 3075 2905 videri.
3106 2847 3297 2904 Omnia
3346 2860 3468 2916 quae

1888 2950 2054 3004 risum
2084 2957 2139 3003 et
2158 2946 2482 3003 cachinnum
2527 2958 2744 2999 movere
2774 2941 2968 3009 solent,
2999 2939 3321 2996 Christianae
3354 2953 3463 2993 non

1887 3038 2141 3096 convenit
2177 3036 2451 3108 gravitati.
2487 3035 2613 3104 quia
2664 3032 2865 3087 famulo
2909 3030 3003 3086 Dei
3036 3030 3104 3085 de
3153 3028 3466 3085 caelestibus

187 3130 309 3186 cuit
343 3144 360 3182 :
392 3138 449 3187 et
471 3130 594 3184 ideo
613 3129 760 3184 illum
783 3129 1003 3194 occidit,
1036 3130 1159 3201 quia
1176 3131 1285 3186 Deo
1314 3146 1371 3186 se
1404 3130 1598 3187 obtulit
1618 3103 1781 3198 justi-
1810 3103 1856 3168 α
1890 3133 2129 3204 cogitare
2157 3103 2426 3195 convenit,
2455 3103 2539 3182 vel
2567 3124 2836 3196 quomodo
2855 3120 3193 3178 coronandus
3216 3130 3342 3175 ante
3365 3116 3464 3172 tri—

190 3224 329 3278 tiam
359 3224 743 3293 exsequendo;
771 3223 823 3278 in
848 3222 1118 3278 oblatione
1140 3224 1281 3279 enim
1301 3222 1509 3294 justitia
1538 3224 1784 3296 signatur

188 3323 241 3369 et
265 3314 494 3370 veritas.
533 3313 684 3369 lianc
708 3314 853 3371 enim
890 3314 1111 3385 respicit
1140 3315 1296 3375 Deus,
1330 3323 1384 3370 ct
1418 3315 1519 3370 hoc
1557 3324 1641 3370 est
1667 3315 1784 3386 ejus

190 3405 531 3461 sacriﬁcium
565 3413 868 3476 acceptum.
900 3404 1081 3477 Itaque
1125 3406 1446 3470 immeritus,
1504 3405 1596 3478 qui
1640 3405 1786 3460 occi-

189 3497 365 3564 ditur,
416 3497 594 3568 placet
646 3497 788 3563 Deo,
848 3513 954 3552 non
998 3497 1122 3566 quia
1172 3497 1459 3562 occiditur,
1505 3497 1598 3552 sed
1656 3495 1784 3566 quia

190 3606 374 3662 usque
406 3590 476 3645 ad
523 3597 752 3645 mortem
802 3589 1067 3661 justitiam
1117 3591 1476 3646 conservavit.
1537 3589 1786 3660 Suscepit

188 3682 503 3755 ergojianc
529 3691 756 3738 mortem
797 3682 937 3738 Deus
970 3682 1223 3739 Christus
1252 3683 1317 3738 ad
1344 3684 1533 3748 vitam,
1564 3682 1709 3737 unde
1731 3690 1787 3737 et

187 3777 340 3833 odor
376 3776 660 3831 suavitatis
692 3776 992 3847 appellatur
1023 3776 1154 3833 Deo.
1180 3775 1259 3829 Ad
1302 3775 1574 3830 Romanos
1603 3783 1783 3828 tamen

189 3868 377 3925 dicit:
412 3864 551 3936 Quia
579 3868 718 3923 Deus
761 3867 912 3923 illum
958 3866 1177 3922 tradidit
1216 3884 1310 3938 pro
1354 3867 1501 3921 nobis
1546 3865 1784 3920 omnibus

191 3959 381 4033 (Rom.
429 3958 571 4031 vui).
610 3957 764 4015 Nunc
792 3959 1142 4033 qnzercndum
1188 3967 1291 4021 est,
1338 3956 1609 4028 quomodo
1642 3955 1786 4011 Deus

192 4050 351 4105 illum
399 4049 645 4116 tradidit,
674 4056 768 4104 aut
812 4049 1080 4122 quomodo
1126 4048 1362 4118 seipsum
1394 4046 1590 4102 obtulit
1640 4046 1786 4101 Deo?

192 4140 332 4197 Nam
356 4142 486 4208 hoc,
532 4150 791 4213 quantum
824 4142 892 4196 ad
921 4141 1086 4199 verba
1130 4140 1388 4212 pertinet,
1417 4136 1628 4194 videtur
1650 4150 1786 4194 con-

194 4235 453 4290 trarium.
490 4236 633 4291 Deus
681 4234 829 4290 illum
873 4235 1161 4289 tradidisse
1204 4234 1425 4299 dicitur,
1476 4232 1601 4287 dum
1632 4230 1782 4285 illum

191 4328 372 4383 occidi
422 4329 691 4398 permisit,
728 4328 868 4383 sicut
916 4327 1048 4382 dicit
1096 4327 1356 4381 Dominus
1387 4325 1452 4380 ad
1500 4324 1779 4379 Pilatum:

199 4419 327 4473 Non
353 4419 571 4475 haberes
614 4418 889 4475 adversum
932 4435 1012 4473 me
1034 4428 1359 4490 potestatem,
1390 4417 1492 4472 nisi
1521 4417 1612 4471 tibi
1656 4417 1783 4470 data

194 4524 330 4567 esset
386 4513 611 4585 desuper
657 4511 841 4584 (Joan.
883 4521 1020 4585 XIX).
1069 4513 1202 4566 Data
1254 4520 1337 4567 est
1383 4513 1527 4567 enim
1573 4511 1644 4575 ei,
1689 4511 1783 4566 sed

197 4602 399 4659 volenti
427 4611 667 4674 potestas
696 4621 710 4656 :
742 4602 845 4658 hoc
870 4610 953 4659 est
976 4644 991 4669 ,
1018 4601 1342 4673 permissum
1388 4612 1471 4657 est
1498 4600 1573 4656 illi
1602 4600 1783 4655 facere

192 4696 342 4769 quod
362 4696 553 4761 voluit,
580 4704 636 4750 et
663 4694 769 4750 hoc
795 4706 879 4751 est
923 4696 1136 4751 tradere
1166 4713 1178 4748 :
1211 4695 1338 4749 dum
1363 4694 1506 4749 enim
1531 4693 1785 4747 dissimu-

193 4797 291 4855 tat,
326 4788 513 4843 tradit.
550 4784 607 4842 Si
638 4787 781 4843 enim
806 4786 1066 4842 noluisset
1092 4786 1427 4858 permittere,
1466 4799 1575 4839 non
1598 4782 1788 4839 fuisset

194 4881 437 4937 occisus.
478 4879 732 4935 Permisit
772 4895 901 4949 ergo
934 4878 1107 4935 occidi
1140 4893 1283 4941 eum,
1339 4877 1433 4932 sed
1476 4875 1543 4930 ab
1572 4875 1657 4929 bis
1693 4875 1784 4945 qui

195 4992 327 5033 cum
354 4974 629 5041 volebant,
660 4990 764 5030 non
790 4975 988 5041 coacti,
1016 4973 1111 5029 sed
1150 4980 1340 5045 sponte
1370 4970 1639 5027 occidere.
1668 4967 1783 5023 Non

195 5085 331 5141 ergo
359 5069 627 5124 immunes
671 5084 702 5123 a
747 5082 908 5140 pinna
939 5074 1086 5131 sunt,
1117 5067 1242 5137 quia
1282 5066 1388 5121 hoc
1441 5064 1521 5118 eis
1559 5060 1788 5133 permis-

199 5177 323 5216 sum
346 5169 451 5226 est,
484 5160 626 5231 quod
657 5159 926 5215 volebant.
968 5157 1253 5212 Damnatio
1282 5155 1427 5211 enim
1459 5154 1513 5209 in
1550 5169 1615 5209 eo
1637 5168 1787 5207 com-

198 5256 353 5326 petit,
406 5254 533 5325 quia
582 5255 901 5320 volucrunt;
941 5252 1084 5323 quod
1132 5250 1254 5307 ideo
1311 5259 1492 5304 tamen
1536 5244 1789 5318 permisit

199 5342 367 5412 Deus,
393 5344 521 5415 quia
566 5344 671 5399 scit
712 5343 855 5399 istud
892 5343 1177 5398 adversum
1233 5338 1504 5394 diabolum
1543 5336 1786 5392 futurum

198 5449 302 5508 pro
354 5436 590 5491 multis:
630 5436 846 5507 dignum
892 5435 1035 5489 enim
1084 5432 1218 5497 fuit,
1248 5439 1307 5485 ut
1349 5430 1491 5499 quod
1539 5429 1789 5485 inimicus

204 5529 527 5602 iuprtescius
565 5529 865 5585 futurorum
897 5537 1081 5584 contra
1115 5542 1171 5581 se
1200 5524 1354 5596 quasi
1396 5540 1493 5594 pro
1524 5538 1582 5577 se
1612 5521 1791 5577 facere

206 5627 456 5695 putabat,
477 5625 877 5695 permitteretur
907 5624 978 5687 ei,
1010 5630 1069 5675 ut
1114 5616 1585 5688 ititpratscicntiam
1636 5630 1789 5670 suam

204 5717 313 5778 sibi
335 5717 612 5797 itnputans
640 5715 770 5775 facti
796 5716 881 5775 sui
905 5710 1223 5789 poenitentia
1242 5713 1606 5783 torqueretur.
1636 5703 1791 5776 Quod

1887 3223 2049 3281 bunal
2071 3221 2271 3278 Christi
2304 3220 2500 3283 veniat,
2532 3216 2928 3286 stultiloquium
2956 3228 3088 3269 vero
3112 3213 3179 3268 ad
3204 3209 3378 3269 famas
3411 3215 3469 3265 et

1886 3315 2096 3384 ineptas
2131 3310 2336 3365 fabulas
2368 3306 2802 3364 transferendum
2821 3319 2942 3359 esse
2979 3299 3349 3374 puto.(llier.)
3379 3297 3466 3354 ln-

1886 3414 1971 3461 ter
1995 3402 2385 3472 stultiloquium
2414 3408 2595 3455 autem
2610 3406 2664 3453 et
2679 3396 3065 3453 scurrilitatem
3085 3395 3189 3450 hoc
3213 3394 3465 3457 interest,

1885 3494 2027 3564 quod
2052 3492 2441 3562 stultiloquium
2462 3488 2597 3544 nihil
2619 3490 2674 3544 in
2696 3504 2755 3544 se
2776 3487 2993 3557 sapiens
3023 3494 3081 3541 et
3101 3485 3265 3542 corde
3286 3483 3466 3569 homi-

1885 3587 1971 3642 nis
1994 3586 2214 3657 dignum
2237 3585 2432 3650 habet;
2456 3582 2757 3639 scurrilitas
2775 3595 2905 3638 vero
2924 3581 2991 3636 de
3010 3579 3262 3651 prudenti
3283 3585 3464 3635 mente

1885 3678 2183 3742 descendit,
2213 3685 2270 3730 et
2307 3674 2555 3733 consulto
2603 3673 2811 3745 appetit
2844 3673 3091 3743 quaedam
3117 3670 3205 3727 vel
3251 3670 3461 3725 urbana

1883 3773 2072 3836 verba,
2113 3770 2196 3824 vel
2221 3769 2449 3834 rustica,
2498 3767 2584 3823 vel
2613 3765 2812 3836 turpia,
2840 3764 2925 3820 vel
2966 3763 3139 3828 fatua,
3179 3776 3342 3833 quam
3367 3774 3468 3816 nos

1878 3864 2277 3937 jocularitatem
2313 3861 2419 3916 alio
2462 3859 2627 3914 verbo
2648 3871 2941 3929 possumus
2986 3852 3274 3925 appellare,
3305 3860 3366 3907 ut
3391 3851 3468 3907 ri-

1886 3972 2005 4013 sum
2035 3962 2249 4009 moveat
2299 3952 2669 4015 audientibus;
2710 3963 2900 4004 verum
2940 3955 2996 4001 et
3044 3946 3160 4001 haec
3199 3960 3231 3999 a
3258 3942 3463 3999 sanctis

1880 4050 2014 4105 viris
2038 4047 2255 4120 penitus
2276 4044 2605 4115 repellenda,
2637 4042 2831 4113 quibus
2853 4038 3029 4111 magis
3062 4036 3317 4093 convenit
3336 4033 3465 4090 flere

1883 4152 2045 4214 atque
2067 4142 2267 4213 lugere,
2283 4139 2422 4196 sicut
2445 4137 2499 4193 in
2514 4135 2807 4208 Evangelio
2828 4134 2905 4189 ait
2920 4148 2933 4187 :
2951 4131 3102 4187 Beati
3114 4130 3203 4203 qui
3224 4143 3361 4185 nunc
3380 4128 3472 4198 ﬂe-

1882 4239 1970 4304 tis,
1984 4237 2227 4308 quoniam
2241 4230 2635 4289 consolabimini
2652 4230 2801 4304 (Luc.
2816 4228 2915 4299 vi).
2931 4223 3165 4301 [Ambn]
3182 4221 3472 4280 Perstulti-

1882 4330 2061 4399 loqnia
2082 4326 2228 4383 enim
2252 4332 2538 4397 peccatur;
2561 4323 2703 4377 unde
2718 4320 2971 4377 Salomon
2992 4337 3004 4373 :
3027 4316 3255 4383 Stultus,
3270 4314 3466 4386 inquit,

1885 4439 1977 4494 per
2000 4423 2162 4476 risum
2193 4421 2300 4488 agit
2329 4418 2470 4473 mala
2515 4415 2697 4487 (Prov.
2726 4414 2805 4487 Χ),
2838 4422 2895 4470 ει
2923 4412 3183 4468 Dominus
3213 4410 3265 4464 in
3294 4408 3471 4464 Evan-

1887 4515 2027 4585 gelio
2048 4514 2216 4568 dicit:
2248 4510 2388 4577 Quia
2430 4526 2581 4564 omne
2615 4509 2826 4563 verbum
2874 4506 3098 4560 otiosum
3124 4501 3264 4573 quod
3310 4499 3471 4554 locuti

1886 4607 2079 4679 fuerint
2101 4606 2352 4667 homines,
2378 4602 2594 4657 reddent
2622 4600 2687 4655 de
2721 4616 2780 4654 eo
2807 4599 3063 4653 rationem
3086 4595 3142 4649 in
3170 4594 3254 4649 die
3276 4592 3471 4664 judicii

1889 4697 2105 4771 (Matth.
2132 4694 2252 4767 xu).
2278 4692 2387 4749 Nec
2412 4692 2577 4748 inulta
2600 4698 2828 4762 possunt
2856 4687 3113 4751 discerni,
3130 4702 3249 4756 quae
3269 4684 3474 4741 idcirco

1889 4787 2161 4850 dicuntur,
2200 4792 2262 4838 ut
2305 4784 2372 4837 ad
2417 4782 2643 4852 alicujus
2690 4779 2995 4850 pertineant
3039 4774 3466 4832 contumeliam:

1889 4879 2010 4934 ideo
2032 4878 2099 4933 ad
2126 4890 2239 4931 rem
2260 4872 2551 4929 salutarem
2576 4886 2682 4926 non
2703 4870 2976 4941 pertinent
2995 4868 3130 4923 haec.
3158 4866 3339 4934 Quare
3358 4865 3474 4923 haec

1889 4970 2093 5043 agenda
2118 4976 2174 5023 et
2215 4965 2478 5035 loquenda
2516 4970 2718 5026 monet,
2751 4976 2872 5032 quae
2916 4960 2985 5017 ad
3032 4959 3321 5015 utilitatem
3350 4973 3474 5029 pro-

1889 5064 2075 5120 ﬁciant
2119 5069 2364 5117 nostram
2394 5066 2451 5114 et
2476 5057 2569 5111 Dei
2600 5055 2839 5119 laudem,
2881 5054 2933 5108 in
2960 5053 3114 5125 cujus
3152 5051 3270 5123 lege
3305 5049 3476 5106 medi-

1889 5153 2113 5210 tandum
2169 5156 2254 5206 est
2298 5148 2385 5203 die
2438 5160 2504 5200 ac
2556 5151 2735 5208 nocte,
2779 5143 2918 5197 sicut
2962 5141 3221 5210 scriptum
3278 5145 3364 5195 est
3418 5135 3473 5191 in

1889 5244 2096 5318 psalmo
2144 5242 2338 5313 primo.
2388 5235 2554 5310 (Διὸ.)
2608 5234 2744 5290 Dum
2804 5234 2920 5290 haec
2970 5232 3153 5288 omnia
3203 5227 3478 5287 abdicavit

1891 5335 2220 5399 Christiano,
2242 5332 2372 5405 quid
2391 5345 2521 5386 vero
2535 5330 2584 5384 ei
2604 5326 2919 5385 conveniret
2942 5321 3224 5385 subinfert,
3243 5322 3429 5377 dicens
3457 5337 3472 5374 :

1893 5430 1983 5488 sed
2040 5428 2205 5498 magis
2271 5422 2559 5497 gratiarum
2620 5421 2778 5485 actio,
2815 5417 3128 5490 significans
3183 5410 3476 5472 Christiani

1896 5524 2060 5580 verba
2084 5522 2195 5576 sale
2221 5518 2500 5588 sapientia:
2531 5513 2748 5570 condita
2778 5526 2899 5566 esse
2923 5510 3141 5573 debere,
3168 5503 3475 5575 utgratiam

1897 5618 2021 5671 dent
2051 5610 2407 5672 audientibus,
2425 5608 2565 5663 sicut
2580 5603 2827 5675 superius
2848 5601 3060 5656 locutus
3080 5605 3186 5654 est.
3210 5595 3325 5651 lloc
3346 5607 3477 5648 vero

1895 5708 2015 5766 loco
2036 5702 2329 5781 gratiarum
2353 5699 2492 5757 actio
2513 5696 2684 5771 magis
2699 5693 2972 5768 pertinere
2991 5689 3205 5748 videtur
3222 5684 3293 5743 ad
3310 5681 3479 5743 verba
