  <div class='ocr_page' id='page_1' title='image "/cluster/home/n/w/nwhite01/storage/ocr_20150623/112/hvd.32044015685407/229.png"; bbox 0 0 3986 6338; ppageno 0'>
   <div class='ocr_carea' id='block_1_1' title="bbox 593 347 690 404">
    <p class='ocr_par' dir='ltr' id='par_1_1' title="bbox 593 347 690 404">
     <span class='ocr_line' id='line_1_1' title="bbox 593 347 690 404; baseline -0.021 0"><span class='ocrx_word' id='word_1_1' title='bbox 593 347 690 404; x_wconf 73' lang='grc' dir='ltr'><strong>44⁴ι</strong></span> 
     </span>
    </p>
   </div>
   <div class='ocr_carea' id='block_1_2' title="bbox 1231 333 2203 401">
    <p class='ocr_par' dir='ltr' id='par_1_2' title="bbox 1231 333 2203 401">
     <span class='ocr_line' id='line_1_2' title="bbox 1231 333 2203 401; baseline -0.012 0"><span class='ocrx_word' id='word_1_2' title='bbox 1231 341 1294 401; x_wconf 86' lang='grc' dir='ltr'><strong>Β.</strong></span> <span class='ocrx_word' id='word_1_3' title='bbox 1333 337 1587 400; x_wconf 78' lang='lat' dir='ltr'><strong>RABANI</strong></span> <span class='ocrx_word' id='word_1_4' title='bbox 1621 338 1844 398; x_wconf 80' lang='lat' dir='ltr'><strong>MAURI</strong></span> <span class='ocrx_word' id='word_1_5' title='bbox 1878 333 2203 394; x_wconf 82' lang='lat' dir='ltr'><strong>ARCHIEP.</strong></span> 
     </span>
    </p>
   </div>
   <div class='ocr_carea' id='block_1_3' title="bbox 2242 323 3800 397">
    <p class='ocr_par' dir='ltr' id='par_1_3' title="bbox 2242 323 3800 397">
     <span class='ocr_line' id='line_1_3' title="bbox 2242 323 3800 397; baseline -0.009 -6"><span class='ocrx_word' id='word_1_6' title='bbox 2242 329 2555 391; x_wconf 73' lang='lat' dir='ltr'><strong>nouum.</strong></span> <span class='ocrx_word' id='word_1_7' title='bbox 2598 323 2886 389; x_wconf 77' lang='lat' dir='ltr'><strong>OPERUM</strong></span> <span class='ocrx_word' id='word_1_8' title='bbox 2924 324 3106 384; x_wconf 61' lang='lat' dir='ltr'><strong>rans</strong></span> <span class='ocrx_word' id='word_1_9' title='bbox 3139 324 3227 384; x_wconf 86' lang='grc' dir='ltr'><strong>ιιι.</strong></span> <span class='ocrx_word' id='word_1_10' title='bbox 3726 338 3800 397; x_wconf 70' lang='grc' dir='ltr'>με</span> 
     </span>
    </p>
   </div>
   <div class='ocr_carea' id='block_1_4' title="bbox 594 444 3801 540">
    <p class='ocr_par' dir='ltr' id='par_1_4' title="bbox 594 444 3801 540">
     <span class='ocr_line' id='line_1_4' title="bbox 594 444 3801 540; baseline -0.005 -14"><span class='ocrx_word' id='word_1_11' title='bbox 594 468 866 540; x_wconf 77' lang='lat' dir='ltr'><strong>loquentis</strong></span> <span class='ocrx_word' id='word_1_12' title='bbox 884 474 942 522; x_wconf 89' lang='lat' dir='ltr'><strong>et</strong></span> <span class='ocrx_word' id='word_1_13' title='bbox 967 463 1236 522; x_wconf 88' lang='lat' dir='ltr'><strong>audientis</strong></span> <span class='ocrx_word' id='word_1_14' title='bbox 1257 477 1496 524; x_wconf 81' lang='lat' dir='ltr'><strong>sensum,</strong></span> <span class='ocrx_word' id='word_1_15' title='bbox 1523 475 1686 532; x_wconf 89' lang='lat' dir='ltr'><strong>quam</strong></span> <span class='ocrx_word' id='word_1_16' title='bbox 1718 458 1787 512; x_wconf 92' lang='lat' dir='ltr'><strong>ad</strong></span> <span class='ocrx_word' id='word_1_17' title='bbox 1813 456 1961 511; x_wconf 84' lang='lat' dir='ltr'><strong>illam</strong></span> <span class='ocrx_word' id='word_1_18' title='bbox 1979 455 2182 524; x_wconf 86' lang='lat' dir='ltr'><strong>gratia-</strong></span> <span class='ocrx_word' id='word_1_19' title='bbox 2207 455 2260 516; x_wconf 81' lang='grc' dir='ltr'>Α</span> <span class='ocrx_word' id='word_1_20' title='bbox 2283 459 2339 507; x_wconf 91' lang='lat' dir='ltr'><strong>et</strong></span> <span class='ocrx_word' id='word_1_21' title='bbox 2373 449 2644 522; x_wconf 90' lang='lat' dir='ltr'><strong>quomodo</strong></span> <span class='ocrx_word' id='word_1_22' title='bbox 2689 448 3083 519; x_wconf 71' lang='lat' dir='ltr'><strong>stultiloquium</strong></span> <span class='ocrx_word' id='word_1_23' title='bbox 3127 454 3181 502; x_wconf 92' lang='lat' dir='ltr'><strong>et</strong></span> <span class='ocrx_word' id='word_1_24' title='bbox 3233 444 3546 514; x_wconf 68' lang='lat' dir='ltr'><strong>scurrilitas,</strong></span> <span class='ocrx_word' id='word_1_25' title='bbox 3577 447 3647 504; x_wconf 89' lang='lat' dir='ltr'><strong>sic</strong></span> <span class='ocrx_word' id='word_1_26' title='bbox 3664 460 3709 507; x_wconf 89' lang='lat' dir='ltr'><strong>et</strong></span> <span class='ocrx_word' id='word_1_27' title='bbox 3729 452 3801 513; x_wconf 73' lang='lat' dir='ltr'><strong>ista</strong></span> 
     </span>
    </p>
   </div>
   <div class='ocr_carea' id='block_1_5' title="bbox 573 546 2176 626">
    <p class='ocr_par' dir='ltr' id='par_1_5' title="bbox 573 546 2176 626">
     <span class='ocr_line' id='line_1_5' title="bbox 573 546 2176 626; baseline -0.013 -7"><span class='ocrx_word' id='word_1_28' title='bbox 573 571 718 620; x_wconf 81' lang='lat' dir='ltr'><strong>&#39;rnm</strong></span> <span class='ocrx_word' id='word_1_29' title='bbox 739 561 1032 623; x_wconf 77' lang='lat' dir='ltr'><strong>actionem,</strong></span> <span class='ocrx_word' id='word_1_30' title='bbox 1053 571 1174 626; x_wconf 62' lang='lat' dir='ltr'><strong>quae</strong></span> <span class='ocrx_word' id='word_1_31' title='bbox 1194 555 1305 609; x_wconf 89' lang='lat' dir='ltr'><strong>Deo</strong></span> <span class='ocrx_word' id='word_1_32' title='bbox 1326 553 1463 607; x_wconf 88' lang='lat' dir='ltr'><strong>solet</strong></span> <span class='ocrx_word' id='word_1_33' title='bbox 1485 551 1602 606; x_wconf 84' lang='lat' dir='ltr'><strong>ﬁeri</strong></span> <span class='ocrx_word' id='word_1_34' title='bbox 1629 565 1727 620; x_wconf 89' lang='lat' dir='ltr'><strong>pro</strong></span> <span class='ocrx_word' id='word_1_35' title='bbox 1749 547 2022 603; x_wconf 80' lang='lat' dir='ltr'><strong>beneﬁciis</strong></span> <span class='ocrx_word' id='word_1_36' title='bbox 2045 546 2176 600; x_wconf 86' lang='lat' dir='ltr'><strong>suis.</strong></span> 
     </span>
    </p>
   </div>
   <div class='ocr_carea' id='block_1_6' title="bbox 591 637 2181 728">
    <p class='ocr_par' dir='ltr' id='par_1_6' title="bbox 591 637 2181 728">
     <span class='ocr_line' id='line_1_6' title="bbox 591 637 2181 728; baseline -0.013 -16"><span class='ocrx_word' id='word_1_37' title='bbox 591 652 824 728; x_wconf 77' lang='lat' dir='ltr'><strong>(Ambr.)</strong></span> <span class='ocrx_word' id='word_1_38' title='bbox 849 651 926 706; x_wconf 80' lang='lat' dir='ltr'><strong>Ex</strong></span> <span class='ocrx_word' id='word_1_39' title='bbox 945 647 1356 706; x_wconf 81' lang='lat' dir='ltr'><strong>conversatione</strong></span> <span class='ocrx_word' id='word_1_40' title='bbox 1386 644 1532 700; x_wconf 91' lang='lat' dir='ltr'><strong>enim</strong></span> <span class='ocrx_word' id='word_1_41' title='bbox 1571 650 1626 696; x_wconf 89' lang='lat' dir='ltr'><strong>et</strong></span> <span class='ocrx_word' id='word_1_42' title='bbox 1652 640 1891 695; x_wconf 89' lang='lat' dir='ltr'><strong>moribus</strong></span> <span class='ocrx_word' id='word_1_43' title='bbox 1913 640 2008 694; x_wconf 85' lang='lat' dir='ltr'><strong>Dei</strong></span> <span class='ocrx_word' id='word_1_44' title='bbox 2040 637 2181 693; x_wconf 81' lang='lat' dir='ltr'><strong>servi</strong></span> 
     </span>
    </p>
   </div>
   <div class='ocr_carea' id='block_1_7' title="bbox 592 729 2183 807">
    <p class='ocr_par' dir='ltr' id='par_1_7' title="bbox 592 729 2183 807">
     <span class='ocr_line' id='line_1_7' title="bbox 592 729 2183 807; baseline -0.013 -4"><span class='ocrx_word' id='word_1_45' title='bbox 592 746 759 803; x_wconf 82' lang='lat' dir='ltr'><strong>etiam</strong></span> <span class='ocrx_word' id='word_1_46' title='bbox 781 749 1024 798; x_wconf 82' lang='lat' dir='ltr'><strong>tacentes</strong></span> <span class='ocrx_word' id='word_1_47' title='bbox 1069 735 1401 807; x_wconf 78' lang='lat' dir='ltr'><strong>intelligendi</strong></span> <span class='ocrx_word' id='word_1_48' title='bbox 1433 742 1582 799; x_wconf 91' lang='lat' dir='ltr'><strong>sunt,</strong></span> <span class='ocrx_word' id='word_1_49' title='bbox 1610 741 1688 796; x_wconf 88' lang='lat' dir='ltr'><strong>ut,</strong></span> <span class='ocrx_word' id='word_1_50' title='bbox 1715 738 1979 801; x_wconf 90' lang='lat' dir='ltr'><strong>quantum</strong></span> <span class='ocrx_word' id='word_1_51' title='bbox 2020 729 2183 784; x_wconf 81' lang='lat' dir='ltr'><strong>distat</strong></span> 
     </span>
    </p>
   </div>
   <div class='ocr_carea' id='block_1_8' title="bbox 592 820 2178 898">
    <p class='ocr_par' dir='ltr' id='par_1_8' title="bbox 592 820 2178 898">
     <span class='ocr_line' id='line_1_8' title="bbox 592 820 2178 898; baseline -0.012 -6"><span class='ocrx_word' id='word_1_52' title='bbox 592 851 780 892; x_wconf 89' lang='lat' dir='ltr'><strong>verum</strong></span> <span class='ocrx_word' id='word_1_53' title='bbox 793 850 824 890; x_wconf 86' lang='lat' dir='ltr'><strong>a</strong></span> <span class='ocrx_word' id='word_1_54' title='bbox 841 832 994 898; x_wconf 80' lang='lat' dir='ltr'><strong>falso,</strong></span> <span class='ocrx_word' id='word_1_55' title='bbox 1012 839 1224 886; x_wconf 88' lang='lat' dir='ltr'><strong>tantum</strong></span> <span class='ocrx_word' id='word_1_56' title='bbox 1241 829 1443 883; x_wconf 89' lang='lat' dir='ltr'><strong>distent</strong></span> <span class='ocrx_word' id='word_1_57' title='bbox 1463 826 1558 880; x_wconf 87' lang='lat' dir='ltr'><strong>Dei</strong></span> <span class='ocrx_word' id='word_1_58' title='bbox 1577 825 1717 880; x_wconf 82' lang='lat' dir='ltr'><strong>servi</strong></span> <span class='ocrx_word' id='word_1_59' title='bbox 1733 839 1763 877; x_wconf 93' lang='lat' dir='ltr'><strong>a</strong></span> <span class='ocrx_word' id='word_1_60' title='bbox 1778 821 1948 878; x_wconf 82' lang='lat' dir='ltr'><strong>servis</strong></span> <span class='ocrx_word' id='word_1_61' title='bbox 1960 820 2178 876; x_wconf 91' lang='lat' dir='ltr'><strong>diaboli.</strong></span> 
     </span>
    </p>
   </div>
   <div class='ocr_carea' id='block_1_9' title="bbox 665 921 2180 1003">
    <p class='ocr_par' dir='ltr' id='par_1_9' title="bbox 665 921 2180 1003">
     <span class='ocr_line' id='line_1_9' title="bbox 665 921 2180 1003; baseline -0.012 -12"><span class='ocrx_word' id='word_1_62' title='bbox 665 934 780 990; x_wconf 85' lang='lat' dir='ltr'><strong>Hoc</strong></span> <span class='ocrx_word' id='word_1_63' title='bbox 810 935 950 989; x_wconf 88' lang='lat' dir='ltr'><strong>enim</strong></span> <span class='ocrx_word' id='word_1_64' title='bbox 995 932 1197 994; x_wconf 91' lang='lat' dir='ltr'><strong>scitote,</strong></span> <span class='ocrx_word' id='word_1_65' title='bbox 1230 927 1369 1003; x_wconf 56' lang='lat' dir='ltr'><strong>quod</strong></span> <span class='ocrx_word' id='word_1_66' title='bbox 1411 925 1580 981; x_wconf 85' lang='lat' dir='ltr'><strong>omnis</strong></span> <span class='ocrx_word' id='word_1_67' title='bbox 1615 923 1925 995; x_wconf 81' lang='lat' dir='ltr'><strong>fornicator,</strong></span> <span class='ocrx_word' id='word_1_68' title='bbox 1954 930 2043 976; x_wconf 86' lang='lat' dir='ltr'><strong>aut</strong></span> <span class='ocrx_word' id='word_1_69' title='bbox 2079 921 2180 974; x_wconf 81' lang='lat' dir='ltr'><strong>im-</strong></span> 
     </span>
    </p>
   </div>
   <div class='ocr_carea' id='block_1_10' title="bbox 590 1013 2180 1090">
    <p class='ocr_par' dir='ltr' id='par_1_10' title="bbox 590 1013 2180 1090">
     <span class='ocr_line' id='line_1_10' title="bbox 590 1013 2180 1090; baseline -0.011 -9"><span class='ocrx_word' id='word_1_70' title='bbox 590 1026 842 1089; x_wconf 77' lang='lat' dir='ltr'><strong>mundus,</strong></span> <span class='ocrx_word' id='word_1_71' title='bbox 865 1031 958 1076; x_wconf 86' lang='lat' dir='ltr'><strong>aut</strong></span> <span class='ocrx_word' id='word_1_72' title='bbox 997 1038 1210 1086; x_wconf 80' lang='lat' dir='ltr'><strong>auarus,</strong></span> <span class='ocrx_word' id='word_1_73' title='bbox 1241 1019 1379 1090; x_wconf 87' lang='lat' dir='ltr'><strong>quod</strong></span> <span class='ocrx_word' id='word_1_74' title='bbox 1409 1029 1483 1072; x_wconf 89' lang='lat' dir='ltr'><strong>est</strong></span> <span class='ocrx_word' id='word_1_75' title='bbox 1527 1015 1851 1080; x_wconf 75' lang='lat' dir='ltr'><strong>idololatria,</strong></span> <span class='ocrx_word' id='word_1_76' title='bbox 1889 1031 1994 1068; x_wconf 87' lang='lat' dir='ltr'><strong>non</strong></span> <span class='ocrx_word' id='word_1_77' title='bbox 2027 1013 2180 1067; x_wconf 87' lang='lat' dir='ltr'><strong>habet</strong></span> 
     </span>
    </p>
   </div>
   <div class='ocr_carea' id='block_1_11' title="bbox 591 1108 2184 1184">
    <p class='ocr_par' dir='ltr' id='par_1_11' title="bbox 591 1108 2184 1184">
     <span class='ocr_line' id='line_1_11' title="bbox 591 1108 2184 1184; baseline -0.008 -11"><span class='ocrx_word' id='word_1_78' title='bbox 591 1117 948 1173; x_wconf 79' lang='lat' dir='ltr'><strong>htereditatem</strong></span> <span class='ocrx_word' id='word_1_79' title='bbox 981 1116 1037 1168; x_wconf 88' lang='lat' dir='ltr'><strong>in</strong></span> <span class='ocrx_word' id='word_1_80' title='bbox 1061 1130 1217 1184; x_wconf 83' lang='lat' dir='ltr'><strong>regno</strong></span> <span class='ocrx_word' id='word_1_81' title='bbox 1247 1111 1443 1166; x_wconf 80' lang='lat' dir='ltr'><strong>Christi</strong></span> <span class='ocrx_word' id='word_1_82' title='bbox 1486 1120 1533 1164; x_wconf 86' lang='lat' dir='ltr'><strong>et</strong></span> <span class='ocrx_word' id='word_1_83' title='bbox 1562 1110 1679 1164; x_wconf 86' lang='lat' dir='ltr'><strong>Dei.</strong></span> <span class='ocrx_word' id='word_1_84' title='bbox 1706 1108 1822 1175; x_wconf 81' lang='lat' dir='ltr'><strong>Qua</strong></span> <span class='ocrx_word' id='word_1_85' title='bbox 1849 1122 2012 1162; x_wconf 91' lang='lat' dir='ltr'><strong>causa</strong></span> <span class='ocrx_word' id='word_1_86' title='bbox 2034 1121 2184 1162; x_wconf 86' lang='lat' dir='ltr'><strong>amo—</strong></span> 
     </span>
    </p>
   </div>
   <div class='ocr_carea' id='block_1_12' title="bbox 590 1199 2180 1272">
    <p class='ocr_par' dir='ltr' id='par_1_12' title="bbox 590 1199 2180 1272">
     <span class='ocr_line' id='line_1_12' title="bbox 590 1199 2180 1272; baseline -0.008 -8"><span class='ocrx_word' id='word_1_87' title='bbox 590 1209 764 1264; x_wconf 91' lang='lat' dir='ltr'><strong>venda</strong></span> <span class='ocrx_word' id='word_1_88' title='bbox 779 1215 905 1263; x_wconf 87' lang='lat' dir='ltr'><strong>sunt</strong></span> <span class='ocrx_word' id='word_1_89' title='bbox 930 1207 1046 1260; x_wconf 71' lang='lat' dir='ltr'><strong>haec</strong></span> <span class='ocrx_word' id='word_1_90' title='bbox 1068 1204 1329 1267; x_wconf 84' lang='lat' dir='ltr'><strong>ostendit,</strong></span> <span class='ocrx_word' id='word_1_91' title='bbox 1348 1202 1475 1272; x_wconf 87' lang='lat' dir='ltr'><strong>quia</strong></span> <span class='ocrx_word' id='word_1_92' title='bbox 1503 1201 1596 1271; x_wconf 90' lang='lat' dir='ltr'><strong>qui</strong></span> <span class='ocrx_word' id='word_1_93' title='bbox 1621 1199 1741 1254; x_wconf 92' lang='lat' dir='ltr'><strong>talis</strong></span> <span class='ocrx_word' id='word_1_94' title='bbox 1763 1199 1944 1264; x_wconf 86' lang='lat' dir='ltr'><strong>fuerit,</strong></span> <span class='ocrx_word' id='word_1_95' title='bbox 1970 1207 2180 1268; x_wconf 91' lang='lat' dir='ltr'><strong>partem</strong></span> 
     </span>
    </p>
   </div>
   <div class='ocr_carea' id='block_1_13' title="bbox 593 1289 2182 1372">
    <p class='ocr_par' dir='ltr' id='par_1_13' title="bbox 593 1289 2182 1372">
     <span class='ocr_line' id='line_1_13' title="bbox 593 1289 2182 1372; baseline -0.008 -16"><span class='ocrx_word' id='word_1_96' title='bbox 593 1302 648 1356; x_wconf 90' lang='lat' dir='ltr'><strong>in</strong></span> <span class='ocrx_word' id='word_1_97' title='bbox 676 1315 841 1372; x_wconf 89' lang='lat' dir='ltr'><strong>regno</strong></span> <span class='ocrx_word' id='word_1_98' title='bbox 865 1289 1132 1354; x_wconf 75' lang='lat' dir='ltr'><strong>cteloruni</strong></span> <span class='ocrx_word' id='word_1_99' title='bbox 1169 1311 1275 1350; x_wconf 92' lang='lat' dir='ltr'><strong>non</strong></span> <span class='ocrx_word' id='word_1_100' title='bbox 1324 1293 1568 1358; x_wconf 86' lang='lat' dir='ltr'><strong>habebit,</strong></span> <span class='ocrx_word' id='word_1_101' title='bbox 1601 1293 1744 1363; x_wconf 91' lang='lat' dir='ltr'><strong>quod</strong></span> <span class='ocrx_word' id='word_1_102' title='bbox 1791 1299 1875 1348; x_wconf 88' lang='lat' dir='ltr'><strong>est</strong></span> <span class='ocrx_word' id='word_1_103' title='bbox 1915 1291 2097 1346; x_wconf 84' lang='lat' dir='ltr'><strong>Patris</strong></span> <span class='ocrx_word' id='word_1_104' title='bbox 2127 1299 2182 1346; x_wconf 91' lang='lat' dir='ltr'><strong>et</strong></span> 
     </span>
    </p>
   </div>
   <div class='ocr_carea' id='block_1_14' title="bbox 590 1382 2184 1456">
    <p class='ocr_par' dir='ltr' id='par_1_14' title="bbox 590 1382 2184 1456">
     <span class='ocr_line' id='line_1_14' title="bbox 590 1382 2184 1456; baseline -0.006 -8"><span class='ocrx_word' id='word_1_105' title='bbox 590 1393 734 1448; x_wconf 86' lang='lat' dir='ltr'><strong>Filii.</strong></span> <span class='ocrx_word' id='word_1_106' title='bbox 768 1391 838 1448; x_wconf 88' lang='lat' dir='ltr'><strong>Ut</strong></span> <span class='ocrx_word' id='word_1_107' title='bbox 875 1389 1159 1444; x_wconf 86' lang='lat' dir='ltr'><strong>avaritiam</strong></span> <span class='ocrx_word' id='word_1_108' title='bbox 1188 1397 1367 1442; x_wconf 91' lang='lat' dir='ltr'><strong>tamen</strong></span> <span class='ocrx_word' id='word_1_109' title='bbox 1405 1402 1520 1441; x_wconf 90' lang='lat' dir='ltr'><strong>rem</strong></span> <span class='ocrx_word' id='word_1_110' title='bbox 1554 1385 1915 1456; x_wconf 87' lang='lat' dir='ltr'><strong>periculosam</strong></span> <span class='ocrx_word' id='word_1_111' title='bbox 1943 1399 2066 1439; x_wconf 90' lang='lat' dir='ltr'><strong>esse</strong></span> <span class='ocrx_word' id='word_1_112' title='bbox 2091 1382 2184 1438; x_wconf 91' lang='lat' dir='ltr'><strong>do-</strong></span> 
     </span>
    </p>
   </div>
   <div class='ocr_carea' id='block_1_15' title="bbox 593 1480 2183 1552">
    <p class='ocr_par' dir='ltr' id='par_1_15' title="bbox 593 1480 2183 1552">
     <span class='ocr_line' id='line_1_15' title="bbox 593 1480 2183 1552; baseline -0.005 -10"><span class='ocrx_word' id='word_1_113' title='bbox 593 1494 760 1552; x_wconf 90' lang='lat' dir='ltr'><strong>ceret,</strong></span> <span class='ocrx_word' id='word_1_114' title='bbox 783 1483 1136 1540; x_wconf 90' lang='lat' dir='ltr'><strong>idololatriam</strong></span> <span class='ocrx_word' id='word_1_115' title='bbox 1154 1483 1292 1537; x_wconf 88' lang='lat' dir='ltr'><strong>hanc</strong></span> <span class='ocrx_word' id='word_1_116' title='bbox 1315 1490 1607 1552; x_wconf 90' lang='lat' dir='ltr'><strong>nuncupat,</strong></span> <span class='ocrx_word' id='word_1_117' title='bbox 1631 1497 1736 1551; x_wconf 91' lang='lat' dir='ltr'><strong>qua</strong></span> <span class='ocrx_word' id='word_1_118' title='bbox 1758 1480 1963 1535; x_wconf 91' lang='lat' dir='ltr'><strong>nullum</strong></span> <span class='ocrx_word' id='word_1_119' title='bbox 1990 1495 2183 1549; x_wconf 73' lang='lat' dir='ltr'><strong>pecca~</strong></span> 
     </span>
    </p>
   </div>
   <div class='ocr_carea' id='block_1_16' title="bbox 593 1571 2183 1648">
    <p class='ocr_par' dir='ltr' id='par_1_16' title="bbox 593 1571 2183 1648">
     <span class='ocr_line' id='line_1_16' title="bbox 593 1571 2183 1648; baseline -0.005 -14"><span class='ocrx_word' id='word_1_120' title='bbox 593 1588 710 1634; x_wconf 90' lang='lat' dir='ltr'><strong>tum</strong></span> <span class='ocrx_word' id='word_1_121' title='bbox 750 1578 924 1648; x_wconf 90' lang='lat' dir='ltr'><strong>majus</strong></span> <span class='ocrx_word' id='word_1_122' title='bbox 953 1574 1364 1632; x_wconf 81' lang='lat' dir='ltr'><strong>est.Videamus</strong></span> <span class='ocrx_word' id='word_1_123' title='bbox 1387 1589 1540 1645; x_wconf 87' lang='lat' dir='ltr'><strong>ergo,</strong></span> <span class='ocrx_word' id='word_1_124' title='bbox 1565 1589 1662 1628; x_wconf 92' lang='lat' dir='ltr'><strong>cur</strong></span> <span class='ocrx_word' id='word_1_125' title='bbox 1690 1573 1919 1626; x_wconf 89' lang='lat' dir='ltr'><strong>avaritia</strong></span> <span class='ocrx_word' id='word_1_126' title='bbox 1959 1571 2183 1628; x_wconf 85' lang='lat' dir='ltr'><strong>idolola-</strong></span> 
     </span>
    </p>
   </div>
   <div class='ocr_carea' id='block_1_17' title="bbox 593 1663 2184 1742">
    <p class='ocr_par' dir='ltr' id='par_1_17' title="bbox 593 1663 2184 1742">
     <span class='ocr_line' id='line_1_17' title="bbox 593 1663 2184 1742; baseline -0.006 -17"><span class='ocrx_word' id='word_1_127' title='bbox 593 1670 699 1725; x_wconf 87' lang='lat' dir='ltr'><strong>tria</strong></span> <span class='ocrx_word' id='word_1_128' title='bbox 730 1669 961 1724; x_wconf 88' lang='lat' dir='ltr'><strong>dicatur.</strong></span> <span class='ocrx_word' id='word_1_129' title='bbox 1000 1665 1441 1742; x_wconf 86' lang='lat' dir='ltr'><strong>ldololatriaDei</strong></span> <span class='ocrx_word' id='word_1_130' title='bbox 1465 1663 1929 1719; x_wconf 86' lang='lat' dir='ltr'><strong>honoriﬁcentiam</strong></span> <span class='ocrx_word' id='word_1_131' title='bbox 1957 1672 2184 1732; x_wconf 89' lang='lat' dir='ltr'><strong>usurpat</strong></span> 
     </span>
    </p>
   </div>
   <div class='ocr_carea' id='block_1_18' title="bbox 596 1743 2182 1824">
    <p class='ocr_par' dir='ltr' id='par_1_18' title="bbox 596 1743 2182 1824">
     <span class='ocr_line' id='line_1_18' title="bbox 596 1743 2182 1824; baseline -0.005 -8"><span class='ocrx_word' id='word_1_132' title='bbox 596 1743 917 1816; x_wconf 37' lang='lat' dir='ltr'><strong>et‘vindicat</strong></span> <span class='ocrx_word' id='word_1_133' title='bbox 946 1766 1230 1822; x_wconf 69' lang='lat' dir='ltr'><strong>creaturae,</strong></span> <span class='ocrx_word' id='word_1_134' title='bbox 1280 1773 1404 1812; x_wconf 90' lang='lat' dir='ltr'><strong>cum</strong></span> <span class='ocrx_word' id='word_1_135' title='bbox 1432 1757 1484 1811; x_wconf 90' lang='lat' dir='ltr'><strong>in</strong></span> <span class='ocrx_word' id='word_1_136' title='bbox 1514 1755 1733 1811; x_wconf 89' lang='lat' dir='ltr'><strong>nomine</strong></span> <span class='ocrx_word' id='word_1_137' title='bbox 1764 1755 2014 1819; x_wconf 87' lang='lat' dir='ltr'><strong>Deitatis,</strong></span> <span class='ocrx_word' id='word_1_138' title='bbox 2038 1754 2182 1824; x_wconf 90' lang='lat' dir='ltr'><strong>quod</strong></span> 
     </span>
    </p>
   </div>
   <div class='ocr_carea' id='block_1_19' title="bbox 597 1846 2183 1922">
    <p class='ocr_par' dir='ltr' id='par_1_19' title="bbox 597 1846 2183 1922">
     <span class='ocr_line' id='line_1_19' title="bbox 597 1846 2183 1922; baseline -0.004 -11"><span class='ocrx_word' id='word_1_139' title='bbox 597 1854 696 1911; x_wconf 89' lang='lat' dir='ltr'><strong>soli</strong></span> <span class='ocrx_word' id='word_1_140' title='bbox 723 1853 992 1910; x_wconf 88' lang='lat' dir='ltr'><strong>conditori</strong></span> <span class='ocrx_word' id='word_1_141' title='bbox 1027 1852 1308 1922; x_wconf 88' lang='lat' dir='ltr'><strong>competit,</strong></span> <span class='ocrx_word' id='word_1_142' title='bbox 1346 1850 1666 1921; x_wconf 83' lang='lat' dir='ltr'><strong>participem</strong></span> <span class='ocrx_word' id='word_1_143' title='bbox 1710 1849 1783 1904; x_wconf 91' lang='lat' dir='ltr'><strong>illi</strong></span> <span class='ocrx_word' id='word_1_144' title='bbox 1837 1849 2028 1904; x_wconf 87' lang='lat' dir='ltr'><strong>asserit</strong></span> <span class='ocrx_word' id='word_1_145' title='bbox 2067 1846 2183 1915; x_wconf 88' lang='lat' dir='ltr'><strong>ejus</strong></span> 
     </span>
    </p>
   </div>
   <div class='ocr_carea' id='block_1_20' title="bbox 591 1941 2182 2012">
    <p class='ocr_par' dir='ltr' id='par_1_20' title="bbox 591 1941 2182 2012">
     <span class='ocr_line' id='line_1_20' title="bbox 591 1941 2182 2012; baseline -0.004 -10"><span class='ocrx_word' id='word_1_146' title='bbox 591 1946 898 2011; x_wconf 78' lang='lat' dir='ltr'><strong>facturam;</strong></span> <span class='ocrx_word' id='word_1_147' title='bbox 955 1945 1185 2000; x_wconf 90' lang='lat' dir='ltr'><strong>avaritia</strong></span> <span class='ocrx_word' id='word_1_148' title='bbox 1235 1951 1414 1998; x_wconf 91' lang='lat' dir='ltr'><strong>autem</strong></span> <span class='ocrx_word' id='word_1_149' title='bbox 1460 1943 1663 1998; x_wconf 90' lang='lat' dir='ltr'><strong>idcirco</strong></span> <span class='ocrx_word' id='word_1_150' title='bbox 1722 1941 1846 1997; x_wconf 88' lang='lat' dir='ltr'><strong>huic</strong></span> <span class='ocrx_word' id='word_1_151' title='bbox 1900 1951 2182 2012; x_wconf 64' lang='lat' dir='ltr'><strong>exmquata</strong></span> 
     </span>
    </p>
   </div>
   <div class='ocr_carea' id='block_1_21' title="bbox 591 2039 2185 2115">
    <p class='ocr_par' dir='ltr' id='par_1_21' title="bbox 591 2039 2185 2115">
     <span class='ocr_line' id='line_1_21' title="bbox 591 2039 2185 2115; baseline -0.005 -15"><span class='ocrx_word' id='word_1_152' title='bbox 591 2053 694 2112; x_wconf 90' lang='lat' dir='ltr'><strong>est,</strong></span> <span class='ocrx_word' id='word_1_153' title='bbox 729 2047 856 2115; x_wconf 88' lang='lat' dir='ltr'><strong>quia</strong></span> <span class='ocrx_word' id='word_1_154' title='bbox 885 2042 1136 2099; x_wconf 89' lang='lat' dir='ltr'><strong>similiter</strong></span> <span class='ocrx_word' id='word_1_155' title='bbox 1161 2059 1246 2107; x_wconf 90' lang='lat' dir='ltr'><strong>ea,</strong></span> <span class='ocrx_word' id='word_1_156' title='bbox 1275 2057 1398 2111; x_wconf 80' lang='lat' dir='ltr'><strong>quae</strong></span> <span class='ocrx_word' id='word_1_157' title='bbox 1427 2041 1524 2096; x_wconf 90' lang='lat' dir='ltr'><strong>Dei</strong></span> <span class='ocrx_word' id='word_1_158' title='bbox 1568 2048 1716 2105; x_wconf 91' lang='lat' dir='ltr'><strong>sunt,</strong></span> <span class='ocrx_word' id='word_1_159' title='bbox 1747 2039 1851 2094; x_wconf 85' lang='lat' dir='ltr'><strong>sibi</strong></span> <span class='ocrx_word' id='word_1_160' title='bbox 1876 2047 2104 2110; x_wconf 87' lang='lat' dir='ltr'><strong>usurpat</strong></span> <span class='ocrx_word' id='word_1_161' title='bbox 2129 2048 2185 2092; x_wconf 86' lang='lat' dir='ltr'><strong>et</strong></span> 
     </span>
    </p>
   </div>
   <div class='ocr_carea' id='block_1_22' title="bbox 593 2133 2186 2206">
    <p class='ocr_par' dir='ltr' id='par_1_22' title="bbox 593 2133 2186 2206">
     <span class='ocr_line' id='line_1_22' title="bbox 593 2133 2186 2206; baseline -0.004 -13"><span class='ocrx_word' id='word_1_162' title='bbox 593 2139 840 2194; x_wconf 87' lang='lat' dir='ltr'><strong>recondit</strong></span> <span class='ocrx_word' id='word_1_163' title='bbox 886 2151 1108 2203; x_wconf 87' lang='lat' dir='ltr'><strong>avarus,</strong></span> <span class='ocrx_word' id='word_1_164' title='bbox 1157 2145 1218 2192; x_wconf 89' lang='lat' dir='ltr'><strong>ut</strong></span> <span class='ocrx_word' id='word_1_165' title='bbox 1265 2151 1386 2206; x_wconf 83' lang='lat' dir='ltr'><strong>quae</strong></span> <span class='ocrx_word' id='word_1_166' title='bbox 1414 2133 1603 2190; x_wconf 86' lang='lat' dir='ltr'><strong>usibus</strong></span> <span class='ocrx_word' id='word_1_167' title='bbox 1653 2133 1894 2188; x_wconf 91' lang='lat' dir='ltr'><strong>omnium</strong></span> <span class='ocrx_word' id='word_1_168' title='bbox 1943 2147 2186 2188; x_wconf 86' lang='lat' dir='ltr'><strong>comnm-</strong></span> 
     </span>
    </p>
   </div>
   <div class='ocr_carea' id='block_1_23' title="bbox 591 2223 2184 2298">
    <p class='ocr_par' dir='ltr' id='par_1_23' title="bbox 591 2223 2184 2298">
     <span class='ocr_line' id='line_1_23' title="bbox 591 2223 2184 2298; baseline -0.005 -13"><span class='ocrx_word' id='word_1_169' title='bbox 591 2231 736 2285; x_wconf 89' lang='lat' dir='ltr'><strong>niter</strong></span> <span class='ocrx_word' id='word_1_170' title='bbox 783 2229 1072 2296; x_wconf 84' lang='lat' dir='ltr'><strong>concessit,</strong></span> <span class='ocrx_word' id='word_1_171' title='bbox 1131 2227 1364 2282; x_wconf 90' lang='lat' dir='ltr'><strong>avaritia</strong></span> <span class='ocrx_word' id='word_1_172' title='bbox 1417 2226 1668 2296; x_wconf 79' lang='lat' dir='ltr'><strong>deneget,</strong></span> <span class='ocrx_word' id='word_1_173' title='bbox 1718 2224 1935 2295; x_wconf 91' lang='lat' dir='ltr'><strong>quando</strong></span> <span class='ocrx_word' id='word_1_174' title='bbox 1981 2223 2184 2298; x_wconf 87' lang='lat' dir='ltr'><strong>idcirco</strong></span> 
     </span>
    </p>
   </div>
   <div class='ocr_carea' id='block_1_24' title="bbox 591 2317 2185 2390">
    <p class='ocr_par' dir='ltr' id='par_1_24' title="bbox 591 2317 2185 2390">
     <span class='ocr_line' id='line_1_24' title="bbox 591 2317 2185 2390; baseline -0.005 -14"><span class='ocrx_word' id='word_1_175' title='bbox 591 2321 712 2376; x_wconf 54' lang='lat' dir='ltr'><strong>hare</strong></span> <span class='ocrx_word' id='word_1_176' title='bbox 753 2329 1049 2390; x_wconf 80' lang='lat' dir='ltr'><strong>congregat</strong></span> <span class='ocrx_word' id='word_1_177' title='bbox 1093 2319 1234 2390; x_wconf 88' lang='lat' dir='ltr'><strong>apud</strong></span> <span class='ocrx_word' id='word_1_178' title='bbox 1271 2332 1353 2384; x_wconf 88' lang='lat' dir='ltr'><strong>se,</strong></span> <span class='ocrx_word' id='word_1_179' title='bbox 1379 2334 1447 2374; x_wconf 89' lang='lat' dir='ltr'><strong>ne</strong></span> <span class='ocrx_word' id='word_1_180' title='bbox 1495 2317 1588 2372; x_wconf 92' lang='lat' dir='ltr'><strong>alii</strong></span> <span class='ocrx_word' id='word_1_181' title='bbox 1636 2323 1862 2371; x_wconf 88' lang='lat' dir='ltr'><strong>utantur</strong></span> <span class='ocrx_word' id='word_1_182' title='bbox 1895 2330 1910 2369; x_wconf 89' lang='lat'><strong>:</strong></span> <span class='ocrx_word' id='word_1_183' title='bbox 1946 2331 2069 2384; x_wconf 83' lang='lat' dir='ltr'><strong>quae</strong></span> <span class='ocrx_word' id='word_1_184' title='bbox 2096 2328 2185 2368; x_wconf 89' lang='lat' dir='ltr'><strong>res</strong></span> 
     </span>
    </p>
   </div>
   <div class='ocr_carea' id='block_1_25' title="bbox 591 2405 2183 2477">
    <p class='ocr_par' dir='ltr' id='par_1_25' title="bbox 591 2405 2183 2477">
     <span class='ocr_line' id='line_1_25' title="bbox 591 2405 2183 2477; baseline -0.004 -12"><span class='ocrx_word' id='word_1_185' title='bbox 591 2410 748 2477; x_wconf 81' lang='lat' dir='ltr'><strong>facit,</strong></span> <span class='ocrx_word' id='word_1_186' title='bbox 775 2419 836 2467; x_wconf 93' lang='lat' dir='ltr'><strong>ut</strong></span> <span class='ocrx_word' id='word_1_187' title='bbox 865 2412 1030 2466; x_wconf 88' lang='lat' dir='ltr'><strong>chare</strong></span> <span class='ocrx_word' id='word_1_188' title='bbox 1053 2411 1454 2474; x_wconf 90' lang='lat' dir='ltr'><strong>venundentur,</strong></span> <span class='ocrx_word' id='word_1_189' title='bbox 1493 2423 1562 2464; x_wconf 91' lang='lat' dir='ltr'><strong>ne</strong></span> <span class='ocrx_word' id='word_1_190' title='bbox 1600 2421 1866 2477; x_wconf 87' lang='lat' dir='ltr'><strong>pauperes</strong></span> <span class='ocrx_word' id='word_1_191' title='bbox 1891 2407 2096 2461; x_wconf 90' lang='lat' dir='ltr'><strong>vivant.</strong></span> <span class='ocrx_word' id='word_1_192' title='bbox 2127 2405 2183 2460; x_wconf 90' lang='lat' dir='ltr'><strong>Si</strong></span> 
     </span>
    </p>
   </div>
   <div class='ocr_carea' id='block_1_26' title="bbox 591 2496 2184 2565">
    <p class='ocr_par' dir='ltr' id='par_1_26' title="bbox 591 2496 2184 2565">
     <span class='ocr_line' id='line_1_26' title="bbox 591 2496 2184 2565; baseline -0.004 -8"><span class='ocrx_word' id='word_1_193' title='bbox 591 2502 738 2557; x_wconf 91' lang='lat' dir='ltr'><strong>enim</strong></span> <span class='ocrx_word' id='word_1_194' title='bbox 789 2501 1014 2556; x_wconf 91' lang='lat' dir='ltr'><strong>minime</strong></span> <span class='ocrx_word' id='word_1_195' title='bbox 1054 2500 1520 2565; x_wconf 88' lang='lat' dir='ltr'><strong>reconderentur,</strong></span> <span class='ocrx_word' id='word_1_196' title='bbox 1569 2496 1900 2552; x_wconf 86' lang='lat' dir='ltr'><strong>abundantia</strong></span> <span class='ocrx_word' id='word_1_197' title='bbox 1941 2496 2184 2551; x_wconf 91' lang='lat' dir='ltr'><strong>omnium</strong></span> 
     </span>
    </p>
   </div>
   <div class='ocr_carea' id='block_1_27' title="bbox 590 2589 2184 2661">
    <p class='ocr_par' dir='ltr' id='par_1_27' title="bbox 590 2589 2184 2661">
     <span class='ocr_line' id='line_1_27' title="bbox 590 2589 2184 2661; baseline -0.004 -13"><span class='ocrx_word' id='word_1_198' title='bbox 590 2609 774 2649; x_wconf 90' lang='lat' dir='ltr'><strong>rerum</strong></span> <span class='ocrx_word' id='word_1_199' title='bbox 797 2592 1005 2649; x_wconf 83' lang='lat' dir='ltr'><strong>faceret</strong></span> <span class='ocrx_word' id='word_1_200' title='bbox 1024 2593 1336 2648; x_wconf 89' lang='lat' dir='ltr'><strong>utilitatem.</strong></span> <span class='ocrx_word' id='word_1_201' title='bbox 1363 2591 1607 2661; x_wconf 90' lang='lat' dir='ltr'><strong>Denique</strong></span> <span class='ocrx_word' id='word_1_202' title='bbox 1631 2593 1773 2661; x_wconf 89' lang='lat' dir='ltr'><strong>apud</strong></span> <span class='ocrx_word' id='word_1_203' title='bbox 1802 2599 2039 2656; x_wconf 85' lang='lat' dir='ltr'><strong>veteres,</strong></span> <span class='ocrx_word' id='word_1_204' title='bbox 2059 2589 2184 2660; x_wconf 86' lang='lat' dir='ltr'><strong>quia</strong></span> 
     </span>
    </p>
   </div>
   <div class='ocr_carea' id='block_1_28' title="bbox 588 2683 2185 2753">
    <p class='ocr_par' dir='ltr' id='par_1_28' title="bbox 588 2683 2185 2753">
     <span class='ocr_line' id='line_1_28' title="bbox 588 2683 2185 2753; baseline -0.004 -11"><span class='ocrx_word' id='word_1_205' title='bbox 588 2687 819 2743; x_wconf 87' lang='lat' dir='ltr'><strong>avaritia</strong></span> <span class='ocrx_word' id='word_1_206' title='bbox 841 2702 950 2742; x_wconf 92' lang='lat' dir='ltr'><strong>non</strong></span> <span class='ocrx_word' id='word_1_207' title='bbox 968 2694 1112 2752; x_wconf 89' lang='lat' dir='ltr'><strong>erat,</strong></span> <span class='ocrx_word' id='word_1_208' title='bbox 1134 2701 1237 2742; x_wconf 90' lang='lat' dir='ltr'><strong>nec</strong></span> <span class='ocrx_word' id='word_1_209' title='bbox 1251 2687 1516 2742; x_wconf 79' lang='lat' dir='ltr'><strong>Charitas.</strong></span> <span class='ocrx_word' id='word_1_210' title='bbox 1534 2686 1702 2740; x_wconf 80' lang='lat' dir='ltr'><strong>Recte</strong></span> <span class='ocrx_word' id='word_1_211' title='bbox 1715 2699 1844 2753; x_wconf 86' lang='lat' dir='ltr'><strong>ergo</strong></span> <span class='ocrx_word' id='word_1_212' title='bbox 1866 2683 2185 2739; x_wconf 70' lang='lat' dir='ltr'><strong>idololatriie</strong></span> 
     </span>
    </p>
   </div>
   <div class='ocr_carea' id='block_1_29' title="bbox 588 2777 2184 2851">
    <p class='ocr_par' dir='ltr' id='par_1_29' title="bbox 588 2777 2184 2851">
     <span class='ocr_line' id='line_1_29' title="bbox 588 2777 2184 2851; baseline -0.003 -15"><span class='ocrx_word' id='word_1_213' title='bbox 588 2787 900 2851; x_wconf 89' lang='lat' dir='ltr'><strong>comparata</strong></span> <span class='ocrx_word' id='word_1_214' title='bbox 931 2787 1033 2844; x_wconf 88' lang='lat' dir='ltr'><strong>est,</strong></span> <span class='ocrx_word' id='word_1_215' title='bbox 1063 2779 1190 2848; x_wconf 88' lang='lat' dir='ltr'><strong>quia</strong></span> <span class='ocrx_word' id='word_1_216' title='bbox 1213 2779 1413 2835; x_wconf 91' lang='lat' dir='ltr'><strong>multos</strong></span> <span class='ocrx_word' id='word_1_217' title='bbox 1448 2780 1616 2835; x_wconf 83' lang='lat' dir='ltr'><strong>hedit.</strong></span> <span class='ocrx_word' id='word_1_218' title='bbox 1646 2778 1898 2834; x_wconf 87' lang='lat' dir='ltr'><strong>Creatori</strong></span> <span class='ocrx_word' id='word_1_219' title='bbox 1930 2777 2184 2832; x_wconf 89' lang='lat' dir='ltr'><strong>similiter</strong></span> 
     </span>
    </p>
   </div>
   <div class='ocr_carea' id='block_1_30' title="bbox 587 2869 2187 2941">
    <p class='ocr_par' dir='ltr' id='par_1_30' title="bbox 587 2869 2187 2941">
     <span class='ocr_line' id='line_1_30' title="bbox 587 2869 2187 2941; baseline -0.005 -12"><span class='ocrx_word' id='word_1_220' title='bbox 587 2873 804 2930; x_wconf 88' lang='lat' dir='ltr'><strong>inimica</strong></span> <span class='ocrx_word' id='word_1_221' title='bbox 839 2890 854 2928; x_wconf 91' lang='lat'><strong>:</strong></span> <span class='ocrx_word' id='word_1_222' title='bbox 885 2871 1001 2928; x_wconf 85' lang='lat' dir='ltr'><strong>vult</strong></span> <span class='ocrx_word' id='word_1_223' title='bbox 1027 2872 1172 2926; x_wconf 92' lang='lat' dir='ltr'><strong>enim</strong></span> <span class='ocrx_word' id='word_1_224' title='bbox 1197 2871 1342 2928; x_wconf 88' lang='lat' dir='ltr'><strong>Deus</strong></span> <span class='ocrx_word' id='word_1_225' title='bbox 1360 2887 1425 2927; x_wconf 91' lang='lat' dir='ltr'><strong>ac</strong></span> <span class='ocrx_word' id='word_1_226' title='bbox 1445 2870 1600 2941; x_wconf 91' lang='lat' dir='ltr'><strong>jubet</strong></span> <span class='ocrx_word' id='word_1_227' title='bbox 1625 2870 1691 2926; x_wconf 91' lang='lat' dir='ltr'><strong>de</strong></span> <span class='ocrx_word' id='word_1_228' title='bbox 1711 2870 1798 2925; x_wconf 93' lang='lat' dir='ltr'><strong>his</strong></span> <span class='ocrx_word' id='word_1_229' title='bbox 1829 2883 1948 2939; x_wconf 82' lang='lat' dir='ltr'><strong>quae</strong></span> <span class='ocrx_word' id='word_1_230' title='bbox 1979 2869 2187 2923; x_wconf 91' lang='lat' dir='ltr'><strong>creavit</strong></span> 
     </span>
    </p>
   </div>
   <div class='ocr_carea' id='block_1_31' title="bbox 588 2958 2183 3034">
    <p class='ocr_par' dir='ltr' id='par_1_31' title="bbox 588 2958 2183 3034">
     <span class='ocr_line' id='line_1_31' title="bbox 588 2958 2183 3034; baseline -0.006 -13"><span class='ocrx_word' id='word_1_231' title='bbox 588 2965 866 3021; x_wconf 87' lang='lat' dir='ltr'><strong>subveniri</strong></span> <span class='ocrx_word' id='word_1_232' title='bbox 917 2965 1286 3034; x_wconf 87' lang='lat' dir='ltr'><strong>pauperibus,</strong></span> <span class='ocrx_word' id='word_1_233' title='bbox 1331 2963 1558 3018; x_wconf 89' lang='lat' dir='ltr'><strong>avaritia</strong></span> <span class='ocrx_word' id='word_1_234' title='bbox 1587 2961 1929 3017; x_wconf 87' lang='lat' dir='ltr'><strong>contradicit.</strong></span> <span class='ocrx_word' id='word_1_235' title='bbox 1982 2958 2183 3032; x_wconf 74' lang='grc' dir='ltr'><strong>(Ηίεν.)</strong></span> 
     </span>
    </p>
   </div>
   <div class='ocr_carea' id='block_1_32' title="bbox 585 3053 2182 3127">
    <p class='ocr_par' dir='ltr' id='par_1_32' title="bbox 585 3053 2182 3127">
     <span class='ocr_line' id='line_1_32' title="bbox 585 3053 2182 3127; baseline -0.003 -16"><span class='ocrx_word' id='word_1_236' title='bbox 585 3057 912 3123; x_wconf 76' lang='lat' dir='ltr'><strong>Notandum,</strong></span> <span class='ocrx_word' id='word_1_237' title='bbox 936 3057 1080 3127; x_wconf 91' lang='lat' dir='ltr'><strong>quod</strong></span> <span class='ocrx_word' id='word_1_238' title='bbox 1109 3071 1206 3112; x_wconf 80' lang='lat' dir='ltr'><strong>sex</strong></span> <span class='ocrx_word' id='word_1_239' title='bbox 1233 3057 1380 3112; x_wconf 90' lang='lat' dir='ltr'><strong>vitiis</strong></span> <span class='ocrx_word' id='word_1_240' title='bbox 1411 3071 1572 3125; x_wconf 91' lang='lat' dir='ltr'><strong>supra</strong></span> <span class='ocrx_word' id='word_1_241' title='bbox 1599 3054 1912 3124; x_wconf 89' lang='lat' dir='ltr'><strong>prohibitis,</strong></span> <span class='ocrx_word' id='word_1_242' title='bbox 1941 3053 2182 3109; x_wconf 81' lang='lat' dir='ltr'><strong>fornica-</strong></span> 
     </span>
    </p>
   </div>
   <div class='ocr_carea' id='block_1_33' title="bbox 577 3142 2179 3215">
    <p class='ocr_par' dir='ltr' id='par_1_33' title="bbox 577 3142 2179 3215">
     <span class='ocr_line' id='line_1_33' title="bbox 577 3142 2179 3215; baseline -0.004 -11"><span class='ocrx_word' id='word_1_243' title='bbox 577 3149 752 3212; x_wconf 80' lang='lat' dir='ltr'><strong>tione,</strong></span> <span class='ocrx_word' id='word_1_244' title='bbox 782 3147 1144 3211; x_wconf 89' lang='lat' dir='ltr'><strong>immunditia,</strong></span> <span class='ocrx_word' id='word_1_245' title='bbox 1163 3145 1416 3209; x_wconf 87' lang='lat' dir='ltr'><strong>avaritia,</strong></span> <span class='ocrx_word' id='word_1_246' title='bbox 1431 3144 1790 3215; x_wconf 88' lang='lat' dir='ltr'><strong>turpitudine,</strong></span> <span class='ocrx_word' id='word_1_247' title='bbox 1822 3142 2179 3213; x_wconf 90' lang='lat' dir='ltr'><strong>stultiloquio,</strong></span> 
     </span>
    </p>
   </div>
   <div class='ocr_carea' id='block_1_34' title="bbox 586 3237 2179 3308">
    <p class='ocr_par' dir='ltr' id='par_1_34' title="bbox 586 3237 2179 3308">
     <span class='ocr_line' id='line_1_34' title="bbox 586 3237 2179 3308; baseline -0.004 -10"><span class='ocrx_word' id='word_1_248' title='bbox 586 3241 933 3307; x_wconf 85' lang='lat' dir='ltr'><strong>scurrilitate,</strong></span> <span class='ocrx_word' id='word_1_249' title='bbox 950 3255 1095 3294; x_wconf 93' lang='lat' dir='ltr'><strong>nunc</strong></span> <span class='ocrx_word' id='word_1_250' title='bbox 1116 3246 1326 3294; x_wconf 91' lang='lat' dir='ltr'><strong>tantum</strong></span> <span class='ocrx_word' id='word_1_251' title='bbox 1341 3239 1444 3292; x_wconf 88' lang='lat' dir='ltr'><strong>tria</strong></span> <span class='ocrx_word' id='word_1_252' title='bbox 1465 3237 2179 3308; x_wconf 63' lang='lat' dir='ltr'><strong>posuerit,,t&#39;ornieationem,</strong></span> 
     </span>
    </p>
   </div>
   <div class='ocr_carea' id='block_1_35' title="bbox 587 3326 2181 3398">
    <p class='ocr_par' dir='ltr' id='par_1_35' title="bbox 587 3326 2181 3398">
     <span class='ocr_line' id='line_1_35' title="bbox 587 3326 2181 3398; baseline -0.001 -13"><span class='ocrx_word' id='word_1_253' title='bbox 587 3329 1009 3394; x_wconf 86' lang='lat' dir='ltr'><strong>immunditiam,</strong></span> <span class='ocrx_word' id='word_1_254' title='bbox 1033 3328 1340 3392; x_wconf 87' lang='lat' dir='ltr'><strong>avaritiam,</strong></span> <span class='ocrx_word' id='word_1_255' title='bbox 1367 3327 1562 3396; x_wconf 89' lang='lat' dir='ltr'><strong>quibus</strong></span> <span class='ocrx_word' id='word_1_256' title='bbox 1587 3328 1678 3398; x_wconf 87' lang='lat' dir='ltr'><strong>qui</strong></span> <span class='ocrx_word' id='word_1_257' title='bbox 1707 3326 1873 3382; x_wconf 84' lang='lat' dir='ltr'><strong>fuerit</strong></span> <span class='ocrx_word' id='word_1_258' title='bbox 1894 3328 2181 3394; x_wconf 78' lang='lat' dir='ltr'><strong>obnoxius,</strong></span> 
     </span>
    </p>
   </div>
   <div class='ocr_carea' id='block_1_36' title="bbox 588 3419 2187 3490">
    <p class='ocr_par' dir='ltr' id='par_1_36' title="bbox 588 3419 2187 3490">
     <span class='ocr_line' id='line_1_36' title="bbox 588 3419 2187 3490; baseline -0.001 -14"><span class='ocrx_word' id='word_1_259' title='bbox 588 3422 963 3477; x_wconf 69' lang='lat' dir='ltr'><strong>haereditatem</strong></span> <span class='ocrx_word' id='word_1_260' title='bbox 994 3421 1048 3474; x_wconf 92' lang='lat' dir='ltr'><strong>in</strong></span> <span class='ocrx_word' id='word_1_261' title='bbox 1075 3434 1241 3490; x_wconf 83' lang='lat' dir='ltr'><strong>regno</strong></span> <span class='ocrx_word' id='word_1_262' title='bbox 1269 3419 1475 3475; x_wconf 89' lang='lat' dir='ltr'><strong>Christi</strong></span> <span class='ocrx_word' id='word_1_263' title='bbox 1498 3427 1553 3476; x_wconf 92' lang='lat' dir='ltr'><strong>et</strong></span> <span class='ocrx_word' id='word_1_264' title='bbox 1585 3420 1679 3474; x_wconf 90' lang='lat' dir='ltr'><strong>Dei</strong></span> <span class='ocrx_word' id='word_1_265' title='bbox 1707 3420 1912 3474; x_wconf 87' lang='lat' dir='ltr'><strong>habere</strong></span> <span class='ocrx_word' id='word_1_266' title='bbox 1950 3435 2056 3475; x_wconf 90' lang='lat' dir='ltr'><strong>non</strong></span> <span class='ocrx_word' id='word_1_267' title='bbox 2097 3435 2187 3490; x_wconf 86' lang='lat' dir='ltr'><strong>po-</strong></span> 
     </span>
    </p>
   </div>
   <div class='ocr_carea' id='block_1_37' title="bbox 588 3511 2185 3580">
    <p class='ocr_par' dir='ltr' id='par_1_37' title="bbox 588 3511 2185 3580">
     <span class='ocr_line' id='line_1_37' title="bbox 588 3511 2185 3580; baseline -0.001 -12"><span class='ocrx_word' id='word_1_268' title='bbox 588 3521 716 3568; x_wconf 90' lang='lat' dir='ltr'><strong>test.</strong></span> <span class='ocrx_word' id='word_1_269' title='bbox 754 3511 813 3566; x_wconf 88' lang='lat' dir='ltr'><strong>Si</strong></span> <span class='ocrx_word' id='word_1_270' title='bbox 856 3512 1001 3566; x_wconf 89' lang='lat' dir='ltr'><strong>enim</strong></span> <span class='ocrx_word' id='word_1_271' title='bbox 1043 3511 1392 3580; x_wconf 90' lang='lat' dir='ltr'><strong>stultiloquus</strong></span> <span class='ocrx_word' id='word_1_272' title='bbox 1429 3519 1485 3567; x_wconf 90' lang='lat' dir='ltr'><strong>et</strong></span> <span class='ocrx_word' id='word_1_273' title='bbox 1520 3527 1708 3567; x_wconf 87' lang='lat' dir='ltr'><strong>scurra</strong></span> <span class='ocrx_word' id='word_1_274' title='bbox 1749 3511 1912 3567; x_wconf 87' lang='lat' dir='ltr'><strong>alieni</strong></span> <span class='ocrx_word' id='word_1_275' title='bbox 1939 3520 2124 3567; x_wconf 84' lang='lat' dir='ltr'><strong>essent</strong></span> <span class='ocrx_word' id='word_1_276' title='bbox 2153 3527 2185 3566; x_wconf 91' lang='lat' dir='ltr'><strong>a</strong></span> 
     </span>
    </p>
   </div>
   <div class='ocr_carea' id='block_1_38' title="bbox 589 3603 2186 3675">
    <p class='ocr_par' dir='ltr' id='par_1_38' title="bbox 589 3603 2186 3675">
     <span class='ocr_line' id='line_1_38' title="bbox 589 3603 2186 3675; baseline -0.001 -15"><span class='ocrx_word' id='word_1_277' title='bbox 589 3618 759 3675; x_wconf 86' lang='lat' dir='ltr'><strong>regno</strong></span> <span class='ocrx_word' id='word_1_278' title='bbox 784 3603 900 3668; x_wconf 91' lang='lat' dir='ltr'><strong>Dei,</strong></span> <span class='ocrx_word' id='word_1_279' title='bbox 930 3604 1200 3674; x_wconf 90' lang='lat' dir='ltr'><strong>quomodo</strong></span> <span class='ocrx_word' id='word_1_280' title='bbox 1228 3605 1283 3659; x_wconf 90' lang='lat' dir='ltr'><strong>in</strong></span> <span class='ocrx_word' id='word_1_281' title='bbox 1309 3612 1441 3669; x_wconf 90' lang='lat' dir='ltr'><strong>tres,</strong></span> <span class='ocrx_word' id='word_1_282' title='bbox 1474 3619 1610 3674; x_wconf 89' lang='lat' dir='ltr'><strong>quos</strong></span> <span class='ocrx_word' id='word_1_283' title='bbox 1632 3603 1940 3674; x_wconf 88' lang='lat' dir='ltr'><strong>specialiter</strong></span> <span class='ocrx_word' id='word_1_284' title='bbox 1967 3620 2186 3674; x_wconf 59' lang='lat' dir='ltr'><strong>separa-</strong></span> 
     </span>
    </p>
   </div>
   <div class='ocr_carea' id='block_1_39' title="bbox 588 3694 2188 3766">
    <p class='ocr_par' dir='ltr' id='par_1_39' title="bbox 588 3694 2188 3766">
     <span class='ocr_line' id='line_1_39' title="bbox 588 3694 2188 3766; baseline 0.002 -18"><span class='ocrx_word' id='word_1_285' title='bbox 588 3695 686 3759; x_wconf 87' lang='lat' dir='ltr'><strong>vit,</strong></span> <span class='ocrx_word' id='word_1_286' title='bbox 723 3694 999 3749; x_wconf 89' lang='lat' dir='ltr'><strong>videretur</strong></span> <span class='ocrx_word' id='word_1_287' title='bbox 1028 3695 1295 3750; x_wconf 89' lang='lat' dir='ltr'><strong>sententia</strong></span> <span class='ocrx_word' id='word_1_288' title='bbox 1327 3709 1448 3750; x_wconf 88' lang='lat' dir='ltr'><strong>esse</strong></span> <span class='ocrx_word' id='word_1_289' title='bbox 1475 3694 1731 3760; x_wconf 89' lang='lat' dir='ltr'><strong>crudelis,</strong></span> <span class='ocrx_word' id='word_1_290' title='bbox 1765 3711 1873 3751; x_wconf 91' lang='lat' dir='ltr'><strong>non</strong></span> <span class='ocrx_word' id='word_1_291' title='bbox 1903 3695 2188 3766; x_wconf 85' lang='lat' dir='ltr'><strong>ignoscere</strong></span> 
     </span>
    </p>
   </div>
   <div class='ocr_carea' id='block_1_40' title="bbox 591 3785 2188 3859">
    <p class='ocr_par' dir='ltr' id='par_1_40' title="bbox 591 3785 2188 3859">
     <span class='ocr_line' id='line_1_40' title="bbox 591 3785 2188 3859; baseline 0.001 -17"><span class='ocrx_word' id='word_1_292' title='bbox 591 3787 952 3843; x_wconf 88' lang='lat' dir='ltr'><strong>imbecillitati</strong></span> <span class='ocrx_word' id='word_1_293' title='bbox 986 3785 1301 3858; x_wconf 82' lang='lat' dir='ltr'><strong>fragilitatis</strong></span> <span class='ocrx_word' id='word_1_294' title='bbox 1335 3789 1605 3854; x_wconf 65' lang='lat' dir='ltr'><strong>humanae,</strong></span> <span class='ocrx_word' id='word_1_295' title='bbox 1635 3806 1757 3844; x_wconf 92' lang='lat' dir='ltr'><strong>cum</strong></span> <span class='ocrx_word' id='word_1_296' title='bbox 1778 3789 1943 3844; x_wconf 91' lang='lat' dir='ltr'><strong>etiam</strong></span> <span class='ocrx_word' id='word_1_297' title='bbox 1965 3805 2066 3845; x_wconf 90' lang='lat' dir='ltr'><strong>nos</strong></span> <span class='ocrx_word' id='word_1_298' title='bbox 2089 3804 2188 3859; x_wconf 83' lang='lat' dir='ltr'><strong>per</strong></span> 
     </span>
    </p>
   </div>
   <div class='ocr_carea' id='block_1_41' title="bbox 585 3877 2187 3950">
    <p class='ocr_par' dir='ltr' id='par_1_41' title="bbox 585 3877 2187 3950">
     <span class='ocr_line' id='line_1_41' title="bbox 585 3877 2187 3950; baseline 0.001 -16"><span class='ocrx_word' id='word_1_299' title='bbox 585 3877 770 3949; x_wconf 84' lang='lat' dir='ltr'><strong>jocum</strong></span> <span class='ocrx_word' id='word_1_300' title='bbox 800 3879 942 3934; x_wconf 87' lang='lat' dir='ltr'><strong>dicta</strong></span> <span class='ocrx_word' id='word_1_301' title='bbox 987 3879 1315 3934; x_wconf 87' lang='lat' dir='ltr'><strong>damnarent</strong></span> <span class='ocrx_word' id='word_1_302' title='bbox 1340 3897 1354 3934; x_wconf 88' lang='lat'><strong>:</strong></span> <span class='ocrx_word' id='word_1_303' title='bbox 1393 3899 1413 3932; x_wconf 85' lang='grc'><strong><em>‹</em></strong></span> <span class='ocrx_word' id='word_1_304' title='bbox 1439 3881 1530 3950; x_wconf 90' lang='lat' dir='ltr'><strong>qui</strong></span> <span class='ocrx_word' id='word_1_305' title='bbox 1551 3881 1696 3935; x_wconf 90' lang='lat' dir='ltr'><strong>enim</strong></span> <span class='ocrx_word' id='word_1_306' title='bbox 1718 3881 1772 3934; x_wconf 92' lang='lat' dir='ltr'><strong>in</strong></span> <span class='ocrx_word' id='word_1_307' title='bbox 1803 3896 2052 3936; x_wconf 89' lang='lat' dir='ltr'><strong>sermone</strong></span> <span class='ocrx_word' id='word_1_308' title='bbox 2078 3897 2187 3936; x_wconf 87' lang='lat' dir='ltr'><strong>non</strong></span> 
     </span>
    </p>
   </div>
   <div class='ocr_carea' id='block_1_42' title="bbox 590 3967 2186 4040">
    <p class='ocr_par' dir='ltr' id='par_1_42' title="bbox 590 3967 2186 4040">
     <span class='ocr_line' id='line_1_42' title="bbox 590 3967 2186 4040; baseline 0.004 -18"><span class='ocrx_word' id='word_1_309' title='bbox 590 3967 790 4024; x_wconf 89' lang='lat' dir='ltr'><strong>labitur</strong></span> <span class='ocrx_word' id='word_1_310' title='bbox 808 3968 1081 4040; x_wconf 82' lang='lat' dir='ltr'><strong>perfectus</strong></span> <span class='ocrx_word' id='word_1_311' title='bbox 1099 3977 1202 4036; x_wconf 92' lang='lat' dir='ltr'><strong>est;</strong></span> <span class='ocrx_word' id='word_1_312' title='bbox 1227 3989 1246 4023; x_wconf 74' lang='grc' dir='ltr'><strong>ι</strong></span> <span class='ocrx_word' id='word_1_313' title='bbox 1266 3985 1444 4040; x_wconf 91' lang='lat' dir='ltr'><strong>neque</strong></span> <span class='ocrx_word' id='word_1_314' title='bbox 1462 3985 1592 4026; x_wconf 90' lang='lat' dir='ltr'><strong>vero</strong></span> <span class='ocrx_word' id='word_1_315' title='bbox 1615 3971 1716 4026; x_wconf 91' lang='lat' dir='ltr'><strong>ista</strong></span> <span class='ocrx_word' id='word_1_316' title='bbox 1735 3971 1994 4038; x_wconf 88' lang='lat' dir='ltr'><strong>dicentes,</strong></span> <span class='ocrx_word' id='word_1_317' title='bbox 2009 3973 2186 4028; x_wconf 80' lang='lat' dir='ltr'><strong>locum</strong></span> 
     </span>
    </p>
   </div>
   <div class='ocr_carea' id='block_1_43' title="bbox 591 4065 2186 4136">
    <p class='ocr_par' dir='ltr' id='par_1_43' title="bbox 591 4065 2186 4136">
     <span class='ocr_line' id='line_1_43' title="bbox 591 4065 2186 4136; baseline 0.001 -17"><span class='ocrx_word' id='word_1_318' title='bbox 591 4065 924 4136; x_wconf 89' lang='lat' dir='ltr'><strong>stultiloquio</strong></span> <span class='ocrx_word' id='word_1_319' title='bbox 944 4066 1133 4122; x_wconf 88' lang='lat' dir='ltr'><strong>damus</strong></span> <span class='ocrx_word' id='word_1_320' title='bbox 1159 4074 1215 4120; x_wconf 92' lang='lat' dir='ltr'><strong>et</strong></span> <span class='ocrx_word' id='word_1_321' title='bbox 1244 4065 1582 4132; x_wconf 87' lang='lat' dir='ltr'><strong>scurrilitati,</strong></span> <span class='ocrx_word' id='word_1_322' title='bbox 1601 4067 1727 4121; x_wconf 89' lang='lat' dir='ltr'><strong>dum</strong></span> <span class='ocrx_word' id='word_1_323' title='bbox 1760 4082 1865 4122; x_wconf 91' lang='lat' dir='ltr'><strong>non</strong></span> <span class='ocrx_word' id='word_1_324' title='bbox 1891 4067 2186 4122; x_wconf 82' lang='lat' dir='ltr'><strong>excludan-</strong></span> 
     </span>
    </p>
   </div>
   <div class='ocr_carea' id='block_1_44' title="bbox 592 4155 2190 4228">
    <p class='ocr_par' dir='ltr' id='par_1_44' title="bbox 592 4155 2190 4228">
     <span class='ocr_line' id='line_1_44' title="bbox 592 4155 2190 4228; baseline -0.001 -16"><span class='ocrx_word' id='word_1_325' title='bbox 592 4165 683 4212; x_wconf 89' lang='lat' dir='ltr'><strong>tur</strong></span> <span class='ocrx_word' id='word_1_326' title='bbox 710 4173 740 4211; x_wconf 95' lang='lat' dir='ltr'><strong>a</strong></span> <span class='ocrx_word' id='word_1_327' title='bbox 769 4171 956 4228; x_wconf 88' lang='lat' dir='ltr'><strong>regno,</strong></span> <span class='ocrx_word' id='word_1_328' title='bbox 987 4155 1085 4212; x_wconf 88' lang='lat' dir='ltr'><strong>sed</strong></span> <span class='ocrx_word' id='word_1_329' title='bbox 1106 4157 1364 4227; x_wconf 91' lang='lat' dir='ltr'><strong>quoniam</strong></span> <span class='ocrx_word' id='word_1_330' title='bbox 1387 4158 1527 4227; x_wconf 87' lang='lat' dir='ltr'><strong>apud</strong></span> <span class='ocrx_word' id='word_1_331' title='bbox 1557 4156 1774 4212; x_wconf 90' lang='lat' dir='ltr'><strong>Patrem</strong></span> <span class='ocrx_word' id='word_1_332' title='bbox 1799 4157 2032 4212; x_wconf 67' lang='lat' dir='ltr'><strong>diversae</strong></span> <span class='ocrx_word' id='word_1_333' title='bbox 2061 4165 2190 4211; x_wconf 91' lang='lat' dir='ltr'><strong>sunt</strong></span> 
     </span>
    </p>
   </div>
   <div class='ocr_carea' id='block_1_45' title="bbox 592 4247 2188 4321">
    <p class='ocr_par' dir='ltr' id='par_1_45' title="bbox 592 4247 2188 4321">
     <span class='ocr_line' id='line_1_45' title="bbox 592 4247 2188 4321; baseline -0.002 -17"><span class='ocrx_word' id='word_1_334' title='bbox 592 4249 903 4304; x_wconf 86' lang='lat' dir='ltr'><strong>mansiones</strong></span> <span class='ocrx_word' id='word_1_335' title='bbox 953 4248 1134 4318; x_wconf 83' lang='lat' dir='ltr'><strong>(Joan.</strong></span> <span class='ocrx_word' id='word_1_336' title='bbox 1169 4249 1306 4321; x_wconf 81' lang='lat' dir='ltr'><strong>xtv),</strong></span> <span class='ocrx_word' id='word_1_337' title='bbox 1333 4257 1391 4304; x_wconf 90' lang='lat' dir='ltr'><strong>et</strong></span> <span class='ocrx_word' id='word_1_338' title='bbox 1439 4249 1592 4304; x_wconf 88' lang='lat' dir='ltr'><strong>stella</strong></span> <span class='ocrx_word' id='word_1_339' title='bbox 1640 4264 1672 4302; x_wconf 94' lang='lat' dir='ltr'><strong>a</strong></span> <span class='ocrx_word' id='word_1_340' title='bbox 1721 4248 1878 4304; x_wconf 87' lang='lat' dir='ltr'><strong>stella</strong></span> <span class='ocrx_word' id='word_1_341' title='bbox 1921 4247 2102 4303; x_wconf 82' lang='lat' dir='ltr'><strong>diil‘ert</strong></span> <span class='ocrx_word' id='word_1_342' title='bbox 2132 4248 2188 4302; x_wconf 90' lang='lat' dir='ltr'><strong>in</strong></span> 
     </span>
    </p>
   </div>
   <div class='ocr_carea' id='block_1_46' title="bbox 594 4337 2190 4410">
    <p class='ocr_par' dir='ltr' id='par_1_46' title="bbox 594 4337 2190 4410">
     <span class='ocr_line' id='line_1_46' title="bbox 594 4337 2190 4410; baseline 0 -18"><span class='ocrx_word' id='word_1_343' title='bbox 594 4339 766 4410; x_wconf 85' lang='lat' dir='ltr'><strong>gloria</strong></span> <span class='ocrx_word' id='word_1_344' title='bbox 801 4337 851 4410; x_wconf 89' lang='grc'><strong>(1</strong></span> <span class='ocrx_word' id='word_1_345' title='bbox 877 4337 999 4392; x_wconf 89' lang='lat' dir='ltr'><strong>Cor.</strong></span> <span class='ocrx_word' id='word_1_346' title='bbox 1030 4338 1158 4410; x_wconf 83' lang='lat' dir='ltr'><strong>xv),</strong></span> <span class='ocrx_word' id='word_1_347' title='bbox 1209 4339 1290 4394; x_wconf 93' lang='lat' dir='ltr'><strong>sic</strong></span> <span class='ocrx_word' id='word_1_348' title='bbox 1325 4347 1381 4392; x_wconf 92' lang='lat' dir='ltr'><strong>et</strong></span> <span class='ocrx_word' id='word_1_349' title='bbox 1409 4339 1462 4392; x_wconf 92' lang='lat' dir='ltr'><strong>in</strong></span> <span class='ocrx_word' id='word_1_350' title='bbox 1493 4337 1895 4392; x_wconf 81' lang='lat' dir='ltr'><strong>resurrectione</strong></span> <span class='ocrx_word' id='word_1_351' title='bbox 1947 4345 2190 4392; x_wconf 85' lang='lat' dir='ltr'><strong>mortuo-</strong></span> 
     </span>
    </p>
   </div>
   <div class='ocr_carea' id='block_1_47' title="bbox 596 4428 2189 4500">
    <p class='ocr_par' dir='ltr' id='par_1_47' title="bbox 596 4428 2189 4500">
     <span class='ocr_line' id='line_1_47' title="bbox 596 4428 2189 4500; baseline 0 -17"><span class='ocrx_word' id='word_1_352' title='bbox 596 4444 745 4495; x_wconf 87' lang='lat' dir='ltr'><strong>rum;</strong></span> <span class='ocrx_word' id='word_1_353' title='bbox 776 4430 1023 4499; x_wconf 88' lang='lat' dir='ltr'><strong>quamvis</strong></span> <span class='ocrx_word' id='word_1_354' title='bbox 1053 4429 1250 4500; x_wconf 89' lang='lat' dir='ltr'><strong>aliquis</strong></span> <span class='ocrx_word' id='word_1_355' title='bbox 1275 4444 1305 4482; x_wconf 90' lang='lat' dir='ltr'><strong>a</strong></span> <span class='ocrx_word' id='word_1_356' title='bbox 1337 4428 1718 4493; x_wconf 82' lang='lat' dir='ltr'><strong>fornicatione,</strong></span> <span class='ocrx_word' id='word_1_357' title='bbox 1747 4428 2085 4483; x_wconf 90' lang='lat' dir='ltr'><strong>immunditia</strong></span> <span class='ocrx_word' id='word_1_358' title='bbox 2109 4437 2189 4483; x_wconf 86' lang='lat' dir='ltr'><strong>at-</strong></span> 
     </span>
    </p>
   </div>
   <div class='ocr_carea' id='block_1_48' title="bbox 594 4516 2186 4590">
    <p class='ocr_par' dir='ltr' id='par_1_48' title="bbox 594 4516 2186 4590">
     <span class='ocr_line' id='line_1_48' title="bbox 594 4516 2186 4590; baseline 0 -17"><span class='ocrx_word' id='word_1_359' title='bbox 594 4534 699 4590; x_wconf 91' lang='lat' dir='ltr'><strong>que</strong></span> <span class='ocrx_word' id='word_1_360' title='bbox 714 4519 934 4576; x_wconf 90' lang='lat' dir='ltr'><strong>lascivia</strong></span> <span class='ocrx_word' id='word_1_361' title='bbox 954 4520 1162 4575; x_wconf 83' lang='lat' dir='ltr'><strong>alienus</strong></span> <span class='ocrx_word' id='word_1_362' title='bbox 1177 4519 1266 4584; x_wconf 90' lang='lat' dir='ltr'><strong>sit,</strong></span> <span class='ocrx_word' id='word_1_363' title='bbox 1290 4527 1470 4571; x_wconf 90' lang='lat' dir='ltr'><strong>tamen</strong></span> <span class='ocrx_word' id='word_1_364' title='bbox 1494 4517 1538 4571; x_wconf 91' lang='lat' dir='ltr'><strong>si</strong></span> <span class='ocrx_word' id='word_1_365' title='bbox 1561 4516 1906 4586; x_wconf 89' lang='lat' dir='ltr'><strong>stultiloquus</strong></span> <span class='ocrx_word' id='word_1_366' title='bbox 1924 4526 1981 4571; x_wconf 90' lang='lat' dir='ltr'><strong>et</strong></span> <span class='ocrx_word' id='word_1_367' title='bbox 1998 4533 2186 4574; x_wconf 87' lang='lat' dir='ltr'><strong>scurra</strong></span> 
     </span>
    </p>
   </div>
   <div class='ocr_carea' id='block_1_49' title="bbox 596 4607 2188 4684">
    <p class='ocr_par' dir='ltr' id='par_1_49' title="bbox 596 4607 2188 4684">
     <span class='ocr_line' id='line_1_49' title="bbox 596 4607 2188 4684; baseline -0.001 -17"><span class='ocrx_word' id='word_1_368' title='bbox 596 4613 780 4679; x_wconf 83' lang='lat' dir='ltr'><strong>fuerit,</strong></span> <span class='ocrx_word' id='word_1_369' title='bbox 809 4627 918 4667; x_wconf 91' lang='lat' dir='ltr'><strong>non</strong></span> <span class='ocrx_word' id='word_1_370' title='bbox 951 4611 1154 4666; x_wconf 90' lang='lat' dir='ltr'><strong>tenebit</strong></span> <span class='ocrx_word' id='word_1_371' title='bbox 1200 4624 1324 4664; x_wconf 89' lang='lat' dir='ltr'><strong>eum</strong></span> <span class='ocrx_word' id='word_1_372' title='bbox 1370 4607 1582 4672; x_wconf 88' lang='lat' dir='ltr'><strong>locum,</strong></span> <span class='ocrx_word' id='word_1_373' title='bbox 1629 4623 1790 4684; x_wconf 83' lang='lat' dir='ltr'><strong>quem</strong></span> <span class='ocrx_word' id='word_1_374' title='bbox 1841 4623 2188 4678; x_wconf 89' lang='lat' dir='ltr'><strong>possessurus</strong></span> 
     </span>
    </p>
   </div>
   <div class='ocr_carea' id='block_1_50' title="bbox 595 4701 2190 4772">
    <p class='ocr_par' dir='ltr' id='par_1_50' title="bbox 595 4701 2190 4772">
     <span class='ocr_line' id='line_1_50' title="bbox 595 4701 2190 4772; baseline -0.002 -9"><span class='ocrx_word' id='word_1_375' title='bbox 595 4715 733 4772; x_wconf 90' lang='lat' dir='ltr'><strong>erat,</strong></span> <span class='ocrx_word' id='word_1_376' title='bbox 764 4706 809 4762; x_wconf 89' lang='lat' dir='ltr'><strong>si</strong></span> <span class='ocrx_word' id='word_1_377' title='bbox 841 4709 955 4760; x_wconf 66' lang='lat' dir='ltr'><strong>haec</strong></span> <span class='ocrx_word' id='word_1_378' title='bbox 1006 4704 1135 4758; x_wconf 90' lang='lat' dir='ltr'><strong>vitia</strong></span> <span class='ocrx_word' id='word_1_379' title='bbox 1183 4718 1289 4756; x_wconf 92' lang='lat' dir='ltr'><strong>non</strong></span> <span class='ocrx_word' id='word_1_380' title='bbox 1339 4702 1585 4757; x_wconf 88' lang='lat' dir='ltr'><strong>haberet.</strong></span> <span class='ocrx_word' id='word_1_381' title='bbox 1639 4701 1982 4770; x_wconf 81' lang='lat' dir='ltr'><strong>Respondeat</strong></span> <span class='ocrx_word' id='word_1_382' title='bbox 2020 4703 2190 4772; x_wconf 91' lang='lat' dir='ltr'><strong>quis:</strong></span> 
     </span>
    </p>
   </div>
   <div class='ocr_carea' id='block_1_51' title="bbox 596 4791 2191 4866">
    <p class='ocr_par' dir='ltr' id='par_1_51' title="bbox 596 4791 2191 4866">
     <span class='ocr_line' id='line_1_51' title="bbox 596 4791 2191 4866; baseline -0.004 -13"><span class='ocrx_word' id='word_1_383' title='bbox 596 4797 991 4866; x_wconf 88' lang='lat' dir='ltr'><strong>stultiloquium</strong></span> <span class='ocrx_word' id='word_1_384' title='bbox 1021 4802 1076 4848; x_wconf 91' lang='lat' dir='ltr'><strong>et</strong></span> <span class='ocrx_word' id='word_1_385' title='bbox 1099 4792 1405 4848; x_wconf 87' lang='lat' dir='ltr'><strong>scurrilitas</strong></span> <span class='ocrx_word' id='word_1_386' title='bbox 1435 4806 1541 4846; x_wconf 91' lang='lat' dir='ltr'><strong>non</strong></span> <span class='ocrx_word' id='word_1_387' title='bbox 1575 4791 1822 4847; x_wconf 82' lang='lat' dir='ltr'><strong>eumdem</strong></span> <span class='ocrx_word' id='word_1_388' title='bbox 1845 4791 2044 4847; x_wconf 89' lang='lat' dir='ltr'><strong>habent</strong></span> <span class='ocrx_word' id='word_1_389' title='bbox 2067 4808 2191 4848; x_wconf 88' lang='lat' dir='ltr'><strong>rea-</strong></span> 
     </span>
    </p>
   </div>
   <div class='ocr_carea' id='block_1_52' title="bbox 596 4886 2192 4960">
    <p class='ocr_par' dir='ltr' id='par_1_52' title="bbox 596 4886 2192 4960">
     <span class='ocr_line' id='line_1_52' title="bbox 596 4886 2192 4960; baseline -0.003 -15"><span class='ocrx_word' id='word_1_390' title='bbox 596 4900 734 4956; x_wconf 88' lang='lat' dir='ltr'><strong>tum,</strong></span> <span class='ocrx_word' id='word_1_391' title='bbox 759 4903 924 4960; x_wconf 85' lang='lat' dir='ltr'><strong>quem</strong></span> <span class='ocrx_word' id='word_1_392' title='bbox 965 4886 1270 4952; x_wconf 86' lang='lat' dir='ltr'><strong>fornicatio,</strong></span> <span class='ocrx_word' id='word_1_393' title='bbox 1303 4886 1645 4941; x_wconf 89' lang='lat' dir='ltr'><strong>immunditia</strong></span> <span class='ocrx_word' id='word_1_394' title='bbox 1673 4893 1730 4940; x_wconf 90' lang='lat' dir='ltr'><strong>et</strong></span> <span class='ocrx_word' id='word_1_395' title='bbox 1779 4886 2026 4952; x_wconf 89' lang='lat' dir='ltr'><strong>avaritia,</strong></span> <span class='ocrx_word' id='word_1_396' title='bbox 2051 4903 2192 4942; x_wconf 89' lang='lat' dir='ltr'><strong>nun-</strong></span> 
     </span>
    </p>
   </div>
   <div class='ocr_carea' id='block_1_53' title="bbox 598 4977 2192 5054">
    <p class='ocr_par' dir='ltr' id='par_1_53' title="bbox 598 4977 2192 5054">
     <span class='ocr_line' id='line_1_53' title="bbox 598 4977 2192 5054; baseline -0.001 -18"><span class='ocrx_word' id='word_1_397' title='bbox 598 4981 724 5054; x_wconf 89' lang='lat' dir='ltr'><strong>quid</strong></span> <span class='ocrx_word' id='word_1_398' title='bbox 769 4996 876 5036; x_wconf 88' lang='lat' dir='ltr'><strong>non</strong></span> <span class='ocrx_word' id='word_1_399' title='bbox 901 4989 956 5034; x_wconf 93' lang='lat' dir='ltr'><strong>et</strong></span> <span class='ocrx_word' id='word_1_400' title='bbox 985 4980 1372 5050; x_wconf 88' lang='lat' dir='ltr'><strong>turpitudinem</strong></span> <span class='ocrx_word' id='word_1_401' title='bbox 1425 4993 1546 5033; x_wconf 92' lang='lat' dir='ltr'><strong>cum</strong></span> <span class='ocrx_word' id='word_1_402' title='bbox 1601 4977 1773 5032; x_wconf 87' lang='lat' dir='ltr'><strong>tribus</strong></span> <span class='ocrx_word' id='word_1_403' title='bbox 1819 4978 2192 5047; x_wconf 89' lang='lat' dir='ltr'><strong>superioribus</strong></span> 
     </span>
    </p>
   </div>
   <div class='ocr_carea' id='block_1_54' title="bbox 599 5071 2186 5143">
    <p class='ocr_par' dir='ltr' id='par_1_54' title="bbox 599 5071 2186 5143">
     <span class='ocr_line' id='line_1_54' title="bbox 599 5071 2186 5143; baseline -0.005 -11"><span class='ocrx_word' id='word_1_404' title='bbox 599 5076 786 5132; x_wconf 88' lang='lat' dir='ltr'><strong>debuit</strong></span> <span class='ocrx_word' id='word_1_405' title='bbox 806 5074 1118 5128; x_wconf 89' lang='lat' dir='ltr'><strong>nominare?</strong></span> <span class='ocrx_word' id='word_1_406' title='bbox 1155 5074 1222 5128; x_wconf 91' lang='lat' dir='ltr'><strong>ad</strong></span> <span class='ocrx_word' id='word_1_407' title='bbox 1248 5073 1390 5143; x_wconf 89' lang='lat' dir='ltr'><strong>quod</strong></span> <span class='ocrx_word' id='word_1_408' title='bbox 1417 5071 1704 5127; x_wconf 90' lang='lat' dir='ltr'><strong>dicendum</strong></span> <span class='ocrx_word' id='word_1_409' title='bbox 1731 5111 1746 5136; x_wconf 94' lang='lat'><strong>,</strong></span> <span class='ocrx_word' id='word_1_410' title='bbox 1799 5071 2186 5140; x_wconf 89' lang='lat' dir='ltr'><strong>turpitudinem</strong></span> 
     </span>
    </p>
   </div>
   <div class='ocr_carea' id='block_1_55' title="bbox 598 5162 2190 5237">
    <p class='ocr_par' dir='ltr' id='par_1_55' title="bbox 598 5162 2190 5237">
     <span class='ocr_line' id='line_1_55' title="bbox 598 5162 2190 5237; baseline -0.004 -15"><span class='ocrx_word' id='word_1_411' title='bbox 598 5169 689 5223; x_wconf 89' lang='lat' dir='ltr'><strong>hic</strong></span> <span class='ocrx_word' id='word_1_412' title='bbox 721 5165 1026 5237; x_wconf 82' lang='lat' dir='ltr'><strong>signiﬁcare</strong></span> <span class='ocrx_word' id='word_1_413' title='bbox 1055 5166 1424 5222; x_wconf 89' lang='lat' dir='ltr'><strong>absconditam</strong></span> <span class='ocrx_word' id='word_1_414' title='bbox 1451 5163 1830 5234; x_wconf 88' lang='lat' dir='ltr'><strong>cogitationem</strong></span> <span class='ocrx_word' id='word_1_415' title='bbox 1859 5203 1873 5228; x_wconf 95' lang='lat'><strong>,</strong></span> <span class='ocrx_word' id='word_1_416' title='bbox 1925 5177 2050 5217; x_wconf 93' lang='lat' dir='ltr'><strong>cum</strong></span> <span class='ocrx_word' id='word_1_417' title='bbox 2108 5162 2190 5216; x_wconf 94' lang='lat' dir='ltr'><strong>in-</strong></span> 
     </span>
    </p>
   </div>
   <div class='ocr_carea' id='block_1_56' title="bbox 603 5255 2189 5316">
    <p class='ocr_par' dir='ltr' id='par_1_56' title="bbox 603 5255 2189 5316">
     <span class='ocr_line' id='line_1_56' title="bbox 603 5255 2189 5316; baseline -0.004 -1"><span class='ocrx_word' id='word_1_418' title='bbox 603 5261 909 5315; x_wconf 84' lang='lat' dir='ltr'><strong>ﬂammatur</strong></span> <span class='ocrx_word' id='word_1_419' title='bbox 935 5275 1126 5316; x_wconf 89' lang='lat' dir='ltr'><strong>sensus</strong></span> <span class='ocrx_word' id='word_1_420' title='bbox 1155 5267 1336 5314; x_wconf 83' lang='lat' dir='ltr'><strong>noster</strong></span> <span class='ocrx_word' id='word_1_421' title='bbox 1365 5258 1432 5313; x_wconf 90' lang='lat' dir='ltr'><strong>ad</strong></span> <span class='ocrx_word' id='word_1_422' title='bbox 1467 5257 1744 5312; x_wconf 90' lang='lat' dir='ltr'><strong>libidinem</strong></span> <span class='ocrx_word' id='word_1_423' title='bbox 1767 5264 1822 5312; x_wconf 92' lang='lat' dir='ltr'><strong>et</strong></span> <span class='ocrx_word' id='word_1_424' title='bbox 1846 5256 2029 5311; x_wconf 91' lang='lat' dir='ltr'><strong>carnis</strong></span> <span class='ocrx_word' id='word_1_425' title='bbox 2056 5255 2189 5309; x_wconf 88' lang='lat' dir='ltr'><strong>titil-</strong></span> 
     </span>
    </p>
   </div>
   <div class='ocr_carea' id='block_1_57' title="bbox 601 5348 2191 5423">
    <p class='ocr_par' dir='ltr' id='par_1_57' title="bbox 601 5348 2191 5423">
     <span class='ocr_line' id='line_1_57' title="bbox 601 5348 2191 5423; baseline -0.001 -17"><span class='ocrx_word' id='word_1_426' title='bbox 601 5351 890 5408; x_wconf 90' lang='lat' dir='ltr'><strong>lationibus</strong></span> <span class='ocrx_word' id='word_1_427' title='bbox 911 5353 1090 5408; x_wconf 89' lang='lat' dir='ltr'><strong>anima</strong></span> <span class='ocrx_word' id='word_1_428' title='bbox 1117 5352 1283 5423; x_wconf 89' lang='lat' dir='ltr'><strong>ignita</strong></span> <span class='ocrx_word' id='word_1_429' title='bbox 1329 5349 1696 5415; x_wconf 87' lang='lat' dir='ltr'><strong>succenditur,</strong></span> <span class='ocrx_word' id='word_1_430' title='bbox 1742 5357 1800 5403; x_wconf 92' lang='lat' dir='ltr'><strong>et</strong></span> <span class='ocrx_word' id='word_1_431' title='bbox 1840 5348 2191 5404; x_wconf 90' lang='lat' dir='ltr'><strong>nihilominus</strong></span> 
     </span>
    </p>
   </div>
   <div class='ocr_carea' id='block_1_58' title="bbox 603 5439 2191 5510">
    <p class='ocr_par' dir='ltr' id='par_1_58' title="bbox 603 5439 2191 5510">
     <span class='ocr_line' id='line_1_58' title="bbox 603 5439 2191 5510; baseline -0.003 -12"><span class='ocrx_word' id='word_1_432' title='bbox 603 5444 696 5499; x_wconf 92' lang='lat' dir='ltr'><strong>Dei</strong></span> <span class='ocrx_word' id='word_1_433' title='bbox 751 5444 943 5500; x_wconf 90' lang='lat' dir='ltr'><strong>timore</strong></span> <span class='ocrx_word' id='word_1_434' title='bbox 993 5453 1047 5499; x_wconf 88' lang='lat' dir='ltr'><strong>et</strong></span> <span class='ocrx_word' id='word_1_435' title='bbox 1095 5443 1292 5498; x_wconf 89' lang='lat' dir='ltr'><strong>mentis</strong></span> <span class='ocrx_word' id='word_1_436' title='bbox 1333 5441 1537 5510; x_wconf 90' lang='lat' dir='ltr'><strong>judicio</strong></span> <span class='ocrx_word' id='word_1_437' title='bbox 1575 5439 1898 5496; x_wconf 83' lang='lat' dir='ltr'><strong>refrenatur.</strong></span> <span class='ocrx_word' id='word_1_438' title='bbox 1947 5439 2191 5508; x_wconf 89' lang='lat' dir='ltr'><strong>Denique</strong></span> 
     </span>
    </p>
   </div>
   <div class='ocr_carea' id='block_1_59' title="bbox 604 5531 2188 5609">
    <p class='ocr_par' dir='ltr' id='par_1_59' title="bbox 604 5531 2188 5609">
     <span class='ocr_line' id='line_1_59' title="bbox 604 5531 2188 5609; baseline -0.004 -17"><span class='ocrx_word' id='word_1_439' title='bbox 604 5537 765 5592; x_wconf 88' lang='lat' dir='ltr'><strong>etiam</strong></span> <span class='ocrx_word' id='word_1_440' title='bbox 792 5553 952 5609; x_wconf 87' lang='lat' dir='ltr'><strong>supra</strong></span> <span class='ocrx_word' id='word_1_441' title='bbox 981 5539 1186 5607; x_wconf 89' lang='lat' dir='ltr'><strong>absque</strong></span> <span class='ocrx_word' id='word_1_442' title='bbox 1231 5535 1562 5607; x_wconf 88' lang='lat' dir='ltr'><strong>turpitudine</strong></span> <span class='ocrx_word' id='word_1_443' title='bbox 1591 5535 1691 5588; x_wconf 90' lang='lat' dir='ltr'><strong>tria</strong></span> <span class='ocrx_word' id='word_1_444' title='bbox 1719 5533 1926 5602; x_wconf 85' lang='lat' dir='ltr'><strong>pariter</strong></span> <span class='ocrx_word' id='word_1_445' title='bbox 1950 5531 2188 5602; x_wconf 74' lang='lat' dir='ltr'><strong>appella-</strong></span> 
     </span>
    </p>
   </div>
   <div class='ocr_carea' id='block_1_60' title="bbox 604 5624 2192 5698">
    <p class='ocr_par' dir='ltr' id='par_1_60' title="bbox 604 5624 2192 5698">
     <span class='ocr_line' id='line_1_60' title="bbox 604 5624 2192 5698; baseline -0.004 -15"><span class='ocrx_word' id='word_1_446' title='bbox 604 5630 680 5685; x_wconf 89' lang='lat' dir='ltr'><strong>vit</strong></span> <span class='ocrx_word' id='word_1_447' title='bbox 707 5630 909 5696; x_wconf 88' lang='lat' dir='ltr'><strong>dicens,</strong></span> <span class='ocrx_word' id='word_1_448' title='bbox 943 5629 1222 5698; x_wconf 75' lang='lat' dir='ltr'><strong>fornicatio</strong></span> <span class='ocrx_word' id='word_1_449' title='bbox 1251 5639 1423 5682; x_wconf 88' lang='lat' dir='ltr'><strong>autem</strong></span> <span class='ocrx_word' id='word_1_450' title='bbox 1467 5637 1514 5681; x_wconf 87' lang='lat' dir='ltr'><strong>et</strong></span> <span class='ocrx_word' id='word_1_451' title='bbox 1556 5627 1724 5680; x_wconf 82' lang='lat' dir='ltr'><strong>omnis</strong></span> <span class='ocrx_word' id='word_1_452' title='bbox 1761 5624 2098 5678; x_wconf 87' lang='lat' dir='ltr'><strong>immunditia</strong></span> <span class='ocrx_word' id='word_1_453' title='bbox 2143 5631 2192 5676; x_wconf 90' lang='lat' dir='ltr'><strong>et</strong></span> 
     </span>
    </p>
   </div>
   <div class='ocr_carea' id='block_1_61' title="bbox 607 5716 2191 5785">
    <p class='ocr_par' dir='ltr' id='par_1_61' title="bbox 607 5716 2191 5785">
     <span class='ocr_line' id='line_1_61' title="bbox 607 5716 2191 5785; baseline -0.005 -9"><span class='ocrx_word' id='word_1_454' title='bbox 607 5722 828 5776; x_wconf 82' lang='lat' dir='ltr'><strong>avaritia</strong></span> <span class='ocrx_word' id='word_1_455' title='bbox 877 5739 968 5776; x_wconf 87' lang='lat' dir='ltr'><strong>nec</strong></span> <span class='ocrx_word' id='word_1_456' title='bbox 1023 5723 1319 5776; x_wconf 84' lang='lat' dir='ltr'><strong>nominetur</strong></span> <span class='ocrx_word' id='word_1_457' title='bbox 1364 5722 1419 5773; x_wconf 88' lang='lat' dir='ltr'><strong>in</strong></span> <span class='ocrx_word' id='word_1_458' title='bbox 1473 5719 1652 5774; x_wconf 81' lang='lat' dir='ltr'><strong>vobis:</strong></span> <span class='ocrx_word' id='word_1_459' title='bbox 1683 5724 1738 5770; x_wconf 90' lang='lat' dir='ltr'><strong>et</strong></span> <span class='ocrx_word' id='word_1_460' title='bbox 1782 5716 2036 5785; x_wconf 88' lang='lat' dir='ltr'><strong>deinceps</strong></span> <span class='ocrx_word' id='word_1_461' title='bbox 2071 5722 2191 5768; x_wconf 89' lang='lat' dir='ltr'><strong>tur-</strong></span> 
     </span>
    </p>
   </div>
   <div class='ocr_carea' id='block_1_62' title="bbox 607 5809 2188 5885">
    <p class='ocr_par' dir='ltr' id='par_1_62' title="bbox 607 5809 2188 5885">
     <span class='ocr_line' id='line_1_62' title="bbox 607 5809 2188 5885; baseline -0.003 -17"><span class='ocrx_word' id='word_1_462' title='bbox 607 5813 794 5879; x_wconf 76' lang='lat' dir='ltr'><strong>pitudo</strong></span> <span class='ocrx_word' id='word_1_463' title='bbox 817 5827 942 5871; x_wconf 90' lang='lat' dir='ltr'><strong>cum</strong></span> <span class='ocrx_word' id='word_1_464' title='bbox 969 5814 1306 5885; x_wconf 89' lang='lat' dir='ltr'><strong>stultiloquio</strong></span> <span class='ocrx_word' id='word_1_465' title='bbox 1333 5821 1388 5868; x_wconf 90' lang='lat' dir='ltr'><strong>et</strong></span> <span class='ocrx_word' id='word_1_466' title='bbox 1420 5809 1751 5868; x_wconf 88' lang='lat' dir='ltr'><strong>scurrilitate</strong></span> <span class='ocrx_word' id='word_1_467' title='bbox 1772 5809 2052 5864; x_wconf 91' lang='lat' dir='ltr'><strong>nominata</strong></span> <span class='ocrx_word' id='word_1_468' title='bbox 2075 5816 2188 5875; x_wconf 90' lang='lat' dir='ltr'><strong>est;</strong></span> 
     </span>
    </p>
   </div>
   <div class='ocr_carea' id='block_1_63' title="bbox 2287 538 3800 611">
    <p class='ocr_par' dir='ltr' id='par_1_63' title="bbox 2287 538 3800 611">
     <span class='ocr_line' id='line_1_63' title="bbox 2287 538 3800 611; baseline 0.002 -16"><span class='ocrx_word' id='word_1_469' title='bbox 2287 542 2562 611; x_wconf 88' lang='lat' dir='ltr'><strong>turpitudo</strong></span> <span class='ocrx_word' id='word_1_470' title='bbox 2577 557 2682 596; x_wconf 90' lang='lat' dir='ltr'><strong>non</strong></span> <span class='ocrx_word' id='word_1_471' title='bbox 2702 541 2902 611; x_wconf 90' lang='lat' dir='ltr'><strong>perdit,</strong></span> <span class='ocrx_word' id='word_1_472' title='bbox 2933 554 3034 594; x_wconf 89' lang='lat' dir='ltr'><strong>nec</strong></span> <span class='ocrx_word' id='word_1_473' title='bbox 3056 539 3111 593; x_wconf 89' lang='lat' dir='ltr'><strong>in</strong></span> <span class='ocrx_word' id='word_1_474' title='bbox 3135 547 3451 609; x_wconf 88' lang='lat' dir='ltr'><strong>perpetuum</strong></span> <span class='ocrx_word' id='word_1_475' title='bbox 3472 538 3718 598; x_wconf 83' lang='lat' dir='ltr'><strong>excludita</strong></span> <span class='ocrx_word' id='word_1_476' title='bbox 3738 561 3800 602; x_wconf 80' lang='lat' dir='ltr'><strong>re-</strong></span> 
     </span>
    </p>
   </div>
   <div class='ocr_carea' id='block_1_64' title="bbox 2284 630 3798 707">
    <p class='ocr_par' dir='ltr' id='par_1_64' title="bbox 2284 630 3798 707">
     <span class='ocr_line' id='line_1_64' title="bbox 2284 630 3798 707; baseline -0.005 -19"><span class='ocrx_word' id='word_1_477' title='bbox 2284 647 2408 704; x_wconf 83' lang='lat' dir='ltr'><strong>gno.</strong></span> <span class='ocrx_word' id='word_1_478' title='bbox 2429 632 2565 700; x_wconf 86' lang='lat' dir='ltr'><strong>Quia</strong></span> <span class='ocrx_word' id='word_1_479' title='bbox 2577 648 2704 687; x_wconf 89' lang='lat' dir='ltr'><strong>vero</strong></span> <span class='ocrx_word' id='word_1_480' title='bbox 2719 633 2770 688; x_wconf 93' lang='lat' dir='ltr'><strong>in</strong></span> <span class='ocrx_word' id='word_1_481' title='bbox 2785 631 3157 702; x_wconf 89' lang='lat' dir='ltr'><strong>superioribus</strong></span> <span class='ocrx_word' id='word_1_482' title='bbox 3169 646 3235 686; x_wconf 85' lang='lat' dir='ltr'><strong>ex</strong></span> <span class='ocrx_word' id='word_1_483' title='bbox 3247 645 3335 696; x_wconf 89' lang='lat' dir='ltr'><strong>eo,</strong></span> <span class='ocrx_word' id='word_1_484' title='bbox 3355 631 3494 702; x_wconf 88' lang='lat' dir='ltr'><strong>quod</strong></span> <span class='ocrx_word' id='word_1_485' title='bbox 3506 630 3623 688; x_wconf 90' lang='lat' dir='ltr'><strong>alibi</strong></span> <span class='ocrx_word' id='word_1_486' title='bbox 3644 634 3798 707; x_wconf 74' lang='lat' dir='ltr'><strong>legem.</strong></span> 
     </span>
    </p>
   </div>
   <div class='ocr_carea' id='block_1_65' title="bbox 2283 723 3800 800">
    <p class='ocr_par' dir='ltr' id='par_1_65' title="bbox 2283 723 3800 800">
     <span class='ocr_line' id='line_1_65' title="bbox 2283 723 3800 800; baseline 0.005 -20"><span class='ocrx_word' id='word_1_487' title='bbox 2283 742 2436 782; x_wconf 91' lang='lat' dir='ltr'><strong>mus:</strong></span> <span class='ocrx_word' id='word_1_488' title='bbox 2461 745 2476 788; x_wconf 69' lang='grc' dir='ltr'>ᾳ</span> <span class='ocrx_word' id='word_1_489' title='bbox 2501 741 2569 781; x_wconf 91' lang='lat' dir='ltr'><strong>ne</strong></span> <span class='ocrx_word' id='word_1_490' title='bbox 2591 725 3030 798; x_wconf 89' lang='lat' dir='ltr'><strong>supergrediatur</strong></span> <span class='ocrx_word' id='word_1_491' title='bbox 3053 740 3248 780; x_wconf 90' lang='lat' dir='ltr'><strong>avarus</strong></span> <span class='ocrx_word' id='word_1_492' title='bbox 3268 732 3324 778; x_wconf 91' lang='lat' dir='ltr'><strong>et</strong></span> <span class='ocrx_word' id='word_1_493' title='bbox 3345 723 3547 780; x_wconf 86' lang='lat' dir='ltr'><strong>fraudet</strong></span> <span class='ocrx_word' id='word_1_494' title='bbox 3569 725 3616 782; x_wconf 91' lang='lat' dir='ltr'><strong>in</strong></span> <span class='ocrx_word' id='word_1_495' title='bbox 3639 733 3800 800; x_wconf 77' lang='lat' dir='ltr'><strong>negotio</strong></span> 
     </span>
    </p>
   </div>
   <div class='ocr_carea' id='block_1_66' title="bbox 2283 815 3800 888">
    <p class='ocr_par' dir='ltr' id='par_1_66' title="bbox 2283 815 3800 888">
     <span class='ocr_line' id='line_1_66' title="bbox 2283 815 3800 888; baseline 0.005 -18"><span class='ocrx_word' id='word_1_496' title='bbox 2283 816 2506 874; x_wconf 85' lang='lat' dir='ltr'><strong>fratrem</strong></span> <span class='ocrx_word' id='word_1_497' title='bbox 2553 834 2730 885; x_wconf 91' lang='lat' dir='ltr'><strong>suum,</strong></span> <span class='ocrx_word' id='word_1_498' title='bbox 2761 838 2778 870; x_wconf 77' lang='grc' dir='ltr'><strong>ι</strong></span> <span class='ocrx_word' id='word_1_499' title='bbox 2815 818 3126 872; x_wconf 85' lang='lat' dir='ltr'><strong>dixeramus</strong></span> <span class='ocrx_word' id='word_1_500' title='bbox 3158 815 3448 870; x_wconf 83' lang='lat' dir='ltr'><strong>avaritiam</strong></span> <span class='ocrx_word' id='word_1_501' title='bbox 3477 832 3569 888; x_wconf 90' lang='lat' dir='ltr'><strong>pro</strong></span> <span class='ocrx_word' id='word_1_502' title='bbox 3600 818 3800 878; x_wconf 84' lang='lat' dir='ltr'><strong>adulterio</strong></span> 
     </span>
    </p>
   </div>
   <div class='ocr_carea' id='block_1_67' title="bbox 2281 907 3799 981">
    <p class='ocr_par' dir='ltr' id='par_1_67' title="bbox 2281 907 3799 981">
     <span class='ocr_line' id='line_1_67' title="bbox 2281 907 3799 981; baseline 0.001 -15"><span class='ocrx_word' id='word_1_503' title='bbox 2281 911 2532 981; x_wconf 85' lang='lat' dir='ltr'><strong>positam,</strong></span> <span class='ocrx_word' id='word_1_504' title='bbox 2567 911 2860 981; x_wconf 76' lang='lat' dir='ltr'><strong>quan-imus</strong></span> <span class='ocrx_word' id='word_1_505' title='bbox 2889 909 2940 965; x_wconf 93' lang='lat' dir='ltr'><strong>id</strong></span> <span class='ocrx_word' id='word_1_506' title='bbox 2959 950 2975 974; x_wconf 92' lang='lat'><strong>,</strong></span> <span class='ocrx_word' id='word_1_507' title='bbox 3019 908 3162 979; x_wconf 89' lang='lat' dir='ltr'><strong>quod</strong></span> <span class='ocrx_word' id='word_1_508' title='bbox 3189 924 3336 964; x_wconf 91' lang='lat' dir='ltr'><strong>nunc</strong></span> <span class='ocrx_word' id='word_1_509' title='bbox 3381 907 3592 975; x_wconf 89' lang='lat' dir='ltr'><strong>dicitur,</strong></span> <span class='ocrx_word' id='word_1_510' title='bbox 3615 921 3691 965; x_wconf 82' lang='lat' dir='ltr'><strong>aut</strong></span> <span class='ocrx_word' id='word_1_511' title='bbox 3713 930 3799 968; x_wconf 75' lang='lat' dir='ltr'><strong>aia-</strong></span> 
     </span>
    </p>
   </div>
   <div class='ocr_carea' id='block_1_68' title="bbox 2284 1001 3799 1074">
    <p class='ocr_par' dir='ltr' id='par_1_68' title="bbox 2284 1001 3799 1074">
     <span class='ocr_line' id='line_1_68' title="bbox 2284 1001 3799 1074; baseline 0.001 -17"><span class='ocrx_word' id='word_1_512' title='bbox 2284 1021 2395 1067; x_wconf 89' lang='lat' dir='ltr'><strong>rus,</strong></span> <span class='ocrx_word' id='word_1_513' title='bbox 2425 1003 2569 1074; x_wconf 83' lang='lat' dir='ltr'><strong>quod</strong></span> <span class='ocrx_word' id='word_1_514' title='bbox 2589 1011 2662 1057; x_wconf 87' lang='lat' dir='ltr'><strong>est</strong></span> <span class='ocrx_word' id='word_1_515' title='bbox 2711 1001 2976 1056; x_wconf 82' lang='lat' dir='ltr'><strong>idolorum</strong></span> <span class='ocrx_word' id='word_1_516' title='bbox 3009 1001 3251 1065; x_wconf 81' lang='lat' dir='ltr'><strong>servitus,</strong></span> <span class='ocrx_word' id='word_1_517' title='bbox 3281 1009 3465 1054; x_wconf 87' lang='lat' dir='ltr'><strong>utrum</strong></span> <span class='ocrx_word' id='word_1_518' title='bbox 3508 1016 3619 1056; x_wconf 88' lang='lat' dir='ltr'><strong>cum</strong></span> <span class='ocrx_word' id='word_1_519' title='bbox 3643 1002 3730 1069; x_wconf 82' lang='lat' dir='ltr'><strong>illa,</strong></span> <span class='ocrx_word' id='word_1_520' title='bbox 3753 1021 3799 1060; x_wconf 84' lang='lat' dir='ltr'><strong>an</strong></span> 
     </span>
    </p>
   </div>
   <div class='ocr_carea' id='block_1_69' title="bbox 2284 1089 3798 1162">
    <p class='ocr_par' dir='ltr' id='par_1_69' title="bbox 2284 1089 3798 1162">
     <span class='ocr_line' id='line_1_69' title="bbox 2284 1089 3798 1162; baseline 0.001 -14"><span class='ocrx_word' id='word_1_521' title='bbox 2284 1110 2406 1150; x_wconf 91' lang='lat' dir='ltr'><strong>cum</strong></span> <span class='ocrx_word' id='word_1_522' title='bbox 2435 1093 2650 1162; x_wconf 85' lang='lat' dir='ltr'><strong>vulgata</strong></span> <span class='ocrx_word' id='word_1_523' title='bbox 2677 1092 3125 1162; x_wconf 90' lang='lat' dir='ltr'><strong>interpretatione</strong></span> <span class='ocrx_word' id='word_1_524' title='bbox 3141 1091 3467 1146; x_wconf 89' lang='lat' dir='ltr'><strong>consentiat.</strong></span> <span class='ocrx_word' id='word_1_525' title='bbox 3481 1089 3742 1149; x_wconf 87' lang='lat' dir='ltr'><strong>Invenimus</strong></span> <span class='ocrx_word' id='word_1_526' title='bbox 3762 1095 3798 1149; x_wconf 90' lang='lat' dir='ltr'><strong>in</strong></span> 
     </span>
    </p>
   </div>
   <div class='ocr_carea' id='block_1_70' title="bbox 2283 1183 3800 1257">
    <p class='ocr_par' dir='ltr' id='par_1_70' title="bbox 2283 1183 3800 1257">
     <span class='ocr_line' id='line_1_70' title="bbox 2283 1183 3800 1257; baseline 0.001 -17"><span class='ocrx_word' id='word_1_527' title='bbox 2283 1186 2416 1242; x_wconf 92' lang='lat' dir='ltr'><strong>locis</strong></span> <span class='ocrx_word' id='word_1_528' title='bbox 2436 1187 2684 1257; x_wconf 90' lang='lat' dir='ltr'><strong>plurimis</strong></span> <span class='ocrx_word' id='word_1_529' title='bbox 2713 1187 3128 1256; x_wconf 90' lang='lat' dir='ltr'><strong>prophetarum,</strong></span> <span class='ocrx_word' id='word_1_530' title='bbox 3163 1183 3522 1238; x_wconf 86' lang='lat' dir='ltr'><strong>idololatriam</strong></span> <span class='ocrx_word' id='word_1_531' title='bbox 3562 1184 3800 1241; x_wconf 79' lang='lat' dir='ltr'><strong>fornicatio-</strong></span> 
     </span>
    </p>
   </div>
   <div class='ocr_carea' id='block_1_71' title="bbox 2284 1275 3797 1350">
    <p class='ocr_par' dir='ltr' id='par_1_71' title="bbox 2284 1275 3797 1350">
     <span class='ocr_line' id='line_1_71' title="bbox 2284 1275 3797 1350; baseline -0.003 -16"><span class='ocrx_word' id='word_1_532' title='bbox 2284 1294 2410 1334; x_wconf 90' lang='lat' dir='ltr'><strong>nem</strong></span> <span class='ocrx_word' id='word_1_533' title='bbox 2423 1279 2745 1350; x_wconf 87' lang='lat' dir='ltr'><strong>appellatam</strong></span> <span class='ocrx_word' id='word_1_534' title='bbox 2761 1275 3240 1335; x_wconf 78' lang='lat' dir='ltr'><strong>:Fornicabantur,</strong></span> <span class='ocrx_word' id='word_1_535' title='bbox 3259 1275 3453 1344; x_wconf 91' lang='lat' dir='ltr'><strong>inquit,</strong></span> <span class='ocrx_word' id='word_1_536' title='bbox 3468 1284 3573 1345; x_wconf 81' lang='lat' dir='ltr'><strong>post</strong></span> <span class='ocrx_word' id='word_1_537' title='bbox 3588 1275 3706 1329; x_wconf 86' lang='lat' dir='ltr'><strong>idola</strong></span> <span class='ocrx_word' id='word_1_538' title='bbox 3715 1294 3797 1344; x_wconf 74' lang='lat' dir='ltr'><strong>tua,</strong></span> 
     </span>
    </p>
   </div>
   <div class='ocr_carea' id='block_1_72' title="bbox 2284 1365 3796 1442">
    <p class='ocr_par' dir='ltr' id='par_1_72' title="bbox 2284 1365 3796 1442">
     <span class='ocr_line' id='line_1_72' title="bbox 2284 1365 3796 1442; baseline -0.005 -15"><span class='ocrx_word' id='word_1_539' title='bbox 2284 1380 2370 1427; x_wconf 88' lang='lat' dir='ltr'><strong>et:</strong></span> <span class='ocrx_word' id='word_1_540' title='bbox 2391 1369 2594 1442; x_wconf 83' lang='lat' dir='ltr'><strong>Spiritu</strong></span> <span class='ocrx_word' id='word_1_541' title='bbox 2616 1368 2976 1440; x_wconf 77' lang='lat' dir='ltr'><strong>fornicationis</strong></span> <span class='ocrx_word' id='word_1_542' title='bbox 2995 1366 3196 1422; x_wconf 84' lang='lat' dir='ltr'><strong>seducti</strong></span> <span class='ocrx_word' id='word_1_543' title='bbox 3217 1375 3340 1420; x_wconf 83' lang='lat' dir='ltr'><strong>sunt</strong></span> <span class='ocrx_word' id='word_1_544' title='bbox 3363 1365 3553 1436; x_wconf 82' lang='lat' dir='ltr'><strong>(Judic.</strong></span> <span class='ocrx_word' id='word_1_545' title='bbox 3576 1381 3638 1431; x_wconf 87' lang='lat' dir='ltr'><strong>n;</strong></span> <span class='ocrx_word' id='word_1_546' title='bbox 3659 1365 3796 1420; x_wconf 64' lang='lat' dir='ltr'><strong>Bacch.</strong></span> 
     </span>
    </p>
   </div>
   <div class='ocr_carea' id='block_1_73' title="bbox 2283 1457 3800 1534">
    <p class='ocr_par' dir='ltr' id='par_1_73' title="bbox 2283 1457 3800 1534">
     <span class='ocr_line' id='line_1_73' title="bbox 2283 1457 3800 1534; baseline -0.007 -14"><span class='ocrx_word' id='word_1_547' title='bbox 2283 1481 2418 1520; x_wconf 67' lang='grc' dir='ltr'><strong>χχιιι</strong></span> <span class='ocrx_word' id='word_1_548' title='bbox 2429 1506 2443 1531; x_wconf 87' lang='grc'><em>,</em></span> <span class='ocrx_word' id='word_1_549' title='bbox 2458 1474 2504 1518; x_wconf 84' lang='lat' dir='ltr'><strong>et</strong></span> <span class='ocrx_word' id='word_1_550' title='bbox 2522 1462 2692 1534; x_wconf 85' lang='lat' dir='ltr'><strong>alibi).</strong></span> <span class='ocrx_word' id='word_1_551' title='bbox 2710 1462 2894 1520; x_wconf 89' lang='lat' dir='ltr'><strong>Potest</strong></span> <span class='ocrx_word' id='word_1_552' title='bbox 2909 1461 3092 1530; x_wconf 87' lang='lat' dir='ltr'><strong>itaque</strong></span> <span class='ocrx_word' id='word_1_553' title='bbox 3113 1457 3403 1514; x_wconf 80' lang='lat' dir='ltr'><strong>fornicatio</strong></span> <span class='ocrx_word' id='word_1_554' title='bbox 3418 1465 3471 1512; x_wconf 89' lang='lat' dir='ltr'><strong>et</strong></span> <span class='ocrx_word' id='word_1_555' title='bbox 3485 1471 3628 1526; x_wconf 88' lang='lat' dir='ltr'><strong>super</strong></span> <span class='ocrx_word' id='word_1_556' title='bbox 3643 1457 3800 1513; x_wconf 76' lang='lat' dir='ltr'><strong>idolola-</strong></span> 
     </span>
    </p>
   </div>
   <div class='ocr_carea' id='block_1_74' title="bbox 2286 1551 3794 1626">
    <p class='ocr_par' dir='ltr' id='par_1_74' title="bbox 2286 1551 3794 1626">
     <span class='ocr_line' id='line_1_74' title="bbox 2286 1551 3794 1626; baseline -0.005 -14"><span class='ocrx_word' id='word_1_557' title='bbox 2286 1559 2388 1613; x_wconf 88' lang='lat' dir='ltr'><strong>tria</strong></span> <span class='ocrx_word' id='word_1_558' title='bbox 2404 1556 2658 1626; x_wconf 82' lang='lat' dir='ltr'><strong>intelligi;</strong></span> <span class='ocrx_word' id='word_1_559' title='bbox 2685 1556 2765 1611; x_wconf 93' lang='lat' dir='ltr'><strong>sin</strong></span> <span class='ocrx_word' id='word_1_560' title='bbox 2788 1570 2919 1610; x_wconf 90' lang='lat' dir='ltr'><strong>vero</strong></span> <span class='ocrx_word' id='word_1_561' title='bbox 2941 1569 3137 1608; x_wconf 86' lang='lat' dir='ltr'><strong>avarus</strong></span> <span class='ocrx_word' id='word_1_562' title='bbox 3162 1551 3254 1607; x_wconf 91' lang='lat' dir='ltr'><strong>ille</strong></span> <span class='ocrx_word' id='word_1_563' title='bbox 3283 1551 3556 1622; x_wconf 88' lang='lat' dir='ltr'><strong>accipitur,</strong></span> <span class='ocrx_word' id='word_1_564' title='bbox 3582 1551 3662 1620; x_wconf 89' lang='lat' dir='ltr'><strong>qui</strong></span> <span class='ocrx_word' id='word_1_565' title='bbox 3679 1566 3794 1621; x_wconf 82' lang='lat' dir='ltr'><strong>pecu-</strong></span> 
     </span>
    </p>
   </div>
   <div class='ocr_carea' id='block_1_75' title="bbox 2285 1643 3796 1720">
    <p class='ocr_par' dir='ltr' id='par_1_75' title="bbox 2285 1643 3796 1720">
     <span class='ocr_line' id='line_1_75' title="bbox 2285 1643 3796 1720; baseline -0.007 -13"><span class='ocrx_word' id='word_1_566' title='bbox 2285 1653 2430 1707; x_wconf 89' lang='lat' dir='ltr'><strong>niam</strong></span> <span class='ocrx_word' id='word_1_567' title='bbox 2448 1662 2720 1720; x_wconf 89' lang='lat' dir='ltr'><strong>utcunque</strong></span> <span class='ocrx_word' id='word_1_568' title='bbox 2733 1648 3060 1717; x_wconf 90' lang='lat' dir='ltr'><strong>conquirens</strong></span> <span class='ocrx_word' id='word_1_569' title='bbox 3075 1662 3330 1701; x_wconf 90' lang='lat' dir='ltr'><strong>nummos</strong></span> <span class='ocrx_word' id='word_1_570' title='bbox 3345 1661 3440 1714; x_wconf 90' lang='lat' dir='ltr'><strong>per</strong></span> <span class='ocrx_word' id='word_1_571' title='bbox 3460 1643 3536 1699; x_wconf 83' lang='lat' dir='ltr'><strong>fas</strong></span> <span class='ocrx_word' id='word_1_572' title='bbox 3547 1643 3796 1700; x_wconf 79' lang='lat' dir='ltr'><strong>etnelaslia-</strong></span> 
     </span>
    </p>
   </div>
   <div class='ocr_carea' id='block_1_76' title="bbox 2285 1735 3795 1812">
    <p class='ocr_par' dir='ltr' id='par_1_76' title="bbox 2285 1735 3795 1812">
     <span class='ocr_line' id='line_1_76' title="bbox 2285 1735 3795 1812; baseline -0.01 -12"><span class='ocrx_word' id='word_1_573' title='bbox 2285 1745 2414 1800; x_wconf 91' lang='lat' dir='ltr'><strong>bere</strong></span> <span class='ocrx_word' id='word_1_574' title='bbox 2426 1743 2716 1808; x_wconf 88' lang='lat' dir='ltr'><strong>desiderat,</strong></span> <span class='ocrx_word' id='word_1_575' title='bbox 2735 1750 2789 1796; x_wconf 92' lang='lat' dir='ltr'><strong>et</strong></span> <span class='ocrx_word' id='word_1_576' title='bbox 2801 1742 2961 1812; x_wconf 87' lang='lat' dir='ltr'><strong>pleno</strong></span> <span class='ocrx_word' id='word_1_577' title='bbox 2973 1739 3190 1794; x_wconf 90' lang='lat' dir='ltr'><strong>sacculo</strong></span> <span class='ocrx_word' id='word_1_578' title='bbox 3209 1738 3521 1801; x_wconf 88' lang='lat' dir='ltr'><strong>delectatur,</strong></span> <span class='ocrx_word' id='word_1_579' title='bbox 3537 1737 3625 1791; x_wconf 90' lang='lat' dir='ltr'><strong>iste</strong></span> <span class='ocrx_word' id='word_1_580' title='bbox 3638 1735 3795 1789; x_wconf 79' lang='lat' dir='ltr'><strong>idolola-</strong></span> 
     </span>
    </p>
   </div>
   <div class='ocr_carea' id='block_1_77' title="bbox 2210 1824 3796 1904">
    <p class='ocr_par' dir='ltr' id='par_1_77' title="bbox 2210 1824 3796 1904">
     <span class='ocr_line' id='line_1_77' title="bbox 2210 1824 3796 1904; baseline -0.01 -11"><span class='ocrx_word' id='word_1_581' title='bbox 2210 1824 2258 1884; x_wconf 84' lang='lat' dir='ltr'><strong>B</strong></span> <span class='ocrx_word' id='word_1_582' title='bbox 2287 1847 2370 1892; x_wconf 88' lang='lat' dir='ltr'><strong>tra</strong></span> <span class='ocrx_word' id='word_1_583' title='bbox 2395 1837 2448 1892; x_wconf 90' lang='lat' dir='ltr'><strong>in</strong></span> <span class='ocrx_word' id='word_1_584' title='bbox 2483 1851 2548 1890; x_wconf 90' lang='lat' dir='ltr'><strong>eo</strong></span> <span class='ocrx_word' id='word_1_585' title='bbox 2579 1844 2682 1900; x_wconf 89' lang='lat' dir='ltr'><strong>est,</strong></span> <span class='ocrx_word' id='word_1_586' title='bbox 2709 1834 2836 1904; x_wconf 91' lang='lat' dir='ltr'><strong>quia</strong></span> <span class='ocrx_word' id='word_1_587' title='bbox 2859 1832 3195 1902; x_wconf 85' lang='lat' dir='ltr'><strong>sculpturam</strong></span> <span class='ocrx_word' id='word_1_588' title='bbox 3224 1830 3390 1901; x_wconf 89' lang='lat' dir='ltr'><strong>ipsius</strong></span> <span class='ocrx_word' id='word_1_589' title='bbox 3413 1827 3602 1882; x_wconf 92' lang='lat' dir='ltr'><strong>nummi</strong></span> <span class='ocrx_word' id='word_1_590' title='bbox 3627 1825 3741 1889; x_wconf 82' lang='lat' dir='ltr'><strong>colit,</strong></span> <span class='ocrx_word' id='word_1_591' title='bbox 3757 1833 3796 1896; x_wconf 70' lang='lat' dir='ltr'><strong>et</strong></span> 
     </span>
    </p>
   </div>
   <div class='ocr_carea' id='block_1_78' title="bbox 2286 1915 3793 1984">
    <p class='ocr_par' dir='ltr' id='par_1_78' title="bbox 2286 1915 3793 1984">
     <span class='ocr_line' id='line_1_78' title="bbox 2286 1915 3793 1984; baseline -0.013 0"><span class='ocrx_word' id='word_1_592' title='bbox 2286 1927 2588 1984; x_wconf 88' lang='lat' dir='ltr'><strong>idololatria</strong></span> <span class='ocrx_word' id='word_1_593' title='bbox 2608 1927 2663 1980; x_wconf 91' lang='lat' dir='ltr'><strong>in</strong></span> <span class='ocrx_word' id='word_1_594' title='bbox 2681 1925 2761 1980; x_wconf 91' lang='lat' dir='ltr'><strong>eis</strong></span> <span class='ocrx_word' id='word_1_595' title='bbox 2781 1924 2971 1979; x_wconf 66' lang='lat' dir='ltr'><strong>caelata</strong></span> <span class='ocrx_word' id='word_1_596' title='bbox 3003 1930 3328 1984; x_wconf 84' lang='lat' dir='ltr'><strong>veneratur;</strong></span> <span class='ocrx_word' id='word_1_597' title='bbox 3356 1929 3414 1974; x_wconf 91' lang='lat' dir='ltr'><strong>ut</strong></span> <span class='ocrx_word' id='word_1_598' title='bbox 3445 1917 3683 1973; x_wconf 86' lang='lat' dir='ltr'><strong>voracium</strong></span> <span class='ocrx_word' id='word_1_599' title='bbox 3704 1915 3793 1967; x_wconf 83' lang='lat' dir='ltr'><strong>deus</strong></span> 
     </span>
    </p>
   </div>
   <div class='ocr_carea' id='block_1_79' title="bbox 2283 2005 3794 2086">
    <p class='ocr_par' dir='ltr' id='par_1_79' title="bbox 2283 2005 3794 2086">
     <span class='ocr_line' id='line_1_79' title="bbox 2283 2005 3794 2086; baseline -0.012 -12"><span class='ocrx_word' id='word_1_600' title='bbox 2283 2030 2473 2075; x_wconf 90' lang='lat' dir='ltr'><strong>venter</strong></span> <span class='ocrx_word' id='word_1_601' title='bbox 2492 2028 2592 2080; x_wconf 88' lang='lat' dir='ltr'><strong>est,</strong></span> <span class='ocrx_word' id='word_1_602' title='bbox 2622 2018 2696 2072; x_wconf 87' lang='lat' dir='ltr'><strong>ita</strong></span> <span class='ocrx_word' id='word_1_603' title='bbox 2729 2015 3050 2086; x_wconf 86' lang='lat' dir='ltr'><strong>cupidorum</strong></span> <span class='ocrx_word' id='word_1_604' title='bbox 3072 2029 3290 2083; x_wconf 87' lang='lat' dir='ltr'><strong>quoque</strong></span> <span class='ocrx_word' id='word_1_605' title='bbox 3308 2010 3594 2079; x_wconf 87' lang='lat' dir='ltr'><strong>jnstissime</strong></span> <span class='ocrx_word' id='word_1_606' title='bbox 3627 2005 3794 2077; x_wconf 78' lang='lat' dir='ltr'><strong>pecunia</strong></span> 
     </span>
    </p>
   </div>
   <div class='ocr_carea' id='block_1_80' title="bbox 2284 2101 3795 2188">
    <p class='ocr_par' dir='ltr' id='par_1_80' title="bbox 2284 2101 3795 2188">
     <span class='ocr_line' id='line_1_80' title="bbox 2284 2101 3795 2188; baseline -0.013 -16"><span class='ocrx_word' id='word_1_607' title='bbox 2284 2119 2417 2174; x_wconf 83' lang='lat' dir='ltr'><strong>deus</strong></span> <span class='ocrx_word' id='word_1_608' title='bbox 2430 2117 2532 2171; x_wconf 93' lang='lat' dir='ltr'><strong>dici</strong></span> <span class='ocrx_word' id='word_1_609' title='bbox 2548 2122 2751 2188; x_wconf 89' lang='lat' dir='ltr'><strong>potest;</strong></span> <span class='ocrx_word' id='word_1_610' title='bbox 2769 2113 3004 2168; x_wconf 74' lang='lat' dir='ltr'><strong>maxime</strong></span> <span class='ocrx_word' id='word_1_611' title='bbox 3017 2111 3162 2180; x_wconf 92' lang='lat' dir='ltr'><strong>quod</strong></span> <span class='ocrx_word' id='word_1_612' title='bbox 3178 2110 3232 2164; x_wconf 92' lang='lat' dir='ltr'><strong>in</strong></span> <span class='ocrx_word' id='word_1_613' title='bbox 3247 2107 3353 2163; x_wconf 92' lang='lat' dir='ltr'><strong>alio</strong></span> <span class='ocrx_word' id='word_1_614' title='bbox 3369 2101 3795 2174; x_wconf 76' lang='lat' dir='ltr'><strong>locoApostolusc-u-</strong></span> 
     </span>
    </p>
   </div>
   <div class='ocr_carea' id='block_1_81' title="bbox 2284 2192 3794 2282">
    <p class='ocr_par' dir='ltr' id='par_1_81' title="bbox 2284 2192 3794 2282">
     <span class='ocr_line' id='line_1_81' title="bbox 2284 2192 3794 2282; baseline -0.015 -16"><span class='ocrx_word' id='word_1_615' title='bbox 2284 2212 2562 2282; x_wconf 86' lang='lat' dir='ltr'><strong>piditatem</strong></span> <span class='ocrx_word' id='word_1_616' title='bbox 2598 2208 2960 2264; x_wconf 87' lang='lat' dir='ltr'><strong>idololatriam</strong></span> <span class='ocrx_word' id='word_1_617' title='bbox 2985 2212 3158 2258; x_wconf 85' lang='lat' dir='ltr'><strong>vocet.</strong></span> <span class='ocrx_word' id='word_1_618' title='bbox 3191 2203 3272 2256; x_wconf 84' lang='lat' dir='ltr'><strong>Ad</strong></span> <span class='ocrx_word' id='word_1_619' title='bbox 3301 2202 3412 2256; x_wconf 70' lang='lat' dir='ltr'><strong>haec</strong></span> <span class='ocrx_word' id='word_1_620' title='bbox 3439 2196 3692 2253; x_wconf 87' lang='lat' dir='ltr'><strong>videndum</strong></span> <span class='ocrx_word' id='word_1_621' title='bbox 3709 2192 3794 2261; x_wconf 83' lang='lat' dir='ltr'><strong>quid</strong></span> 
     </span>
    </p>
   </div>
   <div class='ocr_carea' id='block_1_82' title="bbox 2285 2286 3790 2365">
    <p class='ocr_par' dir='ltr' id='par_1_82' title="bbox 2285 2286 3790 2365">
     <span class='ocr_line' id='line_1_82' title="bbox 2285 2286 3790 2365; baseline -0.017 -2"><span class='ocrx_word' id='word_1_622' title='bbox 2285 2307 2486 2363; x_wconf 85' lang='lat' dir='ltr'><strong>sentire</strong></span> <span class='ocrx_word' id='word_1_623' title='bbox 2508 2302 2739 2360; x_wconf 84' lang='lat' dir='ltr'><strong>voluerit</strong></span> <span class='ocrx_word' id='word_1_624' title='bbox 2759 2302 2967 2364; x_wconf 91' lang='lat' dir='ltr'><strong>dicens,</strong></span> <span class='ocrx_word' id='word_1_625' title='bbox 2989 2299 3044 2352; x_wconf 85' lang='lat' dir='ltr'><strong>in</strong></span> <span class='ocrx_word' id='word_1_626' title='bbox 3065 2295 3270 2352; x_wconf 81' lang='lat' dir='ltr'><strong>Christi</strong></span> <span class='ocrx_word' id='word_1_627' title='bbox 3296 2311 3380 2365; x_wconf 86' lang='lat' dir='ltr'><strong>reg</strong></span> <span class='ocrx_word' id='word_1_628' title='bbox 3391 2309 3454 2347; x_wconf 86' lang='lat' dir='ltr'><strong>no</strong></span> <span class='ocrx_word' id='word_1_629' title='bbox 3473 2301 3516 2346; x_wconf 85' lang='lat' dir='ltr'><strong>et</strong></span> <span class='ocrx_word' id='word_1_630' title='bbox 3537 2289 3638 2344; x_wconf 84' lang='lat' dir='ltr'><strong>Dei.</strong></span> <span class='ocrx_word' id='word_1_631' title='bbox 3657 2286 3790 2342; x_wconf 81' lang='lat' dir='ltr'><strong>Utrum</strong></span> 
     </span>
    </p>
   </div>
   <div class='ocr_carea' id='block_1_83' title="bbox 2284 2380 3794 2465">
    <p class='ocr_par' dir='ltr' id='par_1_83' title="bbox 2284 2380 3794 2465">
     <span class='ocr_line' id='line_1_83' title="bbox 2284 2380 3794 2465; baseline -0.017 -14"><span class='ocrx_word' id='word_1_632' title='bbox 2284 2396 2427 2451; x_wconf 91' lang='lat' dir='ltr'><strong>aliud</strong></span> <span class='ocrx_word' id='word_1_633' title='bbox 2453 2408 2674 2465; x_wconf 88' lang='lat' dir='ltr'><strong>regnum</strong></span> <span class='ocrx_word' id='word_1_634' title='bbox 2705 2389 2909 2447; x_wconf 87' lang='lat' dir='ltr'><strong>Christi</strong></span> <span class='ocrx_word' id='word_1_635' title='bbox 2933 2399 2987 2443; x_wconf 91' lang='lat' dir='ltr'><strong>et</strong></span> <span class='ocrx_word' id='word_1_636' title='bbox 3021 2387 3165 2442; x_wconf 90' lang='lat' dir='ltr'><strong>aliud</strong></span> <span class='ocrx_word' id='word_1_637' title='bbox 3201 2385 3334 2440; x_wconf 88' lang='lat' dir='ltr'><strong>Dei?</strong></span> <span class='ocrx_word' id='word_1_638' title='bbox 3363 2399 3427 2437; x_wconf 91' lang='lat' dir='ltr'><strong>an</strong></span> <span class='ocrx_word' id='word_1_639' title='bbox 3469 2380 3596 2435; x_wconf 90' lang='lat' dir='ltr'><strong>idem</strong></span> <span class='ocrx_word' id='word_1_640' title='bbox 3632 2389 3794 2446; x_wconf 79' lang='lat' dir='ltr'><strong>regnum</strong></span> 
     </span>
    </p>
   </div>
   <div class='ocr_carea' id='block_1_84' title="bbox 2287 2465 3793 2552">
    <p class='ocr_par' dir='ltr' id='par_1_84' title="bbox 2287 2465 3793 2552">
     <span class='ocr_line' id='line_1_84' title="bbox 2287 2465 3793 2552; baseline -0.017 -8"><span class='ocrx_word' id='word_1_641' title='bbox 2287 2490 2353 2545; x_wconf 90' lang='lat' dir='ltr'><strong>sit</strong></span> <span class='ocrx_word' id='word_1_642' title='bbox 2380 2487 2558 2542; x_wconf 82' lang='lat' dir='ltr'><strong>Patris</strong></span> <span class='ocrx_word' id='word_1_643' title='bbox 2578 2494 2633 2541; x_wconf 92' lang='lat' dir='ltr'><strong>et</strong></span> <span class='ocrx_word' id='word_1_644' title='bbox 2661 2483 2819 2539; x_wconf 89' lang='lat' dir='ltr'><strong>Filii?</strong></span> <span class='ocrx_word' id='word_1_645' title='bbox 2842 2491 2896 2536; x_wconf 90' lang='lat' dir='ltr'><strong>et</strong></span> <span class='ocrx_word' id='word_1_646' title='bbox 2921 2481 3188 2552; x_wconf 90' lang='lat' dir='ltr'><strong>siquidem</strong></span> <span class='ocrx_word' id='word_1_647' title='bbox 3215 2477 3458 2540; x_wconf 84' lang='lat' dir='ltr'><strong>dixisset,</strong></span> <span class='ocrx_word' id='word_1_648' title='bbox 3483 2474 3532 2528; x_wconf 92' lang='lat' dir='ltr'><strong>in</strong></span> <span class='ocrx_word' id='word_1_649' title='bbox 3558 2484 3692 2541; x_wconf 86' lang='lat' dir='ltr'><strong>regno</strong></span> <span class='ocrx_word' id='word_1_650' title='bbox 3713 2465 3793 2519; x_wconf 86' lang='lat' dir='ltr'><strong>Filii</strong></span> 
     </span>
    </p>
   </div>
   <div class='ocr_carea' id='block_1_85' title="bbox 2285 2557 3794 2648">
    <p class='ocr_par' dir='ltr' id='par_1_85' title="bbox 2285 2557 3794 2648">
     <span class='ocr_line' id='line_1_85' title="bbox 2285 2557 3794 2648; baseline -0.017 -12"><span class='ocrx_word' id='word_1_651' title='bbox 2285 2593 2340 2636; x_wconf 90' lang='lat' dir='ltr'><strong>et</strong></span> <span class='ocrx_word' id='word_1_652' title='bbox 2365 2580 2566 2645; x_wconf 90' lang='lat' dir='ltr'><strong>Patris,</strong></span> <span class='ocrx_word' id='word_1_653' title='bbox 2592 2593 2690 2648; x_wconf 89' lang='lat' dir='ltr'><strong>per</strong></span> <span class='ocrx_word' id='word_1_654' title='bbox 2713 2575 2913 2632; x_wconf 86' lang='lat' dir='ltr'><strong>Filium</strong></span> <span class='ocrx_word' id='word_1_655' title='bbox 2953 2573 3268 2628; x_wconf 90' lang='lat' dir='ltr'><strong>veniremus</strong></span> <span class='ocrx_word' id='word_1_656' title='bbox 3297 2570 3363 2623; x_wconf 90' lang='lat' dir='ltr'><strong>ad</strong></span> <span class='ocrx_word' id='word_1_657' title='bbox 3393 2567 3609 2621; x_wconf 87' lang='lat' dir='ltr'><strong>Patrem.</strong></span> <span class='ocrx_word' id='word_1_658' title='bbox 3641 2559 3692 2615; x_wconf 83' lang='lat' dir='ltr'><strong>Et</strong></span> <span class='ocrx_word' id='word_1_659' title='bbox 3710 2557 3794 2611; x_wconf 82' lang='lat' dir='ltr'><strong>licet</strong></span> 
     </span>
    </p>
   </div>
   <div class='ocr_carea' id='block_1_86' title="bbox 2285 2650 3792 2739">
    <p class='ocr_par' dir='ltr' id='par_1_86' title="bbox 2285 2650 3792 2739">
     <span class='ocr_line' id='line_1_86' title="bbox 2285 2650 3792 2739; baseline -0.02 -10"><span class='ocrx_word' id='word_1_660' title='bbox 2285 2682 2429 2729; x_wconf 89' lang='lat' dir='ltr'><strong>esset</strong></span> <span class='ocrx_word' id='word_1_661' title='bbox 2457 2670 2742 2727; x_wconf 88' lang='lat' dir='ltr'><strong>diversitas</strong></span> <span class='ocrx_word' id='word_1_662' title='bbox 2769 2680 3146 2739; x_wconf 86' lang='lat' dir='ltr'><strong>personarum,</strong></span> <span class='ocrx_word' id='word_1_663' title='bbox 3168 2672 3353 2718; x_wconf 87' lang='lat' dir='ltr'><strong>tamen</strong></span> <span class='ocrx_word' id='word_1_664' title='bbox 3371 2666 3507 2715; x_wconf 88' lang='lat' dir='ltr'><strong>esset</strong></span> <span class='ocrx_word' id='word_1_665' title='bbox 3535 2650 3792 2724; x_wconf 81' lang='lat' dir='ltr'><strong>regnantium</strong></span> 
     </span>
    </p>
   </div>
   <div class='ocr_carea' id='block_1_87' title="bbox 2286 2740 3794 2835">
    <p class='ocr_par' dir='ltr' id='par_1_87' title="bbox 2286 2740 3794 2835">
     <span class='ocr_line' id='line_1_87' title="bbox 2286 2740 3794 2835; baseline -0.019 -14"><span class='ocrx_word' id='word_1_666' title='bbox 2286 2783 2392 2822; x_wconf 86' lang='lat' dir='ltr'><strong>una</strong></span> <span class='ocrx_word' id='word_1_667' title='bbox 2415 2765 2668 2835; x_wconf 84' lang='lat' dir='ltr'><strong>majestas</strong></span> <span class='ocrx_word' id='word_1_668' title='bbox 2693 2781 2705 2816; x_wconf 93' lang='lat'>:</span> <span class='ocrx_word' id='word_1_669' title='bbox 2738 2771 2864 2816; x_wconf 89' lang='lat' dir='ltr'><strong>tunc</strong></span> <span class='ocrx_word' id='word_1_670' title='bbox 2887 2775 3017 2815; x_wconf 89' lang='lat' dir='ltr'><strong>vero</strong></span> <span class='ocrx_word' id='word_1_671' title='bbox 3052 2773 3178 2814; x_wconf 87' lang='lat' dir='ltr'><strong>cum</strong></span> <span class='ocrx_word' id='word_1_672' title='bbox 3214 2754 3427 2818; x_wconf 85' lang='lat' dir='ltr'><strong>dixerit,</strong></span> <span class='ocrx_word' id='word_1_673' title='bbox 3457 2754 3509 2806; x_wconf 86' lang='lat' dir='ltr'><strong>in</strong></span> <span class='ocrx_word' id='word_1_674' title='bbox 3541 2763 3670 2818; x_wconf 82' lang='lat' dir='ltr'><strong>regno</strong></span> <span class='ocrx_word' id='word_1_675' title='bbox 3695 2740 3794 2796; x_wconf 77' lang='lat' dir='ltr'><strong>Citri-</strong></span> 
     </span>
    </p>
   </div>
   <div class='ocr_carea' id='block_1_88' title="bbox 2287 2839 3792 2926">
    <p class='ocr_par' dir='ltr' id='par_1_88' title="bbox 2287 2839 3792 2926">
     <span class='ocr_line' id='line_1_88' title="bbox 2287 2839 3792 2926; baseline -0.02 -11"><span class='ocrx_word' id='word_1_676' title='bbox 2287 2861 2355 2915; x_wconf 85' lang='lat' dir='ltr'><strong>sti</strong></span> <span class='ocrx_word' id='word_1_677' title='bbox 2383 2868 2430 2913; x_wconf 88' lang='lat' dir='ltr'><strong>et</strong></span> <span class='ocrx_word' id='word_1_678' title='bbox 2460 2858 2598 2923; x_wconf 84' lang='lat' dir='ltr'><strong>Dei,</strong></span> <span class='ocrx_word' id='word_1_679' title='bbox 2651 2856 2824 2926; x_wconf 89' lang='lat' dir='ltr'><strong>ipsum</strong></span> <span class='ocrx_word' id='word_1_680' title='bbox 2869 2853 3040 2908; x_wconf 92' lang='lat' dir='ltr'><strong>Deum</strong></span> <span class='ocrx_word' id='word_1_681' title='bbox 3085 2859 3140 2908; x_wconf 89' lang='lat' dir='ltr'><strong>et</strong></span> <span class='ocrx_word' id='word_1_682' title='bbox 3189 2849 3460 2905; x_wconf 87' lang='lat' dir='ltr'><strong>Christum</strong></span> <span class='ocrx_word' id='word_1_683' title='bbox 3494 2839 3792 2926; x_wconf 64' lang='lat' dir='ltr'><strong>intelligamus,</strong></span> 
     </span>
    </p>
   </div>
   <div class='ocr_carea' id='block_1_89' title="bbox 2285 2921 3792 3025">
    <p class='ocr_par' dir='ltr' id='par_1_89' title="bbox 2285 2921 3792 3025">
     <span class='ocr_line' id='line_1_89' title="bbox 2285 2921 3792 3025; baseline -0.018 -17"><span class='ocrx_word' id='word_1_684' title='bbox 2285 2955 2412 3025; x_wconf 91' lang='lat' dir='ltr'><strong>quia</strong></span> <span class='ocrx_word' id='word_1_685' title='bbox 2442 2962 2497 3008; x_wconf 89' lang='lat' dir='ltr'><strong>et</strong></span> <span class='ocrx_word' id='word_1_686' title='bbox 2523 2921 2643 3006; x_wconf 75' lang='lat' dir='ltr'><strong>cum</strong></span> <span class='ocrx_word' id='word_1_687' title='bbox 2672 2921 2960 3004; x_wconf 72' lang='lat' dir='ltr'><strong>tradiderit</strong></span> <span class='ocrx_word' id='word_1_688' title='bbox 2992 2959 3214 3015; x_wconf 82' lang='lat' dir='ltr'><strong>regnum</strong></span> <span class='ocrx_word' id='word_1_689' title='bbox 3243 2941 3350 2994; x_wconf 89' lang='lat' dir='ltr'><strong>Deo</strong></span> <span class='ocrx_word' id='word_1_690' title='bbox 3373 2946 3419 2992; x_wconf 89' lang='lat' dir='ltr'><strong>et</strong></span> <span class='ocrx_word' id='word_1_691' title='bbox 3442 2932 3600 2996; x_wconf 85' lang='lat' dir='ltr'><strong>Patri,</strong></span> <span class='ocrx_word' id='word_1_692' title='bbox 3626 2921 3792 3025; x_wconf 66' lang='lat' dir='ltr'><strong>nouerit</strong></span> 
     </span>
    </p>
   </div>
   <div class='ocr_carea' id='block_1_90' title="bbox 2283 3015 3792 3110">
    <p class='ocr_par' dir='ltr' id='par_1_90' title="bbox 2283 3015 3792 3110">
     <span class='ocr_line' id='line_1_90' title="bbox 2283 3015 3792 3110; baseline -0.021 -10"><span class='ocrx_word' id='word_1_693' title='bbox 2283 3015 2446 3100; x_wconf 79' lang='lat' dir='ltr'><strong>Pater</strong></span> <span class='ocrx_word' id='word_1_694' title='bbox 2469 3041 2651 3098; x_wconf 90' lang='lat' dir='ltr'><strong>omnia</strong></span> <span class='ocrx_word' id='word_1_695' title='bbox 2675 3041 2727 3095; x_wconf 93' lang='lat' dir='ltr'><strong>in</strong></span> <span class='ocrx_word' id='word_1_696' title='bbox 2751 3038 3022 3101; x_wconf 89' lang='lat' dir='ltr'><strong>omnibus,</strong></span> <span class='ocrx_word' id='word_1_697' title='bbox 3061 3034 3156 3090; x_wconf 87' lang='lat' dir='ltr'><strong>sed</strong></span> <span class='ocrx_word' id='word_1_698' title='bbox 3185 3032 3323 3086; x_wconf 84' lang='lat' dir='ltr'><strong>Deus</strong></span> <span class='ocrx_word' id='word_1_699' title='bbox 3342 3023 3574 3084; x_wconf 84' lang='lat' dir='ltr'><strong>omniain</strong></span> <span class='ocrx_word' id='word_1_700' title='bbox 3594 3015 3792 3110; x_wconf 47' lang='lat' dir='ltr'><strong>omnium;</strong></span> 
     </span>
    </p>
   </div>
   <div class='ocr_carea' id='block_1_91' title="bbox 2284 3103 3792 3194">
    <p class='ocr_par' dir='ltr' id='par_1_91' title="bbox 2284 3103 3792 3194">
     <span class='ocr_line' id='line_1_91' title="bbox 2284 3103 3792 3194; baseline -0.027 -1"><span class='ocrx_word' id='word_1_701' title='bbox 2284 3137 2376 3194; x_wconf 89' lang='lat' dir='ltr'><strong>ubi</strong></span> <span class='ocrx_word' id='word_1_702' title='bbox 2405 3145 2585 3190; x_wconf 90' lang='lat' dir='ltr'><strong>autem</strong></span> <span class='ocrx_word' id='word_1_703' title='bbox 2614 3133 2756 3187; x_wconf 90' lang='lat' dir='ltr'><strong>Deus</strong></span> <span class='ocrx_word' id='word_1_704' title='bbox 2784 3137 2891 3194; x_wconf 90' lang='lat' dir='ltr'><strong>est,</strong></span> <span class='ocrx_word' id='word_1_705' title='bbox 2928 3137 3040 3182; x_wconf 90' lang='lat' dir='ltr'><strong>tam</strong></span> <span class='ocrx_word' id='word_1_706' title='bbox 3063 3125 3253 3191; x_wconf 90' lang='lat' dir='ltr'><strong>Pater,</strong></span> <span class='ocrx_word' id='word_1_707' title='bbox 3271 3135 3430 3194; x_wconf 90' lang='lat' dir='ltr'><strong>quam</strong></span> <span class='ocrx_word' id='word_1_708' title='bbox 3460 3115 3611 3172; x_wconf 89' lang='lat' dir='ltr'><strong>Filius</strong></span> <span class='ocrx_word' id='word_1_709' title='bbox 3635 3103 3792 3172; x_wconf 73' lang='lat' dir='ltr'><strong>intelligi</strong></span> 
     </span>
    </p>
   </div>
   <div class='ocr_carea' id='block_1_92' title="bbox 2289 3197 3792 3300">
    <p class='ocr_par' dir='ltr' id='par_1_92' title="bbox 2289 3197 3792 3300">
     <span class='ocr_line' id='line_1_92' title="bbox 2289 3197 3792 3300; baseline -0.026 -16"><span class='ocrx_word' id='word_1_710' title='bbox 2289 3235 2485 3300; x_wconf 88' lang='lat' dir='ltr'><strong>potest.</strong></span> <span class='ocrx_word' id='word_1_711' title='bbox 2501 3225 2673 3281; x_wconf 89' lang='lat' dir='ltr'><strong>Porro</strong></span> <span class='ocrx_word' id='word_1_712' title='bbox 2684 3222 2826 3294; x_wconf 91' lang='lat' dir='ltr'><strong>quod</strong></span> <span class='ocrx_word' id='word_1_713' title='bbox 2843 3221 2909 3276; x_wconf 91' lang='lat' dir='ltr'><strong>de</strong></span> <span class='ocrx_word' id='word_1_714' title='bbox 2929 3219 3092 3273; x_wconf 87' lang='lat' dir='ltr'><strong>Patre</strong></span> <span class='ocrx_word' id='word_1_715' title='bbox 3117 3225 3172 3271; x_wconf 90' lang='lat' dir='ltr'><strong>et</strong></span> <span class='ocrx_word' id='word_1_716' title='bbox 3197 3215 3337 3270; x_wconf 87' lang='lat' dir='ltr'><strong>Filio</strong></span> <span class='ocrx_word' id='word_1_717' title='bbox 3356 3211 3584 3271; x_wconf 88' lang='lat' dir='ltr'><strong>dicimus,</strong></span> <span class='ocrx_word' id='word_1_718' title='bbox 3597 3203 3682 3258; x_wconf 87' lang='lat' dir='ltr'><strong>hoc</strong></span> <span class='ocrx_word' id='word_1_719' title='bbox 3699 3197 3792 3296; x_wconf 79' lang='lat' dir='ltr'><strong>idem</strong></span> 
     </span>
    </p>
   </div>
   <div class='ocr_carea' id='block_1_93' title="bbox 2286 3299 3794 3390">
    <p class='ocr_par' dir='ltr' id='par_1_93' title="bbox 2286 3299 3794 3390">
     <span class='ocr_line' id='line_1_93' title="bbox 2286 3299 3794 3390; baseline -0.013 -15"><span class='ocrx_word' id='word_1_720' title='bbox 2286 3299 2342 3376; x_wconf 88' lang='lat' dir='ltr'><strong>et</strong></span> <span class='ocrx_word' id='word_1_721' title='bbox 2362 3319 2428 3374; x_wconf 90' lang='lat' dir='ltr'><strong>de</strong></span> <span class='ocrx_word' id='word_1_722' title='bbox 2442 3318 2645 3390; x_wconf 90' lang='lat' dir='ltr'><strong>Spiritu</strong></span> <span class='ocrx_word' id='word_1_723' title='bbox 2668 3325 2856 3371; x_wconf 89' lang='lat' dir='ltr'><strong>sancto</strong></span> <span class='ocrx_word' id='word_1_724' title='bbox 2875 3313 3196 3367; x_wconf 88' lang='lat' dir='ltr'><strong>sentiamus.</strong></span> <span class='ocrx_word' id='word_1_725' title='bbox 3217 3304 3400 3381; x_wconf 81' lang='lat' dir='ltr'><strong>(Aug.)</strong></span> <span class='ocrx_word' id='word_1_726' title='bbox 3417 3302 3703 3390; x_wconf 67' lang='lat' dir='ltr'><strong>Quaeroergo</strong></span> <span class='ocrx_word' id='word_1_727' title='bbox 3714 3299 3794 3386; x_wconf 66' lang='grc' dir='ltr'>ίῐωξ</span> 
     </span>
    </p>
   </div>
   <div class='ocr_carea' id='block_1_94' title="bbox 2287 3387 3794 3481">
    <p class='ocr_par' dir='ltr' id='par_1_94' title="bbox 2287 3387 3794 3481">
     <span class='ocr_line' id='line_1_94' title="bbox 2287 3387 3794 3481; baseline -0.021 -16"><span class='ocrx_word' id='word_1_728' title='bbox 2287 3387 2730 3481; x_wconf 67' lang='lat' dir='ltr'><strong>peccetgriivius,</strong></span> <span class='ocrx_word' id='word_1_729' title='bbox 2745 3407 2837 3476; x_wconf 90' lang='lat' dir='ltr'><strong>qui</strong></span> <span class='ocrx_word' id='word_1_730' title='bbox 2857 3403 3105 3460; x_wconf 89' lang='lat' dir='ltr'><strong>nesciens</strong></span> <span class='ocrx_word' id='word_1_731' title='bbox 3124 3400 3360 3456; x_wconf 83' lang='lat' dir='ltr'><strong>haeresin</strong></span> <span class='ocrx_word' id='word_1_732' title='bbox 3377 3387 3658 3450; x_wconf 87' lang='lat' dir='ltr'><strong>incurrerit,</strong></span> <span class='ocrx_word' id='word_1_733' title='bbox 3670 3391 3794 3481; x_wconf 91' lang='lat' dir='ltr'><strong>an</strong></span> 
     </span>
    </p>
   </div>
   <div class='ocr_carea' id='block_1_95' title="bbox 2289 3467 3793 3572">
    <p class='ocr_par' dir='ltr' id='par_1_95' title="bbox 2289 3467 3793 3572">
     <span class='ocr_line' id='line_1_95' title="bbox 2289 3467 3793 3572; baseline -0.017 -15"><span class='ocrx_word' id='word_1_734' title='bbox 2289 3502 2466 3557; x_wconf 87' lang='lat' dir='ltr'><strong>sciens</strong></span> <span class='ocrx_word' id='word_1_735' title='bbox 2492 3501 2561 3555; x_wconf 88' lang='lat' dir='ltr'><strong>ab</strong></span> <span class='ocrx_word' id='word_1_736' title='bbox 2610 3498 2862 3561; x_wconf 87' lang='lat' dir='ltr'><strong>avaritia,</strong></span> <span class='ocrx_word' id='word_1_737' title='bbox 2890 3495 2942 3550; x_wconf 94' lang='lat' dir='ltr'><strong>id</strong></span> <span class='ocrx_word' id='word_1_738' title='bbox 2977 3503 3062 3549; x_wconf 90' lang='lat' dir='ltr'><strong>est</strong></span> <span class='ocrx_word' id='word_1_739' title='bbox 3092 3489 3397 3549; x_wconf 88' lang='lat' dir='ltr'><strong>idololatria</strong></span> <span class='ocrx_word' id='word_1_740' title='bbox 3426 3500 3525 3542; x_wconf 89' lang='lat' dir='ltr'><strong>non</strong></span> <span class='ocrx_word' id='word_1_741' title='bbox 3551 3467 3793 3572; x_wconf 59' lang='lat' dir='ltr'><strong>recesserit?</strong></span> 
     </span>
    </p>
   </div>
   <div class='ocr_carea' id='block_1_96' title="bbox 2289 3568 3794 3662">
    <p class='ocr_par' dir='ltr' id='par_1_96' title="bbox 2289 3568 3794 3662">
     <span class='ocr_line' id='line_1_96' title="bbox 2289 3568 3794 3662; baseline -0.025 -11"><span class='ocrx_word' id='word_1_742' title='bbox 2289 3595 2582 3652; x_wconf 90' lang='lat' dir='ltr'><strong>secundum</strong></span> <span class='ocrx_word' id='word_1_743' title='bbox 2604 3592 2822 3662; x_wconf 86' lang='lat' dir='ltr'><strong>quidem</strong></span> <span class='ocrx_word' id='word_1_744' title='bbox 2841 3590 2986 3644; x_wconf 88' lang='lat' dir='ltr'><strong>illam</strong></span> <span class='ocrx_word' id='word_1_745' title='bbox 3005 3586 3189 3658; x_wconf 89' lang='lat' dir='ltr'><strong>regula</strong></span> <span class='ocrx_word' id='word_1_746' title='bbox 3199 3603 3276 3651; x_wconf 91' lang='lat' dir='ltr'><strong>m,</strong></span> <span class='ocrx_word' id='word_1_747' title='bbox 3290 3598 3394 3654; x_wconf 90' lang='lat' dir='ltr'><strong>qua</strong></span> <span class='ocrx_word' id='word_1_748' title='bbox 3409 3581 3611 3652; x_wconf 89' lang='lat' dir='ltr'><strong>peccata</strong></span> <span class='ocrx_word' id='word_1_749' title='bbox 3624 3568 3794 3662; x_wconf 58' lang='lat' dir='ltr'><strong>scientia</strong></span> 
     </span>
    </p>
   </div>
   <div class='ocr_carea' id='block_1_97' title="bbox 2286 3658 3794 3758">
    <p class='ocr_par' dir='ltr' id='par_1_97' title="bbox 2286 3658 3794 3758">
     <span class='ocr_line' id='line_1_97' title="bbox 2286 3658 3794 3758; baseline -0.027 -14"><span class='ocrx_word' id='word_1_750' title='bbox 2286 3683 2856 3758; x_wconf 69' lang='lat' dir='ltr'><strong>peccatisignorantiai</strong></span> <span class='ocrx_word' id='word_1_751' title='bbox 2876 3686 3286 3752; x_wconf 84' lang='lat' dir='ltr'><strong>praeponuntur,</strong></span> <span class='ocrx_word' id='word_1_752' title='bbox 3307 3686 3498 3730; x_wconf 88' lang='lat' dir='ltr'><strong>avarus</strong></span> <span class='ocrx_word' id='word_1_753' title='bbox 3509 3679 3615 3722; x_wconf 91' lang='lat' dir='ltr'><strong>cum</strong></span> <span class='ocrx_word' id='word_1_754' title='bbox 3635 3658 3794 3758; x_wconf 65' lang='lat' dir='ltr'><strong>scientia</strong></span> 
     </span>
    </p>
   </div>
   <div class='ocr_carea' id='block_1_98' title="bbox 2287 3752 3794 3844">
    <p class='ocr_par' dir='ltr' id='par_1_98' title="bbox 2287 3752 3794 3844">
     <span class='ocr_line' id='line_1_98' title="bbox 2287 3752 3794 3844; baseline -0.023 -11"><span class='ocrx_word' id='word_1_755' title='bbox 2287 3779 2460 3833; x_wconf 89' lang='lat' dir='ltr'><strong>vincit</strong></span> <span class='ocrx_word' id='word_1_756' title='bbox 2488 3778 2541 3831; x_wconf 90' lang='lat' dir='ltr'><strong>in</strong></span> <span class='ocrx_word' id='word_1_757' title='bbox 2597 3775 2836 3840; x_wconf 88' lang='lat' dir='ltr'><strong>scelere;</strong></span> <span class='ocrx_word' id='word_1_758' title='bbox 2873 3773 2969 3829; x_wconf 85' lang='lat' dir='ltr'><strong>sed</strong></span> <span class='ocrx_word' id='word_1_759' title='bbox 2994 3788 3063 3827; x_wconf 90' lang='lat' dir='ltr'><strong>ne</strong></span> <span class='ocrx_word' id='word_1_760' title='bbox 3105 3771 3250 3826; x_wconf 81' lang='lat' dir='ltr'><strong>forte</strong></span> <span class='ocrx_word' id='word_1_761' title='bbox 3279 3769 3383 3823; x_wconf 90' lang='lat' dir='ltr'><strong>hoc</strong></span> <span class='ocrx_word' id='word_1_762' title='bbox 3411 3761 3560 3818; x_wconf 78' lang='lat' dir='ltr'><strong>faciat</strong></span> <span class='ocrx_word' id='word_1_763' title='bbox 3586 3757 3630 3810; x_wconf 92' lang='lat' dir='ltr'><strong>in</strong></span> <span class='ocrx_word' id='word_1_764' title='bbox 3660 3752 3794 3844; x_wconf 60' lang='lat' dir='ltr'><strong>interest</strong></span> 
     </span>
    </p>
   </div>
   <div class='ocr_carea' id='block_1_99' title="bbox 2289 3843 3796 3941">
    <p class='ocr_par' dir='ltr' id='par_1_99' title="bbox 2289 3843 3796 3941">
     <span class='ocr_line' id='line_1_99' title="bbox 2289 3843 3796 3941; baseline -0.023 -13"><span class='ocrx_word' id='word_1_765' title='bbox 2289 3872 2507 3928; x_wconf 89' lang='lat' dir='ltr'><strong>sceleris</strong></span> <span class='ocrx_word' id='word_1_766' title='bbox 2521 3870 2688 3941; x_wconf 90' lang='lat' dir='ltr'><strong>ipsius</strong></span> <span class='ocrx_word' id='word_1_767' title='bbox 2701 3867 3034 3940; x_wconf 86' lang='lat' dir='ltr'><strong>magnitudo,</strong></span> <span class='ocrx_word' id='word_1_768' title='bbox 3049 3865 3194 3936; x_wconf 90' lang='lat' dir='ltr'><strong>quod</strong></span> <span class='ocrx_word' id='word_1_769' title='bbox 3214 3862 3344 3918; x_wconf 80' lang='lat' dir='ltr'><strong>facit</strong></span> <span class='ocrx_word' id='word_1_770' title='bbox 3355 3861 3406 3914; x_wconf 92' lang='lat' dir='ltr'><strong>in</strong></span> <span class='ocrx_word' id='word_1_771' title='bbox 3421 3848 3626 3911; x_wconf 87' lang='lat' dir='ltr'><strong>avaritia</strong></span> <span class='ocrx_word' id='word_1_772' title='bbox 3638 3843 3796 3899; x_wconf 75' lang='lat' dir='ltr'><strong>scientls</strong></span> 
     </span>
    </p>
   </div>
   <div class='ocr_carea' id='block_1_100' title="bbox 2289 3940 3791 4029">
    <p class='ocr_par' dir='ltr' id='par_1_100' title="bbox 2289 3940 3791 4029">
     <span class='ocr_line' id='line_1_100' title="bbox 2289 3940 3791 4029; baseline -0.023 -9"><span class='ocrx_word' id='word_1_773' title='bbox 2289 3940 2846 4028; x_wconf 24' lang='lat' dir='ltr'><strong>amissioihzereticus</strong></span> <span class='ocrx_word' id='word_1_774' title='bbox 2867 3950 3116 4014; x_wconf 86' lang='lat' dir='ltr'><strong>nesciens</strong></span> <span class='ocrx_word' id='word_1_775' title='bbox 3137 3971 3308 4011; x_wconf 86' lang='lat' dir='ltr'><strong>avaro</strong></span> <span class='ocrx_word' id='word_1_776' title='bbox 3330 3946 3512 4007; x_wconf 87' lang='lat' dir='ltr'><strong>scienti</strong></span> <span class='ocrx_word' id='word_1_777' title='bbox 3539 3940 3791 4029; x_wconf 67' lang='lat' dir='ltr'><strong>coaequctur.</strong></span> 
     </span>
    </p>
   </div>
   <div class='ocr_carea' id='block_1_101' title="bbox 2362 4032 3795 4117">
    <p class='ocr_par' dir='ltr' id='par_1_101' title="bbox 2362 4032 3795 4117">
     <span class='ocr_line' id='line_1_101' title="bbox 2362 4032 3795 4117; baseline -0.02 -8"><span class='ocrx_word' id='word_1_778' title='bbox 2362 4055 2530 4109; x_wconf 88' lang='lat' dir='ltr'><strong>Nemo</strong></span> <span class='ocrx_word' id='word_1_779' title='bbox 2555 4070 2644 4108; x_wconf 79' lang='lat' dir='ltr'><strong>vos</strong></span> <span class='ocrx_word' id='word_1_780' title='bbox 2679 4052 2894 4106; x_wconf 77' lang='lat' dir='ltr'><strong>sedum:</strong></span> <span class='ocrx_word' id='word_1_781' title='bbox 2941 4049 3189 4104; x_wconf 86' lang='lat' dir='ltr'><strong>inanibus</strong></span> <span class='ocrx_word' id='word_1_782' title='bbox 3234 4045 3421 4108; x_wconf 77' lang='lat' dir='ltr'><strong>verbis,</strong></span> <span class='ocrx_word' id='word_1_783' title='bbox 3450 4043 3684 4110; x_wconf 82' lang='lat' dir='ltr'><strong>propterea</strong></span> <span class='ocrx_word' id='word_1_784' title='bbox 3701 4032 3795 4117; x_wconf 27' lang='lat' dir='ltr'><strong>tu?”</strong></span> 
     </span>
    </p>
   </div>
   <div class='ocr_carea' id='block_1_102' title="bbox 2287 4111 3794 4212">
    <p class='ocr_par' dir='ltr' id='par_1_102' title="bbox 2287 4111 3794 4212">
     <span class='ocr_line' id='line_1_102' title="bbox 2287 4111 3794 4212; baseline -0.023 -9"><span class='ocrx_word' id='word_1_785' title='bbox 2287 4148 2424 4203; x_wconf 83' lang='lat' dir='ltr'><strong>venit</strong></span> <span class='ocrx_word' id='word_1_786' title='bbox 2455 4147 2537 4200; x_wconf 89' lang='lat' dir='ltr'><strong>ira</strong></span> <span class='ocrx_word' id='word_1_787' title='bbox 2561 4145 2656 4199; x_wconf 91' lang='lat' dir='ltr'><strong>Dei</strong></span> <span class='ocrx_word' id='word_1_788' title='bbox 2685 4145 2740 4198; x_wconf 85' lang='lat' dir='ltr'><strong>in</strong></span> <span class='ocrx_word' id='word_1_789' title='bbox 2778 4141 2916 4212; x_wconf 79' lang='lat' dir='ltr'><strong>ﬁlios</strong></span> <span class='ocrx_word' id='word_1_790' title='bbox 2961 4140 3265 4211; x_wconf 74' lang='lat' dir='ltr'><strong>diﬁidentiw</strong></span> <span class='ocrx_word' id='word_1_791' title='bbox 3292 4179 3308 4203; x_wconf 90' lang='lat'><strong>,</strong></span> <span class='ocrx_word' id='word_1_792' title='bbox 3349 4131 3500 4190; x_wconf 87' lang='lat' dir='ltr'><strong>nolite</strong></span> <span class='ocrx_word' id='word_1_793' title='bbox 3555 4136 3677 4212; x_wconf 79' lang='lat' dir='ltr'><strong>ergo</strong></span> <span class='ocrx_word' id='word_1_794' title='bbox 3707 4111 3794 4212; x_wconf 56' lang='grc' dir='ltr'><strong>ι’ᾔῖξί</strong></span> 
     </span>
    </p>
   </div>
   <div class='ocr_carea' id='block_1_103' title="bbox 2287 4205 3794 4312">
    <p class='ocr_par' dir='ltr' id='par_1_103' title="bbox 2287 4205 3794 4312">
     <span class='ocr_line' id='line_1_103' title="bbox 2287 4205 3794 4312; baseline -0.027 -17"><span class='ocrx_word' id='word_1_795' title='bbox 2287 4240 2566 4312; x_wconf 83' lang='lat' dir='ltr'><strong>participes</strong></span> <span class='ocrx_word' id='word_1_796' title='bbox 2595 4251 2797 4290; x_wconf 85' lang='lat' dir='ltr'><strong>eorum.</strong></span> <span class='ocrx_word' id='word_1_797' title='bbox 2818 4233 3046 4304; x_wconf 76' lang='lat' dir='ltr'><strong>(Ambr.)</strong></span> <span class='ocrx_word' id='word_1_798' title='bbox 3073 4232 3272 4287; x_wconf 87' lang='lat' dir='ltr'><strong>lnanes</strong></span> <span class='ocrx_word' id='word_1_799' title='bbox 3295 4233 3561 4284; x_wconf 90' lang='lat' dir='ltr'><strong>sermones</strong></span> <span class='ocrx_word' id='word_1_800' title='bbox 3580 4209 3680 4312; x_wconf 78' lang='lat' dir='ltr'><strong>vani</strong></span> <span class='ocrx_word' id='word_1_801' title='bbox 3695 4205 3794 4312; x_wconf 56' lang='lat' dir='ltr'><strong>sunt:</strong></span> 
     </span>
    </p>
   </div>
   <div class='ocr_carea' id='block_1_104' title="bbox 2288 4301 3794 4384">
    <p class='ocr_par' dir='ltr' id='par_1_104' title="bbox 2288 4301 3794 4384">
     <span class='ocr_line' id='line_1_104' title="bbox 2288 4301 3794 4384; baseline -0.01 0"><span class='ocrx_word' id='word_1_802' title='bbox 2288 4301 2502 4384; x_wconf 67' lang='lat' dir='ltr'><strong>vanitas</strong></span> <span class='ocrx_word' id='word_1_803' title='bbox 2533 4336 2712 4382; x_wconf 90' lang='lat' dir='ltr'><strong>autem</strong></span> <span class='ocrx_word' id='word_1_804' title='bbox 2748 4301 3256 4381; x_wconf 85' lang='lat' dir='ltr'><strong>idolorumcultura</strong></span> <span class='ocrx_word' id='word_1_805' title='bbox 3287 4326 3391 4382; x_wconf 88' lang='lat' dir='ltr'><strong>est,</strong></span> <span class='ocrx_word' id='word_1_806' title='bbox 3420 4326 3532 4383; x_wconf 70' lang='lat' dir='ltr'><strong>Quae</strong></span> <span class='ocrx_word' id='word_1_807' title='bbox 3551 4304 3703 4370; x_wconf 69' lang='grc' dir='ltr'><strong>ιιῑίίῐιισ3</strong></span> <span class='ocrx_word' id='word_1_808' title='bbox 3723 4301 3794 4345; x_wconf 81' lang='grc'>¹¹⁰¹¹</span> 
     </span>
    </p>
   </div>
   <div class='ocr_carea' id='block_1_105' title="bbox 2288 4394 3796 4484">
    <p class='ocr_par' dir='ltr' id='par_1_105' title="bbox 2288 4394 3796 4484">
     <span class='ocr_line' id='line_1_105' title="bbox 2288 4394 3796 4484; baseline -0.014 -6"><span class='ocrx_word' id='word_1_809' title='bbox 2288 4441 2356 4478; x_wconf 80' lang='lat' dir='ltr'><strong>ex</strong></span> <span class='ocrx_word' id='word_1_810' title='bbox 2386 4423 2497 4478; x_wconf 87' lang='lat' dir='ltr'><strong>Deo</strong></span> <span class='ocrx_word' id='word_1_811' title='bbox 2520 4419 2731 4475; x_wconf 90' lang='lat' dir='ltr'><strong>initium</strong></span> <span class='ocrx_word' id='word_1_812' title='bbox 2761 4419 2944 4483; x_wconf 90' lang='lat' dir='ltr'><strong>habet,</strong></span> <span class='ocrx_word' id='word_1_813' title='bbox 2973 4417 3067 4472; x_wconf 90' lang='lat' dir='ltr'><strong>sed</strong></span> <span class='ocrx_word' id='word_1_814' title='bbox 3095 4431 3164 4472; x_wconf 77' lang='lat' dir='ltr'><strong>ex</strong></span> <span class='ocrx_word' id='word_1_815' title='bbox 3189 4425 3398 4471; x_wconf 87' lang='lat' dir='ltr'><strong>errore.</strong></span> <span class='ocrx_word' id='word_1_816' title='bbox 3441 4406 3590 4461; x_wconf 84' lang='lat' dir='ltr'><strong>Docet</strong></span> <span class='ocrx_word' id='word_1_817' title='bbox 3619 4394 3796 4484; x_wconf 70' lang='grc' dir='ltr'><strong>ετεονξιθ</strong></span> 
     </span>
    </p>
   </div>
   <div class='ocr_carea' id='block_1_106' title="bbox 2290 4486 3795 4580">
    <p class='ocr_par' dir='ltr' id='par_1_106' title="bbox 2290 4486 3795 4580">
     <span class='ocr_line' id='line_1_106' title="bbox 2290 4486 3795 4580; baseline -0.029 -9"><span class='ocrx_word' id='word_1_818' title='bbox 2290 4516 2483 4570; x_wconf 88' lang='lat' dir='ltr'><strong>horum</strong></span> <span class='ocrx_word' id='word_1_819' title='bbox 2505 4512 2687 4567; x_wconf 90' lang='lat' dir='ltr'><strong>verbis</strong></span> <span class='ocrx_word' id='word_1_820' title='bbox 2713 4525 2969 4566; x_wconf 90' lang='lat' dir='ltr'><strong>assensus</strong></span> <span class='ocrx_word' id='word_1_821' title='bbox 2991 4507 3299 4580; x_wconf 66' lang='lat' dir='ltr'><strong>praebeatur</strong></span> <span class='ocrx_word' id='word_1_822' title='bbox 3324 4523 3338 4559; x_wconf 89' lang='lat'><strong>:</strong></span> <span class='ocrx_word' id='word_1_823' title='bbox 3369 4491 3689 4580; x_wconf 70' lang='lat' dir='ltr'><strong>perstrepunt</strong></span> <span class='ocrx_word' id='word_1_824' title='bbox 3694 4486 3795 4580; x_wconf 76' lang='lat' dir='ltr'><strong>etum</strong></span> 
     </span>
    </p>
   </div>
   <div class='ocr_carea' id='block_1_107' title="bbox 2213 4570 3794 4676">
    <p class='ocr_par' dir='ltr' id='par_1_107' title="bbox 2213 4570 3794 4676">
     <span class='ocr_line' id='line_1_107' title="bbox 2213 4570 3794 4676; baseline -0.013 -16"><span class='ocrx_word' id='word_1_825' title='bbox 2213 4579 2267 4639; x_wconf 81' lang='lat' dir='ltr'><strong>D</strong></span> <span class='ocrx_word' id='word_1_826' title='bbox 2293 4621 2508 4676; x_wconf 88' lang='lat' dir='ltr'><strong>semper</strong></span> <span class='ocrx_word' id='word_1_827' title='bbox 2526 4613 2581 4660; x_wconf 89' lang='lat' dir='ltr'><strong>et</strong></span> <span class='ocrx_word' id='word_1_828' title='bbox 2602 4604 2913 4660; x_wconf 89' lang='lat' dir='ltr'><strong>seductione</strong></span> <span class='ocrx_word' id='word_1_829' title='bbox 2957 4570 3195 4672; x_wconf 75' lang='lat' dir='ltr'><strong>quadam</strong></span> <span class='ocrx_word' id='word_1_830' title='bbox 3229 4570 3451 4654; x_wconf 72' lang='lat' dir='ltr'><strong>fallacia:</strong></span> <span class='ocrx_word' id='word_1_831' title='bbox 3476 4591 3640 4643; x_wconf 82' lang='lat' dir='ltr'><strong>contra</strong></span> <span class='ocrx_word' id='word_1_832' title='bbox 3664 4570 3794 4676; x_wconf 36' lang='lat' dir='ltr'><strong>ﬁdi“?</strong></span> 
     </span>
    </p>
   </div>
   <div class='ocr_carea' id='block_1_108' title="bbox 2291 4669 3796 4763">
    <p class='ocr_par' dir='ltr' id='par_1_108' title="bbox 2291 4669 3796 4763">
     <span class='ocr_line' id='line_1_108' title="bbox 2291 4669 3796 4763; baseline -0.025 -9"><span class='ocrx_word' id='word_1_833' title='bbox 2291 4669 2736 4753; x_wconf 80' lang='lat' dir='ltr'><strong>consuetudinem</strong></span> <span class='ocrx_word' id='word_1_834' title='bbox 2763 4669 3103 4763; x_wconf 78' lang='lat' dir='ltr'><strong>antiquitatis</strong></span> <span class='ocrx_word' id='word_1_835' title='bbox 3122 4688 3440 4747; x_wconf 90' lang='lat' dir='ltr'><strong>obtendunt,</strong></span> <span class='ocrx_word' id='word_1_836' title='bbox 3457 4694 3510 4733; x_wconf 88' lang='lat' dir='ltr'><strong>ra</strong></span> <span class='ocrx_word' id='word_1_837' title='bbox 3519 4669 3796 4763; x_wconf 40' lang='lat' dir='ltr'><strong>tionem-prit-</strong></span> 
     </span>
    </p>
   </div>
   <div class='ocr_carea' id='block_1_109' title="bbox 2292 4755 3797 4856">
    <p class='ocr_par' dir='ltr' id='par_1_109' title="bbox 2292 4755 3797 4856">
     <span class='ocr_line' id='line_1_109' title="bbox 2292 4755 3797 4856; baseline -0.024 -13"><span class='ocrx_word' id='word_1_838' title='bbox 2292 4789 2550 4853; x_wconf 87' lang='lat' dir='ltr'><strong>sentium,</strong></span> <span class='ocrx_word' id='word_1_839' title='bbox 2575 4802 2683 4842; x_wconf 91' lang='lat' dir='ltr'><strong>non</strong></span> <span class='ocrx_word' id='word_1_840' title='bbox 2728 4800 2880 4856; x_wconf 89' lang='lat' dir='ltr'><strong>spem</strong></span> <span class='ocrx_word' id='word_1_841' title='bbox 2912 4783 3221 4840; x_wconf 82' lang='lat' dir='ltr'><strong>futurorum</strong></span> <span class='ocrx_word' id='word_1_842' title='bbox 3265 4770 3595 4834; x_wconf 88' lang='lat' dir='ltr'><strong>asserendam</strong></span> <span class='ocrx_word' id='word_1_843' title='bbox 3620 4755 3797 4856; x_wconf 60' lang='lat' dir='ltr'><strong>iudicati:</strong></span> 
     </span>
    </p>
   </div>
   <div class='ocr_carea' id='block_1_110' title="bbox 2293 4839 3796 4948">
    <p class='ocr_par' dir='ltr' id='par_1_110' title="bbox 2293 4839 3796 4948">
     <span class='ocr_line' id='line_1_110' title="bbox 2293 4839 3796 4948; baseline -0.028 -12"><span class='ocrx_word' id='word_1_844' title='bbox 2293 4891 2393 4946; x_wconf 90' lang='lat' dir='ltr'><strong>tes,</strong></span> <span class='ocrx_word' id='word_1_845' title='bbox 2420 4880 2541 4935; x_wconf 92' lang='lat' dir='ltr'><strong>ideo</strong></span> <span class='ocrx_word' id='word_1_846' title='bbox 2561 4878 2710 4934; x_wconf 91' lang='lat' dir='ltr'><strong>venit</strong></span> <span class='ocrx_word' id='word_1_847' title='bbox 2735 4839 2897 4948; x_wconf 54' lang='grc' dir='ltr'><strong>εἶιναι·</strong></span> <span class='ocrx_word' id='word_1_848' title='bbox 2915 4878 3016 4933; x_wconf 92' lang='lat' dir='ltr'><strong>hos</strong></span> <span class='ocrx_word' id='word_1_849' title='bbox 3043 4875 3282 4931; x_wconf 87' lang='lat' dir='ltr'><strong>vindicta</strong></span> <span class='ocrx_word' id='word_1_850' title='bbox 3307 4871 3372 4925; x_wconf 91' lang='lat' dir='ltr'><strong>de</strong></span> <span class='ocrx_word' id='word_1_851' title='bbox 3413 4860 3572 4920; x_wconf 63' lang='lat' dir='ltr'><strong>caelis,</strong></span> <span class='ocrx_word' id='word_1_852' title='bbox 3594 4860 3644 4906; x_wconf 90' lang='lat' dir='ltr'><strong>ut</strong></span> 
     </span>
    </p>
   </div>
   <div class='ocr_carea' id='block_1_111' title="bbox 2293 4935 3795 5040">
    <p class='ocr_par' dir='ltr' id='par_1_111' title="bbox 2293 4935 3795 5040">
     <span class='ocr_line' id='line_1_111' title="bbox 2293 4935 3795 5040; baseline -0.002 -14"><span class='ocrx_word' id='word_1_853' title='bbox 2293 4987 2483 5027; x_wconf 86' lang='lat' dir='ltr'><strong>verum</strong></span> <span class='ocrx_word' id='word_1_854' title='bbox 2520 4985 2642 5027; x_wconf 90' lang='lat' dir='ltr'><strong>esse</strong></span> <span class='ocrx_word' id='word_1_855' title='bbox 2691 4970 2837 5040; x_wconf 89' lang='lat' dir='ltr'><strong>quod</strong></span> <span class='ocrx_word' id='word_1_856' title='bbox 2862 4969 3087 5024; x_wconf 88' lang='lat' dir='ltr'><strong>credere</strong></span> <span class='ocrx_word' id='word_1_857' title='bbox 3113 4967 3420 5024; x_wconf 86' lang='lat' dir='ltr'><strong>noluerunt.</strong></span> <span class='ocrx_word' id='word_1_858' title='bbox 3448 4972 3474 5009; x_wconf 68' lang='grc' dir='ltr'><strong>ει</strong></span> <span class='ocrx_word' id='word_1_859' title='bbox 3501 4963 3597 5020; x_wconf 67' lang='lat' dir='ltr'><strong>qua</strong></span> <span class='ocrx_word' id='word_1_860' title='bbox 3622 4935 3795 5040; x_wconf 40' lang='lat' dir='ltr'><strong>&quot;amis</strong></span> 
     </span>
    </p>
   </div>
   <div class='ocr_carea' id='block_1_112' title="bbox 2293 5032 3796 5140">
    <p class='ocr_par' dir='ltr' id='par_1_112' title="bbox 2293 5032 3796 5140">
     <span class='ocr_line' id='line_1_112' title="bbox 2293 5032 3796 5140; baseline -0.017 -20"><span class='ocrx_word' id='word_1_861' title='bbox 2293 5066 2388 5120; x_wconf 90' lang='lat' dir='ltr'><strong>Dei</strong></span> <span class='ocrx_word' id='word_1_862' title='bbox 2425 5079 2608 5120; x_wconf 90' lang='lat' dir='ltr'><strong>servos</strong></span> <span class='ocrx_word' id='word_1_863' title='bbox 2630 5063 2786 5134; x_wconf 88' lang='lat' dir='ltr'><strong>longe</strong></span> <span class='ocrx_word' id='word_1_864' title='bbox 2814 5062 2970 5116; x_wconf 91' lang='lat' dir='ltr'><strong>docet</strong></span> <span class='ocrx_word' id='word_1_865' title='bbox 2997 5061 3196 5116; x_wconf 89' lang='lat' dir='ltr'><strong>debere</strong></span> <span class='ocrx_word' id='word_1_866' title='bbox 3218 5071 3338 5114; x_wconf 83' lang='lat' dir='ltr'><strong>esse</strong></span> <span class='ocrx_word' id='word_1_867' title='bbox 3358 5050 3620 5106; x_wconf 88' lang='lat' dir='ltr'><strong>discretos,</strong></span> <span class='ocrx_word' id='word_1_868' title='bbox 3642 5032 3796 5140; x_wconf 40' lang='lat' dir='ltr'><strong>&quot;illi?</strong></span> 
     </span>
    </p>
   </div>
   <div class='ocr_carea' id='block_1_113' title="bbox 2294 5117 3794 5228">
    <p class='ocr_par' dir='ltr' id='par_1_113' title="bbox 2294 5117 3794 5228">
     <span class='ocr_line' id='line_1_113' title="bbox 2294 5117 3794 5228; baseline -0.027 -16"><span class='ocrx_word' id='word_1_869' title='bbox 2294 5117 2485 5228; x_wconf 52' lang='lat' dir='ltr'><strong>[inpii</strong></span> <span class='ocrx_word' id='word_1_870' title='bbox 2523 5117 2656 5212; x_wconf 56' lang='lat' dir='ltr'><strong>nam</strong></span> <span class='ocrx_word' id='word_1_871' title='bbox 2675 5117 2850 5226; x_wconf 65' lang='grc' dir='ltr'><strong>ρᾶεηιε</strong></span> <span class='ocrx_word' id='word_1_872' title='bbox 2877 5154 3110 5209; x_wconf 89' lang='lat' dir='ltr'><strong>illorum.</strong></span> <span class='ocrx_word' id='word_1_873' title='bbox 3144 5147 3342 5223; x_wconf 86' lang='lat' dir='ltr'><strong>(Hier.)</strong></span> <span class='ocrx_word' id='word_1_874' title='bbox 3369 5137 3534 5198; x_wconf 80' lang='lat' dir='ltr'><strong>Verba</strong></span> <span class='ocrx_word' id='word_1_875' title='bbox 3558 5139 3659 5199; x_wconf 76' lang='lat' dir='ltr'><strong>qum</strong></span> <span class='ocrx_word' id='word_1_876' title='bbox 3690 5117 3794 5228; x_wconf 55' lang='lat' dir='ltr'><strong>det:</strong></span> 
     </span>
    </p>
   </div>
   <div class='ocr_carea' id='block_1_114' title="bbox 2293 5212 3792 5322">
    <p class='ocr_par' dir='ltr' id='par_1_114' title="bbox 2293 5212 3792 5322">
     <span class='ocr_line' id='line_1_114' title="bbox 2293 5212 3792 5322; baseline -0.006 -17"><span class='ocrx_word' id='word_1_877' title='bbox 2293 5212 2450 5322; x_wconf 70' lang='lat' dir='ltr'><strong>piunt</strong></span> <span class='ocrx_word' id='word_1_878' title='bbox 2484 5258 2646 5320; x_wconf 88' lang='lat' dir='ltr'><strong>atque</strong></span> <span class='ocrx_word' id='word_1_879' title='bbox 2675 5212 3022 5319; x_wconf 74' lang='lat' dir='ltr'><strong>supplantant</strong></span> <span class='ocrx_word' id='word_1_880' title='bbox 3066 5212 3247 5301; x_wconf 76' lang='lat' dir='ltr'><strong>inania</strong></span> <span class='ocrx_word' id='word_1_881' title='bbox 3275 5212 3397 5297; x_wconf 84' lang='lat' dir='ltr'><strong>sunt</strong></span> <span class='ocrx_word' id='word_1_882' title='bbox 3441 5238 3493 5286; x_wconf 72' lang='lat' dir='ltr'><strong>et</strong></span> <span class='ocrx_word' id='word_1_883' title='bbox 3531 5212 3792 5322; x_wconf 45' lang='grc' dir='ltr'><strong>ξ’θείωνξιῗ</strong></span> 
     </span>
    </p>
   </div>
   <div class='ocr_carea' id='block_1_115' title="bbox 2296 5307 3791 5408">
    <p class='ocr_par' dir='ltr' id='par_1_115' title="bbox 2296 5307 3791 5408">
     <span class='ocr_line' id='line_1_115' title="bbox 2296 5307 3791 5408; baseline -0.027 -11"><span class='ocrx_word' id='word_1_884' title='bbox 2296 5307 2428 5400; x_wconf 62' lang='lat' dir='ltr'><strong>vero</strong></span> <span class='ocrx_word' id='word_1_885' title='bbox 2476 5307 3107 5406; x_wconf 55' lang='lat' dir='ltr'><strong>:ediﬁcantuaudientes,</strong></span> <span class='ocrx_word' id='word_1_886' title='bbox 3145 5337 3322 5408; x_wconf 88' lang='lat' dir='ltr'><strong>plena,</strong></span> <span class='ocrx_word' id='word_1_887' title='bbox 3383 5316 3658 5408; x_wconf 55' lang='lat' dir='ltr'><strong>cumulata,</strong></span> 
     </span>
    </p>
   </div>
   <div class='ocr_carea' id='block_1_116' title="bbox 2293 5394 3791 5519">
    <p class='ocr_par' dir='ltr' id='par_1_116' title="bbox 2293 5394 3791 5519">
     <span class='ocr_line' id='line_1_116' title="bbox 2293 5394 3791 5519; baseline -0.003 -31"><span class='ocrx_word' id='word_1_888' title='bbox 2293 5435 2453 5490; x_wconf 75' lang='lat' dir='ltr'><strong>ferta.</strong></span> <span class='ocrx_word' id='word_1_889' title='bbox 2489 5434 2625 5502; x_wconf 84' lang='lat' dir='ltr'><strong>Quia</strong></span> <span class='ocrx_word' id='word_1_890' title='bbox 2679 5432 2845 5504; x_wconf 83' lang='lat' dir='ltr'><strong>igitur</strong></span> <span class='ocrx_word' id='word_1_891' title='bbox 2899 5440 3025 5487; x_wconf 90' lang='lat' dir='ltr'><strong>sunt</strong></span> <span class='ocrx_word' id='word_1_892' title='bbox 3079 5394 3342 5502; x_wconf 71' lang='lat' dir='ltr'><strong>plerique,</strong></span> <span class='ocrx_word' id='word_1_893' title='bbox 3391 5394 3791 5519; x_wconf 46' lang='lat' dir='ltr'><strong>quidicf&#39;j‘n&#39;m‘x:</strong></span> 
     </span>
    </p>
   </div>
   <div class='ocr_carea' id='block_1_117' title="bbox 2291 5486 3785 5602">
    <p class='ocr_par' dir='ltr' id='par_1_117' title="bbox 2291 5486 3785 5602">
     <span class='ocr_line' id='line_1_117' title="bbox 2291 5486 3785 5602; baseline 0.003 -22"><span class='ocrx_word' id='word_1_894' title='bbox 2291 5527 2470 5582; x_wconf 77' lang='lat' dir='ltr'><strong>futura</strong></span> <span class='ocrx_word' id='word_1_895' title='bbox 2501 5541 2600 5596; x_wconf 90' lang='lat' dir='ltr'><strong>pro</strong></span> <span class='ocrx_word' id='word_1_896' title='bbox 2643 5524 2879 5594; x_wconf 87' lang='lat' dir='ltr'><strong>peccatis</strong></span> <span class='ocrx_word' id='word_1_897' title='bbox 2906 5539 3027 5580; x_wconf 89' lang='lat' dir='ltr'><strong>esse</strong></span> <span class='ocrx_word' id='word_1_898' title='bbox 3059 5518 3320 5592; x_wconf 86' lang='lat' dir='ltr'><strong>supplicia</strong></span> <span class='ocrx_word' id='word_1_899' title='bbox 3347 5555 3360 5578; x_wconf 68' lang='grc' dir='ltr'><strong>ν</strong></span> <span class='ocrx_word' id='word_1_900' title='bbox 3411 5519 3504 5562; x_wconf 69' lang='lat' dir='ltr'><strong>“ec</strong></span> <span class='ocrx_word' id='word_1_901' title='bbox 3525 5486 3785 5602; x_wconf 36' lang='lat' dir='ltr'><strong>omini:</strong></span> 
     </span>
    </p>
   </div>
   <div class='ocr_carea' id='block_1_118' title="bbox 2292 5579 3791 5710">
    <p class='ocr_par' dir='ltr' id='par_1_118' title="bbox 2292 5579 3791 5710">
     <span class='ocr_line' id='line_1_118' title="bbox 2292 5579 3791 5710; baseline 0.011 -35"><span class='ocrx_word' id='word_1_902' title='bbox 2292 5621 2591 5676; x_wconf 88' lang='lat' dir='ltr'><strong>adhibenda</strong></span> <span class='ocrx_word' id='word_1_903' title='bbox 2623 5628 2911 5682; x_wconf 86' lang='lat' dir='ltr'><strong>tormenta,</strong></span> <span class='ocrx_word' id='word_1_904' title='bbox 2948 5618 3041 5672; x_wconf 90' lang='lat' dir='ltr'><strong>sed</strong></span> <span class='ocrx_word' id='word_1_905' title='bbox 3085 5618 3257 5686; x_wconf 85' lang='lat' dir='ltr'><strong>ipSum</strong></span> <span class='ocrx_word' id='word_1_906' title='bbox 3306 5607 3564 5691; x_wconf 45' lang='lat' dir='ltr'><strong>Pecc‘qlm‘?</strong></span> <span class='ocrx_word' id='word_1_907' title='bbox 3672 5579 3791 5710; x_wconf 31' lang='lat'><strong>“20,33</strong></span> 
     </span>
    </p>
   </div>
   <div class='ocr_carea' id='block_1_119' title="bbox 2293 5678 3721 5780">
    <p class='ocr_par' dir='ltr' id='par_1_119' title="bbox 2293 5678 3721 5780">
     <span class='ocr_line' id='line_1_119' title="bbox 2293 5678 3721 5780; baseline -0.03 -12"><span class='ocrx_word' id='word_1_908' title='bbox 2293 5712 2571 5767; x_wconf 88' lang='lat' dir='ltr'><strong>scientiam</strong></span> <span class='ocrx_word' id='word_1_909' title='bbox 2591 5711 2766 5765; x_wconf 79' lang='lat' dir='ltr'><strong>delicti</strong></span> <span class='ocrx_word' id='word_1_910' title='bbox 2797 5726 2916 5766; x_wconf 88' lang='lat' dir='ltr'><strong>esse</strong></span> <span class='ocrx_word' id='word_1_911' title='bbox 2937 5725 3034 5780; x_wconf 89' lang='lat' dir='ltr'><strong>pro</strong></span> <span class='ocrx_word' id='word_1_912' title='bbox 3066 5723 3247 5778; x_wconf 64' lang='lat' dir='ltr'><strong>paena,</strong></span> <span class='ocrx_word' id='word_1_913' title='bbox 3270 5702 3390 5756; x_wconf 88' lang='lat' dir='ltr'><strong>dum</strong></span> <span class='ocrx_word' id='word_1_914' title='bbox 3411 5681 3588 5780; x_wconf 78' lang='lat' dir='ltr'><strong>vermis</strong></span> <span class='ocrx_word' id='word_1_915' title='bbox 3611 5678 3721 5780; x_wconf 53' lang='lat' dir='ltr'><strong>mf:</strong></span> 
     </span>
    </p>
   </div>
   <div class='ocr_carea' id='block_1_120' title="bbox 2293 5746 3788 5874">
    <p class='ocr_par' dir='ltr' id='par_1_120' title="bbox 2293 5746 3788 5874">
     <span class='ocr_line' id='line_1_120' title="bbox 2293 5746 3788 5780; baseline -0.029 -12"><span class='ocrx_word' id='word_1_916' title='bbox 2293 5746 2571 5767; x_wconf 54' lang='lat' dir='ltr'><strong>manu...&quot;</strong></span> <span class='ocrx_word' id='word_1_917' title='bbox 2797 5746 2916 5766; x_wconf 52' lang='grc' dir='ltr'><strong>που</strong></span> <span class='ocrx_word' id='word_1_918' title='bbox 2939 5746 3034 5780; x_wconf 64' lang='grc' dir='ltr'><strong>γη,</strong></span> <span class='ocrx_word' id='word_1_919' title='bbox 3067 5746 3247 5778; x_wconf 49' lang='lat' dir='ltr'><strong>Pw”,</strong></span> <span class='ocrx_word' id='word_1_920' title='bbox 3271 5746 3389 5756; x_wconf 47' lang='grc' dir='ltr'><strong>νη</strong></span> <span class='ocrx_word' id='word_1_921' title='bbox 3757 5746 3788 5780; x_wconf 38' lang='grc'><strong>,⁸</strong></span> 
     </span>
     <span class='ocr_line' id='line_1_121' title="bbox 2293 5746 3766 5874; baseline -0.031 -16"><span class='ocrx_word' id='word_1_922' title='bbox 2293 5818 2402 5860; x_wconf 91' lang='lat' dir='ltr'><strong>non</strong></span> <span class='ocrx_word' id='word_1_923' title='bbox 2441 5802 2673 5859; x_wconf 88' lang='lat' dir='ltr'><strong>moritur</strong></span> <span class='ocrx_word' id='word_1_924' title='bbox 2721 5800 2916 5874; x_wconf 82' lang='lat' dir='ltr'><strong>(Marc.</strong></span> <span class='ocrx_word' id='word_1_925' title='bbox 2952 5801 3033 5872; x_wconf 80' lang='lat' dir='ltr'><strong>ix)</strong></span> <span class='ocrx_word' id='word_1_926' title='bbox 3058 5799 3195 5855; x_wconf 83' lang='lat' dir='ltr'><strong>etin</strong></span> <span class='ocrx_word' id='word_1_927' title='bbox 3235 5791 3407 5849; x_wconf 79' lang='lat' dir='ltr'><strong>animo</strong></span> <span class='ocrx_word' id='word_1_928' title='bbox 3433 5773 3560 5849; x_wconf 80' lang='lat' dir='ltr'><strong>ignis</strong></span> <span class='ocrx_word' id='word_1_929' title='bbox 3597 5746 3766 5818; x_wconf 69' lang='lat' dir='ltr'><strong>accendt</strong></span> 
     </span>
    </p>
   </div>
   <div class='ocr_carea' id='block_1_121' title="bbox 2210 3185 2255 3249">
    <p class='ocr_par' dir='ltr' id='par_1_121' title="bbox 2210 3185 2255 3249">
     <span class='ocr_line' id='line_1_122' title="bbox 2210 3185 2255 3249; baseline 0 0"><span class='ocrx_word' id='word_1_930' title='bbox 2210 3185 2255 3249; x_wconf 90' lang='lat' dir='ltr'>C</span> 
     </span>
    </p>
   </div>
  </div>
