3986 6338
201 390 314 448 449

669 375 1218 438 ENARRATIONUM
1255 376 1324 434 IN
1357 377 1507 434 EPP.
1548 373 1753 435 PAULI
1790 372 1919 428 LIB.
1959 372 2146 430 XVIII.
2181 364 2252 414 '_
2285 371 2356 429 IN
2391 370 2611 432 EPIST.
2646 372 2741 432 AD
2777 369 3023 432 EPHES.

3371 373 3487 438 450

191 465 318 568 .tur,
351 501 406 556 in
434 495 840 554 similitudinem
870 493 1056 559 febris,
1079 509 1200 564 qua:
1224 507 1331 547 non
1358 498 1574 562 torquet
1593 491 1796 546 extrin—
1819 493 1871 552 Α
1899 499 1988 542 tur
2001 485 2143 557 quod
2161 486 2270 541 sint
2291 486 2380 540 lux
2401 487 2454 541 in
2473 486 2730 549 Domino;
2755 499 3072 556 nequevero
3095 487 3330 543 tenebrae
3353 487 3489 559 ipsae

202 610 364 652 secus
385 595 757 663 aegrotantem,
777 587 868 642 sed
886 602 1114 656 corpora
1138 587 1254 656 ipsa
1276 585 1591 654 corripiens,
1615 584 1790 654 punit,

201 688 320 741 sine
333 683 669 739 cruciatuum
685 679 983 734 forinsecus
999 677 1351 741 adhibitione,
1367 676 1506 746 quod
1533 675 1791 746 possidet.

199 777 315 832 Has
346 776 527 844 itaque
555 771 935 842 persuasiones
982 777 1037 824 et
1085 769 1357 838 decipulas
1401 767 1792 832 fraudulentas,

197 868 369 923 verba
397 866 582 921 inania
599 862 886 934 appellavit
907 869 962 917 et
982 876 1174 927 vacua,
1197 877 1316 931 qua:
1339 859 1588 915 videntur
1609 857 1796 913 ﬂorem

199 958 494 1031 quemdam
519 955 719 1010 habere
741 968 1072 1017 sermonum,
1087 961 1144 1006 et
1164 952 1398 1007 blandiri
1422 950 1792 1022 peccantibus,

199 1052 298 1106 sed
315 1051 442 1105 dum
466 1048 718 1104 ﬁduciam
741 1047 1002 1111 tribuunt,
1021 1046 1188 1116 magis
1202 1061 1296 1101 eos
1315 1045 1497 1101 ferunt
1513 1045 1580 1100 ad
1596 1054 1798 1100 aeterna

199 1141 488 1213 supplicia,
520 1139 648 1210 quia
685 1137 752 1193 de
783 1137 930 1191 nullo
957 1137 1036 1192 sic
1069 1136 1324 1192 irascitur
1353 1135 1497 1192 Deus
1525 1136 1798 1205 quomodo

197 1234 244 1288 si
267 1242 538 1306 peccator
561 1229 838 1300 superbiat
858 1238 911 1283 et
938 1238 1151 1284 erectus
1170 1236 1225 1284 et
1253 1228 1454 1299 rigidus
1483 1243 1588 1282 non
1613 1226 1797 1282 ﬂecta-

199 1335 291 1380 tur
318 1325 372 1378 in
403 1323 726 1389 ﬁetum,nec
752 1319 1180 1376 misericordiam
1202 1334 1300 1390 pro
1329 1318 1525 1374 delicto
1546 1318 1796 1388 postulet.

200 1417 435 1486 Propter
447 1416 544 1469 hoc
556 1415 694 1468 venit
706 1415 786 1466 ira
804 1412 902 1466 Dei
927 1429 1082 1483 super
1092 1411 1230 1480 ﬁlios
1247 1411 1564 1481 difﬁdentia,
1587 1411 1700 1466 sive
1721 1411 1802 1465 in-

198 1504 598 1560 suasibilitatis.
613 1503 1047 1558 Insuasibilitatis
1061 1511 1242 1556 autem
1257 1499 1372 1556 sive
1384 1499 1690 1556 difﬁdentia:
1707 1501 1801 1556 ﬁlii

196 1599 281 1654 sic
305 1599 586 1663 dicuntur,
603 1595 871 1666 quomodo
896 1596 988 1651 ﬁlii
1010 1595 1349 1666 perditionis,
1374 1603 1427 1651 et
1451 1596 1542 1650 ﬁlii
1573 1594 1804 1652 fornica-

199 1691 396 1757 tionis,
413 1699 468 1745 et
491 1689 584 1744 ﬁlii
606 1691 819 1752 mortis,
843 1697 900 1744 et
924 1689 1016 1743 ﬁlii
1038 1690 1316 1760 gehennre,
1333 1697 1388 1743 et
1407 1696 1604 1743 caetera
1625 1688 1709 1742 bis
1731 1686 1805 1742 si-

194 1781 376 1846 milia,
409 1797 530 1851 qua:
585 1781 639 1835 in
692 1779 861 1836 variis
907 1778 1314 1849 Scripturarum
1367 1778 1500 1834 locis
1555 1778 1803 1833 invenire

1896 593 2182 639 vertuntur
2205 585 2258 638 in
2282 583 2478 649 lucem,
2514 593 2607 638 aut
2631 585 2719 639 lux
2744 585 2798 638 in
2831 586 3080 640 tenebras
3100 595 3487 656 commutatur,

1899 677 1993 731 sed
2020 676 2073 730 hi
2105 677 2194 746 qui
2219 676 2287 729 ab
2306 691 2372 730 eo
2392 677 2534 746 quod
2559 685 2687 730 sunt
2707 691 2900 730 nomen
2923 691 3137 746 quoque
3156 678 3242 732 vel
3271 678 3489 736 virtutis

1899 785 2166 835 meruere,
2193 770 2276 823 vel
2300 770 2436 835 vitii,
2455 770 2498 824 si
2526 770 2771 824 conversi
2793 769 2995 826 fuerint
3015 772 3082 827 de
3105 771 3211 827 alio
3237 771 3292 827 in
3315 772 3484 838 aliud,

1899 864 2175 935 ὁμωνύμως
2205 863 2290 916 bis
2328 863 2512 928 rebus,
2541 877 2571 916 a
2599 861 2794 933 quibus
2825 863 3191 933 possidentur,
3222 861 3308 918 vel
3331 870 3485 917 tene-

1898 953 2122 1007 brarum
2151 951 2232 1006 vel
2266 951 2402 1006 lueis
2431 952 2746 1007 vocabulum
2780 953 3097 1008 sortientur.
3129 951 3200 1007 Ut
3225 951 3324 1022 ﬁlii
3354 950 3490 1007 lucis

1904 1043 2189 1110 ambulate,
2223 1061 2344 1098 nam
2373 1044 2730 1115 fructus‘lucis
2753 1045 2809 1099 in
2829 1045 2970 1100 omni
2997 1045 3222 1099 bonitate
3249 1055 3294 1098 et
3331 1043 3490 1114 justi-

1900 1135 1976 1189 tia
1997 1146 2046 1190 et
2079 1137 2293 1190 veritate
2321 1146 2418 1191 est.
2451 1135 2685 1208 (.-\mbr.)
2711 1137 2825 1192 Hoc
2859 1137 3010 1202 dicit,
3047 1143 3107 1190 ut
3141 1135 3222 1191 sic
3263 1149 3491 1190 conver-

1901 1239 2106 1296 sentur,
2133 1241 2190 1284 ut
2232 1247 2336 1286 non
2369 1233 2638 1288 immerito
2679 1232 2772 1288 ﬁlii
2813 1232 2950 1288 lucis
2994 1233 3284 1288 dicantur:
3329 1246 3494 1303 opera

1901 1324 2044 1378 enim
2072 1324 2208 1378 lucis
2243 1324 2418 1394 palam
2453 1325 2570 1380 sine
2595 1325 2788 1380 timore
2820 1325 2976 1391 ﬁunt,
3005 1325 3354 1380 tenebrarum
3391 1339 3490 1378 an-

1902 1422 2011 1469 tem
2033 1429 2196 1484 opera
2222 1415 2277 1469 in
2304 1416 2536 1480 occulto,
2565 1415 2691 1485 quia
2729 1415 2916 1470 illicita
2946 1422 3111 1470 sunt:
3157 1430 3319 1470 omne
3347 1413 3494 1469 enim

1899 1515 2185 1576 peccatum
2228 1507 2406 1576 palam
2458 1507 2574 1562 ﬁeri
2626 1507 2799 1561 timet.
2830 1505 2996 1578 (Alb.)
3025 1505 3085 1560 Si
3115 1505 3372 1562 Deuslux
3407 1511 3493 1560 est

1903 1606 1958 1653 et
1989 1598 2226 1653 tenebrae
2251 1614 2356 1654 non
2406 1607 2532 1654 sunt
2569 1597 2623 1653 in
2655 1613 2740 1664 eo,
2772 1597 2864 1652 ﬁlii
2896 1597 2991 1652 Dei
3020 1597 3115 1652 ﬁlii
3163 1597 3299 1653 lucis
3343 1604 3490 1664 sunt,

1908 1707 2009 1748 nec
2032 1708 2138 1748 non
2167 1692 2211 1747 si
2235 1691 2484 1748 Christus
2501 1692 2599 1747 lux
2628 1707 2757 1747 vera
2785 1701 2888 1757 est,
2914 1701 2969 1746 et
2994 1691 3090 1746 ﬁlii
3114 1705 3330 1762 quoque
3354 1687 3494 1772 eius,

1908 1786 1976 1840 ad
1997 1801 2132 1856 quos
2161 1785 2398 1855 loquitur
2426 1787 2610 1840 dicens
2635 1801 2647 1838 :
2677 1781 2862 1837 Filioli
2893 1782 3205 1848 mei,adhuc
3230 1782 3496 1836 modicum

192 1874 458 1946 perfacile
483 1884 586 1929 est.
621 1871 801 1928 Nolite
825 1889 945 1944 ergo
993 1873 1122 1944 eﬁici
1151 1873 1546 1942 comparticipes
1591 1887 1794 1925 eorum.

1905 1877 2165 1932 uobiscum
2191 1893 2303 1930 sum
2331 1876 2511 1948 (Joan.
2560 1875 2682 1948 xui)
2701 1915 2716 1940 ,
2763 1874 2859 1928 ﬁlii
2892 1889 3036 1929 verae
3079 1873 3216 1929 lucis
3242 1881 3387 1928 sunt.
3416 1872 3496 1928 Ex

189 1966 484 2036 Particeps
532 1965 645 2020 sive
672 1963 1066 2034 comparticeps
1106 1963 1165 2017 ﬁt
1201 1960 1508 2018 difﬁdentia:
1533 1961 1794 2028 ﬁliorum,

195 2059 292 2128 qui
320 2060 378 2114 in
404 2056 840 2114 fornicatione'et
863 2054 1224 2120 immunditia,
1240 2062 1295 2110 et
1315 2055 1561 2121 avaritia,
1578 2065 1798 2125 propter

195 2169 322 2222 qua:
359 2151 513 2205 venit
544 2150 625 2204 ira
654 2149 751 2204 Dei
780 2164 944 2219 super
979 2147 1119 2202 ﬁlios
1147 2146 1478 2211 diﬁidentiaa,
1503 2146 1794 2217 reperitur.

194 2245 266 2299 Et
305 2245 581 2315 particeps
624 2241 840 2313 quidem
863 2257 1050 2297 eorum
1095 2248 1197 2304 est,
1225 2241 1293 2295 ab
1315 2255 1382 2295 eo
1410 2239 1554 2310 quod
1579 2239 1797 2310 partici-

191 2344 363 2406 patur
411 2345 465 2389 et
513 2333 945 2389 communionem
995 2333 1159 2388 habet
1210 2332 1474 2387 malorum
1546 2346 1794 2402 cperum.

193 2427 613 2497 Comparticeps
643 2441 770 2481 vero
797 2426 876 2481 sic
905 2425 1236 2496 appellatur,
1272 2425 1363 2494 qui
1403 2439 1526 2480 cum
1553 2424 1673 2479 aliis
1712 2431 1797 2479 est

190 2521 511 2592 particeps;
534 2526 588 2576 et
613 2519 666 2573 in
695 2519 1064 2588 comparticipi
1092 2517 1408 2588 intelligitur
1421 2524 1474 2571 et
1499 2517 1791 2587 particeps;

194 2615 252 2667 in
306 2611 561 2682 participi
609 2625 738 2665 vero
773 2626 874 2665 non
915 2609 1096 2664 statim
1149 2616 1364 2664 tenetur
1410 2615 1467 2662 et
1505 2607 1797 2676 comparti-

193 2717 350 2774 ceps.
405 2703 698 2773 Diligenter
741 2701 968 2756 observa
1012 2699 1178 2754 verba
1208 2699 1610 2769 comparticipis
1635 2707 1797 2766 atque

191 2793 512 2864 participis,
540 2801 670 2862 puto
690 2792 833 2847 enim
858 2792 912 2846 in
940 2790 1238 2861 Scripturis
1265 2789 1587 2860 participem
1608 2789 1661 2842 in
1693 2789 1796 2844 bo-

193 2899 330 2939 nam
351 2891 588 2954 partem,
603 2881 1044 2952 comparticipem
1069 2879 1122 2934 in
1143 2879 1336 2934 malam
1360 2893 1573 2948 semper
1591 2877 1793 2949 accipi:

192 2974 354 3029 verbi
382 2973 577 3042 gratia,
611 2981 818 3044 propter
839 2971 978 3042 quod
1016 2972 1169 3024 unxit
1211 2980 1257 3024 te
1286 2969 1451 3034 Deus,
1482 2968 1622 3023 Deus
1651 2977 1793 3034 tuus,

195 3065 320 3118 oleo
367 3063 735 3118 ersultationis
766 3077 876 3133 pra:
897 3061 1239 3132 participibus
1279 3061 1382 3115 tuis
1406 3057 1580 3131 (Psal.
1613 3059 1794 3129 xuv);

194 3164 254 3210 et
277 3155 332 3210 in
363 3154 472 3208 alio
498 3154 618 3210 loco
648 3171 661 3207 :
694 3152 988 3222 Participes
1016 3153 1152 3207 enim
1181 3149 1378 3206 Christi
1422 3151 1550 3220 facti
1577 3166 1792 3215 sumus,

1901 1983 2009 2036 quo
2044 1968 2314 2040 colligitur
2340 1969 2561 2024 eosdem
2591 1968 2731 2023 ﬁlios
2752 1982 2872 2022 esse
2897 1967 2994 2021 Dei
3020 1965 3220 2032 Patris,
3251 1966 3345 2036 qui
3369 1974 3500 2022 sunt

1897 2059 1992 2114 ﬁlii
2014 2059 2214 2115 Christi
2245 2060 2392 2115 Jesu.
2447 2059 2696 2124 Fructus,
2727 2061 2932 2132 inquit,
2984 2061 3118 2116 lucis
3142 2071 3217 2117 est
3255 2063 3314 2116 in
3355 2063 3498 2116 omni

1897 2152 2148 2218 bonitate,
2175 2162 2222 2206 et
2243 2152 2456 2222 justitia
2481 2163 2526 2206 et
2550 2153 2780 2208 veritate.
2811 2153 2878 2209 Hi
2899 2162 3025 2209 sunt
3044 2153 3271 2221 fructus,
3296 2153 3363 2209 de
3379 2153 3500 2223 qui-

1895 2244 1997 2300 bus
2030 2246 2409 2314 cognoscimur
2457 2245 2552 2299 ﬁlii
2603 2245 2719 2300 Dei.
2776 2245 3012 2302 Fructus
3049 2246 3315 2317 siquidem
3361 2245 3498 2300 lucis

1897 2353 2003 2392 non
2032 2337 2206 2392 solum
2234 2345 2318 2393 est
2346 2337 2400 2391 in
2428 2337 2692 2402 bonitate,
2725 2337 2820 2393 sed
2846 2346 2902 2393 et
2923 2336 3138 2406 justitia
3158 2346 3214 2393 et
3241 2337 3494 2393 veritate.

1898 2431 2000 2487 Ubi
2037 2431 2218 2500 itaque
2242 2431 2456 2486 bonitas
2485 2439 2570 2486 est
2593 2472 2608 2497 ,
2662 2429 2734 2486 ibi
2765 2439 2822 2486 et
2851 2432 3086 2503 iustitia;
3131 2432 3222 2488 ubi
3261 2430 3498 2500 justitia,

1897 2521 1969 2577 ibi
1996 2529 2395 2591 consequenter
2417 2528 2472 2576 et
2497 2521 2736 2578 veritas:
2764 2521 2982 2577 bonitas
3009 2521 3065 2576 in
3095 2521 3384 2584 charitate,
3411 2519 3500 2592 ju-

1896 2612 2047 2667 stitia
2077 2611 2131 2666 in
2158 2613 2411 2682 operibus
2442 2612 2620 2677 bonis,
2641 2611 2844 2668 veritas
2871 2613 2927 2667 in
2961 2611 3208 2670 doctrina
3231 2611 3498 2669 catholica

1898 2704 2262 2774 cOguoscitur.
2289 2701 2490 2774 (Hier.)
2512 2703 2785 2759 Adversus
2808 2703 3155 2771 Marcionem,
3173 2705 3266 2760 oui
3288 2702 3497 2772 justum

1898 2794 2069 2848 Deum
2091 2794 2280 2856 mbono
2301 2801 2538 2862 separat,
2555 2801 2611 2848 et
2629 2801 2784 2862 putat
2804 2801 3108 2850 creatorem
3128 2802 3335 2864 Justum
3355 2807 3496 2858 esse,

1900 2885 2060 2940 alium
2075 2899 2206 2940 vero
2228 2885 2411 2940 nescio
2424 2899 2608 2953 quem,
2623 2884 2780 2954 cujus
2803 2882 3054 2940 Christus
3074 2885 3197 2952 iste,
3213 2885 3306 2954 qui
3323 2885 3495 2951 venit,

1899 2980 1972 3036 sit
1992 2979 2156 3044 ﬁlius,
2170 2979 2374 3034 bonum
2394 2977 2769 3032 tantummodo
2789 2992 2911 3033 esse
2929 2977 3121 3044 Deum,
3137 2978 3243 3033 hoc
3256 2977 3497 3033 testiino-

1898 3071 2049 3125 nium
2061 3069 2428 3142 proferamus:
2445 3069 2712 3139 siquidem
2727 3083 2831 3124 non
2847 3067 3020 3123 solum
3041 3068 3250 3128 fructus
3262 3077 3346 3124 est
3358 3068 3497 3124 lucis

1900 3165 1956 3220 in
1976 3164 2238 3229 bonitate,
2255 3162 2349 3218 sed
2367 3162 2421 3216 in
2449 3161 2662 3230 justitia
2686 3161 3002 3216 etveritate.
3019 3159 3124 3215 Ubi
3146 3161 3328 3231 itaque
3348 3161 3500 3216 boni-

194 3249 244 3302 si
283 3257 463 3300 tamen
499 3245 810 3316 principium
852 3243 1158 3298 substantiae
1201 3243 1315 3312 ejus
1342 3259 1504 3314 usque
1530 3241 1599 3296 ad
1636 3241 1794 3310 ﬁnem

1901 3265 1982 3311 tas
2017 3263 2122 3321 est,
2140 3255 2213 3310 ibi
2243 3252 2546 3322 etjustitia,
2563 3251 2657 3306 ubi
2677 3251 2908 3322 justitia,
2926 3251 3001 3306 ibi
3023 3259 3418 3321 consequenter
3441 3259 3500 3306 et

197 3337 418 3404 ﬁrmum
456 3335 774 3389 tenuerimus
803 3331 990 3404 (Hebr.
1043 3333 1147 3404 ιιι).
1193 3331 1367 3387 Porro
1418 3347 1524 3386 non
1574 3330 1795 3385 memini

199 3427 333 3484 alibi
365 3442 454 3482 me
485 3425 698 3497 legisse,
725 3432 952 3494 excepto
999 3423 1252 3494 praesenti
1282 3423 1418 3487 loco,
1450 3420 1796 3492 compartici-

198 3537 351 3593 pem,
377 3528 432 3576 et
455 3530 636 3576 tamen
656 3519 745 3574 hic
767 3517 1107 3574 manifestum
1134 3534 1242 3574 non
1270 3518 1325 3572 in
1351 3519 1488 3573 bona
1508 3526 1686 3586 parte,
1701 3516 1796 3572 sed

201 3617 260 3671 in
296 3616 569 3672 contraria
611 3614 847 3686 positum
881 3622 984 3670 est.
1021 3611 1200 3666 Eratis
1237 3612 1376 3666 enim
1402 3610 1688 3682 aliquando
1715 3619 1795 3664 te-

199 3708 407 3772 nebrte,
435 3723 570 3762 nunc
599 3715 771 3762 autem
802 3705 894 3760 tua:
913 3705 970 3758 in
997 3703 1246 3758 Domino.
1277 3701 1512 3773 (Ambr.)
1537 3701 1798 3757 Tenebrae

199 3799 515 3872 ignorantia
549 3805 694 3866 sunt,
728 3798 852 3866 quia
881 3810 1040 3851 nemo
1075 3795 1222 3850 videt
1245 3794 1301 3848 in
1331 3791 1569 3848 tenebris
1597 3809 1610 3845 :
1647 3791 1798 3861 igno-

177 3892 392 3960 rantia
425 3905 558 3946 vero
588 3888 858 3960 gentilitas
892 3895 976 3943 est
1025 3885 1139 3941 sive
1181 3883 1444 3954 perﬁdia,
1496 3897 1528 3938 a
1565 3897 1672 3952 qua
1700 3877 1798 3937 Dei

201 3982 388 4055 gratia
414 3982 482 4036 ad
509 3981 672 4036 ﬁdem
711 3979 872 4034 tracti
911 3986 1058 4045 sunt,
1089 3975 1220 4031 facti
1243 3976 1355 4040 lux,
1388 3975 1442 4029 id
1467 3982 1551 4030 est
1574 3974 1793 4039 veritas,

202 4073 337 4142 quia
363 4072 417 4126 in
448 4071 568 4126 luce
597 4069 1028 4133 manifestantur,
1056 4082 1177 4137 quas
1224 4074 1370 4120 sunt.
1417 4065 1660 4134 Denique
1702 4079 1797 4134 pa-

204 4165 339 4236 gani
369 4164 426 4218 in
453 4162 694 4218 tenebris
736 4162 962 4232 mystica
987 4176 1082 4216 sua
1129 4159 1467 4215 celebrantes
1497 4159 1552 4212 in
1599 4157 1798 4228 spelteo

204 4256 404 4310 velatis
434 4254 607 4310 oculis
651 4254 983 4318 illuduntur;
1020 4268 1086 4308 ex
1111 4252 1196 4307 his
1220 4250 1513 4306 Christiani
1542 4249 1670 4306 facti
1701 4266 1799 4306 co-

204 4348 364 4420 gnita
389 4348 619 4402 veritate
641 4345 738 4401 ﬁlii
769 4345 904 4400 lucis
925 4345 1194 4409 dicuntur,
1226 4344 1351 4413 quia
1378 4343 1522 4399 Deus
1560 4342 1654 4398 lux
1690 4349 1796 4409 est,

207 4439 555 4509 eujus'ﬁdem
583 4439 637 4494 in
659 4438 888 4494 veritate
927 4437 1244 4507 suscipiunt.
1276 4433 1479 4508 (Hier.)
1515 4433 1667 4492 Sicut
1699 4450 1796 4490 au-

211 4541 326 4587 tem
355 4529 494 4598 justi
516 4536 643 4584 sunt
669 4529 849 4583 lumen
879 4527 1086 4592 mundi,
1117 4527 1197 4582 sic
1231 4526 1381 4596 impii
1406 4533 1800 4596 consequenter

1897 3347 2122 3403 veritas.
2138 3345 2291 3415 Apud
2314 3345 2514 3401 bonum
2543 3359 2672 3414 ergo
2686 3342 2889 3399 Christi
2911 3350 3216 3414 patrem,ut
3235 3341 3338 3413 ipsi
3355 3358 3493 3412 quo-

1897 3455 2001 3509 que
2021 3437 2284 3504 fatentur,
2308 3445 2392 3492 est
2413 3437 2627 3492 bonitas
2641 3445 2696 3492 et
2720 3437 2940 3493 veritas.
2959 3435 3062 3493 Ubi
3087 3443 3268 3491 autem
3283 3437 3498 3492 bonitas

1897 3531 2190 3594 etveritas,
2212 3529 2352 3598 apud
2377 3529 2743 3598 ipsumtetnon
2767 3527 2907 3597 apud
2923 3527 3184 3591 alium,ut
3198 3541 3341 3582 nunc
3352 3525 3497 3597 Apo-

1899 3620 2069 3676 stolus
2118 3621 2304 3684 docet,
2343 3618 2554 3690 justitia
2601 3625 2706 3674 est.
2756 3616 3024 3688 lntelligat
3053 3616 3291 3673 Marcion
3318 3617 3497 3687 ipsum

1898 3710 2172 3767 Christum
2189 3710 2484 3766 bonitatem
2495 3749 2510 3774 ,
2526 3709 2811 3765 veritatem
2826 3707 3152 3777 etiustitiam
3165 3707 3498 3776 nuncupari:

1897 3802 2196 3857 bonitatem
2218 3803 2271 3856 in
2301 3817 2388 3866 eo,
2419 3801 2561 3870 quod
2588 3815 2696 3856 non
2728 3800 3022 3855 secundum
3051 3814 3241 3869 opera,
3272 3799 3366 3854 sed
3397 3813 3487 3854 se-

1899 3893 2134 3948 cundum
2160 3893 2588 3948 misericordiam
2609 3895 2700 3947 det
2722 3892 2951 3963 gratiam
2966 3891 3312 3948 credentibus
3337 3893 3391 3946 in
3415 3907 3498 3965 se,

1893 3981 2160 4052 justitiam
2191 3985 2244 4038 in
2270 3999 2354 4048 eo,
2372 3984 2498 4038 dum
2515 3983 2804 4055 unicuique
2831 3983 3039 4048 tribuit,
3056 3985 3200 4053 quod
3223 3992 3495 4050 meretur;

1898 4089 2065 4144 porro
2091 4076 2401 4140 veritatem,
2430 4075 2557 4129 dum
2595 4075 2707 4143 ipse
2733 4074 2880 4129 solus
2903 4089 3096 4129 causas
3125 4083 3496 4130 creaturarum

1899 4167 2140 4220 omnium
2169 4182 2464 4236 rerumque
2502 4167 2797 4236 cognoscit.
2825 4164 3075 4230 Probata,
3101 4166 3227 4236 quid
3255 4167 3319 4220 sit
3347 4165 3498 4220 bene-

1898 4259 2152 4329 placitum
2178 4258 2310 4314 Deo.
2341 4257 2507 4329 (Alb.)
2543 4256 2737 4312 Omnia
2767 4272 2890 4312 cum
2925 4258 3153 4314 consilio
3185 4257 3368 4313 facere
3398 4273 3498 4314 nos

1900 4349 2166 4412 hortatur,
2198 4357 2259 4402 ut
2276 4347 2420 4403 cauti
2455 4358 2618 4418 atque
2660 4348 2875 4404 solliciti
2902 4365 2967 4405 ea
3009 4359 3236 4412 tantum,
3265 4365 3384 4420 quae
3409 4349 3497 4404 in-

1901 4439 2193 4510 telligimus
2227 4441 2337 4494 Deo
2365 4439 2600 4510 placere,
2645 4439 2908 4496 faciamus
2931 4481 2946 4506 ,
2995 4441 3124 4510 quia
3151 4455 3282 4495 vero
3302 4440 3354 4494 iu
3387 4441 3490 4496 hoc

1902 4529 2020 4585 loco
2047 4537 2335 4584 contextus
2361 4529 2559 4600 eloquii
2601 4528 2812 4584 videtur
2845 4544 2967 4585 esse
3003 4530 3252 4585 turbatus
3289 4538 3345 4584 et
3385 4536 3499 4586 tota

209 4621 453 4678 tenebras
485 4627 788 4676 vocantur:
822 4628 878 4674 et
896 4617 1027 4688 justi
1055 4617 1434 4687 quidem,cum
1465 4617 1576 4672 sint
1595 4616 1796 4682 lumen,
1825 4643 1880 4704 ι)
1903 4630 2115 4678 scatere
2142 4625 2431 4691 sententia,
2460 4625 2540 4680 sic
2564 4626 2742 4682 ordini
2777 4641 2956 4681 sermo
3009 4625 3314 4682 reddendus
3364 4634 3452 4684 est
3481 4643 3496 4682 :

206 4712 476 4770 videbunt
502 4713 682 4768 lumen
719 4711 775 4764 in
801 4711 1025 4775 lumine,
1049 4708 1236 4778 injusti
1284 4717 1484 4772 autem,
1515 4722 1641 4762 cum
1689 4708 1802 4763 sint

209 4807 478 4871 tenebrae,
509 4803 740 4874 populus
783 4810 910 4857 sunt
935 4842 952 4868 ,
1007 4802 1202 4857 sedens
1232 4801 1288 4857 in
1319 4799 1559 4856 tenebris
1584 4809 1641 4855 et
1667 4799 1803 4854 nihil

210 4897 436 4962 videns;
451 4911 680 4966 quorum
703 4892 1065 4949 differentiam
1087 4900 1248 4961 atque
1263 4891 1573 4947 distantiam
1593 4906 1662 4946 ex
1689 4891 1804 4944 fru-

209 4988 397 5045 ctibus
423 4986 792 5057 intelligimus.
820 4983 1005 5039 Omnis
1032 4986 1170 5038 enim
1197 4985 1286 5055 qui
1309 4994 1555 5054 operatur
1579 4980 1800 5036 malum.

212 5081 324 5135 odit
377 5078 548 5134 lucem
577 5078 756 5150 (Joan.
792 5077 898 5149 ιιι),
930 5086 988 5132 et
1021 5092 1129 5133 non
1169 5075 1394 5132 veniens
1421 5076 1490 5130 ad
1517 5075 1694 5131 lucem
1721 5085 1805 5130 te-

211 5175 485 5231 nebrosus
512 5181 620 5239 est,
651 5181 705 5228 et
735 5171 877 5226 ﬁlius
904 5171 1079 5226 noctis
1111 5177 1274 5240 atque
1305 5170 1648 5224 tenebrarum
1673 5186 1687 5222 :
1712 5169 1806 5239 qui

211 5283 349 5324 vero
376 5275 632 5337 operatur
655 5266 939 5322 veritatem
969 5271 1028 5320 et
1054 5263 1110 5318 in
1131 5263 1307 5319 lucem
1331 5263 1498 5328 venit,
1520 5271 1577 5317 et
1595 5263 1688 5318 lux
1701 5273 1805 5329 est,

213 5366 274 5414 et
331 5357 477 5412 ﬁlius
540 5357 676 5412 lucis
732 5365 786 5411 et
843 5355 969 5411 diei.
1028 5355 1295 5410 Lucentes
1343 5365 1521 5411 autem
1569 5365 1624 5410 et
1655 5364 1807 5411 tene-

215 5447 368 5502 brosi
387 5447 453 5502 de
476 5447 655 5502 cordis
676 5447 758 5502 vel
776 5447 1000 5510 lumine,
1023 5446 1106 5500 vel
1133 5447 1368 5501 tenebris
1388 5457 1806 5517 cognoscuntur.

218 5539 400 5610 Super
424 5540 540 5595 haec
561 5555 790 5610 quaeres,
820 5556 888 5596 ne
919 5539 1058 5595 forte
1075 5540 1145 5595 ob
1173 5540 1577 5596 distinctionem
1603 5557 1812 5607 eorum,

219 5634 312 5704 qui
341 5633 434 5689 lux
465 5643 610 5698 sunt,
640 5634 732 5689 sed
769 5650 874 5689 non
906 5634 996 5688 lux
1027 5634 1082 5688 in
1112 5634 1360 5696 Domino,
1393 5633 1460 5687 de
1484 5633 1647 5701 justis
1673 5634 1816 5688 dica-

223 5732 330 5790 tur,
346 5741 484 5779 nanc
497 5736 670 5780 autem
684 5725 777 5780 lus;
797 5727 852 5779 in
869 5726 1109 5780 Domino.
1125 5725 1390 5780 Dcconter
1409 5741 1624 5795 quoque
1646 5726 1818 5795 Ephe-

1907 4711 2086 4766 Nolite
2152 4729 2272 4783 ergo
2334 4713 2449 4782 ﬁeri
2515 4716 2910 4786 comparticipes
2964 4732 3167 4782 eorum,
3219 4718 3498 4787 probantes

1903 4803 2029 4873 quid
2055 4804 2121 4857 sit
2158 4803 2536 4874 beneplacitum
2565 4805 2695 4872 Deo,
2731 4807 2828 4861 etsi
2861 4809 3000 4862 enim
3029 4809 3190 4862 eratis
3213 4807 3500 4880 aliquando

1905 4895 2148 4960 tenebrae,
2183 4911 2319 4948 nunc
2345 4907 2520 4950 autem
2553 4896 2647 4952 tua:
2678 4898 2731 4953 in
2773 4899 2999 4954 Domino
3021 4901 3165 4964 estis,
3192 4901 3344 4972 quasi
3396 4900 3502 4967 ﬁlii

1905 4984 2039 5040 lucis
2065 4984 2346 5051 ambulate,
2376 4986 2579 5056 fructus
2626 4988 2840 5044 luminis
2883 4990 3210 5045 ostendentes
3254 4991 3309 5044 in
3351 4992 3494 5045 omni

1908 5079 2139 5132 bonitate
2173 5089 2220 5133 et
2241 5080 2453 5149 justitia
2485 5091 2532 5134 et
2560 5081 2793 5136 veritate.
2833 5081 3067 5155 (Ambr.)
3121 5083 3204 5138 Ex
3248 5083 3501 5155 magniﬁ-

1913 5171 2092 5226 centia
2122 5172 2424 5226 sanctitatis
2445 5178 2500 5226 et
2525 5171 2785 5228 bonitatis
2807 5175 3066 5244 perpendi
3090 5182 3286 5244 potest,
3309 5175 3506 5246 quibus

1913 5262 2062 5318 Deus
2089 5263 2345 5331 Operibus
2395 5261 2727 5329 delectetur,
2781 5264 2896 5334 ipse
2921 5265 3066 5321 enim
3112 5267 3284 5321 dixit:
3317 5266 3505 5322 Sancti

1915 5371 2100 5424 estote,
2127 5361 2260 5414 sicut
2287 5371 2334 5414 et
2383 5378 2476 5431 ego
2501 5373 2715 5418 sanctus
2737 5380 2852 5418 sum
2884 5364 3136 5420 Dominus
3167 5365 3308 5420 Deus
3339 5374 3508 5419 vester

1917 5451 2108 5523 (Lerit.
2143 5447 2243 5521 x1).
2284 5449 2351 5504 Et
2390 5447 2685 5508 Dominus:
2721 5453 2922 5518 Estote,
2953 5455 3062 5520 ait,
3107 5455 3502 5516 misericordes,

1915 5546 2048 5598 sicut
2070 5554 2120 5597 et
2147 5543 2306 5598 Pater
2335 5555 2500 5599 vester
2523 5545 2673 5616 (Luc.
2711 5545 2822 5617 v1);
2870 5547 2984 5601 haec
3031 5546 3249 5617 placent
3289 5546 3418 5600 Deo.
3449 5545 3507 5600 In

1919 5635 2213 5690 sanctitate
2261 5636 2405 5689 enim
2449 5635 2790 5705 puriﬁcatio.
2851 5636 2903 5690 in
2956 5635 3323 5691 misericordia
3379 5650 3510 5690 vero

1921 5725 2076 5799 plena
2130 5736 2190 5782 et
2241 5728 2476 5796 perfecta
2501 5729 2704 5798 justitia
2757 5737 2858 5784 est.
2911 5727 2977 5781 Et
3019 5727 3174 5781 nolite
3223 5728 3510 5780 communi-

224 5816 342 5881 siis,
367 5816 461 5886 qui
507 5816 575 5872 ad
617 5817 854 5873 scientiae
876 5833 1142 5874 summam
1164 5817 1610 5883 conscenderant,
1634 5818 1823 5872 scribi-
1923 5833 2042 5872 care
2063 5819 2309 5888 operibus
2332 5819 2674 5888 infructuosis
2702 5819 3048 5875 tenebrarum.
3081 5816 3276 5889 alier.)
3338 5817 3403 5872 Et
3445 5818 3511 5874 ad
