3986 6338
425 360 528 422 £5!
1080 343 1171 416 B.~
1182 353 1441 415 RABANI
1477 352 1699 412 MAURI
1734 347 2043 408 ARCHlEP.

2147 341 2406 403 OGUNT.
2442 336 2728 400 OPERUM
2757 333 2939 392 PARS
2975 331 3064 391 III.
3610 332 3765 395 ‘53

427 479 649 539 Galatas
682 474 826 552 (Gal.
871 474 931 550 ν)
954 489 1154 533 nomen
1205 473 1413 529 fructus
1454 471 1509 527 in
1555 469 1749 542 spiritu
1771 511 1786 537 ,
1840 466 2020 539 operis
2048 477 2097 536 Α
2124 460 2268 534 quod
2296 473 2461 529 Opera
2498 455 2741 552 facerent
2769 452 3114 552 tenebrarum
3144 448 3369 552 {Surge
3391 449 3482 522 qui
3508 450 3765 552 (terrui;

427 588 559 630 vero
582 542 764 646 posuit
790 570 848 627 in
878 542 1045 627 carne
1072 568 1279 623 dicens.
1304 562 1670 621 Manifestavit
1706 576 1870 633 opera
1895 575 2017 615 car-
2120 565 2169 610 et
2198 567 2414 623 essurge
2444 548 2753 646 a_mortuis.
2780 544 2998 646 Quaerat
3024 542 3221 614 aliquis
3244 543 3492 613 quisnam
3517 543 3605 600 sit
3628 544 3768 646 ista

430 665 540 733 nis,
565 634 688 736 qua:
716 670 863 731 sunt,
906 660 1221 733 fornicatio,
1256 668 1311 713 et
1354 656 1582 728 reliqua:
1629 652 1859 711 Fructus
1904 667 2020 707 vero
2122 646 2213 719 qui
2265 643 2434 699 dicit:
2467 640 2633 710 Surge
2663 637 2753 709 qui
2798 635 3013 736 dormis.
3045 644 3122 736 et.
3144 650 3369 736 exsurge
3397 653 3434 736 g
3466 634 3765 736 mortuis,

429 724 648 829 spiritus
706 765 781 811 est
835 724 1066 809 charitas
1088 792 1103 816 ,
1169 750 1423 822 gaudium
1448 724 1489 816 ,—
1515 763 1654 817 pax,
1708 743 2022 816 longanimi-
2124 746 2219 792 aut
2245 736 2397 807 cujus
2424 731 2713 804 Apostolus
2742 727 3052 829 testimonio
3079 725 3150 781 sit
3198 741 3328 781 usus
3345 726 3462 829 {Et
3493 724 3771 829 quidem

433 857 537 915 tas,
571 854 677 903 etc.
734 846 906 902 Porro
944 842 1431 915 imprtesentiarum
1475 854 1642 909 opera
1685 834 2023 892 tenebrarum

434 936 771 994 infructuosa
795 934 1155 1007 appellantur,
1174 931 1366 1003 quibus
1390 929 1483 1001 qui
1511 944 1576 984 ea
1614 928 1857 983 fecerunt
1881 942 2028 983 com-

434 1029 697 1086 munione
717 1017 1011 1084 socia’ntur.
1033 1023 1259 1098 (ΛΜΝ.)
1279 1021 1480 1087 Monet,
1507 1035 1575 1076 ne
1604 1020 1866 1074 malorum
1891 1017 2029 1073 acti-

436 1120 541 1179 bus
559 1136 660 1193 per
686 1133 1012 1176 consensum
1046 1115 1368 1187 polluamur,
1407 1114 1533 1183 quia
1558 1120 1685 1166 sunt
1712 1108 2031 1179 infructuosi

436 1228 568 1288 erga
591 1216 813 1271 bonum.
842 1211 962 1286 (Atb
988 1210 1009 1284 )
1043 1208 1218 1280 Opera
1247 1208 1387 1263 enim
1419 1204 1755 1260 infructuosa
1781 1202 2033 1258 tenebra-

437 1319 561 1364 rum
590 1305 763 1361 malas
796 1300 1212 1360 consuetudines
1256 1299 1310 1352 in
1345 1296 1582 1367 peccatis
1624 1295 1886 1358 nominat,
1914 1293 2033 1363 qui-

437 1396 543 1455 bus
563 1396 968 1454 communicare
997 1388 1617 1464 prohibetChristianos,
1649 1385 1743 1442 sed
1769 1385 1941 1456 magis
1969 1398 2033 1439 ea

440 1504 713 1562 arguere,
761 1486 1071 1556 ubicunque
1134 1481 1503 1552 intelligantur
1547 1494 1693 1545 esse,
1740 1478 2028 1531 admonet:

436 1578 562 1636 ideo
596 1579 990 1648 subsequenter
1039 1573 1152 1629 ait:
1197 1571 1372 1641 Magis
1421 1576 1597 1622 autem
1642 1577 1691 1621 et
1743 1565 2033 1635 objurgate,

434 1680 556 1742 qua:
580 1671 637 1723 in
675 1665 877 1724 occulto
901 1666 965 1720 ab
1005 1664 1078 1719 eis
1124 1662 1282 1733 ﬁunt,
1311 1670 1460 1731 turpe
1508 1666 1583 1713 est
1633 1657 1790 1711 etiam
1841 1654 2032 1708 dicere.

438 1756 674 1832 ('Ambr.)
702 1754 821 1812 Jam
846 1771 954 1811 non
984 1754 1158 1810 solum
1196 1750 1401 1805 alienos
1432 1748 1548 1803 vult
1591 1761 1684 1802 eos
1710 1759 1831 1800 esse
1860 1759 1891 1797 a
1919 1758 2034 1797 ma-

2127 831 2220 901 qui
2245 825 2478 896 simplici
2524 821 2874 893 responsione
2898 827 3189 873 contentus
3214 826 3298 872 est
3335 818 3509 885 dicet,
3540 817 3615 872 in
3661 830 3763 875 τες

2127 921 2359 980 conditis
2387 934 2510 974 eum
2540 917 2833 988 prOphetis,
2857 922 2914 968 et
2942 912 3021 968 eis
3049 928 3170 982 quae
3193 922 3455 969 vocantur
3472 914 3773 985 Apocry»

2128 1017 2234 1088 pha
2272 1016 2385 1069 haec
2413 1012 2553 1068 lecta
2582 1010 2634 1065 in
2677 1007 2912 1063 medium
2937 1005 3227 1078 protulisse
3250 1047 3265 1071 ,
3312 1007 3449 1062 sicut
3492 1007 3549 1061 in
3616 1004 3773 1063 aliis

2130 1122 2345 1179 quoque
2370 1105 2501 1160 locis
2528 1102 2675 1157 illum
2704 1100 2897 1156 fecisse
2937 1098 3290 1154 manifestum
3314 1107 3415 1163 est,
3438 1114 3543 1154 non
3584 1097 3773 1171 quod

2131 1202 2385 1274 ἁπόκριφα
2411 1193 2775 1268 comprobarit
2793 1232 2810 1259 ,
2839 1190 2932 1247 sed
2957 1189 3102 1262 quod
3130 1188 3286 1245 Arati
3311 1197 3366 1245 et
3387 1188 3776 1262 Epimenidis

2132 1288 2488 1348 et.Menandri
2520 1285 2768 1343 versibus
2806 1282 2877 1338 sit
2906 1297 3035 1337 usus
3062 1281 3132 1336 ad
3167 1296 3231 1336 ea
3253 1321 3270 1347 ,
3321 1296 3437 1352 qua:
3476 1281 3774 1335 voluerat

2132 1384 2189 1439 in
2222 1392 2460 1451 tempore
2481 1375 2923 1447 comprobanda;
2969 1388 3068 1429 nec
3105 1382 3283 1427 tamen
3312 1371 3465 1427 Arati
3494 1379 3551 1427 et
3604 1370 3773 1444 Epi-

2134 1473 2368 1530 menidis
2396 1480 2451 1527 et
2482 1466 2758 1525 Menandri
2791 1475 2932 1534 tota,
2959 1482 3079 1537 quae
3132 1466 3417 1538 scripsere,
3450 1475 3587 1523 sunt
3618 1482 3775 1522 san-

2136 1574 2244 1631 cta,
2272 1563 2398 1634 quia
2432 1577 2527 1616 eos
2557 1575 2682 1615 vere
2709 1558 2917 1629 aliquid
2936 1558 3140 1615 dixisse
3171 1566 3397 1615 testatus
3418 1567 3524 1615 est.
3573 1557 3775 1614 Alius

2135 1672 2266 1712 vero
2316 1653 2469 1725 quasi
2497 1650 2924 1727 προσωποποιΐαν
2947 1647 3184 1721 Spiritus
3214 1648 3391 1704 sancti
3413 1648 3773 1720 ﬁguravetit

2142 1748 2209 1803 ad
2244 1745 2605 1802 hortationem
2643 1741 2977 1814 paenitentiae
3000 1780 3015 1805 ,
3069 1740 3186 1796 haec
3213 1740 3358 1799 dicta
3383 1741 3770 1796 memorabit.

436 1830 506 1907 lis
528 1850 759 1917 actibus,
787 1849 883 1905 sed
920 1855 975 1904 et
1003 1858 1233 1918 arguere
1278 1842 1562 1899 malefacta
1608 1854 1819 1905 eorum,
1846 1837 1939 1908 qui
1976 1836 2031 1891 in
2060 1842 2110 1904 B
2136 1839 2250 1913 Ego
2289 1848 2436 1894 certe
2481 1834 2779 1897 secundum
2826 1830 3259 1904 paupertatulam
3308 1846 3484 1888 meam
3540 1844 3775 1889 omna

434 1940 651 1997 occulto
700 1939 932 2011 turpiter
978 1942 1318 2008 operantur:
1372 1944 1501 1988 tunc
1545 1930 1691 1986 enim
1736 1928 2033 2001 probantur

434 2042 684 2108 peccata,
714 2033 761 2089 si
788 2017 1106 2103 arguuntur,
1142 2038 1199 2084 ut
1242 2027 1580 2084 admirentur
1608 2023 1749 2079 ﬁlios
1794 2023 1964 2089 lucis,
2002 2037 2033 2076 a

437 2122 653 2199 quibus,
682 2139 808 2180 cum
848 2124 996 2197 juste
1031 2128 1352 2195 arguuntur,
1395 2117 1771 2175 contradicere
1797 2131 1904 2171 non
1933 2128 2034 2186 po-

438 2224 643 2285 terunt,
672 2218 768 2274 sed
801 2217 972 2285 magis
992 2231 1088 2272 eos
1116 2212 1529 2271 reverebantur.
1560 2209 1727 2281 (Atb.)
1758 2209 1903 2263 lnter
1933 2222 2038 2262 caa-

438 2322 557 2369 tera
580 2310 837 2367 mandata
850 2306 1015 2365 etiam
1029 2314 1318 2380 peccantes
1340 2317 1503 2375 posse
1529 2315 1757 2374 arguere
1786 2300 2036 2354 maximae

438 2400 708 2458 libertatis
741 2409 844 2465 est,
874 2399 971 2455 sed
991 2398 1093 2453 hoc
1117 2397 1204 2452 ille
1232 2402 1411 2466 potest
1442 2392 1644 2457 facere,
1669 2390 1765 2462 qui
1788 2405 1895 2445 non
1918 2403 2032 2443 mc-

439 2503 594 2551 retur
633 2494 824 2550 audire
860 2510 873 2546 :
927 2490 1249 2563 ngocrita,
1293 2488 1423 2558 ejice
1461 2486 1688 2558 primum
1739 2482 1939 2537 trabem
1972 2482 2037 2536 de

439 2586 592 2643 oculo
632 2595 747 2654 tuo,
773 2595 822 2641 et
858 2594 983 2639 tunc
1031 2583 1225 2655 poteris
1276 2580 1463 2651 ejicere
1489 2579 1745 2649 festucam
1782 2575 1847 2629 de
1888 2573 2037 2629 oculo

439 2679 623 2752 fratris
639 2681 717 2734 tui
743 2677 959 2751 (Matth.
985 2674 1105 2749 vn),
1128 2690 1197 2730 ex
1220 2689 1328 2746 quo
1356 2670 1893 2728 animadvertendum
1915 2682 2039 2724 eum

440 2784 669 2843 arguere
681 2783 861 2840 posse,
876 2766 970 2839 qui
993 2766 1106 2838 ipse
1126 2780 1232 2821 non
1264 2763 1623 2837 redarguatur
1646 2762 1699 2816 in
1723 2760 2034 2829 semetipso.

441 2862 597 2934 Quod
622 2876 753 2921 vero
779 2861 870 2918 hic
899 2860 1049 2925 dicit,
1081 2878 1101 2911 ι
1129 2871 1288 2931 turpe
1316 2868 1401 2914 est
1429 2864 1484 2913 et
1507 2854 1708 2923 dicere,
1740 2874 1758 2906 ι
1794 2853 1860 2910 ad
1883 2868 2040 2923 supe-

2136 1933 2403 1989 editiones
2416 1938 2661 1985 veterum
2679 1924 3106 1997 Scripturarum,
3122 1923 3237 1993 ipsa
3250 1938 3463 1994 quoque
3475 1922 3775 1981 Hebraeo-

2137 2042 2257 2082 rum
2271 2024 2543 2080 volumina
2558 2021 2841 2093 diligenter
2853 2016 3171 2085 eventilans,
3186 2032 3460 2087 nunquam
3477 2012 3589 2073 hoc
3612 2017 3776 2073 scri-

2135 2129 2287 2194 ptum
2339 2115 2553 2188 reperi,
2602 2111 2708 2169 nisi
2754 2110 2915 2177 forte,
2953 2117 3009 2164 et
3040 2109 3145 2164 hoc
3197 2108 3460 2174 dicamus,
3509 2123 3775 2180 quomo-

2143 2210 2212 2266 do
2240 2208 2369 2265 olim
2416 2205 2696 2278 prophetae
2743 2202 2798 2257 in
2833 2201 3096 2258 concione
3121 2200 3303 2272 populi
3334 2199 3728 2271 loquebantur
3753 2219 3772 2235 '

2140 2300 2272 2356 Htec
2292 2299 2419 2353 dicit
2434 2296 2786 2360 Dominus,et
2810 2312 2823 2348 :
2847 2292 3111 2361 Quoniam
3122 2291 3381 2347 Dominus
3406 2291 3625 2347 locutus
3650 2302 3747 2349 est

2137 2392 2215 2450 ita
2240 2399 2297 2447 et
2328 2388 2649 2461 Apostolum
2681 2385 2894 2457 Spiritu
2921 2394 3112 2440 sancto
3161 2383 3381 2455 plenum
3432 2393 3683 2455 repente
3706 2385 3775 2443 in

2135 2481 2324 2547 verba,
2362 2495 2482 2551 qua:
2509 2480 2567 2535 in
2593 2494 2653 2534 se
2674 2476 2924 2533 Christus
2944 2474 3287 2547 loquebatur,
3305 2473 3555 2546 erupisse
3575 2484 3777 2546 atque

2141 2578 2365 2643 dixisse,
2429 2573 2561 2630 Haec
2590 2573 2718 2627 dicit
2744 2571 3027 2627 Dommus.
3073 2568 3186 2626 Nec
3233 2583 3342 2625 non
3394 2576 3449 2623 et
3474 2567 3621 2624 illud
3674 2578 3775 2627 est

2142 2667 2556 2732 disserendum,
2610 2664 2883 2738 quomodo
2924 2664 3016 2719 uni
3068 2672 3235 2735 atque
3282 2662 3461 2720 eidem
3486 2662 3773 2732 dicatur,

2141 2765 2300 2839 quasi
2329 2762 2643 2831 dormienti,
2673 2778 2828 2833 surge
2871 2762 2962 2832 qui
3012 2759 3244 2826 dormis,
3301 2759 3454 2830 quasi
3486 2768 3771 2827 mortuo,

2142 2879 2361 2934 exsurge
2383 2879 2417 2916 a
2439 2859 2683 2915 mortuis.
2712 2858 2881 2929 Igitur
2893 2856 3021 2929 quia
3048 2864 3107 2912 et
3130 2854 3354 2927 spiritus
3374 2863 3458 2911 est
3474 2854 3773 2924 homin'u,

356 3078 379 3089 υ
442 3046 616 3118 possit
648 3063 664 3101 :
698 3036 831 3115 Quae
874 3044 1020 3100 enim
1050 3041 1261 3099 occulte
1294 3042 1433 3096 ﬁunt
1466 3055 1497 3094 a
1532 3040 1658 3094 ﬁliis
1710 3036 2041 3104 diﬁidentiae,

441 2955 588 3012 riora
618 2954 862 3039 respicit,
881 2953 973 3009 ubi
1001 2952 1081 3009 ait
1108 2952 1175 3008 de
1224 2950 1351 3007 ﬁliis
1393 2948 1726 3015 difﬁdentiae,
1756 2956 1819 3003 ut
1847 2959 2043 3002 sonare
2144 2971 2309 3027 quem
2332 2968 2549 3025 semper
2573 2952 2631 3008 in
2656 2951 2798 3006 bona
2823 2959 2980 3022 parte
2999 2949 3265 3021 scriptum
3292 2948 3687 3016 meminimus,
3710 2958 3775 3005 et

2147 3042 2520 3114 anima,cujus
2539 3052 2595 3100 et
2625 3041 2974 3098 inﬁrmitates
2997 3048 3054 3095 et
3076 3047 3281 3096 mortes
3298 3038 3531 3110 legimus
3552 3053 3771 3109 pecca-

444 3145 602 3209 turpe
627 3146 711 3194 est
743 3137 948 3203 dicere,
978 3150 1098 3207 quae
1129 3142 1256 3192 sunt
1297 3133 1585 3189 fornicatio
1613 3140 1667 3187 et
1698 3129 2043 3187 immunditia
2084 3208 2116 3212 _
2147 3154 2350 3210 torum,
2381 3142 2437 3197 id
2460 3140 2605 3212 quod
2634 3154 2779 3196 nunc
2799 3137 3036 3195 dicitur;
3066 3133 3237 3207 surge
3256 3135 3347 3208 σαί
3388 3135 3618 3203 domu.
3672 3151 3773 3193 το,

444 3236 500 3286 θῑ
536 3208 718 3285 omnis
757 3228 1006 3284 avaritia.
1050 3225 1245 3282 Omnia
1288 3234 1484 3293 autem,
1512 3241 1631 3297 qua:
1681 3233 1981 3297 arguuntur
2011 3240 2044 3278 a
2069 3208 2117 3274 Ο
2146 3208 2416 3293 Ῑθτωιιναά
2440 3208 2710 3304 sill-itum,
2741 3237 2799 3283 ει
2830 3225 2977 3297 quod
3001 3222 3268 3296 sequitur.
3298 3239 3520 3294 exsurge
3549 3239 3587 3277 α
3609 3240 3779 3279 πιοτ-

448 3321 647 3378 lumine
676 3321 1114 3391 manifestantur,
1136 3336 1288 3375 omne
1306 3320 1447 3374 enim
1488 3318 1628 3391 quod
1650 3318 2041 3389 manifestatur,
2146 3332 2275 3398 ωδε,
2304 3329 2501 3385 animm
2540 3332 2846 3396 ωωριθιωυ,
2882 3320 3098 3388 Anima,
3129 3335 3248 3391 qua;
3288 3318 3604 3391 pomerii,
3636 3320 3776 3391 ip“

446 3404 624 3467 [amen
649 3422 745 3468 est.
770 3410 967 3483 (Hier.)
1000 3411 1220 3478 Omnia,
1254 3410 1398 3467 haud
1422 3410 1646 3465 dubium
1689 3410 1819 3482 quin
1840 3425 1903 3464 ea
1926 3424 2047 3480 quze
2145 3425 2399 3481 morietur
2424 3420 2640 3494 (Εωοά,
2672 3416 2852 3490 xyw),
2882 3415 3109 3488 spiritus
3133 3422 3318 3469 autem
3338 3419 3573 3469 ωοιιιοω
3607 3428 3773 3469 nun-

447 3502 657 3560 occulte
682 3502 820 3558 ﬁunt
848 3518 881 3558 a
912 3501 1035 3558 ﬁliis
1065 3500 1395 3570 difﬁdentiae,
1432 3503 1550 3559 haec
1577 3501 1725 3559 enim
1757 3516 1789 3556 a
1815 3501 1937 3558 luce
1960 3518 2047 3557 ar-

449 3607 575 3683 guta
606 3598 1051 3665 manifestantur,
1088 3584 1180 3652 lux
1209 3598 1392 3654 autem
1433 3598 1611 3670 arguit
1631 3611 1695 3653 ea
1726 3612 1845 3668 quae
1894 3596 2048 3668 prius

450 3694 612 3747 erant
639 3691 898 3759 tenebrae,
914 3698 973 3747 et
992 3701 1180 3764 postea
1201 3689 1345 3746 facta
1368 3699 1493 3745 sunt
1521 3690 1702 3746 lumen
1725 3689 1782 3745 in
1796 3690 2048 3758 Domino,

450 3790 512 3838 ut
535 3797 603 3838 ex
645 3796 711 3838 eo
733 3782 877 3853 quod
906 3781 1274 3851 corripiuntur
1295 3821 1309 3847 ,
1358 3787 1635 3835 mutentur
1665 3780 1719 3833 in
1754 3778 1967 3847 melius,
1997 3787 2052 3835 et

451 3883 663 3931 mutata
705 3873 1127 3932 manifestentur
1172 3874 1227 3930 in
1261 3873 1479 3946 publico
1527 3882 1584 3929 et
1626 3872 1899 3945 publicata
1938 3872 2051 3929 sint

451 3965 668 4032 lumen,
736 3966 864 4036 quia
925 3982 1076 4021 omne
1142 3965 1281 4038 quod
1346 3964 1716 4035 manifestatur
1789 3963 1883 4019 tua:
1950 3974 2046 4020 est.

451 4054 691 4131 (Ambr.)
715 4055 920 4114 Verum
941 4066 1045 4126 est,
1075 4057 1203 4130 quia
1242 4067 1368 4114 tunc
1392 4057 1644 4113 videntur
1661 4066 1902 4129 peccata,
1928 4074 2052 4115 cum

447 4149 825 4223 objurgantur,
856 4152 981 4222 quia
1029 4151 1121 4222 qui
1165 4159 1375 4223 peccat,
1407 4152 1646 4222 quandiu
1674 4168 1780 4208 non
1828 4152 2053 4223 corripi-

452 4250 561 4311 tur,
589 4244 811 4299 minime
859 4244 960 4299 sibi
998 4242 1215 4301 videtur
1261 4260 1512 4321 peccare.
1534 4244 1709 4301 Omne
1735 4246 1883 4303 enim
1910 4247 2055 4318 quod

453 4334 830 4393 manifestatur
865 4335 958 4391 lux
1004 4345 1109 4402 est,
1135 4337 1190 4392 in
1229 4337 1519 4394 manifesto
1572 4338 1897 4408 ambiguitas
1942 4355 2053 4395 non

455 4436 562 4495 est,
590 4442 692 4485 nec
719 4429 969 4486 excusari
1020 4439 1220 4501 potest,
1246 4433 1388 4501 quod
1432 4432 1614 4504 palam
1658 4432 1912 4489 delictum
1937 4444 2050 4504 est,

454 4521 596 4577 sicut
615 4522 761 4578 enim
783 4532 1081 4594 apparente
1108 4521 1241 4590 sole,
1271 4524 1412 4579 diem
1440 4538 1561 4580 esse
1586 4526 1772 4597 negari
1798 4525 1911 4598 jam
1943 4543 2051 4584 non

452 4616 656 4685 potest,
672 4613 744 4669 ita
760 4591 1182 4671 etmanifeslato
1201 4625 1447 4688 peccato,
1477 4591 1783 4689 obiurgatio
1798 4591 1943 4676 falsa
1969 4621 2053 4676 vi-
2077 4591 2131 4653 Ῐ)

457 4704 573 4763 deri
600 4722 708 4761 non
737 4714 932 4779 potest.
958 4703 1186 4778 Propter
1202 4708 1342 4778 quod
1366 4709 1517 4777 dicit,
1543 4726 1719 4782 surge,
1743 4713 1832 4782 qui
1853 4712 2053 4769 dormis

456 4807 506 4856 et
546 4815 764 4872 exsurge
813 4790 845 4885 ᾇ
903 4802 1122 4883 mortuis
1174 4811 1221 4856 et
1268 4800 1584 4861 illuminabit
1645 4804 1739 4860 tibi
1792 4802 2053 4862 Christus.

461 4892 697 4967 (Ambr.)
725 4890 1113 4953 Dormitionem
1142 4896 1301 4965 hanc,
1340 4904 1618 4968 stuporem
1660 4899 1859 4955 mentis
1884 4900 2055 4971 signi-

460 4986 617 5053 licat,
659 5000 779 5057 qua:
815 4986 1086 5044 alienatur
1119 5003 1151 5043 a
1181 5003 1312 5044 vera
1340 4989 1459 5056 via;
1490 4990 1743 5045 alienatio
1778 5006 1906 5048 vero
1938 4994 2057 5048 haec

467 5077 675 5151 species
700 5078 893 5161 mortis
916 5089 1020 5146 est,
1048 5095 1117 5139 ex
1145 5094 1251 5151 qua
1272 5094 1559 5153 resurgere
1581 5090 1982 5150 commonetur,
1998 5092 2060 5141 ut

467 5172 792 5244 resipiscens
846 5182 1106 5244 agnoscat
1140 5173 1428 5229 veritatem
1454 5213 1470 5240 ,
1517 5186 1640 5244 quas
1666 5182 1753 5231 est
1783 5172 2051 5233 Christus.

463 5263 662 5323 Perﬁdi
696 5280 825 5338 ergo
863 5248 918 5322 et
968 5265 1151 5322 vitiosi
1178 5264 1414 5321 demersi
1461 5265 1519 5321 in
1567 5280 1785 5322 caenum
1829 5267 1932 5323 sub
1957 5269 2053 5325 de-

466 5338 772 5433 speratione
818 5340 1078 5449 vittatam
1120 5368 1424 5432 resurgant,
1481 5360 1596 5417 sive
1624 5372 1903 5434 emergant
1960 5364 2030 5419 ad

467 5464 779 5523 monentur,
807 5464 863 5511 et
887 5453 1123 5511 habeant
1156 5462 1366 5525 partem
1397 5469 1521 5511 cum
1542 5453 1782 5516 Christo.
1804 5466 1867 5512 ut
1884 5458 1952 5515 de
1981 5466 2057 5515 te.

467 5548 654 5606 nebris
698 5554 981 5603 transeant
1025 5545 1095 5601 ad
1146 5544 1323 5602 lucem
1367 5555 1423 5603 et
1465 5563 1499 5603 a
1548 5555 1722 5605 morte
1757 5549 1827 5605 ad
1867 5550 2035 5606 vitam

469 5639 672 5715 (Ηὶεν.)
702 5639 969 5708 Quoniam
1011 5652 1177 5717 opera
1215 5637 1563 5695 tenebrarum
1616 5653 1649 5693 ι
1692 5638 1828 5701 ,luce
1869 5648 2059 5711 arguta

470 5729 887 5787 manifestantur
932 5730 989 5788 in
1036 5730 1248 5811 lucqm,
1301 5731 1387 5789 his
1430 5747 1551 5803 quae
1606 5740 1799 5804 arguta
1844 5730 2063 5789 fuerant

473 5825 883 5893 transmutans,
928 5824 1127 5883 dicitur
1177 5825 1571 5885 dormientibus
1626 5833 1679 5883 et
1720 5825 1949 5883 mortuis
1994 5841 2062 5884 eo

2149 3533 2315 3591 quam
2336 3515 2560 3572 omnino
2594 3512 2842 3584 legimus.
2894 3508 3147 3566 Christus
3180 3521 3311 3578 ergo
3332 3505 3428 3560 lux
3449 3519 3580 3560 vera
3608 3506 3776 3561 orie—

2149 3619 2239 3667 tur
2273 3610 2323 3665 ei
2360 3608 2454 3678 qui
2488 3605 2793 3671 surrexerit
2829 3602 2899 3659 de
2924 3615 3116 3659 somno
3152 3607 3209 3655 et
3232 3615 3301 3656 ex
3326 3598 3563 3657 mortuis
3586 3597 3774 3654 fuerit

2150 3706 2462 3761 suscitatus.
2494 3698 2677 3754 Videte
2698 3714 2821 3769 ergo
2844 3695 3107 3768 quomodo
3139 3704 3292 3749 caute
3320 3691 3625 3759 ambuletis,
3644 3708 3775 3749 non

2150 3803 2208 3853 ut
2242 3793 2565 3865 insipientes,
2596 3788 2688 3845 sed
2730 3796 2788 3843 ut
2812 3787 3094 3858 sapientes.
3121 3783 3293 3840 Recte
3338 3782 3594 3853 Ephesiis
3614 3782 3769 3840 dici-

2150 3894 2264 3954 tur,
2301 3892 2361 3940 ut
2407 3891 2564 3939 caute
2612 3878 2926 3945 ambulent,
2980 3876 3075 3948 qui
3110 3874 3383 3932 habebant
3422 3874 3771 3932 exercitatos

2153 3992 2347 4034 sensus
2373 3976 2443 4032 ad
2469 3970 2891 4030 discernendum
2916 3969 3122 4026 bonum
3160 3975 3221 4025 et
3246 3965 3484 4032 malum,
3523 3974 3583 4023 et
3622 3981 3772 4039 pm-

2153 4074 2346 4131 bantes
2374 4069 2577 4136 omnia,
2615 4068 2671 4124 id
2699 4066 2844 4138 quod
2867 4073 3172 4124 statuerant
3208 4064 3418 4123 bonum
3450 4078 3598 4133 esse,
3623 4064 3773 4121 reti-

2154 4167 2384 4233 nebant;
2412 4164 2506 4235 qui
2552 4172 2734 4221 autem
2774 4161 2923 4217 viaet
2960 4159 3231 4231 quomodo
3264 4158 3537 4227 ambulet,
3588 4174 3769 4231 quam

2155 4267 2314 4321 caute
2359 4256 2493 4329 ﬁgat
2533 4254 2797 4326 gradum,
2853 4266 2923 4307 ne
2948 4249 3093 4309 forte
3144 4250 3215 4306 ad
3243 4250 3477 4322 lapidem
3514 4248 3769 4308 oﬁ‘endat

2154 4350 2348 4420 pedem
2375 4362 2557 4412 suum,
2584 4354 2640 4401 et
2670 4343 2837 4401 dicit:
2866 4340 3108 4397 Lucerna
3143 4341 3359 4413 pedibus
3388 4341 3519 4397 meis
3544 4351 3769 4399 verba

2156 4450 2327 4507 tuum,
2358 4440 2601 4506 Domine,
2624 4448 2673 4493 et
2707 4437 2888 4493 tamen
2922 4435 3122 4491 semitis
3166 4436 3299 4492 meis
3322 4434 3501 4508 (Psal.
3536 4438 3766 4511 cum),

2157 4534 2346 4604 utique
2370 4533 2585 4604 sapiens
2631 4537 2755 4596 est;
2796 4544 2903 4585 non
2946 4529 3093 4585 enim
3137 4538 3271 4600 puto
3297 4529 3519 4585 idiotem
3564 4544 3771 4602 qum-

2159 4627 2325 4699 piam,
2349 4624 2453 4680 etsi
2475 4623 2606 4678 velit
2653 4620 2932 4677 ambulare
2961 4629 3143 4687 caute,
3178 4635 3340 4693 posse
3378 4622 3486 4677 hoc
3530 4620 3771 4693 implere

2159 4726 2508 4792 perceptum,
2538 4715 2683 4787 quod
2724 4712 3064 4785 sapientibus
3086 4721 3146 4769 et
3172 4713 3557 4785 insipientibus
3584 4714 3767 4787 impe-

2161 4821 2339 4867 ratum
2369 4816 2475 4865 est.
2516 4807 2597 4862 Ex
2640 4820 2750 4876 quo
2778 4804 3129 4876 intelbgimus
3157 4813 3213 4861 et
3252 4815 3522 4877 praecepta
3566 4819 3767 4862 mora-

2162 4899 2256 4962 lia,
2279 4913 2399 4968 quae
2428 4897 2673 4968 plerique
2702 4893 2989 4953 manifesta
3017 4894 3381 4962 arbitrantur,
3410 4911 3480 4952 ex
3506 4911 3576 4953 eo
3612 4897 3770 4968 quod

2160 4994 2217 5050 in
2240 4992 2457 5049 Psalmo
2498 5006 2629 5046 xvm
2662 4989 2863 5045 dicitur
2886 5007 2902 5045 :
2934 4987 3252 5044 Mandatum
3276 4989 3494 5045 Domini
3519 4988 3767 5045 lucidum

2159 5084 2468 5141 illuminans
2494 5084 2697 5151 oculos,
2720 5084 2966 5155 indigere
2988 5083 3241 5154 prudenti
3277 5091 3333 5139 et
3360 5083 3765 5153 circumspecta

2161 5176 2502 5247 expositione
2528 5215 2545 5243 ,
2585 5177 2713 5247 quia
2742 5176 2983 5232 lucidum
3027 5175 3159 5232 illud
3207 5184 3537 5247 praequam
3564 5189 3761 5231 eorum

2160 5268 2428 5324 illuminat
2471 5268 2678 5335 oculos,
2706 5269 2798 5339 qui
2847 5269 3158 5339 insipientia
3206 5267 3493 5336 derelicta,
3544 5267 3761 5339 sapien-

2159 5365 2251 5420 tia:
2312 5377 2371 5420 se
2422 5363 2617 5419 studiis
2674 5361 3116 5433 mancipaverint.
3174 5359 3507 5416 Redimentes
3555 5370 3767 5432 tempus

2159 5457 2409 5528 quoniam
2437 5454 2553 5510 dies
2594 5452 2723 5509 mali
2752 5465 2896 5510 sunt.
2930 5453 3167 5527 (Ambn)
3206 5451 3477 5522 Quoniam
3505 5452 3758 5526 superiu

2158 5548 2443 5620 perﬁdiam
2471 5556 2527 5604 et
2558 5548 2692 5604 vitia
2718 5547 2845 5604 vitae
2872 5563 2903 5604 a
2930 5547 3027 5604 Dei
3052 5548 3226 5604 servis
3279 5547 3555 5620 arguenda
3602 5562 3758 5605 man-

2163 5641 2332 5705 davit,
2370 5656 2514 5698 nunc
2540 5649 2601 5697 ut
2626 5641 2924 5713 prudenter
2944 5655 3008 5696 ea
3048 5640 3167 5711 ipsa
3212 5648 3516 5712 arguantur
3536 5647 3758 5712 promer

2160 5732 2476 5788 scandalum
2504 5729 2755 5800 subjecit,
2778 5742 2840 5787 ut
2862 5732 3005 5788 inter
3024 5731 3264 5802 perﬁdos
3302 5745 3426 5787 cum
3465 5729 3752 5801 prudentia

2161 5828 2589 5886 conversandum
2616 5827 2709 5895 sit,
2740 5827 2975 5886 maxime
3017 5837 3260 5898 tempore
3305 5839 3413 5898 quo
3439 5823 3634 5896 perﬁdi
3661 5838 3751 5882 re,
