3986 6338
235 446 356 507 455

698 437 1246 497 ENARRATIONUM
1284 437 1353 493 IN
1392 436 1541 493 EPP.
1581 431 1787 490 PAULI
1826 431 1952 487 LIB.
1992 430 2177 488 XVIII.
2216 460 2287 471 —
2322 427 2391 485 IN
2425 426 2643 486 EPIST.
2684 427 2777 485 AD
2812 428 3057 509 EPHES,

3404 426 3511 487 456

238 568 440 636 gnant,
463 563 854 628 praesumentes
898 555 964 611 de
1020 570 1147 627 rege
1182 554 1432 625 profano,
1471 560 1532 607 ut
1563 552 1606 606 si
1639 550 1832 605 viderit
1857 555 1907 613 Α
1934 549 2254 605 studendum
2286 557 2468 604 monet
2502 548 2683 620 (Joan.
2714 547 2867 621 xw);
2905 558 2961 605 et
2984 564 3082 605 vas
3105 548 3384 607 electionis
3411 569 3423 607 :
3454 549 3517 607 Si

237 651 593 712 Christianus
614 638 915 717 inquietum
936 654 991 702 et
1011 646 1329 702 iracundum
1356 643 1829 706 contradictorcm,

239 742 553 803 dissimulet
573 741 645 796 ab
667 755 753 804 eo,
776 755 846 795 ne
875 738 1000 795 eum
1026 739 1245 811 quidem
1274 739 1462 795 incitet
1483 737 1551 793 ad
1585 736 1834 806 blasphe-

238 834 420 892 miam
446 842 504 890 et
531 839 903 903 tempestatem
932 832 1253 888 movendam
1278 848 1292 885 :
1332 830 1444 887 illic
1465 838 1646 884 autem
1667 828 1833 883 verba

239 925 440 991 faciat,
463 923 556 981 ubi
575 923 737 979 datur
756 922 1006 979 facultas.
1036 921 1496 990 Quemadmodum
1525 921 1670 976 enim
1694 920 1836 975 inter

238 1023 501 1088 potentes
527 1012 762 1084 perﬁdos
810 1013 1171 1084 interrogatus
1217 1012 1347 1083 quid
1383 1012 1475 1078 sit,
1510 1019 1691 1068 tacere
1727 1026 1835 1066 non

239 1109 414 1167 debet
452 1122 553 1164 ec
580 1121 779 1178 negare
801 1108 948 1177 quod
976 1115 1080 1172 est,
1114 1106 1190 1161 ita
1213 1114 1270 1161 et
1293 1106 1340 1163 si
1368 1114 1544 1161 metus
1570 1112 1656 1161 est
1694 1104 1837 1159 inter

238 1217 348 1259 eos
370 1201 651 1272 disputare
683 1199 1129 1255 dissimulandum
1154 1206 1261 1265 est,
1293 1198 1489 1269 quippe
1518 1212 1641 1252 cum
1669 1195 1837 1251 detri-

238 1300 497 1348 mentum
526 1290 599 1347 sit
644 1290 918 1346 seminare
968 1304 1130 1361 super
1158 1289 1379 1360 spinas:
1410 1289 1515 1344 hoc
1558 1296 1644 1343 est
1689 1287 1836 1344 enim

238 1381 556 1454 prudentis,
599 1381 741 1436 scire
777 1380 1229 1451 quemadmodum
1278 1379 1568 1450 unicuique
1613 1393 1832 1450 respon-

238 1474 397 1529 deat.
429 1472 527 1528 Est
550 1473 698 1528 enim
719 1471 811 1542 qui
850 1472 1098 1544 quamvis
1125 1472 1362 1543 perfidus
1390 1473 1481 1539 sit,
1505 1487 1613 1527 non
1655 1479 1834 1529 tamen

236 1562 471 1633 penitus
518 1562 878 1619 intractabilis
908 1571 1012 1626 est,
1040 1572 1100 1617 ut
1140 1578 1243 1621 nec
1291 1563 1480 1619 audire
1505 1579 1565 1619 se
1597 1564 1838 1633 patiatur

237 1652 419 1709 verba
460 1652 606 1708 fidei.
635 1653 731 1711 Est
759 1653 978 1721 iterum,
997 1654 1050 1711 in
1074 1669 1185 1725 quo
1224 1655 1303 1711 sic
1331 1654 1505 1713 fervet
1533 1654 1681 1711 zelus
1714 1670 1838 1727 per-

236 1742 417 1810 ﬁdia},
442 1751 503 1799 ut
546 1758 654 1803 non
702 1751 911 1799 tantum
956 1759 1067 1800 non
1108 1760 1233 1801 cum
1272 1745 1394 1811 illo,
1440 1746 1535 1801 sed
1568 1761 1672 1803 nec
1698 1762 1837 1819 prae-

236 1845 409 1893 sente
458 1836 549 1893 illo
599 1844 860 1893 tractetur
922 1837 991 1893 de
1053 1836 1201 1904 ﬁde,
1258 1846 1634 1910 perstrepente
1692 1840 1836 1895 enim

1932 648 2118 710 potest,
2154 639 2348 709 inquit,
2375 638 2514 710 ﬁeri,
2547 639 2687 711 quod
2708 656 2773 694 ea:
2814 639 2954 696 vobis
2996 649 3094 706 est,
3141 658 3257 697 cum
3279 642 3518 698 omnibus

1931 749 2111 803 pacem
2150 731 2331 787 habete
2363 731 2536 802 (Rom.
2586 732 2710 804 xu).
2755 732 2823 789 Et
2869 734 2937 789 ad
2963 733 3305 789 Timotheum
3337 752 3352 790 :
3386 735 3517 793 Ser-

1932 825 2192 891 vum,ait,
2223 824 2430 879 Domini
2474 841 2577 879 non
2617 834 2814 897 oportet
2864 824 3088 895 litigare,
3133 826 3224 881 sed
3268 844 3513 882 mansue-

1933 923 2044 969 tum
2065 930 2174 969 esse
2199 914 2266 967 ad
2291 930 2466 968 omnes
2493 912 2579 984 (II
2606 912 2741 969 Tim.
2772 913 2856 986 ιι).
2882 913 3007 970 IIch
3030 923 3114 969 est
3135 914 3386 971 voluntas
3409 915 3516 970 Dov

1931 1008 2087 1072 mini,
2123 1015 2183 1061 ut
2216 1022 2335 1077 qua:
2364 1007 2568 1078 agenda
2596 1015 2723 1062 sunt
2770 1021 2801 1061 a
2832 1008 3004 1063 servis
3039 1008 3155 1079 ejus
3182 1024 3309 1064 cum
3338 1009 3521 1063 mode-

1934 1101 2037 1156 stia
2068 1108 2314 1172 agantur.
2342 1097 2684 1154 Pcrturbatio
2713 1100 2857 1155 enim
2898 1108 2955 1156 et
2981 1099 3238 1169 strepitus
3266 1114 3361 1154 seu
3386 1114 3516 1154 con-

1934 1191 2104 1249 tentio
2150 1206 2273 1247 cum
2324 1190 2666 1247 animositate
2711 1189 3048 1245 inimicitiam
3095 1197 3337 1261 generat.
3394 1187 3522 1245 Haec

1933 1299 2062 1356 ergo
2083 1291 2303 1354 propter
2326 1279 2603 1352 superiora
2633 1279 2890 1345 subdidit,
2927 1280 2981 1335 in
3009 1277 3204 1349 quibus
3232 1276 3349 1334 vult
3372 1277 3514 1334 Deus

1935 1376 2078 1450 [Dei]
2108 1392 2295 1433 servos
2316 1388 2592 1445 corripere
2613 1372 2809 1430 delicta
2829 1372 3111 1429 hominum
3139 1381 3511 1445 peccatorum,

1933 1475 1994 1523 ut
2017 1472 2141 1538 quia
2162 1482 2261 1537 per
2286 1467 2392 1523 hoc
2412 1464 2548 1521 solet
2570 1464 2703 1520 oriri
2725 1464 2990 1520 dissensio
3007 1472 3063 1520 et
3082 1465 3221 1531 rixa,
3247 1480 3369 1521 cum
3393 1473 3525 1520 tem-

1932 1559 2181 1632 perantia
2214 1567 2270 1614 et
2289 1556 2702 1615 mansuetudine
2728 1564 2959 1628 arguant
2994 1565 3327 1635 peccatores,
3358 1569 3426 1610 ne
3456 1555 3524 1611 ad

1934 1651 2269 1708 iracundiam
2316 1649 2617 1721 provocati,
2668 1648 2908 1704 insiliant
2963 1649 3030 1702 ad
3065 1647 3234 1702 litem.
3290 1644 3528 1718 Ideoque

1934 1745 2227 1816 prudenter
2254 1740 2398 1798 lstud
2440 1740 2740 1797 curandum
2783 1746 2987 1806 monet,
3011 1745 3071 1793 ut
3110 1737 3183 1793 sit
3228 1736 3523 1808 profectus.

1934 1834 2207 1908 (Hierom)
2232 1835 2298 1891 Et
2318 1835 2442 1904 quia
2474 1842 2688 1907 tempus
2714 1833 2919 1891 malum
2946 1839 3050 1898 est,
3082 1842 3159 1898 et,
3183 1831 3322 1888 sicut
3362 1846 3527 1901 supra

241 1927 347 1983 illo
371 1935 430 1984 et
455 1927 864 1999 blasphemante
886 1967 902 1994 ,
948 1927 1135 1984 multis
1185 1926 1245 1984 ﬁt
1291 1928 1625 1987 scandalum.
1684 1929 1838 1987 Unde
1866 1912 1915 1974 Β
1944 1929 2199 1993 diximus,
2230 1928 2623 1994 redimendum,
2656 1924 2957 1998 appetenda
2983 1934 3109 1981 ante
3135 1924 3398 1996 sapientia
3423 1931 3529 1990 est,

238 2019 454 2079 Paulus
499 2028 556 2076 et
614 2018 895 2077 Barnabas
918 2058 934 2087 ,
983 2034 1106 2077 cum
1155 2021 1441 2077 adversum
1486 2037 1545 2078 se
1592 2008 1833 2094 blasphe

241 2120 469 2169 mantes
494 2111 747 2169 audirent
793 2110 932 2182 (Act.
965 2111 1111 2185 xm),
1141 2113 1481 2171 excutientes
1520 2114 1838 2170 vestimenta

244 2219 391 2270 sua,
438 2211 782 2259 recesserunt
819 2203 889 2256 ab
931 2202 1030 2257 eis.
1091 2201 1290 2275 (Ηὶεν.)
1349 2202 1573 2270 Quando
1609 2203 1665 2259 in
1696 2204 1840 2258 bono

250 2309 433 2366 opere
460 2302 672 2364 tempus
698 2292 1087 2357 consumimus,
1116 2293 1432 2349 redimimus
1456 2293 1604 2358 illud,
1636 2303 1689 2349 et
1712 2309 1841 2365 pro-

239 2385 434 2458 prium
458 2383 710 2451 facimus,
733 2384 879 2456 quod
894 2384 1095 2439 malitia
1121 2385 1400 2440 hominum
1425 2386 1703 2443 venditum
1726 2386 1843 2443 fue-

242 2485 361 2535 rat.
400 2473 571 2531 Nemo
602 2488 782 2531 autem
820 2476 948 2530 vita:
972 2474 1130 2544 hujus
1157 2491 1403 2545 quaerens
1432 2478 1761 2545 necessaria,
1786 2488 1842 2533 et

238 2570 323 2628 de
346 2570 553 2627 divitiis
574 2580 631 2625 et
651 2569 1104 2627 sollicitudinibus
1127 2584 1262 2640 quas
1283 2570 1633 2641 Evangelium
1657 2571 1842 2644 spinas

240 2670 553 2733 nuncupat,
572 2662 838 2734 cogitans,
859 2669 1037 2732 potest
1060 2662 1162 2723 sibi
1193 2669 1401 2733 tempus
1426 2662 1713 2719 redimere.
1738 2664 1844 2719 Re-

241 2756 524 2813 dimentes
549 2764 732 2811 autem
775 2765 1009 2826 tempus,
1045 2756 1191 2827 quod
1220 2757 1273 2813 in
1316 2757 1504 2812 diebus
1536 2757 1693 2814 malis
1736 2767 1842 2825 est,

242 2846 655 2917 quodammodo
684 2848 1034 2905 immutamus
1063 2848 1216 2915 illud,
1245 2860 1302 2905 et
1326 2851 1442 2906 dies
1466 2852 1637 2907 malos
1666 2852 1717 2907 in
1745 2852 1842 2909 bo-

240 2955 359 2997 nos
376 2939 663 3005 vertimus,
693 2947 751 2996 et
770 2938 1001 2997 facimus
1028 2941 1170 3006 illos,
1200 2957 1307 2997 non
1330 2943 1614 3012 praesentis
1637 2943 1843 3011 saeculi,

244 3032 353 3087 sed
394 3030 585 3087 futuri.
629 3031 816 3087 Potest
858 3040 914 3086 et
941 3031 1100 3087 aliter
1124 3031 1275 3089 locus
1304 3032 1405 3088 iste
1430 3033 1624 3089 disseri
1650 3051 1664 3088 :
1690 3049 1724 3090 o
1750 3049 1846 3090 vos

246 3124 499 3195 Ephesii,
527 3125 723 3196 quibus
747 3124 815 3180 de
829 3124 1009 3180 saeculi
1032 3141 1223 3181 somno
1246 3125 1406 3183 istius
1430 3127 1844 3197 exsurgentibus

246 3218 336 3275 sol
361 3218 586 3288 justitia:
617 3228 770 3273 ortus
798 3228 877 3273 est
895 3216 1163 3283 Christus,
1195 3229 1353 3275 caute
1378 3220 1651 3276 ambulate
1680 3232 1841 3293 atquc

1939 2031 1998 2078 ut
2030 2038 2127 2093 per
2168 2023 2314 2081 illam
2358 2022 2659 2094 intelligere
2687 2022 2967 2078 valeamus
3003 2038 3124 2094 qua:
3173 2022 3244 2077 sit
3276 2020 3527 2076 voluntas

1939 2115 2054 2171 Dei.
2093 2114 2211 2170 Non
2236 2114 2379 2170 enim
2410 2128 2697 2185 possumus
2729 2121 2885 2169 caute
2912 2112 3212 2178 ambulare,
3242 2112 3346 2167 nisi
3376 2112 3527 2184 prius

1940 2190 2211 2262 intellecta
2238 2205 2516 2260 voluntate
2550 2205 2663 2260 Dei.
2698 2204 2755 2259 In
2776 2204 2923 2261 omni
2945 2218 3076 2275 ergo
3096 2219 3259 2275 opere
3282 2204 3525 2275 primum

1941 2296 2395 2354 considerandum
2431 2296 2560 2367 quid
2587 2295 2713 2351 velit
2741 2296 2905 2361 Deus,
2924 2304 2979 2349 et
3004 2295 3188 2351 habito
3210 2294 3436 2367 judicio,
3479 2293 3533 2349 id

1940 2397 2025 2444 est
2041 2398 2228 2460 postea
2251 2387 2578 2453 faciendum,
2595 2388 2737 2459 quod
2760 2387 2838 2443 illi
2860 2388 3079 2459 placere
3102 2386 3265 2443 fuerit
3286 2402 3534 2459 compro-

1941 2485 2147 2539 batum.
2171 2483 2240 2538 Et
2263 2482 2422 2539 nolite
2447 2483 2698 2538 inebriari
2724 2482 2863 2550 vino,
2885 2482 2942 2538 in
2961 2499 3064 2553 quo
3086 2492 3163 2538 est
3184 2480 3419 2549 luxuria,
3442 2481 3533 2537 sed

1940 2574 2265 2646 impleamini
2290 2573 2490 2645 Spiritu
2519 2585 2720 2630 sancto.
2746 2573 2980 2647 (Ambr.)
3012 2572 3417 2645 Sobriipossunt
3439 2574 3536 2629 ha-

1941 2664 2069 2719 bere
2092 2664 2345 2721 fiduciam
2385 2664 2673 2736 arguendi:
2712 2665 2852 2719 bona
2887 2664 3032 2721 enim
3059 2664 3399 2721 conversatio
3421 2673 3532 2720 ter-

1943 2771 2124 2811 rorem
2154 2757 2344 2811 incutit
2395 2757 2756 2829 delinquenti,
2797 2772 2896 2814 nec
2942 2758 3144 2829 poterit
3174 2757 3266 2828 qui
3291 2757 3535 2829 arguitur

1944 2862 2135 2919 aspere
2189 2846 2334 2904 ferre
2380 2849 2507 2919 quia
2548 2850 2980 2919 reprehenditur,
3013 2850 3229 2921 quando
3262 2850 3364 2906 scit
3395 2851 3537 2922 opti-

1944 2954 2090 2994 mam
2113 2939 2579 2995 conversationem
2610 2940 2880 2997 monentis
2903 2956 2981 2996 se.
3006 2938 3142 2995 Nam
3165 2940 3255 2995 ubi
3275 2942 3531 3007 ebrietas,

1946 3030 2019 3087 ibi
2049 3031 2259 3087 luxuria
2282 3038 2386 3097 est,
2414 3030 2625 3086 luxuria
2657 3044 2786 3093 vero
2814 3014 3072 3101 provocat
3104 3030 3488 3103 turpitudinem
3518 3051 3532 3089 :

1946 3123 2301 3193 quamobrem
2333 3121 2544 3178 sobrios
2575 3135 2698 3178 esse
2723 3123 2999 3190 convenit,
3036 3129 3095 3179 ut
3121 3123 3278 3179 boum
3309 3138 3536 3179 conver-

1946 3215 2172 3271 sationis
2188 3210 2316 3284 jura
2340 3222 2645 3271 serventur.
2675 3211 2949 3287 (Hieron.)
2980 3213 3263 3283 Quomodo
3289 3231 3395 3271 non
3417 3230 3539 3286 pos-

252 3308 576 3382 prudenter,
605 3317 661 3364 et
684 3308 895 3378 abjecta
924 3310 1257 3382 insipientia,
1286 3320 1467 3368 tenete
1492 3282 1839 3382 sapientiam,
1870 3282 1918 3350 δ
1950 3324 2138 3366 sumus
2182 3307 2391 3363 duobus
2435 3306 2669 3363 dominis
2719 3306 2944 3373 servire,
2998 3305 3109 3363 Deo
3135 3315 3190 3362 et
3218 3322 3538 3363 mammonae

252 3421 356 3477 per
402 3421 567 3476 quam
614 3407 864 3475 possitis,
914 3423 1021 3463 non
1063 3425 1185 3463 cum
1225 3408 1489 3464 varietate
1539 3420 1843 3481 temporum

252 3498 605 3564 commutari,
636 3499 733 3555 sed
762 3499 1134 3555 diversitatem
1158 3508 1461 3571 temporum
1496 3500 1650 3556 vobis
1677 3517 1843 3557 unum

258 3597 476 3659 tempus
499 3586 731 3645 eﬂicere.
763 3589 830 3644 Et
853 3589 978 3661 quia
996 3599 1124 3646 sunt
1146 3590 1393 3662 plurimae
1414 3592 1841 3662 persecutiones,

257 3680 321 3736 in
360 3681 622 3751 principio
660 3683 860 3753 quippe
884 3684 1273 3754 propemodum
1301 3684 1543 3755 quotidie
1572 3685 1846 3749 vexaban-

264 3780 358 3826 tur
399 3773 673 3840 ecclesiae,
710 3790 876 3829 unum
922 3783 1100 3831 tenete
1142 3791 1386 3841 cursum,
1426 3784 1482 3831 et
1512 3776 1614 3832 hoc
1651 3777 1846 3833 scitote

258 3865 613 3930 servandum,
644 3873 707 3921 ut
730 3881 836 3921 non
866 3865 923 3921 in
944 3881 1152 3921 morem
1184 3865 1358 3931 stulti,
1389 3868 1545 3936 quasi
1570 3866 1697 3921 luna
1723 3883 1843 3922 mu-

262 3955 455 4011 temini
486 3954 675 4023 (Eccli.
696 3956 893 4028 xxvii),
913 3958 1008 4014 sed
1032 3958 1176 4027 quod
1202 3957 1369 4013 semel
1399 3959 1663 4028 cmpistis,
1690 3959 1845 4013 ﬁrma

258 4055 448 4105 mente
475 4049 732 4115 teneatis;
754 4064 824 4105 ne
846 4049 1097 4106 videlicet
1120 4049 1165 4105 si
1185 4057 1588 4121 persecutorem
1607 4049 1844 4121 iudicem

258 4136 532 4204 videritis,
574 4146 630 4194 et
673 4154 770 4194 vos
804 4154 930 4195 cum
966 4140 1164 4211 iudicis
1213 4139 1493 4199 voluntate
1536 4140 1843 4197 mutemini.

262 4227 506 4285 Rursum
526 4229 573 4285 si
593 4229 735 4286 alius
754 4231 1025 4300 dogmatis
1053 4231 1220 4289 vestri
1262 4230 1512 4289 laudator
1543 4230 1844 4300 advenerit,

259 4335 363 4377 vos
386 4319 663 4376 fateamini
684 4322 1041 4388 Christianos,
1068 4323 1164 4378 sed
1187 4323 1329 4394 quod
1355 4325 1508 4391 estis,
1536 4325 1684 4381 omni
1712 4335 1848 4381 tem-

262 4427 399 4485 pore
423 4421 637 4469 servate
670 4412 1015 4489 [reservate].
1053 4414 1288 4485 Aliquod
1319 4414 1387 4470 de
1419 4413 1719 4486 Scripturis
1744 4432 1846 4489 po-

262 4519 463 4561 namus
485 4505 813 4581 exemplum,
836 4514 895 4562 ut
931 4506 1075 4577 quod
1107 4504 1337 4563 dicimus
1363 4508 1703 4564 manifestius
1730 4511 1846 4566 ﬁat.

262 4598 467 4670 Ioseph
482 4599 719 4659 habebat
738 4600 1066 4670 propositum
1082 4600 1299 4671 placere
1312 4601 1424 4657 Deo
1437 4600 1784 4673 (Gemxxxvu
1800 4614 1848 4661 et

263 4690 424 4764 ιαμ).
443 4688 557 4749 Hoc
571 4690 715 4747 nulla
726 4693 983 4748 varietate
1004 4692 1261 4763 temporis
1274 4692 1617 4751 immutatum
1629 4705 1733 4763 est,
1749 4711 1851 4754 nec

264 4781 504 4839 fratrum
531 4783 751 4850 invidia,
774 4800 876 4841 nec
892 4784 1205 4842 conditione
1224 4786 1524 4853 servitutis,
1548 4803 1649 4843 nec
1674 4792 1851 4847 aetatis

264 4873 562 4941 illecebris,
610 4890 712 4933 nec
763 4875 993 4933 dominas
1027 4878 1390 4948 repromissis,
1444 4893 1547 4935 nec
1602 4882 1851 4950 squalore

265 4965 553 5031 carceris,
599 4982 698 5023 nec
730 4976 917 5038 postea
959 4976 1169 5024 tumore
1213 4969 1483 5043 Egyptian
1525 4976 1845 5043 potestatis;

266 5059 367 5116 sed
410 5074 628 5133 semper
675 5076 816 5118 unus
856 5059 981 5125 fuit,
1002 5070 1058 5119 et
1100 5062 1459 5131 varietatem,
1500 5073 1559 5119 ut
1597 5066 1851 5131 diximus,

268 5163 578 5223 temporum
604 5154 711 5210 sibi
739 5155 1033 5224 redimens,
1056 5157 1231 5213 malos
1242 5156 1360 5215 dies
1383 5160 1547 5214 vertit
1572 5159 1627 5215 in
1654 5160 1848 5217 bonos.

266 5243 389 5301 Hoc
416 5242 559 5299 idem
596 5252 654 5301 et
692 5244 760 5300 de
787 5243 889 5302 Job
908 5248 1244 5313 sentiendum
1279 5258 1383 5318 est,
1408 5250 1554 5321 quod
1577 5266 1675 5321 per
1700 5252 1853 5308 varia

268 5343 609 5393 tentaiuenta
647 5347 908 5405 vexatus,
940 5354 1042 5397 nec
1078 5341 1310 5407 divitiis,
1348 5357 1449 5399 nec
1476 5342 1725 5412 datnuis,
1756 5361 1855 5402 nec

266 5427 529 5495 Orbitate,
556 5444 659 5486 nec
678 5430 921 5499 vulnere,
951 5449 1049 5491 nec
1079 5435 1497 5504 exprobratione
1525 5437 1851 5506 amicorum,

269 5534 376 5576 nec
426 5520 749 5591 solitudine,
782 5540 884 5581 nec
930 5534 1118 5598 postea
1177 5528 1442 5583 bonorum
1495 5530 1738 5586 omnium
1776 5547 1858 5588 re-

266 5610 558 5671 stitutione
602 5624 842 5675 mutatus
893 5626 977 5674 est
1021 5615 1163 5692 (Job.
1200 5634 1240 5675 ιι
1269 5628 1317 5672 et
1343 5618 1497 5690 αφ).
1529 5619 1857 5678 Redemerat

270 5706 421 5761 enim
448 5706 552 5762 sibi
582 5714 814 5780 tempus,
847 5717 904 5766 et
931 5711 1047 5767 dies
1076 5710 1248 5767 malos
1267 5708 1471 5769 fecerat
1496 5711 1684 5769 bonos.

347 5794 635 5869 Propterea
668 5801 827 5856 nolite
860 5802 976 5871 ﬁeri
998 5802 1371 5873 imprudentes,
1401 5803 1492 5857 sed
1514 5803 1857 5876 intelligentes

271 5907 394 5953 qua:
417 5892 485 5949 sit
507 5889 745 5950 voluntas
777 5893 1010 5951 Domini.
1036 5880 1238 5968 (Δηὼ.)
1275 5896 1534 5953 Dominus
1556 5894 1713 5953 Jesus
1735 5898 1856 5969 paci

1951 3398 2166 3472 (Matth.
2205 3399 2314 3473 vn),
2346 3399 2425 3455 sic
2449 3414 2557 3454 non
2592 3413 2881 3471 possumus
2913 3398 3121 3469 Spiritu
3157 3398 3369 3470 impleri
3394 3398 3540 3472 pari-

1952 3500 2034 3547 ter
2058 3500 2112 3547 et
2149 3491 2302 3547 vino:
2344 3492 2436 3563 qui
2464 3490 2609 3547 enim
2639 3489 2845 3562 Spiritu
2890 3490 3164 3562 impletur,
3208 3491 3373 3547 habet
3413 3507 3539 3563 pruo

1948 3582 2211 3650 dentiam,
2236 3585 2729 3651 mansuetudinem,
2752 3585 3162 3652 verecundiam,
3195 3585 3536 3653 castitatem;

1947 3678 2040 3748 qui
2068 3678 2217 3743 vino,
2243 3678 2405 3734 habet
2430 3679 2819 3750 insipientiam,
2844 3678 3105 3746 furorem,
3126 3680 3536 3750 procacitatem,

1948 3768 2253 3824 libidinem.
2300 3769 2414 3825 Hoc
2439 3771 2638 3841 quippe
2668 3771 2879 3826 aestimo
2905 3786 3012 3829 uno
3046 3773 3211 3827 verbo
3236 3770 3542 3844 signiﬁcare

1948 3860 2237 3916 luxuriam.
2283 3861 2622 3932 Frequenter
2647 3863 3050 3930 annotavimus,
3090 3878 3283 3920 nomen
3315 3865 3539 3935 spiritus

1950 3956 2151 4028 absque
2199 3958 2569 4013 additamenta
2614 3958 2669 4013 in
2706 3960 2849 4015 bona
2894 3966 3048 4028 parte
3090 3959 3350 4030 positum,
3397 3959 3540 4032 quod

1948 4052 2169 4124 quidem
2197 4050 2362 4106 etiam
2387 4064 2531 4105 nunc
2554 4049 2956 4106 observandum
2976 4048 3214 4105 videtur.
3249 4048 3540 4123 Loquentes

1949 4142 2324 4215 nobismetipsis
2351 4141 2409 4196 in
2441 4139 2657 4213 psalmis
2686 4150 2735 4199 et
2771 4141 2979 4213 hymnis
3006 4151 3057 4197 et
3077 4142 3297 4198 canticis
3322 4142 3536 4214 spirita-

1948 4235 2108 4301 libus,
2123 4243 2393 4289 cantantes
2408 4247 2454 4288 et
2466 4230 2744 4305 psallentes
2764 4233 2821 4288 in
2833 4233 3078 4289 cordibus
3095 4236 3277 4289 vestris
3293 4232 3537 4290 Domino.

1952 4328 2188 4402 (Anthr.)
2208 4326 2609 4384 Rationabilem
2639 4325 2806 4382 vitam
2829 4326 3003 4398 diligit
3027 4325 3264 4399 Spiritus
3297 4336 3540 4395 sanctus,

1950 4418 2078 4490 quia
2105 4418 2152 4474 si
2174 4418 2313 4474 bene
2332 4418 2648 4487 vixerimus,
2678 4417 3024 4490 implebimur
3047 4433 3135 4484 eo,
3162 4428 3226 4475 ut
3251 4429 3539 4488 memorat,

1950 4510 2022 4566 ad
2056 4509 2422 4567 confitendum
2456 4518 2513 4565 et
2538 4506 2905 4565 extollendum
2939 4509 3043 4564 Det
3071 4508 3271 4564 donum
3326 4509 3541 4567 diverso

1953 4602 2103 4661 vocis
2127 4616 2342 4668 canore,
2368 4609 2429 4656 ut
2460 4600 2581 4658 laus
2623 4600 2678 4656 in
2704 4599 2874 4657 Deum
2903 4599 3050 4655 omni
3085 4598 3267 4669 lingua
3292 4582 3539 4655 canatur.

1954 4697 2013 4753 In
2032 4712 2142 4767 quo
2164 4696 2308 4753 enim
2325 4703 2411 4751 est
2438 4693 2691 4766 Spiritus,
2708 4707 2923 4763 semper
2948 4691 3209 4762 spiritalia
3225 4691 3541 4758 meditatur,

1955 4800 2017 4847 ut
2036 4803 2144 4844 non
2169 4788 2227 4844 in
2264 4786 2426 4843 labiis
2456 4793 2671 4841 tantum
2701 4784 2796 4851 sit,
2821 4783 2916 4839 sed
2937 4783 3006 4839 de
3026 4782 3194 4841 corde
3216 4790 3544 4855 prorumpat

1954 4892 2178 4956 propter
2222 4889 2381 4937 vetus
2424 4878 2629 4936 dictum
2677 4877 2891 4934 Domini
2941 4891 3041 4948 per
3088 4879 3430 4951 prophetam.
3454 4875 3541 4951 ᾼίι
3624 4924 3635 4935 .

1955 4974 2103 5036 enim
2127 4991 2141 5026 :
2170 4971 2325 5029 Plebs
2345 4971 2457 5027 hac
2478 4969 2633 5025 labiis
2652 4985 2733 5023 me
2755 4969 2999 5035 honorat,
3024 4984 3115 5024 cor
3136 4976 3309 5024 autem
3328 4966 3543 5023 illorum

1938 5065 2109 5137 .longe
2135 5074 2209 5119 est
2238 5081 2273 5119 a
2301 5079 2382 5118 me
2407 5061 2542 5134 (Isa.
2568 5060 2744 5133 XXIX).
2771 5059 2974 5134 [ωαχ]
3001 5058 3103 5128 Qui
3127 5076 3188 5116 se
3221 5059 3544 5117 abstinuerit

1944 5157 2026 5212 .ab
2045 5155 2309 5212 ebrietate
2328 5153 2465 5220 vini,
2491 5153 2547 5208 in
2570 5167 2679 5223 quo
2704 5161 2790 5209 est
2811 5151 3050 5219 luxuria,
3079 5161 3135 5207 et
3165 5166 3265 5223 pro
3288 5152 3389 5208 hoc
3417 5150 3540 5222 Spi-

1955 5249 2062 5305 ritu
2085 5247 2251 5304 fuerit
2278 5245 2554 5317 impletus,
2577 5245 2681 5302 iste
2705 5244 2890 5301 omnia
2918 5253 3097 5317 potest
3133 5244 3384 5315 accipere
3437 5243 3545 5315 spi-

1957 5341 2190 5398 ritaliter
2222 5339 2480 5412 psalmos,
2522 5340 2753 5412 hymnos
2784 5347 2841 5395 et
2867 5338 3104 5407 cantica,
3132 5346 3188 5395 et
3212 5352 3409 5397 cauere
3438 5335 3542 5407 igi-

1959 5442 2048 5489 tur
2085 5441 2141 5488 et
2185 5430 2418 5504 psallere
2445 5439 2499 5487 et
2537 5430 2761 5488 laudare
2798 5430 3088 5487 Dominum
3128 5429 3301 5502 magis
3336 5427 3539 5493 animo,

1956 5542 2123 5599 quam
2166 5541 2302 5583 voce
2349 5526 2572 5598 poterit.
2614 5525 2729 5584 Hoc
2754 5535 2839 5584 est
2881 5528 3085 5599 quippe
3127 5523 3273 5597 quod
3317 5522 3539 5587 dicitur,

1960 5618 2240 5675 Cantantes
2266 5629 2316 5674 et
2358 5619 2638 5691 psallentes
2673 5621 2729 5675 in
2772 5618 3018 5675 cordibus
3067 5618 3249 5675 vestris
3296 5614 3542 5680 Domino,

1983 5713 2205 5768 audiant
2228 5713 2344 5771 haec
2379 5712 2800 5780 adolescentuli,
2839 5713 3065 5769 audiant
3095 5711 3152 5767 hi
3174 5709 3372 5781 quibus
3396 5705 3543 5780 psal-

1954 5805 2081 5862 endi
2106 5805 2163 5860 in
2188 5804 2434 5863 Ecclesia
2462 5804 2705 5861 cilicium
2731 5811 2837 5871 est,
2850 5804 3024 5875 magis
3037 5802 3150 5859 Deo
3171 5800 3355 5869 corde,
3376 5814 3542 5873 quam

1957 5914 2091 5956 voce
2108 5899 2410 5957 canendum
2426 5914 2566 5956 esse.
2593 5898 2683 5956 Sic
2705 5906 2883 5955 cantet
2896 5913 3087 5956 servus
3101 5896 3332 5967 Christi,
3355 5903 3418 5953 ut
3436 5912 3547 5954 non
