3986 6338
427 361 536 419 455

1071 353 1134 410 Β.
1175 349 1432 411 ΒΔΒΔΝΙ
1468 348 1692 408 MAURI
1729 348 2048 408 ARCHIEP.
2085 347 2398 410 MOGUNT.
2439 350 2727 411 OPERUM
2763 350 2947 411 PARS
2980 351 3068 409 Ill.

3603 351 3740 409 456

427 494 534 535 vox
573 475 852 540 canentis,
897 459 992 528 εέἵι
1022 470 1187 526 verba
1227 469 1480 541 placeant
1521 466 1759 534 Domini,
1787 481 1908 537 qua:
1932 468 2018 523 di-
2118 485 2392 540 quaquam
2427 471 2573 526 enim
2605 471 2860 527 convenit
2885 470 3158 542 Ephesiis,
3183 477 3244 525 ut
3267 469 3460 527 timore
3479 472 3612 542 quid
3643 470 3746 526 fa-

428 577 645 625 cuntur.
681 573 740 618 ut
776 563 1000 635 spiritus
1031 561 1205 617 malus
1227 561 1321 631 qui
1351 569 1472 616 erat
1509 560 1564 614 in
1597 559 1758 614 Saule
1791 558 1844 631 (1
1886 559 2018 630 Reg.

427 658 542 728 xvr)
577 657 826 728 ejiciatur
856 656 924 709 ab
948 655 1032 709 his
1060 655 1151 723 qui
1177 653 1246 708 ab
1269 665 1335 707 eo
1362 651 1610 706 similiter
1653 651 2017 720 possidentur.

427 751 575 808 inter
597 747 834 818 psalmos
862 754 918 801 et
936 746 1171 816 hymnos
1201 751 1254 797 et
1282 742 1495 797 cantica
1520 743 1623 797 hoc
1644 742 1848 797 distare
1874 742 2024 796 vide-

427 855 536 911 tur,
570 845 713 914 quod
743 841 928 914 hymni
963 840 1019 895 in
1047 839 1206 895 laude
1235 837 1328 892 Dei
1364 836 1647 902 dicuntur,
1675 836 1867 907 psalmi
1894 850 2023 892 vero

429 928 686 993 nioralem
715 935 884 989 vitam
921 933 1327 995 demonstrant,
1362 930 1576 986 cantica
1609 938 1765 995 sunt,
1799 930 1925 984 dum
1954 944 2023 983 ex

426 1028 697 1084 creaturis
724 1034 941 1081 creator
964 1023 1312 1094 praedicatur.
1343 1021 1556 1076 Gratias
1581 1031 1791 1090 aqentes
1821 1037 2024 1091 semper

424 1139 520 1196 pro
545 1120 782 1176 omnibus
808 1120 864 1173 in
887 1119 1096 1172 nomine
1118 1115 1150 1169 J
1159 1131 1248 1170 esu
1271 1114 1469 1168 Christi
1491 1114 1600 1168 Deo
1622 1124 1668 1168 et
1699 1113 1871 1179 Patri,
1895 1114 2020 1168 sub-

423 1217 547 1287 iecti
588 1214 804 1269 invicem
832 1212 888 1266 in
909 1212 1095 1265 timore
1135 1209 1349 1264 Christi.
1391 1206 1630 1280 (Ambr.)
1663 1206 1774 1261 Deo
1819 1206 2023 1277 gratias

427 1305 484 1362 in
505 1305 758 1360 omnibus
773 1301 926 1358 donis
957 1297 1074 1368 ejus
1095 1313 1256 1370 agere
1277 1297 1534 1368 iubemur
1549 1336 1565 1361 ,
1592 1295 1684 1366 qui
1707 1294 1872 1350 etiam
1896 1294 2023 1349 ado-

426 1405 584 1468 ptare
605 1408 704 1448 nos
728 1391 978 1463 dignatus
1008 1398 1095 1444 est
1112 1402 1210 1471 per
1231 1386 1506 1443 Christum
1526 1385 1693 1440 lilium
1721 1385 2019 1455 proprium,

424 1502 523 1558 per
559 1497 723 1558 quem
757 1480 1107 1553 cognovimus
1124 1493 1268 1534 eum.
1301 1485 1358 1532 et
1387 1476 1676 1532 didicimus
1713 1475 1770 1530 in
1814 1474 2022 1546 Spiritu

424 1578 619 1644 Deum,
650 1576 778 1646 quia
807 1572 952 1629 Deus
979 1568 1218 1641 Spiritus
1244 1578 1349 1634 εει,
1377 1577 1434 1622 ει
1463 1568 1520 1622 in
1549 1567 1755 1638 Spiritu
1786 1568 2019 1622 adoran-

423 1670 544 1736 dus,
569 1667 706 1722 alter
718 1665 874 1723 alteri
889 1679 948 1720 se
969 1661 1267 1735 subiiciens
1286 1667 1510 1730 propter
1530 1659 1781 1716 timorem
1794 1657 2019 1723 Christi,

337 1747 346 1763 ’
421 1761 514 1832 qui
567 1759 927 1816 humilitatem
987 1753 1393 1826 exsequendam
1454 1752 1754 1808 mandavit.
1819 1751 2020 1825 (Hier.)

2124 562 2290 627 ciant,
2317 571 2372 616 et
2397 577 2505 616 non
2531 562 2822 618 dilectione
2844 561 3069 617 Christi.

2194 651 2444 706 Mulieres
2473 652 2597 706 viris
2626 652 2737 706 suis
2760 652 2984 706 subdita:
3014 653 3118 705 sint
3141 651 3279 706 sicut
3305 651 3550 718 Domino,
3573 667 3746 725 φωσ-
3793 641 3800 650 ’

2123 747 2266 801 niam
2290 747 2372 800 vir
2393 755 2547 817 caput
2567 756 2643 800 est
2667 745 2927 812 mulieris,
2956 747 3089 800 sicut
3118 755 3166 799 et
3197 744 3438 800 Christus
3457 756 3618 817 caput
3645 755 3748 799 est

2121 839 2394 894 Ecclesiw.
2420 839 2533 894 Hoc
2559 841 2702 911 quod
2731 840 2785 894 in
2809 839 3012 894 Latinis
3037 837 3441 910 exemplaribus
3467 839 3747 894 additum

2121 940 2224 995 est,
2267 930 2490 984 subdita:
2527 931 2654 995 sint,
2696 930 2750 984 in
2783 927 2988 986 Graecis
3008 929 3287 984 codicibus
3325 945 3429 983 non
3457 929 3743 995 habetur,

2122 1024 2390 1095 siquidem
2409 1021 2478 1077 ad
2497 1023 2780 1092 superiora
2798 1021 3036 1077 refertur
3053 1030 3108 1076 et
3128 1022 3467 1088 subauditur,
3490 1023 3749 1092 subjecti

2121 1117 2337 1170 invicem
2385 1117 2441 1171 in
2488 1117 2674 1169 timore
2723 1115 2955 1178 Christi,
3017 1123 3075 1168 ut
3123 1116 3226 1171 ἀπὸ
3276 1119 3444 1170 κοινοῦ
3491 1121 3754 1169 resonet

2123 1205 2407 1277 subjectae,
2450 1215 2506 1262 et
2551 1206 2808 1262 mulieres
2858 1205 2992 1262 viris
3058 1205 3206 1270 suis,
3269 1205 3407 1260 sicut
3459 1205 3748 1260 Domino.

2124 1301 2232 1357 Sed
2271 1301 2377 1356 hoc
2419 1303 2589 1371 magis
2621 1298 2676 1354 in
2711 1297 2902 1354 Graeco
2937 1296 3280 1367 intelligitur,
3315 1311 3476 1365 quam
3516 1297 3568 1350 in
3605 1295 3750 1349 La-

2122 1394 2258 1449 tino.
2291 1392 2547 1448 Mulieres
2597 1393 2827 1448 subditae
2877 1406 2999 1446 esse
3033 1391 3167 1445 viris
3188 1389 3421 1445 naturali
3461 1389 3577 1461 lege
3637 1389 3757 1458 ju-

2121 1485 2338 1551 hentur,
2375 1485 2504 1554 quia
2529 1483 2773 1539 mulieris
2809 1489 3001 1538 auctor
3025 1480 3111 1534 vir
3137 1487 3245 1535 est.
3275 1479 3429 1536 Unde
3451 1479 3588 1535 sicut
3617 1479 3758 1535 Do-

2120 1576 2291 1641 mino,
2339 1575 2536 1645 inquit,
2588 1574 2663 1629 ita
2707 1573 2842 1629 viris
2884 1571 3116 1628 subdita!
3151 1585 3274 1625 esse
3314 1570 3548 1625 debent:
3579 1569 3754 1625 hinc

2123 1667 2260 1724 Sara
2304 1669 2580 1726 dominum
2609 1668 2842 1724 vocabat
2873 1666 3147 1722 Abraham
3173 1663 3328 1737 (Gen.
3352 1665 3526 1736 xvm).
3557 1664 3756 1721 Sicut

2121 1763 2270 1818 enim
2316 1771 2478 1832 caput
2519 1760 2778 1817 Ecclesiae
2812 1759 3090 1823 Christus,
3132 1757 3207 1812 ita
3236 1763 3292 1811 et
3327 1757 3410 1812 vir
3448 1749 3752 1811 mulieris:

422 1853 578 1921 Quod
603 1860 784 1908 autem
817 1852 910 1916 ait,
938 1848 1154 1905 Gratias
1176 1859 1385 1920 agentes
1414 1863 1616 1919 semper
1635 1862 1730 1917 pro
1757 1843 2017 1910 omnibus,

2125 1855 2172 1910 A
2207 1855 2423 1911 Christo
2444 1854 2589 1908 enim
2619 1852 2852 1924 sumpsit
2875 1851 3120 1906 Ecclesia
3143 1850 3380 1913 initium,
3419 1846 3559 1902 unde
3583 1849 3754 1903 sub-

421 1945 707 2016 dupliciter
721 1944 1041 2000 intuendum
1061 1952 1167 2009 εει,
1183 1951 1312 1998 ιιιει
1331 1943 1384 1998 in
1411 1941 1559 1997 omni
1575 1950 1817 2011 tempore
1841 1945 1896 1992 et
1921 1952 2021 2008 pro

420 2038 672 2094 omnibus
696 2052 816 2108 quae
841 2036 998 2092 nobis
1028 2036 1284 2092 accidunt
1308 2035 1419 2090 Deo
1446 2035 1650 2104 gratias
1694 2031 2019 2099 referamus,

421 2137 482 2184 ut
507 2143 616 2184 non
645 2135 856 2183 tantum
876 2142 976 2198 pro
1001 2128 1086 2182 his
1114 2143 1234 2198 quae
1260 2128 1400 2183 bona
1425 2135 1699 2199 putamus.
1731 2126 1825 2182 sed
1855 2128 2021 2183 etiam

421 2242 542 2297 quae
576 2242 678 2282 nos
698 2234 982 2283 coarctant
1007 2233 1063 2280 et
1081 2233 1272 2282 contra
1300 2233 1542 2280 nostram
1573 2224 1800 2279 veniunt
1829 2223 2021 2279 volun-

422 2327 615 2385 tatem,
641 2320 697 2374 in
721 2318 819 2375 Dei
848 2319 1178 2389 praeconium
1207 2332 1364 2371 mens
1386 2316 1508 2371 laeta
1537 2322 1874 2387 prorumpat.
1891 2314 2018 2370 Haec

423 2411 568 2466 actio
612 2410 914 2481 gratiarum
935 2409 1078 2479 apud
1101 2408 1397 2477 prudentes
1422 2407 1590 2472 viros,
1616 2416 1674 2462 et
1691 2405 2020 2478 generaliter

421 2509 480 2558 et
503 2499 810 2572 specialiter
829 2500 1184 2555 observatur:
1207 2499 1552 2570 generaliter,
1577 2509 1638 2554 ut
1661 2500 1865 2570 gratias
1886 2514 2015 2571 aga-

422 2611 546 2651 mus
578 2595 689 2650 Deo
725 2593 792 2650 de
826 2593 1079 2649 omnibus
1103 2592 1261 2648 bonis
1305 2608 1426 2662 quae
1466 2592 1623 2648 nobis
1655 2593 1757 2648 iste
1783 2593 2017 2649 mundus

422 2690 730 2746 utiliistrat.
761 2686 1075 2758 specialiter
1099 2685 1316 2755 quando
1345 2685 1400 2740 in
1437 2684 1536 2740 Dei
1565 2683 1862 2750 beneﬁciis,
1895 2699 2015 2755 qua-

421 2780 579 2836 nobis
625 2778 899 2844 accidunt,
939 2777 1296 2850 gratulamur,
1341 2777 1428 2832 vel
1465 2777 1631 2831 etiam
1662 2776 1718 2830 in
1748 2765 2015 2842 adversis,

421 2873 466 2929 si
497 2872 771 2937 eveniant,
796 2869 1001 2942 gratias
1021 2885 1246 2942 agamus
1267 2868 1379 2926 Deo
1399 2883 1414 2922 :
1433 2884 1553 2939 qua:
1575 2867 1748 2922 virtus
1770 2876 2013 2924 tantum-

421 2965 583 3020 modo
606 2961 1038 3019 Christianorum
1068 2969 1168 3016 est.
1211 2960 1313 3028 Qui
1351 2967 1554 3025 autem,
1589 2959 2010 3027 sicutdiximus,

421 3057 488 3112 de
515 3055 763 3112 omnibus
788 3054 991 3126 gratias
1026 3054 1136 3121 agit
1165 3052 1278 3108 Deo
1307 3051 1454 3107 Patri
1484 3052 1541 3106 in
1581 3051 1879 3106 mediatore
1918 3050 2016 3106 Dei

421 3157 477 3205 et
503 3148 811 3214 hominum,
838 3146 1040 3201 referat
1075 3159 1172 3214 per
1197 3145 1473 3200 Christum
1501 3141 1709 3209 Jesum;
1737 3143 1886 3213 quia,
1910 3143 2015 3197 nisi

2116 1948 2264 2020 jecta
2305 1956 2390 2003 est
2426 1947 2524 2013 illi,
2568 1946 2645 2000 ita
2682 1954 2739 2001 et
2767 1945 2886 2000 viro
2915 1943 3143 2008 mulier,
3183 1947 3244 1996 ut
3283 1941 3355 1994 sit
3384 1938 3624 1994 subdita.
3671 1939 3748 1994 In

2121 2059 2186 2098 eo
2235 2050 2416 2097 tamen
2465 2040 2651 2105 distat,
2699 2039 2828 2109 quia
2869 2037 3066 2093 mulier
3115 2033 3557 2092 consubstantiva
3593 2032 3752 2088 viro

2120 2143 2206 2192 est
2245 2152 2257 2187 :
2295 2134 2538 2190 Ecclesia
2584 2140 2762 2187 autem
2808 2131 2866 2187 in
2907 2131 3129 2187 nomine
3165 2136 3346 2200 potest
3380 2143 3485 2183 non
3516 2128 3574 2182 in
3609 2142 3747 2181 na-

2123 2237 2240 2284 tura
2265 2225 2580 2298 participari
2603 2223 2841 2280 Christo.
2868 2221 3035 2295 (Alb.)
3057 2219 3361 2276 Videndum
3385 2229 3466 2275 est
3483 2228 3546 2274 ut
3573 2235 3748 2289 quo-

2118 2321 2281 2376 modo
2302 2321 2355 2374 in
2385 2318 2602 2376 Christo
2632 2324 2686 2374 et
2709 2315 2763 2372 in
2785 2313 3027 2371 Ecclesia
3071 2321 3260 2370 sancta
3281 2311 3591 2383 coniunctio
3606 2321 3745 2376 est,

2118 2414 2194 2470 ita
2222 2420 2279 2468 et
2306 2412 2360 2466 in
2388 2411 2508 2467 viro
2535 2421 2590 2466 et
2621 2411 2676 2465 in
2706 2410 2938 2466 muliere
2972 2415 3162 2466 sancta
3205 2403 3506 2475 sit_copula
3558 2401 3750 2458 Iusta

2119 2518 2282 2560 causa
2326 2510 2432 2568 est,
2474 2511 2536 2557 ut
2562 2501 2760 2557 mulier
2790 2501 2909 2557 viro
2947 2502 3018 2557 sit
3067 2503 3332 2570 subiecta,
3364 2495 3485 2564 quia
3516 2493 3750 2549 mulier

2117 2610 2185 2649 ex
2210 2595 2329 2650 viro
2351 2594 2405 2650 in
2441 2594 2616 2664 prima
2645 2593 2945 2660 creatione,
2975 2609 3086 2649 non
3114 2594 3200 2648 vir
3218 2609 3288 2649 ex
3313 2593 3559 2657 muliere,
3594 2587 3751 2643 ideo

2118 2688 2403 2743 conversio
2443 2685 2560 2756 eius
2590 2687 2658 2742 ad
2697 2687 2878 2743 virum
2918 2687 3082 2743 debet
3114 2702 3257 2744 esse.
3305 2685 3535 2752 Quidam
3583 2701 3747 2740 vero

2118 2780 2263 2834 hunc
2309 2779 2489 2834 locum
2531 2777 2689 2848 iuxta
2725 2794 3023 2852 anagogem
3056 2779 3131 2834 ita
3175 2780 3620 2850 interpretantur,
3669 2785 3747 2832 ut

2118 2872 2330 2937 dicant,
2361 2885 2585 2926 uxorem
2617 2873 2671 2925 in
2703 2886 2930 2940 corpore
2953 2911 2968 2935 ,
2995 2871 3175 2926 virum
3215 2870 3388 2942 accipi
3417 2870 3471 2924 in
3499 2869 3745 2937 animo,

2118 2973 2172 3019 et
2213 2964 2354 3019 sicut
2396 2961 2613 3018 Christo
2659 2961 2904 3033 subiecta
2940 2970 3025 3017 est
3058 2961 3325 3027 Ecclesia,
3369 2961 3440 3016 ita
3481 2975 3744 3030 corpora

2119 3051 2314 3122 subiici
2341 3051 2538 3107 debere
2566 3052 2745 3107 sensui
2781 3060 2836 3107 et
2865 3053 2917 3106 in
2955 3067 3122 3106 unum
3152 3053 3404 3123 spiritum
3441 3051 3639 3119 redigi,
3684 3052 3742 3106 si

2119 3144 2349 3201 Domino
2377 3143 2583 3200 fuerint
2611 3144 2885 3215 copulata,
2911 3145 3038 3214 quia
3061 3163 3079 3195 ι
3105 3144 3198 3213 qui
3214 3143 3465 3214 adhaeret
3484 3141 3746 3197 Domino

419 3257 518 3313 per
543 3240 728 3304 illum,
761 3238 1021 3293 accedere
1046 3253 1155 3292 non
1183 3235 1426 3290 valemus
1469 3236 1538 3291 ad
1578 3236 1746 3291 Deum
1774 3235 2011 3290 Patrem.
2041 3247 2259 3312 annus
2285 3239 2506 3308 spiritus
2533 3247 2634 3295 est.
2666 3257 2684 3290 ι
2719 3238 2845 3294 Ideo
2886 3238 3231 3308 subiungitur
3257 3255 3269 3291 :
3306 3237 3426 3307 Ipse
3465 3233 3746 3289 Salvator

423 3329 589 3403 (Alb.)
633 3330 786 3398 Quod
818 3337 999 3384 autem
1038 3327 1115 3382 ait
1159 3345 1173 3380 :
1217 3324 1450 3396 Subjecti
1491 3327 1710 3380 invicem
1750 3326 1804 3379 in
1831 3326 2016 3380 timore

425 3420 639 3476 Christi.
670 3418 908 3474 Audiant
929 3417 1190 3487 episcopi,
1227 3415 1448 3471 audiant
1469 3416 1793 3488 presbyteri,
1831 3416 2017 3471 audiat

423 3513 602 3568 omnis
643 3510 778 3567 ordo
807 3511 1088 3566 doctorum
1131 3507 1390 3578 subiectis
1423 3509 1538 3564 suis
1572 3522 1693 3564 esse
1721 3507 2014 3577 subiectos,

422 3612 479 3661 et
507 3604 789 3660 imitentur
821 3601 1090 3658 dicentem
1114 3600 1430 3670 Apostolum
1461 3619 1474 3654 :
1513 3597 1645 3655 Cum
1680 3601 1818 3654 enim
1851 3617 2018 3655 essent

421 3701 556 3757 liber
590 3717 656 3755 ea:
695 3698 958 3764 omnibus,
1001 3696 1242 3752 omnibus
1283 3697 1539 3766 meipsum
1566 3710 1770 3749 servum
1798 3694 1918 3763 feci,
1960 3703 2017 3748 ut

422 3809 600 3850 omnes
631 3791 998 3862 lucrifacerem
1037 3788 1090 3856 (1
1115 3786 1239 3843 Cor.
1287 3788 1386 3860 rx).
1439 3786 1553 3843 Hoc
1600 3787 1829 3843 interest
1875 3786 2019 3840 inter

424 3886 664 3958 gentium
688 3883 964 3954 principes
997 3890 1053 3936 et
1073 3879 1532 3945 Christianorum,
1571 3879 1715 3950 quod
1735 3877 1812 3932 illi
1839 3877 2016 3932 domi-

424 3989 626 4036 nantur
655 3977 911 4043 subditis,
943 3992 1042 4032 nos
1075 3976 1344 4032 servimus
1363 4015 1377 4040 ,
1408 3982 1464 4028 et
1490 3973 1634 4028 ineo
1659 3971 1896 4042 maiores
1923 3987 2015 4026 su-

424 4088 570 4137 mus,
610 4071 656 4127 si
684 4069 894 4126 minimi
920 4069 1162 4124 omnium
1189 4065 1474 4122 fuerimus.
1503 4063 1610 4120 Sed
1638 4065 1842 4129 ethoc,
1873 4061 2018 4134 quod

423 4164 502 4219 ait
536 4165 590 4217 in
635 4162 822 4216 timore
849 4157 1080 4224 Christi,
1127 4158 1207 4213 sic
1253 4156 1624 4226 accipiendum
1661 4163 1783 4221 est,
1815 4163 1876 4210 ut
1900 4156 2016 4224 ipsa

425 4253 690 4322 subiectio
719 4267 826 4306 non
853 4260 1077 4320 pr0pter
1099 4249 1377 4303 hominum
1406 4247 1653 4317 gloriam,
1679 4246 1774 4301 sed
1798 4255 2019 4316 propter

429 4346 681 4400 timorem
721 4338 924 4396 Christi
955 4338 1046 4391 fiat
1074 4377 1088 4402 ,
1124 4345 1186 4391 ut
1217 4337 1364 4390 illum
1393 4335 1681 4388 timeamus
1719 4333 2015 4389 offendere.

431 4432 633 4506 (Hier.)
663 4430 816 4486 Alius
847 4443 977 4482 vero
1013 4427 1093 4482 sic
1122 4425 1590 4496 interpretabitur,
1624 4422 1856 4492 Subjecti
1885 4425 2019 4478 invi-

427 4539 535 4578 cem
565 4523 622 4576 in
649 4521 834 4575 timore
860 4517 1074 4579 Christi,
1099 4523 1160 4571 ut
1189 4516 1329 4570 hanc
1356 4513 1680 4570 sententiam
1711 4514 2018 4585 generalem

2120 3329 2354 3399 corporis
2404 3330 2540 3399 ejus.
2591 3329 2761 3402 (Alh.)
2786 3328 2955 3401 Magis
2982 3329 3154 3384 voluit
3192 3327 3489 3383 Ecclesiam
3511 3342 3742 3396 corpus

2119 3418 2319 3474 Christi
2353 3421 2636 3475 nominare
2656 3461 2672 3486 ,
2705 3435 2868 3490 quam
2892 3435 3135 3475 carnem.
3173 3419 3343 3474 Porro
3364 3416 3741 3473 manifestum

2118 3519 2201 3565 est
2219 3551 2234 3575 ,
2262 3510 2404 3580 quod
2432 3512 2691 3580 quidquid
2718 3527 2848 3568 caro
2877 3521 2982 3577 est,
3020 3519 3418 3580 consequenter
3439 3519 3491 3564 et
3515 3525 3744 3579 corpus

2118 3601 2210 3665 sit,
2247 3617 2354 3656 non
2401 3610 2581 3657 autem
2616 3602 2879 3673 quidquid
2915 3618 3136 3674 corpus,
3171 3603 3277 3658 hoc
3315 3611 3741 3671 consequenter

2119 3703 2174 3749 et
2203 3709 2352 3750 caro.
2379 3693 2610 3750 Proinde
2636 3695 2828 3750 maluit
2853 3696 3137 3751 nominare
3155 3710 3355 3765 corpus
3381 3693 3568 3748 Christ
3615 3693 3740 3747 Ec-

2121 3786 2342 3841 clesiam
2362 3827 2376 3851 ,
2409 3785 2562 3856 cuius
2599 3787 2846 3856 corporis
2876 3785 3128 3842 Salvator
3147 3796 3233 3842 est
3259 3784 3506 3841 Christus
3529 3785 3736 3852 Iesus,

2121 3878 2174 3933 id
2195 3886 2298 3942 est,
2325 3877 2568 3943 verbum,
2599 3879 2885 3948 sapientia,
2913 3887 3230 3950 caeterreque
3247 3879 3498 3944 virtutes,
3517 3878 3572 3932 in
3597 3879 3739 3948 qui-

2119 3971 2222 4025 bus
2251 3970 2592 4040 intelligitur.
2624 3968 2730 4024 Sed
2760 3972 2895 4025 sicut
2923 3967 3162 4025 Ecclesia
3188 3970 3418 4040 subjecta
3447 3978 3521 4024 est
3559 3968 3738 4024 Chri-

2119 4073 2230 4128 sto,
2265 4063 2342 4116 ita
2371 4073 2416 4116 et
2444 4061 2686 4118 mulieres
2713 4063 2838 4118 viris
2877 4066 2988 4119 suis
3017 4081 3071 4118 in
3097 4065 3357 4119 omnibus.
3383 4061 3582 4134 (Ηίετ.)
3609 4063 3733 4120 Ec-

2120 4153 2293 4210 clesia
2349 4153 2583 4225 gloriosa
2637 4163 2740 4220 est,
2802 4169 2909 4210 non
2955 4155 3163 4210 habens
3214 4153 3483 4208 maculam
3539 4169 3735 4223 neque

2122 4262 2310 4318 rugam
2338 4246 2556 4318 (Ephes.
2579 4247 2656 4319 v),
2687 4256 2781 4302 aut
2801 4247 3062 4318 quidquid
3085 4247 3394 4302 istiusmodi
3424 4265 3438 4300 :
3464 4248 3557 4317 qui
3587 4263 3734 4318 ergo

2121 4348 2378 4408 peccator
2409 4347 2492 4394 est
2523 4347 2580 4396 et
2623 4339 2806 4410 aliqua
2835 4340 2995 4396 sorde
3029 4339 3358 4406 maculatus,
3387 4339 3452 4396 de
3475 4339 3730 4394 Ecclesia

2122 4431 2324 4488 Christi
2366 4448 2473 4487 non
2505 4440 2683 4502 potest
2727 4433 3005 4504 appellari,
3053 4446 3156 4488 nec
3180 4431 3402 4488 Christo
3443 4431 3734 4500 subiectus

2123 4526 2249 4581 dici.
2273 4525 2542 4582 Possibile
2559 4535 2738 4582 autem
2763 4536 2869 4594 est,
2902 4536 2962 4582 ut
2993 4528 3266 4597 quomodo
3298 4525 3564 4592 Ecclesia,
3599 4541 3734 4595 qua:

427 4617 480 4672 in
508 4613 964 4685 consequentibus
987 4610 1150 4667 dividi
1179 4610 1324 4666 dicat
1345 4618 1507 4679 atque
1527 4609 1735 4680 ριπιὴί-
1763 4608 2014 4664 Μαιίενεε
2039 4609 2094 4671 D
2122 4618 2274 4687 prius
2296 4633 2482 4688 rugam
2517 4619 2802 4682 habuerat,
2829 4628 2883 4674 et
2905 4619 3194 4686 maculam,
3221 4619 3274 4673 in
3293 4618 3636 4689 iuventutem
3664 4626 3732 4673 et

426 4706 549 4760 viris
563 4703 671 4758 suis
684 4701 1020 4758 subditaa'sint
1029 4719 1046 4768 ;
1062 4698 1297 4766 et,Filii,
1312 4700 1512 4754 obedite
1521 4700 1824 4770 parentibus
1839 4701 2019 4756 vestris

424 4799 483 4853 in
513 4795 771 4861 Domino;
799 4805 874 4863 et,
903 4793 1067 4859 Servi,
1097 4793 1300 4848 obedite
1312 4793 1540 4847 dominis
1569 4793 1872 4848 carnalibus
1898 4811 2018 4848 cum

428 4893 614 4948 timore
659 4899 709 4945 et
748 4899 992 4946 tremore.
1027 4888 1100 4944 Ut
1137 4903 1245 4942 non
1287 4886 1460 4942 solum
1499 4901 1637 4942 uxor
1675 4887 1794 4942 viro
1822 4895 1876 4943 et
1921 4887 2018 4943 lilii

425 4979 768 5053 parentibus,
789 4988 846 5035 et
874 4979 1017 5035 servi
1039 4977 1292 5042 dominis,
1321 4977 1417 5032 sed
1446 4977 1611 5032 etiam
1635 4976 1738 5031 viri
1768 4977 2014 5034 mulieri-

427 5075 551 5140 bus,
588 5070 747 5142 juxta
783 5071 1018 5128 ollicium
1066 5071 1210 5141 quod
1252 5079 1584 5142 prmeeptum
1607 5078 1712 5137 est,
1745 5080 1802 5126 et
1834 5081 2017 5142 patres

427 5163 570 5228 filiis,
587 5180 655 5219 ne
678 5164 796 5220 illos
818 5163 886 5219 ad
907 5163 1245 5218 iracundiam
1265 5171 1583 5232 provocent,
1599 5170 1656 5218 et
1674 5165 1879 5219 domini
1901 5180 2018 5220 ser-

424 5260 527 5326 vis,
556 5268 617 5314 ut
641 5258 920 5315 remittant
942 5258 1141 5323 minas,
1167 5265 1222 5311 ει
1242 5259 1523 5328 praebeant
1549 5257 1637 5312 his
1661 5271 1784 5330 quae
1815 5259 2019 5314 habent

427 5348 764 5415 necessaria,
796 5348 1028 5405 invicem
1067 5347 1178 5402 sint
1218 5345 1478 5416 subiecti;
1509 5357 1564 5404 et
1585 5348 1689 5404 hoc
1721 5365 1789 5405 ex
1820 5350 2018 5406 timore

427 5441 524 5497 Dei
568 5440 791 5508 faciant,
830 5422 906 5496 ιιῖ
928 5440 1199 5510 quomodo
1246 5441 1420 5496 servis
1452 5441 1564 5497 suis
1607 5440 1709 5498 fuit
1753 5443 1843 5499 ille
1891 5444 2021 5500 sub—

421 5533 619 5604 iectus,
662 5533 742 5588 sic
777 5539 832 5588 et
858 5533 912 5588 hi
933 5573 948 5598 ,
981 5533 1071 5602 qui
1109 5531 1344 5602 maiores
1367 5533 1636 5600 videntur,
1661 5534 2019 5604 subiiciantur

428 5625 729 5681 minoribus
801 5625 914 5681 suis
993 5624 1269 5680 reddendo
1325 5623 1500 5680 oliicia
1565 5641 1684 5695 quae
1733 5627 2013 5695 iubentur.

427 5717 719 5774 Possumus
766 5717 857 5773 hic
885 5718 1135 5772 timorem
1173 5726 1229 5772 et
1256 5733 1358 5788 pro
1394 5716 1650 5788 amem,
1700 5721 1752 5775 id
1791 5729 1896 5786 est,
1938 5738 2017 5776 re-

430 5811 652 5871 rnrentia
677 5810 944 5882 accipere,
963 5823 1083 5878 quae
1099 5809 1272 5880 magis
1299 5808 1479 5865 vicina
1510 5818 1592 5865 est
1617 5811 1891 5866 charitati.
1918 5810 2019 5866 Ne-

2127 4710 2450 4764 munditiam
2497 4718 2684 4779 postea
2743 4711 3000 4766 restituta
3056 4719 3174 4777 est,
3237 4712 3312 4766 ita
3373 4718 3429 4764 et
3466 4717 3734 4780 peccator

2125 4810 2312 4857 currat
2335 4803 2402 4857 ad
2441 4802 2738 4868 medicum,
2764 4804 2890 4874 quia
2913 4819 3020 4858 non
3058 4803 3261 4860 habent
3291 4818 3428 4873 opus
3453 4803 3571 4858 sani
3603 4817 3730 4856 me-

2125 4893 2266 4959 dico,
2322 4895 2417 4949 sed
2463 4894 2606 4950 male
2651 4896 2912 4952 habentes
2959 4895 3177 4967 (Matth.
3224 4914 3300 4963 rx,
3344 4896 3478 4953 Luc.
3528 4896 3607 4963 v),
3659 4907 3731 4952 ut

2124 4992 2383 5041 curentur
2420 4985 2645 5041 vulnera
2678 4986 2845 5055 ipsius
2890 4995 2946 5042 et
2969 4985 3064 5042 ﬁat
3107 4987 3174 5042 de
3201 4987 3444 5044 Ecclesia
3474 5003 3594 5059 qua:
3636 4999 3730 5043 est

2125 5093 2322 5148 corpus
2357 5077 2580 5134 Christi.
2625 5077 2772 5134 Satis
2814 5093 3034 5150 quoque
3069 5079 3346 5152 eleganter
3377 5091 3434 5136 et
3462 5091 3621 5136 caute
3649 5081 3729 5136 ad

2121 5168 2386 5239 Ephesios
2406 5170 2633 5241 loquens
2658 5171 2752 5238 ait,
2781 5190 2800 5224 ‹
2821 5181 2880 5227 ιιι
2899 5172 3143 5230 Ecclesia
3172 5174 3413 5245 subiecta
3445 5184 3531 5230 est
3556 5173 3724 5229 Chri-

2122 5272 2225 5329 sto,
2260 5264 2335 5318 ita
2379 5270 2436 5318 et
2471 5278 2672 5321 uxores
2712 5266 2846 5321 viris
2872 5267 2989 5322 suis
3015 5267 3071 5322 in
3112 5268 3386 5324 omnibus.
3421 5288 3440 5320 ι
3469 5267 3528 5323 Si
3572 5267 3723 5322 enim

2120 5367 2263 5409 uxor
2297 5354 2374 5410 ita
2403 5354 2739 5424 subjicienda
2767 5358 2887 5413 viro
2926 5367 3049 5425 est,
3095 5368 3156 5414 ut
3193 5359 3411 5416 Christo
3437 5360 3716 5426 Ecclesia;

2121 5444 2262 5500 inter
2287 5445 2460 5502 virum
2486 5456 2543 5501 et
2569 5463 2795 5503 uxorem
2822 5457 3008 5504 sancta
3030 5451 3341 5521 coniunctio
3362 5460 3418 5506 et
3442 5465 3719 5522 nunquam

2121 5539 2365 5608 corporis
2403 5541 2640 5595 servient
2669 5541 3032 5611 passionibus.
3064 5541 3218 5608 Quod
3248 5543 3292 5598 si
3333 5543 3490 5598 nobis
3524 5542 3720 5613 aliquis

2121 5631 2249 5686 illud
2277 5635 2420 5702 quod
2444 5633 2510 5687 ad
2535 5634 2847 5690 Corinthios
2875 5636 3134 5690 scribitur
3176 5637 3512 5706 Opposuerit,
3541 5637 3716 5690 virum

2122 5726 2277 5779 uxori
2307 5727 2545 5781 debitum
2575 5727 2822 5794 reddere,
2840 5737 3134 5785 et'uxorem
3163 5730 3304 5793 viro,
3325 5731 3722 5784 animadvertat

2122 5833 2372 5890 magnam
2398 5819 2715 5879 distantiam
2764 5823 2907 5879 inter
2946 5829 3002 5880 et
3028 5819 3342 5879 Corinthios
3371 5831 3425 5878 et
3459 5823 3720 5894 Ephesios
