3986 6338
188 368 302 424 457.

656 357 1209 417 ENARRATIONUM
1247 357 1315 414 IN
1355 356 1504 414 EPP.
1549 356 1752 413 PAULI
1789 355 1914 409 LIB.
1959 353 2140 410 XVIII.
2177 383 2249 396 —
2284 351 2353 411 ΙΝ
2381 350 2610 411 ἘΡΙδΤ.
2650 353 2744 412 AD
2779 352 3020 410 EPllES.

3278 393 3280 395 ›
3353 354 3459 413 458

188 489 342 534 esse:
361 470 468 530 illis
483 473 635 544 quasi
655 471 895 542 parvulis
910 470 1414 540 atquelactantibtis
1428 469 1700 533 scribitur,
1727 467 1779 522 in
1807 473 1859 532 Α
1886 482 2009 521 nem
2051 467 2194 520 illam
2225 467 2310 521 vir
2343 468 2558 537 sapiens
2587 467 2864 524 dilectioni
2893 455 3094 522 ChFisti
3123 477 3179 523 et
3206 468 3465 526 Ecclesia:

189 569 388 640 quibus
407 574 566 621 erant
591 564 958 620 dissensiones
973 572 1028 618 et
1054 563 1372 627 schismata,
1395 561 1780 617 etandiebatur

186 657 501 723 fornicatio,
519 655 696 726 qualis
717 669 819 709 nec
840 653 983 708 inter
1002 660 1192 724 gentes
1223 651 1437 722 quidem
1473 649 1524 722 (Ι
1552 649 1673 705 Cor.
1701 650 1777 732 ν)⁹

185 759 242 808 et
281 761 572 822 propterea
619 749 936 805 conceditur
973 748 1073 812 eis,
1123 754 1182 800 ut
1214 757 1336 816 post
1369 747 1671 801 orationem
1713 745 1782 802 ad

184 842 425 912 idipsum
459 841 708 906 redeant,
736 854 805 894 ne
832 847 1111 894 tententur
1141 853 1172 892 a
1209 837 1432 902 Satana,
1465 837 1594 893 licet
1624 838 1698 893 ibi
1727 837 1782 892 in

184 933 650 1004 consequentibus
669 919 776 989 non
792 931 950 1000 juxta
974 931 1326 998 voluntatem,
1359 933 1454 987 sed
1468 931 1625 1001 juxta
1651 933 1782 986 cha-

185 1026 413 1081 rismata
451 1025 571 1080 haec
613 1025 667 1079 in
699 1024 782 1080 eis
821 1023 968 1079 dicat
1008 1023 1289 1098 ignoscere
1323 1041 1336 1078 :
1369 1023 1589 1094 Ephesii
1629 1038 1780 1088 vero,

184 1117 331 1186 apud
357 1130 498 1186 quos
537 1115 669 1172 fecit
707 1115 1004 1170 triennium
1035 1123 1091 1170 et
1126 1117 1311 1171 omnia
1354 1116 1433 1172 eis
1465 1115 1666 1173 Christi
1692 1132 1783 1172 sa-

183 1215 470 1260 cramenta
517 1205 751 1276 aperuit,
781 1204 940 1260 aliter
971 1205 1318 1271 erudiuntur,
1347 1215 1403 1261 et
1425 1206 1592 1262 habet
1619 1221 1790 1261 unus-

182 1299 424 1369 quisque
461 1297 674 1353 arbitrii
703 1297 933 1353 liberam
965 1304 1317 1369 potestatem,
1352 1297 1439 1352 vel
1474 1296 1789 1354 Corinthios

180 1392 362 1460 sequi,
413 1390 496 1446 vel
547 1391 833 1462 Ephesios,
883 1400 939 1446 et
979 1391 1206 1456 salvari,
1255 1403 1351 1447 aut
1390 1393 1654 1448 servitute
1686 1391 1790 1449 C0-

183 1482 529 1547 rinthii,’aut
577 1483 797 1553 Ephesii
839 1483 1106 1540 libertate.
1152 1481 1263 1549 γαν,
1297 1475 1786 1554 inquit'Salvator,

181 1573 586 1644 pregnantibus
607 1574 662 1628 in
678 1574 764 1628 die
783 1573 879 1628 illa
908 1571 1059 1646 (Luc.
1088 1575 1228 1646 xxn),
1257 1575 1310 1630 id
1329 1574 1642 1644 estjudicii,
1669 1590 1791 1646 quas

179 1665 378 1734 utique
407 1664 624 1734 proprie
653 1679 821 1736 opera
849 1665 1158 1734 nuptiarum
1180 1672 1324 1720 sunt.
1357 1663 1508 1720 Unde
1537 1665 1687 1721 omni
1712 1665 1792 1720 la-

179 1755 319 1810 bore
339 1753 644 1821 nitendum,
667 1763 732 1810 ut
768 1753 954 1826 magis.
978 1755 1245 1825 Ephesios
1283 1771 1448 1826 quam
1478 1756 1788 1812 Corinthios

1882 558 2236 628 comparabit.
2256 556 2487 612 Sanctus
2516 557 2676 628 igitur
2697 558 2788 614 hic
2805 555 3180 628 intelligendus
3190 570 3273 615 est
3286 576 3464 628 amor,

1881 664 1990 719 quo
2025 659 2079 705 et
2121 649 2273 704 Isaac
2316 649 2506 704 dilexit
2549 665 2774 705 uxorem
2803 665 2957 705 suam
2988 648 3314 717 Rebeccam,
3345 667 3468 721 quae

1883 742 2271 812 interpretatur
2282 743 2534 813 patientia
2550 755 2568 793 :
2591 750 2645 798 et
2658 743 2726 798 de
2747 752 2888 797 terra
2911 741 3332 811 Mesopotamiae,
3348 751 3470 814 qua:

1885 831 2065 888 sazculi
2107 831 2269 902 hujus
2313 847 2381 886 ex
2431 833 2576 888 omni
2615 840 2770 904 parte
2814 833 3068 888 ﬂuctibus
3108 833 3362 904 cingitur,
3411 833 3468 887 in
3521 903 3535 911 ι

1883 933 2090 978 terram
2120 921 2556 991 repromissionis
2593 921 2836 988 induxit,
2868 931 2928 976 ut
2969 921 3344 978 consolaretur
3369 939 3470 994 pro
3510 960 3513 963 -

1885 1024 2059 1072 morte
2125 1017 2315 1070 matris
2377 1030 2509 1070 suae.
2563 1014 2846 1070 Interilum
2911 1015 3110 1086 quippe
3174 1014 3473 1088 Synagogte

1885 1105 2266 1176 conjunctione
2309 1106 2565 1162 Ecclesiae
2611 1105 2953 1177 temperavit.
2999 1104 3164 1178 (Alb.)
3214 1105 3476 1163 Sanctum

1887 1200 2070 1270 itaque
2094 1213 2335 1255 amorem
2357 1197 2501 1253 inter
2523 1197 2700 1252 virum
2722 1206 2777 1254 et
2801 1213 3028 1254 uxorem
3056 1197 3350 1268 Apostolus
3377 1199 3477 1254 ad-

1889 1301 2103 1358 monet,
2135 1306 2203 1346 ne
2237 1291 2348 1346 sint
2373 1291 2430 1345 in
2469 1290 2813 1362 passionibus
2857 1291 3107 1346 desiderii
3146 1292 3289 1348 inter
3314 1307 3374 1348 se
3398 1292 3480 1351 sic

1889 1397 1948 1444 ut
1995 1396 2200 1460 gentes,
2237 1402 2361 1457 qua:
2401 1386 2655 1454 ignorant
2685 1386 2884 1450 Deum,
2930 1387 3024 1442 sed
3069 1386 3141 1441 sit
3188 1395 3376 1442 sancta
3421 1395 3481 1442 et

1890 1477 2236 1533 immaculata
2258 1485 2315 1531 et
2341 1476 2396 1530 in
2417 1474 2523 1532 ﬁde
2551 1475 2820 1532 castitatis
2847 1476 3041 1546 c0pula
3071 1476 3211 1531 inter
3235 1492 3348 1539 eos,
3375 1476 3477 1532 sic-

1891 1581 1951 1628 ut
2004 1581 2114 1628 tota
2165 1572 2392 1628 castitas
2454 1581 2538 1627 est
2594 1572 2649 1626 in
2716 1572 3095 1642 conjunctione
3149 1572 3348 1629 Christi
3413 1572 3479 1628 ad

1890 1664 2211 1730 Ecclesiam,
2240 1665 2333 1734 qui
2363 1679 2482 1720 eam
2510 1663 2792 1719 mundavit
2821 1664 3037 1720 lavacro
3067 1665 3342 1736 sanguinis
3370 1666 3478 1732 sui,

1894 1762 1956 1810 ut
1985 1755 2058 1810 sit
2103 1763 2214 1811 tota
2248 1755 2366 1812 sine
2390 1771 2522 1828 ruga
2571 1763 2628 1811 et
2658 1756 2892 1822 macula,
2938 1756 3005 1810 ab
3046 1757 3191 1811 omni
3221 1758 3476 1812 vitiorum

181 1848 533 1916 aemulemur,
592 1863 694 1904 nec
760 1847 1227 1920 deprehendamur
1281 1851 1439 1920 quasi
1491 1850 1546 1904 in
1585 1849 1788 1906 diluvio
1817 1831 1866 1891 Β
1893 1852 2045 1900 sorte
2086 1853 2354 1916 purgata:
2381 1845 2476 1901 sed
2513 1845 2998 1911 considerandum,
3033 1847 3249 1916 quando
3274 1847 3345 1902 sit
3375 1848 3480 1904 Ec-

180 1951 458 2008 emeutes,
486 1942 754 1997 nubentes
774 1950 832 1996 et
855 1941 1154 1997 vendentes
1173 1949 1229 1997 et
1251 1943 1600 2000 matrimonio
1622 1958 1788 2014 copu-

187 2034 308 2098 lati,
341 2035 440 2089 sed
469 2031 730 2089 accinctis
755 2033 952 2088 lumbis
977 2032 1230 2089 lucernas
1267 2041 1570 2090 teneamus.

265 2123 413 2190 Viri,
437 2123 641 2195 diligite
666 2139 856 2178 uxores
879 2133 1076 2179 vestras
1105 2125 1241 2179 sicut
1269 2133 1317 2179 et
1340 2123 1584 2181 Christus
1604 2124 1792 2180 dilexit

153 2249 156 2252 ~
187 2215 496 2272 Ecclesium
529 2226 578 2271 et
609 2217 838 2287 seipsum
861 2216 1083 2271 tradidit
1107 2233 1202 2288 pro
1226 2234 1310 2280 ea,
1332 2226 1391 2272 ut
1414 2216 1565 2272 illam
1592 2219 1790 2273 sancti-

183 2309 396 2378 βαίνει,
425 2308 690 2365 mandans
712 2308 921 2364 lavacro
949 2325 1102 2380 aquae
1123 2310 1181 2364 in
1205 2309 1356 2365 uerbo
1381 2310 1522 2376 vitta,
1553 2318 1612 2364 ut
1643 2311 1793 2364 exhi-

185 2399 332 2454 beret
361 2399 473 2470 ipse
525 2399 625 2454 sibi
668 2399 953 2470 gloriosam
999 2398 1325 2464 Ecclesiam,
1367 2418 1471 2456 non
1519 2401 1792 2457 habentem

184 2507 467 2544 macutam
509 2500 602 2546 aut
643 2507 852 2562 rugam,
895 2500 988 2546 aut
1027 2491 1229 2563 aliquid
1273 2492 1557 2563 ejusmodi,
1601 2494 1693 2548 sed
1734 2502 1791 2548 ut

181 2582 254 2637 sit
297 2591 489 2636 sancta
528 2592 579 2638 et
615 2582 980 2638 immaculata.
1029 2582 1237 2657 (Greg.)
1282 2585 1546 2642 Maculam
1591 2588 1793 2658 quippe

183 2682 242 2729 et
293 2689 490 2747 rugam
529 2689 636 2730 non
686 2675 872 2739 habet,
914 2689 1034 2745 qua:
1077 2683 1134 2732 et
1165 2677 1500 2746 turpitudine
1532 2678 1714 2748 operis
1741 2686 1798 2733 et

184 2766 519 2836 duplicitate
551 2767 820 2824 sermonis
862 2778 1045 2824 caret'
1073 2769 1169 2824 sed
1205 2769 1334 2839 quia
1365 2783 1510 2825 nunc
1543 2770 1686 2824 intra
1724 2770 1799 2825 si-

185 2874 329 2913 num
371 2857 501 2914 ﬁdei
527 2858 728 2914 multos
760 2860 929 2916 etiam
953 2860 1216 2930 reprobos
1241 2867 1410 2927 tenet,
1441 2876 1564 2916 cum
1586 2869 1798 2931 tempus

183 2949 596 3020 persecutionis
636 2950 922 3017 exarserit,
975 2951 1122 3021 ipsos
1171 2950 1358 3006 hostes
1410 2951 1618 3021 patitur
1660 2966 1798 3022 quos

184 3038 604 3109 praedicationis
625 3039 808 3097 verbis
845 3040 989 3096 alere
1011 3049 1136 3097 ante
1176 3042 1482 3098 videbatur.
1517 3043 1670 3097 Dicat
1699 3043 1800 3098 ita-

185 3145 299 3200 que
322 3130 428 3184 sub
443 3145 676 3200 persona
702 3130 917 3186 Domini
947 3131 1139 3188 beatus
1165 3130 1301 3188 Job:
1325 3131 1492 3204 Ruga:
1508 3135 1798 3188 mewtesti-

184 3223 438 3276 monium
474 3223 656 3277 dicunt
682 3233 866 3279 contra
889 3241 970 3279 me
1001 3224 1146 3296 (Job.
1178 3223 1315 3297 xvr),
1348 3225 1401 3280 id
1431 3235 1536 3292 est,
1562 3227 1664 3296 ipsi
1713 3242 1801 3283 me

189 3313 541 3382 insequendo
571 3313 888 3385 increpant,
916 3315 1010 3385 qui
1045 3331 1190 3372 nunc
1217 3319 1274 3372 in
1305 3332 1427 3372 meo
1454 3332 1684 3389 corpore
1706 3334 1803 3389 po-

190 3404 284 3458 siti
317 3403 656 3474 duplicitatis
695 3420 807 3462 sua:
844 3406 900 3461 in
935 3421 994 3462 se
1024 3407 1288 3464 malitiam
1335 3425 1443 3465 non
1480 3410 1797 3466 emundant.

193 3493 354 3550 Unde
419 3495 556 3551 bene
606 3497 782 3551 adhuc
851 3496 1102 3554 subditur
1170 3517 1184 3552 :
1234 3498 1304 3552 Et
1349 3501 1636 3556 suscitatur
1693 3499 1803 3569 fal-

191 3585 437 3655 siloquus
489 3586 736 3642 adversus
784 3587 973 3657 faciem
1009 3605 1197 3655 meum,
1249 3589 1611 3645 contradicens
1649 3590 1801 3644 mihi.

192 3677 385 3732 Etiam
401 3678 549 3747 pacis
571 3693 682 3734 suae
696 3688 941 3748 tempore
961 3689 1149 3737 sancta
1175 3679 1420 3737 Ecclesia
1437 3680 1805 3751 falsiloquium

191 3768 434 3839 patitur,
487 3766 615 3822 dum
656 3769 870 3824 suntin
905 3784 970 3825 ea
1017 3769 1196 3836 multi,
1240 3772 1332 3841 qui
1375 3771 1442 3826 de
1481 3770 1806 3827 aeternitatis

155 3871 164 3876 ‘
192 3859 568 3931 promissione
596 3859 843 3918 dillidunt
869 3901 884 3928 ,
915 3869 969 3918 et
997 3870 1177 3917 tamen
1213 3877 1272 3918 se
1298 3862 1486 3918 ﬁdeles
1511 3878 1632 3918 esse
1654 3875 1808 3917 men-

193 3952 419 4008 tiuntur
452 3971 464 4006 :
492 3952 586 4022 qui
613 3953 738 4008 dum
766 3953 1137 4023 praedicationi
1174 3953 1293 4025 ejus
1317 3963 1504 4024 aperte
1532 3952 1808 4010 contradi-

195 4059 330 4099 cere
347 4059 460 4099 non
480 4052 838 4115 praesumunt,
857 4043 1223 4116 falsiloquium
1247 4060 1356 4102 non
1377 4053 1568 4102 contra
1586 4043 1805 4112 faciem,
1859 4051 1863 4056 '

195 4136 298 4191 sed
347 4136 513 4206 quasi
553 4145 678 4207 post
721 4137 944 4193 dorsum
993 4137 1231 4207 patitur;
1270 4137 1367 4193 sed
1411 4153 1538 4194 cum
1584 4137 1810 4194 malitia:

199 4238 426 4300 tempus
468 4230 732 4301 eruperit,
783 4231 830 4287 is
876 4231 969 4302 qui
1011 4246 1158 4287 nunc
1188 4241 1440 4289 metuens
1474 4232 1702 4302 derogat
1741 4230 1810 4287 ad

199 4321 697 4377 contradicendum
723 4331 850 4378 ante
872 4322 1068 4378 faciem
1095 4324 1268 4390 venit,
1301 4324 1428 4394 quia
1454 4323 1636 4379 verbis
1662 4337 1810 4378 verae

201 4413 336 4470 ﬁdei
377 4414 586 4483 apertis
625 4414 854 4470 vocibus
880 4414 1119 4470 obsistit.
1151 4412 1382 4486 (Ambr.)
1411 4413 1666 4470 Mulieres
1688 4413 1810 4470 sub-

201 4510 338 4564 dita:
363 4523 490 4564 esse
511 4506 774 4577 jubentur
803 4515 859 4562 et
891 4507 1251 4563 reverentiam
1283 4507 1486 4564 habere
1513 4507 1754 4563 virorum
1789 4524 1802 4560 :

202 4601 314 4656 viri
353 4615 486 4656 vero
514 4601 590 4656 ita
617 4600 841 4671 diligere
878 4601 1136 4657 mulieres
1173 4616 1300 4658 suas
1329 4600 1714 4667 admonentur,
1747 4607 1812 4655 ut

203 4693 378 4748 etiam
402 4692 613 4748 animas
631 4697 759 4748 sua‘s
779 4707 878 4763 pro
906 4691 1016 4748 illis
1039 4700 1268 4762 ponant,
1301 4707 1467 4747 causa
1497 4689 1811 4747 dilectionis

205 4787 391 4844 zelum
419 4787 685 4844 habentes
706 4787 854 4843 circa
884 4784 1135 4842 affectum
1158 4801 1346 4842 earum
1367 4793 1421 4842 et
1447 4785 1810 4855 disciplinam,

207 4891 272 4937 ut
321 4881 593 4953 religiosze
646 4889 704 4938 et
760 4889 963 4937 sanctae
1016 4881 1146 4936 sint.
1191 4879 1435 4950 Seipsum
1485 4879 1676 4950 diligit,
1723 4878 1814 4948 qui

209 4991 434 5031 uxorem
461 4991 614 5029 suam
644 4973 838 5045 diligit.
887 4971 1130 5028 Naturali
1165 4972 1375 5028 ratione
1409 4971 1605 5025 mulier
1635 4969 1816 5040 portio

209 5068 465 5139 corporis
507 5067 609 5122 viri
631 5075 734 5136 est,
765 5083 830 5124 ac
866 5081 966 5136 per
987 5067 1092 5122 hoc
1114 5065 1199 5121 vir
1227 5066 1284 5121 in
1319 5065 1546 5122 muliere
1576 5065 1813 5136 seipsum

212 5161 419 5232 diligit,
466 5160 741 5230 quomodo
795 5159 840 5215 si
875 5157 1178 5215 fornicetur
1218 5158 1273 5214 in
1316 5159 1552 5228 seipsum
1601 5165 1810 5228 peccat,

215 5252 344 5324 quia
380 5253 490 5308 duo
520 5253 576 5307 in
597 5268 764 5308 carne
789 5267 898 5308 una
924 5259 1072 5307 sunt.
1111 5250 1227 5306 Non
1253 5266 1383 5323 ergo
1411 5265 1658 5322 personae
1682 5247 1813 5304 sub-

217 5344 482 5399 stantiam
514 5344 782 5410 dividunt,
812 5353 874 5398 ut
901 5359 998 5415 per
1017 5357 1282 5413 personas
1317 5356 1580 5397 numerus
1603 5339 1696 5394 ﬁat
1722 5353 1817 5394 na-

221 5446 399 5503 turae,
432 5437 526 5492 sed
561 5443 688 5492 sunt
713 5437 767 5492 in
798 5437 1009 5492 unitate
1053 5443 1280 5490 naturae.
1326 5431 1526 5506 (Hier.)
1560 5430 1818 5501 Quamvis

223 5530 308 5585 sui
363 5529 601 5585 invicem
651 5529 880 5585 maritus
924 5537 981 5586 et
1031 5527 1230 5598 conjux
1277 5541 1464 5581 amore
1508 5531 1818 5587 teneantur,

225 5621 407 5690 qualis
427 5621 518 5676 illa
545 5631 880 5677 memoratur
900 5621 1241 5685 Asdrubalis,
1259 5635 1398 5690 quae,
1426 5625 1583 5688 capto
1604 5617 1746 5685 viro,
1766 5617 1822 5673 in

227 5717 421 5786 patria:
434 5731 494 5770 se
501 5716 636 5786 jecit
649 5717 978 5782 incendium,
996 5725 1050 5772 et
1063 5724 1294 5780 exterae,
1312 5727 1432 5784 quae
1447 5712 1580 5767 viris
1595 5711 1824 5767 mortuis

229 5806 582 5876 supervivere
635 5807 965 5874 noluerunt,
1019 5822 1296 5878 nunquam
1352 5814 1533 5860 tamen
1574 5801 1824 5860 dilectio-

641 5899 920 5960 ΡΑτιιοι..
966 5896 1164 5959 CXII.
1539 5905 1546 5913 ‘

1892 1937 2061 1994 clesia
2099 1953 2296 2008 sponsa
2335 1937 2537 1994 Christi
2574 1936 2778 2006 absque
2801 1937 2949 1992 omni
2984 1937 3194 1993 macula
3231 1946 3284 1992 et
3325 1953 3479 2010 ruga,

1891 2032 2038 2100 quod
2075 2032 2182 2086 erit
2224 2039 2355 2087 tunc
2397 2031 2587 2100 utique
2624 2030 2840 2101 quando
2891 2028 3123 2102 glariosa
3164 2031 3485 2102 apparuerit

1892 2137 2017 2178 cum
2043 2121 2284 2189 Christo,
2306 2137 2430 2177 cum
2453 2123 2568 2192 ipse
2589 2119 2838 2177 Christus
2858 2122 3170 2193 apparuerit
3191 2123 3478 2194 gloriosus.

1892 2218 2004 2274 Nec
2034 2219 2180 2274 enim
2223 2218 2339 2290 ipse
2373 2217 2622 2274 Christus
2655 2218 2988 2288 gloriﬁcatus
3026 2228 3110 2276 est
3143 2229 3268 2276 ante
3297 2237 3480 2276 resur-

1893 2309 2192 2364 rectionem
2232 2309 2288 2363 in
2318 2307 2491 2364 forma
2521 2309 2685 2364 servi.
2733 2308 2858 2366 Ideo
2885 2309 3018 2366 dicit
3043 2311 3111 2366 de
3138 2326 3204 2367 eo
3228 2311 3481 2384 Evange-

1893 2400 2018 2456 lista
2049 2416 2066 2455 :
2103 2400 2356 2456 Nondum
2385 2408 2499 2454 erat
2541 2398 2770 2463 Spiritus
2812 2401 3002 2467 datus,
3033 2403 3156 2472 quia
3178 2401 3333 2458 Iesus
3356 2421 3486 2460 non-

1895 2494 2022 2548 dum
2053 2493 2226 2563 fuerat
2249 2492 2577 2563 gloriﬁcatus
2602 2491 2788 2565 (Joan.
2813 2495 2935 2565 vn).
2967 2493 3167 2567 [Hicr.]
3196 2493 3334 2563 Quia
3359 2511 3488 2552 vero

1897 2587 2195 2642 secundum
2237 2585 2590 2656 tropologiam
2627 2585 2772 2642 viros
2793 2587 3020 2650 animas,
3053 2595 3110 2642 et
3141 2603 3341 2644 uxores
3367 2603 3492 2644 cor-

1897 2693 2029 2748 pora
2055 2678 2364 2732 dixeramus
2383 2717 2397 2742 ,
2427 2677 2507 2731 sic
2530 2676 2716 2748 diligat
2747 2678 2929 2732 anima
2959 2693 3180 2748 corpus,
3217 2679 3490 2749 quomodo

1899 2770 2146 2825 Christus
2174 2769 2473 2826 Ecclesiam
2499 2778 2560 2825 ut
2581 2771 2932 2841 semetipsum
2971 2770 3153 2824 tradat
3180 2785 3280 2840 pro
3315 2771 3492 2836 salute

1901 2861 2070 2931 ipsius
2087 2869 2143 2916 et
2169 2875 2291 2914 eam
2316 2859 2619 2915 sanctiﬁcet
2633 2861 2800 2916 verbo
2841 2860 3120 2925 doctrinae,
3148 2869 3206 2914 ut
3233 2861 3490 2916 exhibeat

1902 2953 2004 3007 sibi
2028 2967 2147 3007 eam
2171 2966 2277 3005 non
2306 2949 2595 3005 habentem
2623 2951 2892 3005 maculam
2921 2960 3015 3005 aut
3037 2965 3224 3021 rugam
3253 2951 3490 3021 aliquam

1898 3043 2187 3099 vetustatis
2213 3059 2225 3095 :
2251 3041 2487 3096 maxime
2511 3057 2637 3096 cum
2668 3042 2806 3096 sciat
2836 3039 2980 3096 illam
3008 3041 3063 3095 in
3095 3042 3493 3097 resurrectione

1905 3134 2219 3190 salvandam
2272 3141 2328 3188 et
2363 3133 2600 3186 visuram
2651 3146 2772 3188 esse
2801 3131 3042 3188 salutare
3071 3131 3187 3186 Dei.
3233 3131 3381 3187 Talis
3407 3133 3494 3188 vir

1904 3237 2068 3299 caput
2083 3226 2246 3282 habet
2274 3223 2550 3279 Christum
2572 3241 2584 3277 :
2609 3233 2799 3280 etcum
2816 3232 3037 3295 propter
3057 3223 3286 3280 salutem
3309 3225 3493 3281 carnis

1905 3337 1965 3376 se
2005 3319 2318 3384 humilians,
2345 3318 2520 3373 factus
2547 3317 2711 3374 fuerit
2737 3332 2861 3373 cum
2885 3332 3055 3372 uxore
3077 3332 3177 3373 sua
3206 3333 3314 3372 una
3341 3332 3493 3386 caro,

1905 3411 2132 3467 retrahit
2154 3425 2272 3464 eam
2295 3410 2364 3464 ad
2401 3409 2673 3480 spiritum,
2702 3417 2758 3464 et
2779 3408 3007 3464 Domino
3033 3407 3335 3479 copulatus,
3359 3425 3493 3466 caro

1905 3517 2025 3558 esse
2039 3501 2272 3558 desistit.
2287 3501 2515 3555 Pulchre
2529 3516 2744 3572 quoque
2759 3499 3025 3556 maculam
3039 3509 3133 3555 aut
3144 3516 3354 3571 rugam,
3369 3501 3496 3572 quia

1907 3596 1974 3651 de
1988 3593 2240 3666 conjugio
2251 3593 2591 3664 loquebatur,
2609 3594 2675 3648 de
2687 3592 2938 3664 exemplo
2953 3592 3240 3648 mulierum
3254 3595 3323 3649 ad
3342 3595 3500 3650 deco-

1906 3703 2021 3744 rem
2048 3688 2215 3742 traxit
2239 3686 2518 3742 Ecclesiae.
2560 3684 2714 3741 Sicut
2739 3686 2884 3740 enim
2912 3684 3089 3740 solent
3124 3686 3178 3741 in
3206 3685 3496 3741 mulierum

1907 3777 2228 3848 corporibus
2241 3776 2323 3831 vel
2336 3774 2722 3846 sordercnervi
2743 3773 2946 3846 [naevi],
2963 3773 3046 3829 vel
3075 3790 3207 3846 ruga
3223 3775 3498 3842 contrahi,

1906 3867 1995 3923 vel
2017 3867 2220 3938 lentigo
2240 3865 2442 3920 variari
2467 3883 2480 3918 :
2507 3873 2563 3920 et
2587 3865 2691 3920 hoc
2712 3872 2796 3920 est
2822 3878 2984 3918 omne
3005 3864 3244 3919 studium
3267 3863 3498 3921 femina-

1909 3973 2054 4025 rum,
2101 3965 2164 4012 ut
2190 3957 2334 4028 quod
2363 3955 2568 4012 ltedare
2606 3955 2821 4012 videtur
2866 3955 3206 4026 abstergant,
3243 3964 3301 4010 et
3345 3955 3500 4010 exhi-

1907 4049 2074 4105 beant
2102 4047 2316 4104 maritis
2354 4063 2646 4118 corporum
2683 4054 3019 4102 venustatem
3049 4065 3060 4100 :
3106 4047 3180 4101 ita
3208 4054 3266 4102 et
3301 4048 3501 4104 anima:

1909 4139 2060 4196 omni
2086 4146 2434 4209 peccatorum
2462 4136 2622 4192 sorde
2651 4136 2944 4208 purgandae
2971 4144 3126 4200 sunt,
3159 4143 3220 4190 ut
3251 4151 3386 4206 ruga
3406 4150 3503 4193 ve-

1910 4231 2044 4288 teris
2099 4232 2336 4288 hominis
2387 4229 2614 4300 juventa
2665 4229 2958 4295 tendatur,
3007 4237 3062 4285 et
3106 4237 3397 4284 renovetur
3442 4229 3502 4286 in

1909 4341 2108 4382 novum
2149 4326 2424 4381 hominem
2451 4325 2518 4380 de
2539 4323 2627 4380 die
2647 4323 2703 4379 in
2728 4323 2891 4380 diem.
2930 4322 3114 4395 (Aug.)
3142 4321 3259 4378 Non
3289 4321 3372 4376 vis
3402 4321 3503 4378 ha-

1907 4420 2039 4475 bere
2069 4417 2376 4474 maculam?
2420 4415 2507 4472 fac
2553 4415 2697 4486 quod
2729 4415 2991 4486 scriptum
3028 4422 3113 4469 est
3150 4431 3162 4467 :
3199 4413 3499 4479 Lavamini,

1909 4509 2094 4564 mundi
2137 4517 2319 4575 estote,
2360 4509 2564 4578 auferte
2609 4507 2868 4578 nequitias
2913 4507 2978 4562 de
3027 4507 3270 4560 cordibus
3319 4505 3503 4560 uestris

1916 4601 2053 4675 (Isa.
2094 4601 2177 4674 1);
2228 4617 2334 4656 non
2370 4601 2454 4656 vis
2479 4600 2678 4656 habere
2719 4615 2931 4670 rugam,
2971 4598 3267 4653 extendere
3298 4597 3352 4652 in
3379 4612 3506 4652 cru-

1917 4707 2067 4760 cem;
2098 4707 2207 4746 non
2233 4692 2378 4746 enim
2397 4700 2606 4746 tantum
2628 4707 2763 4762 opus
2786 4699 2871 4746 est
2891 4697 2950 4744 ut
2975 4689 3194 4754 laveris,
3224 4689 3318 4744 sed
3339 4689 3504 4744 etiam

1919 4793 1980 4840 ut
2003 4783 2320 4840 extendaris
2343 4823 2358 4849 ,
2397 4793 2456 4838 ut
2488 4783 2563 4839 sis
2585 4784 2702 4838 sine
2726 4781 2940 4837 macula
2969 4789 3066 4836 aut
3091 4796 3222 4852 ruga
3257 4797 3270 4834 :
3300 4796 3400 4852 per
3426 4780 3506 4835 la-

1920 4891 2144 4932 vacrum
2168 4875 2314 4931 enim
2347 4875 2674 4930 auferuntur
2699 4881 2925 4946 peccata
2947 4915 2962 4940 ,
3000 4888 3098 4944 per
3123 4873 3500 4929 extensionem

1923 4970 1985 5026 lit
2013 4969 2344 5026 desiderium
2389 4968 2557 5024 futuri
2587 4966 2791 5033 saeculi,
2834 4975 3056 5038 propter
3078 4966 3222 5036 quod
3254 4965 3507 5022 Christus

1921 5062 2214 5118 cruciﬁxus
2235 5069 2339 5117 est.
2388 5059 2526 5114 Audi
2555 5059 2731 5129 ipsum
2753 5058 2978 5113 Paulum
3008 5057 3177 5114 lotum
3208 5075 3221 5111 :
3253 5055 3398 5121 Non,
3427 5058 3509 5114 in-

1921 5158 2058 5229 quit,
2087 5173 2152 5212 ea:
2174 5155 2414 5226 operibus
2419 5154 2665 5224 justitite,
2688 5169 2806 5224 quae
2828 5152 3047 5222 fecimus
3072 5167 3184 5215 nos,
3211 5149 3302 5205 sed
3323 5167 3508 5206 secun-

1921 5250 2049 5304 dum
2089 5245 2503 5303 misericordiam
2547 5261 2698 5300 suam
2731 5243 2901 5300 salvos
2941 5259 3034 5298 nos
3079 5242 3199 5312 fecit
3225 5258 3319 5313 per
3353 5240 3504 5296 lava-

1923 5355 2068 5394 crum
2119 5336 2522 5409 regenerationis
2565 5334 2692 5408 (Tit.
2725 5332 2834 5406 ιιι.)
2877 5333 3013 5389 Audi
3044 5332 3293 5388 eumdem
3317 5339 3510 5386 exten-

1925 5448 2045 5490 sum
2079 5449 2093 5486 :
2125 5431 2206 5485 Ea
2227 5471 2242 5498 ,
2274 5429 2472 5500 inquit,
2493 5444 2611 5500 qua:
2640 5437 2778 5482 retro
2807 5435 2951 5491 sunt,
2983 5424 3194 5490 oblitus,
3222 5424 3279 5477 in
3302 5438 3365 5476 ea
3389 5436 3510 5491 qua:

1925 5533 2045 5579 ante
2082 5532 2204 5578 sunt
2241 5530 2503 5586 extensus,
2541 5517 2826 5573 secundum
2852 5515 3187 5570 intentionem
3223 5526 3411 5582 sequor
3437 5509 3508 5563 ad

1924 5614 2155 5687 palmam
2178 5627 2416 5682 superna:
2429 5610 2715 5665 vocationis
2734 5609 2790 5662 in
2815 5606 3023 5662 Christo
3041 5605 3076 5658 Ι
3081 5620 3169 5659 esu
3196 5600 3362 5674 (Phil.
3396 5598 3503 5669 In).

1927 5707 2117 5763 Merito
2138 5721 2267 5776 ergo
2290 5705 2402 5776 ipse
2431 5705 2546 5759 sine
2569 5701 2776 5758 macula
2806 5699 3108 5769 iniquitatis
3135 5704 3189 5751 et
3227 5695 3344 5750 sine
3373 5706 3512 5764 ruga

1928 5799 2154 5872 duplicis
2173 5796 2353 5855 cordis
2369 5805 2623 5867 tanquam
2638 5793 2808 5851 bonus
2821 5800 2874 5847 et
2891 5791 3062 5846 lidelis
3074 5787 3281 5844 amicus
3299 5783 3508 5856 sponsi.

2999 5881 3074 5942 15
