3986 6338
525 322 632 393 459
1166 316 1261 385 ΒΤ
1273 323 1531 387 ΒΑΒΔΝΙ
1560 322 1792 395 ,ΜΔΙῙΒῘ
1829 322 2105 382 ARCHIE]

2209 312 2537 385 MOGUNT:
2554 322 2841 385 OPEBUM
2874 324 3059 387 PARS
3094 324 3185 387 HI.

3710 330 3833 391 sco

523 445 901 521 Desponderat
948 438 1095 501 enim
1119 442 1217 497 uni
1250 441 1372 498 viro
1410 439 1679 521 virginem
1721 445 1929 497 castam
1957 439 2115 494 exhi-
2141 443 2364 521 Amus,
2407 440 2551 497 ouod
2602 439 2751 495 illam
2794 456 3017 497 carnem
3073 456 3195 512 quae
3235 439 3423 500 visura
3462 443 3541 501 sit
3578 442 3835 505 saluum

460 570 470 579 -
521 520 655 599 bere
679 538 897 597 Christo
925 537 1043 592 sine
1070 533 1281 590 macula
1310 541 1367 588 et
1387 548 1518 602 ruga
1549 530 1637 604 (ΙΙ
1665 520 1789 586 Cor.
1826 529 1928 602 χι).
1960 529 2113 587 Tunc

524 652 656 709 ergo
685 649 784 707 per
812 633 932 704 ejus
958 627 1388 687 misericordiam
1417 624 1550 695 justi
1590 624 1745 696 plene
1770 623 2114 695 pet-recteque

523 725 771 785 mundati
804 723 1082 795 fulgebunt
1126 720 1181 774 in
1223 733 1389 791 regno
1416 715 1598 772 Patris
1645 713 1760 781 sui,
1794 713 1937 770 sicut
1986 722 2115 770 tunc

522 820 685 890 plene
716 826 881 888 atque
919 811 1159 884 perfecte
1197 811 1303 867 erit
1346 808 1588 865 Ecclesia
1630 821 1738 862 non
1767 806 1973 863 habens
2000 821 2115 861 ma-

525 911 704 967 culam
742 916 837 964 aut
879 922 1094 979 rugam,
1139 911 1236 958 aut
1260 900 1466 971 aliquid
1496 898 1792 970 ejusmodi,
1824 897 1951 969 quia
1984 906 2114 953 tunc

522 1003 689 1059 etiam
722 1002 829 1057 erit
853 1014 982 1055 vere
1006 996 1265 1069 gloriosa.
1295 992 1430 1050 Cum
1466 992 1611 1048 enim
1638 1005 1748 1046 non
1770 996 1980 1045 tantum
2009 989 2109 1055 ait,

524 1096 592 1152 Ut
622 1093 883 1151 exhiberet
925 1090 1025 1146 sibi
1056 1087 1345 1143 Ecclesium
1387 1100 1491 1140 non
1529 1084 1803 1138 habentem
1844 1082 2112 1136 maculam

521 1197 613 1243 aut
661 1202 866 1257 rugam,
914 1183 1010 1239 sed
1053 1181 1203 1236 addit
1239 1178 1544 1253 gloriosam,
1596 1176 1730 1233 satis
1783 1173 2115 1246 significavit

519 1279 738 1351 quando
770 1277 877 1334 erit
905 1275 1023 1331 sine
1049 1272 1263 1329 macula
1296 1279 1353 1327 et
1392 1284 1523 1341 ruga
1564 1276 1657 1325 aut
1691 1267 1894 1343 aliquid
1925 1265 2113 1337 hujus-

518 1371 687 1437 modi,
736 1380 867 1427 tunc
912 1368 1122 1439 utique,
1189 1364 1405 1435 quando
1454 1361 1688 1436 gloriosa
1738 1376 1754 1415 :
1804 1376 1913 1417 non
1962 1360 2109 1415 enim

518 1466 682 1522 modo
723 1463 781 1521 in
810 1461 979 1517 tantis
1020 1458 1201 1524 malis,
1238 1457 1293 1512 in
1339 1455 1505 1512 tantis
1533 1454 1826 1519 scandalis,
1870 1452 1927 1508 in
1960 1459 2110 1508 tanta

518 1560 873 1635 permistione
912 1554 1191 1612 hominum
1220 1553 1604 1624 pessimorum,
1638 1551 1693 1605 in
1720 1548 1888 1605 tantis
1907 1562 2108 1620 Oppro-

515 1651 652 1709 briis
664 1649 978 1721 impiorum,
993 1647 1278 1703 dicendum
1292 1651 1377 1700 est
1391 1657 1511 1698 eam
1525 1656 1645 1697 esse
1657 1639 1967 1713 gloriosam,
1982 1638 2110 1711 quia

516 1757 675 1814 reges
694 1740 744 1797 ei
771 1737 1038 1803 serviunt,
1064 1735 1137 1791 ibi
1164 1744 1250 1792 est
1269 1733 1626 1805 periculosior
1656 1740 1712 1789 et
1736 1730 1909 1802 major
1930 1739 2104 1789 tenta-

2170 516 2177 521 ’
2216 534 2311 588 Dei
2341 534 2523 589 anima
2558 534 2746 606 diligat
2772 544 2827 591 et
2870 536 3078 591 nutriat
3104 545 3159 593 et
3190 533 3387 603 foveat,
3414 552 3541 593 eam
3572 537 3831 611 discipli-

2217 624 2305 680 nis
2327 624 2606 689 erudiens,
2621 634 2674 680 et
2696 624 2908 682 cmlesti
2929 627 3184 699 saginans
3204 643 3364 699 pane,
3387 636 3445 685 et
3466 626 3673 685 Christi
3696 645 3837 687 san-

2212 717 2378 792 guine
2435 718 2699 793 irrigans,
2753 727 2816 775 ut
2850 719 3059 781 refecta
3104 730 3161 778 et
3198 722 3369 778 nitida
3418 724 3595 795 possit
3648 724 3835 784 libero

2214 823 2378 864 cursu
2428 808 2607 865 virum
2656 809 2807 879 sequi
2850 818 2907 866 et
2956 810 3105 865 nulla
3155 810 3434 869 debilitate
3474 821 3532 869 et
3574 812 3833 885 pondere

2213 899 2567 971 praegravari.
2614 899 2846 957 Pulchre
2876 900 3039 957 etiam
3070 902 3127 957 in
3157 902 3567 960 similitudinem
3611 904 3833 961 Christi

2213 990 2509 1048 nutrientis
2541 999 2597 1046 et
2646 990 2879 1049 foventis
2912 993 3213 1050 Ecclesiam
3245 1002 3299 1051 et
3328 996 3564 1051 dicentis
3594 997 3669 1051 ad
3694 994 3832 1053 Hie~

2214 1083 2492 1139 rusalem:
2534 1082 2749 1150 Quoties
2793 1084 2936 1140 volui
2965 1102 3279 1159 congregare
3330 1087 3471 1157 ﬁlios
3506 1097 3630 1143 tuos
3684 1090 3835 1144 sicut

2212 1173 2411 1249 gallina
2433 1186 2711 1247 congregat
2738 1174 2911 1247 pullos
2937 1193 3059 1233 suos
3102 1177 3197 1232 sub
3230 1176 3343 1233 alas
3371 1196 3521 1247 suas,
3552 1189 3600 1234 et
3639 1180 3831 1234 nolui-

2211 1269 2330 1324 sti?
2375 1266 2592 1338 (Matth.
2642 1267 2828 1341 xxm),
2870 1269 3066 1326 anima:
3112 1284 3327 1341 quoque
3358 1269 3547 1327 fovent
3579 1286 3829 1342 corpora

2213 1374 2334 1425 sua,
2389 1366 2449 1412 ut
2481 1358 2833 1433 corruptibile
2882 1359 2987 1415 hoc
3014 1359 3204 1415 induat
3244 1361 3725 1431 incorruptionem
3774 1371 3832 1419 et

2213 1450 2424 1507 alarum
2463 1450 2686 1505 levitate
2734 1466 3057 1521 suspensum
3094 1451 3151 1507 in
3177 1466 3357 1507 aerem
3388 1452 3600 1509 facilius
3630 1454 3833 1511 suble-

2209 1552 2391 1598 vetur.
2422 1540 2726 1599 Faveamus
2755 1542 2921 1614 igitur
2960 1551 3015 1599 et
3038 1542 3141 1599 viri
3168 1560 3365 1601 uxores
3399 1554 3457 1602 et
3486 1546 3697 1602 anima:
3720 1562 3827 1605 no-

2211 1644 2325 1694 stra
2349 1651 2599 1708 corpora,
2649 1643 2709 1691 ut
2734 1644 2791 1693 et
2811 1652 3010 1694 uxores
3035 1638 3090 1693 in
3114 1639 3283 1705 viros,
3310 1647 3367 1695 et
3396 1655 3629 1711 corpora
3676 1643 3831 1698 redi-

2212 1736 2411 1801 gantur
2436 1728 2492 1784 in
2518 1727 2750 1795 animas,
2780 1737 2838 1784 et
2869 1744 3208 1801 nequaquam
3240 1728 3312 1787 sit
3339 1746 3564 1788 sexuum
3592 1733 3719 1791 ulla
3750 1734 3833 1791 di-

516 1800 630 1898 tio”;
662 1830 765 1889 sed
797 1838 927 1886 tunc
958 1800 1140 1899 potius
1183 1800 1418 1899 gloriosa
1448 1826 1553 1880 erit
1583 1824 1800 1894 quando
1822 1800 1941 1891 lict,
1968 1823 2112 1894 quod
2138 1800 2191 1871 Β
2217 1800 2452 1879 versitas
2486 1838 2499 1876 :
2529 1821 2625 1877 sed
2653 1823 2923 1893 quomodo
2951 1800 3093 1894 apud
3122 1824 3344 1895 angelos
3391 1841 3495 1881 non
3526 1836 3612 1882 est
3638 1828 3745 1882 vir
3779 1837 3836 1883 et

512 1926 656 1981 idem
669 1925 746 1980 ait
757 1921 1071 1995 Apostolus,
1085 1919 1219 1975 Cum
1231 1918 1471 1975 Christus
1486 1917 1785 1990 apparuerit
1799 1916 1906 1971 vita
1919 1926 2108 1982 vestra,

514 2029 638 2074 tunc
661 2028 709 2073 et
738 2035 826 2073 vos
845 2033 965 2071 cum
990 2015 1103 2086 ipso
1130 2011 1447 2085 apparebitis
1467 2011 1522 2065 in
1543 2009 1715 2083 gloria
1743 2008 1974 2081 (Coloss.
2000 2008 2107 2081 ur).

588 2112 679 2168 Ita
692 2119 740 2167 et
764 2111 861 2166 viri
870 2109 1056 2165 debent
1072 2106 1290 2178 diligere
1312 2121 1501 2161 uxores
1519 2120 1668 2170 suas,
1684 2112 1739 2161 ut
1753 2119 1971 2175 corpora
1982 2120 2105 2161 sua.

513 2203 684 2277 (Alb.)
727 2203 942 2260 Dictum
974 2211 1061 2257 est
1096 2201 1153 2257 in
1178 2199 1377 2256 Genesi
1401 2199 1469 2256 de
1500 2198 1884 2281 conjunctione
1914 2199 2019 2253 viri
2050 2206 2110 2253 et

511 2294 760 2350 mulieris
786 2312 798 2347 :
836 2293 1003 2348 Erunt
1032 2292 1138 2347 duo
1160 2291 1215 2347 in
1242 2307 1402 2345 carne
1423 2307 1531 2344 una
1557 2287 1712 2359 (Gen.
1736 2287 1798 2360 ιι)
1817 2305 1833 2354 ;
1854 2288 2108 2345 similiter

512 2384 567 2438 in
603 2381 897 2455 Evangelio
927 2383 1174 2437 eamdem
1205 2380 1435 2451 replicat
1472 2380 1735 2435 Dominus
1775 2380 2105 2435 sententiam

513 2473 704 2529 dicens
747 2492 761 2528 :
799 2472 903 2540 Qui
932 2474 1124 2528 creavit
1155 2473 1220 2527 ab
1248 2471 1423 2539 initio,
1451 2471 1747 2527 masculum
1773 2482 1820 2527 et
1852 2472 2105 2542 {emittant

511 2567 634 2639 fecit
663 2583 769 2631 eos,
801 2575 849 2620 et
875 2564 1049 2619 dixit:
1104 2560 1330 2636 Propter
1363 2564 1462 2619 hoc
1512 2563 1765 2636 relinquet
1813 2563 1967 2617 homo
2018 2579 2109 2633 pa-

510 2669 642 2714 trem
670 2667 720 2715 et
746 2667 966 2713 matrem
992 2667 1039 2712 et
1066 2656 1354 2712 adluerebit
1388 2656 1546 2711 uxori
1571 2672 1704 2720 sum,
1732 2665 1781 2710 et
1818 2664 1971 2711 erunt
2000 2655 2105 2709 duo

511 2750 567 2806 in
594 2766 753 2804 carne
777 2766 885 2807 una
912 2747 1130 2821 (Matth.
1172 2747 1311 2821 xu).
1366 2746 1502 2803 Cum
1546 2747 1712 2821 igitur
1743 2746 1825 2801 vir
1867 2754 1924 2802 et
1969 2761 2108 2802 uxor

509 2857 616 2896 una
666 2856 795 2897 caro
844 2841 970 2907 sint,
1022 2840 1097 2895 ita
1126 2820 1388 2896 uxoribus
1422 2850 1482 2895 ut
1528 2820 1731 2896 nostris
1782 2840 2106 2911 corporibus

506 2932 900 3006 providendum
926 2942 1011 2989 est
1041 2934 1095 2988 iu
1116 2934 1264 2989 omni
1295 2935 1547 2990 castitate
1569 2942 1624 2990 et
1652 2934 1876 2989 honore.
1905 2933 2104 3006 (Hier.)

508 3025 678 3081 Nemo
705 3024 851 3081 enim
876 3039 1075 3096 corpus
1105 3039 1261 3081 suum
1290 3025 1521 3096 turpiter
1567 3032 1733 3089 amat,
1767 3030 1862 3078 aut
1903 3032 2103 3079 semet-

511 3116 691 3186 ipsum
746 3123 970 3187 propter
1000 3116 1201 3171 coitum
1240 3115 1445 3187 diligit,
1494 3115 1588 3171 sed
1617 3114 1775 3185 quasi
1824 3114 2103 3170 vasculum

508 3209 703 3265 animae
718 3224 841 3263 sua:
869 3206 1014 3264 fovet
1040 3222 1237 3279 corpus
1259 3215 1314 3263 et
1334 3207 1527 3275 nutrit,
1558 3221 1652 3273 ne,
1684 3206 1859 3262 fracto
1876 3222 2021 3270 vase,
2054 3204 2107 3260 id
2135 3188 2183 3259 Β
2215 3218 2352 3265 rum,
2383 3200 2476 3256 sed
2503 3215 2612 3256 non
2638 3201 2839 3256 habeat
2859 3202 3145 3274 originem.
3176 3202 3287 3263 Nos
3308 3205 3451 3260 enim
3469 3220 3537 3261 ex
3566 3207 3827 3265 humano
3868 3206 3879 3214 ’

509 3296 654 3369 quod
675 3297 1035 3361 retinebatur,
1054 3296 1236 3352 ellluat
1254 3305 1311 3351 et
1329 3304 1595 3368 erumpat.
1620 3294 1731 3351 Nec
1753 3312 1861 3352 non
1876 3305 1932 3352 et
1948 3296 2103 3367 juxta

508 3388 749 3444 litteram
799 3386 1038 3459 quandiu
1102 3386 1300 3442 mulier
1348 3386 1528 3457 partui
1581 3385 1752 3442 servit
1795 3393 1852 3440 et
1900 3385 2105 3451 liberis,

509 3480 655 3535 hanc
690 3477 858 3533 habet
884 3477 951 3532 ad
975 3472 1154 3531 virum
1185 3473 1568 3542 differentiam,
1620 3491 1784 3547 quam
1815 3490 2010 3545 corpus
2038 3476 2107 3530 ad

510 3572 768 3627 animam.
803 3569 900 3626 Sin
951 3577 1133 3625 autem
1155 3567 1371 3625 Christo
1410 3568 1667 3624 maluerit
1710 3569 1913 3625 servire
1944 3584 2108 3640 quam

510 3661 728 3727 smculo,
777 3660 972 3716 mulier
1000 3675 1123 3715 esse
1175 3660 1433 3726 cessabit,
1473 3660 1774 3743 et_dicetur
1820 3660 1939 3726 vir;
1979 3661 2106 3731 quia

2213 1914 2433 1982 mulier,
2491 1913 2568 1969 ita
2599 1921 2656 1969 et
2694 1927 2814 1981 nos,
2867 1913 2961 1989 qui
2988 1914 3192 1991 similes
3244 1915 3454 1988 angelis
3506 1917 3693 1973 futuri
3745 1935 3837 1975 sn-

2211 2023 2353 2074 mus,
2379 2004 2494 2076 jam
2522 2021 2666 2063 nunc
2696 2006 3019 2081 incipiamus
3055 2024 3175 2069 esse
3203 2010 3347 2083 quod
3378 2011 3533 2067 nobis
3555 2011 3613 2066 in
3650 2012 3837 2071 cale-

2212 2100 2386 2156 stibus
2418 2097 2812 2171 repromissum
2852 2107 2958 2157 est.
3000 2097 3142 2169 Quia
3172 2101 3405 2157 ntembra
3450 2121 3637 2159 sumus
3706 2121 3836 2159 cor-

2208 2192 2354 2262 poris
2378 2190 2516 2261 ejus,
2552 2189 2621 2245 de
2663 2206 2821 2249 carne
2847 2190 2961 2260 ejus
2990 2201 3037 2247 et
3085 2193 3150 2247 de
3193 2193 3395 2253 ossibus
3416 2195 3551 2267 ejus.
3602 2196 3836 2267 (Δηὼ.)

2212 2280 2326 2337 Hoc
2372 2279 2694 2355 spiritaliter
2724 2281 3136 2355 intelligendum
3185 2294 3312 2343 est:
3368 2286 3489 2342 ideo
3514 2288 3681 2344 enim
3738 2305 3837 2345 nos

2210 2373 2348 2429 dixit
2396 2359 2519 2430 esse
2572 2376 2819 2433 membra
2876 2373 3011 2444 ejus,
3061 2377 3189 2447 quia
3224 2388 3388 2449 caput.
3422 2388 3503 2435 est
3558 2382 3693 2451 ipse
3756 2394 3837 2439 to-

2209 2466 2319 2522 tius
2355 2466 2653 2533 Ecclesiae;
2685 2476 2747 2523 ut
2765 2467 2891 2539 quia
2911 2484 3010 2539 per
3037 2468 3217 2543 ipsum
3243 2485 3363 2529 sese
3388 2472 3692 2540 carpimus,
3744 2490 3835 2531 ca-

2206 2567 2307 2630 put
2336 2567 2583 2619 nostrum
2609 2560 2843 2626 dicatur,
2872 2560 3031 2631 quasi
3060 2576 3126 2633 ex
3149 2576 3257 2631 quo
3276 2550 3439 2619 omne
3458 2578 3667 2634 corpus
3702 2566 3834 2623 sub-

2210 2649 2392 2715 sistat,
2421 2658 2482 2706 ut
2504 2650 2749 2707 membra
2776 2644 2892 2723 ejus
2919 2653 3097 2709 omnis
3126 2654 3388 2725 spiritalis
3428 2666 3699 2715 creatura
3738 2662 3831 2728 sit,

2210 2741 2255 2796 si
2286 2750 2470 2798 tamen
2506 2742 2561 2798 in
2602 2742 2820 2799 nomine
2850 2742 2966 2813 ejus
2995 2758 3135 2816 genu
3165 2744 3366 2803 ﬂectat.
3408 2746 3613 2821 (Hiera)
3645 2749 3832 2809 Men-

2206 2832 2307 2889 bra
2352 2842 2533 2890 autem
2587 2848 2774 2891 sumus
2823 2833 3068 2905 corporis
3120 2833 3325 2893 Christi
3356 2853 3463 2893 non
3504 2841 3827 2897 secundum

2208 2933 2460 2979 naturam
2482 2923 2779 2981 divinitatis
2807 2933 3043 2992 aeternas,
3076 2927 3171 2983 sed
3184 2927 3341 2999 juxta
3360 2929 3502 2999 quod
3526 2930 3827 2989 hominem

2208 3016 2463 3088 dignatus
2496 3024 2581 3071 est
2624 3031 2943 3085 assumere;
2989 3032 3301 3089 quanquam
3353 3030 3409 3075 et
3458 3021 3628 3081 homo
3678 3025 3826 3096 ipse,

2210 3109 2302 3179 qui
2330 3114 2639 3178 assumptus
2656 3117 2759 3175 est,
2786 3108 2986 3167 habeat
3004 3119 3258 3166 naturam
3280 3122 3593 3168 nostrorum
3616 3129 3829 3187 corpo-

2210 3292 2416 3349 semine
2438 3292 2809 3364 coagulamur,
2841 3292 2930 3350 ille
2955 3293 3023 3348 de
3050 3292 3261 3369 Spiritu
3287 3305 3474 3351 sancto
3510 3305 3688 3353 natus
3716 3308 3823 3355 est.

2207 3385 2393 3441 Potest
2424 3394 2606 3441 autem
2634 3393 2689 3441 et
2726 3384 2886 3440 aliter
2926 3385 3056 3453 dici,
3094 3386 3351 3457 quoniam
3378 3402 3579 3458 corpus
3606 3388 3825 3446 Christi

2206 3476 2447 3532 Ecclesia
2477 3486 2577 3541 est,
2608 3484 2666 3531 et
2694 3475 2937 3531 Ecclesia
2964 3477 3033 3533 de
3072 3478 3284 3534 cunctis
3304 3479 3657 3538 credentibus
3690 3499 3829 3540 con-

2208 3576 2484 3645 gregatur,
2523 3567 2722 3623 Paulus
2747 3577 2803 3622 et
2848 3568 3068 3639 Ephesii
3112 3571 3357 3626 membra
3384 3580 3511 3627 sunt
3532 3575 3821 3644 corporis,

2207 3661 2263 3717 id
2284 3670 2367 3717 est
2397 3660 2653 3716 Ecclesia:
2677 3659 2903 3716 Christi.
2956 3659 3182 3735 Propter
3214 3665 3311 3719 hoc
3358 3666 3612 3736 relinquet
3650 3669 3821 3727 homo

508 3770 699 3812 omnes
756 3753 813 3808 in
876 3750 1179 3823 perfectum
1247 3750 1426 3806 virum
1482 3751 1730 3822 cupimus
1791 3766 2102 3809 occurrere.
2188 3762 2408 3827 patrem
2438 3761 2486 3806 et
2515 3762 2737 3809 matrem
2763 3770 2951 3820 suam,
2995 3764 3045 3810 et
3081 3756 3372 3812 adhiercbit
3400 3759 3549 3813 uxori
3578 3777 3723 3827 suit,
3771 3772 3821 3818 α

511 3846 666 3916 Quod
696 3846 744 3904 si
794 3846 864 3902 ad
906 3844 1261 3917 tr0pologiam
1303 3852 1359 3901 et
1397 3845 1511 3899 hdie
1540 3844 1845 3911 referimus,
1895 3844 2105 3901 amabi-

509 3954 633 3995 mus
660 3945 907 3994 nostrum
936 3951 1133 4008 corpus
1154 3945 1209 3992 et
1236 3936 1480 4007 corporis
1513 3951 1724 4003 sensus,
1750 3936 1961 3993 vilioris
1981 3938 2104 4011 qui-

509 4032 635 4089 dem
660 4030 987 4088 conditionis
1011 4031 1079 4085 ab
1108 4030 1310 4097 animo,
1342 4029 1436 4086 sed
1458 4045 1559 4101 per
1582 4045 1719 4102 quos
1758 4030 1828 4086 ad
1867 4038 2105 4085 mentem

507 4127 775 4182 bonarum
815 4123 1016 4178 artium
1055 4130 1112 4176 et
1152 4122 1413 4177 virtutum
1464 4124 1743 4177 transeant
1787 4121 2101 4191 disciplinae.

513 4214 619 4281 Qui
640 4229 793 4268 suam
824 4229 1041 4268 uxorem
1068 4210 1260 4283 diligit,
1288 4212 1517 4282 seipsum
1546 4213 1715 4283 diligit
1742 4228 1758 4266 :
1790 4230 1939 4267 nemo
1965 4214 2105 4269 enim

512 4321 748 4377 unquam
785 4320 999 4359 carnem
1032 4320 1185 4359 suam
1213 4304 1333 4359 odio
1364 4304 1569 4370 habuit,
1620 4305 1708 4359 sed
1742 4307 1905 4359 nutrit
1933 4314 1982 4361 et
2022 4306 2106 4376 fo-

2206 3855 2355 3899 erunt
2382 3844 2487 3899 duo
2516 3845 2573 3898 in
2594 3860 2752 3899 carne
2788 3861 2915 3901 una.
2974 3846 3210 3918 (Ambr.)
3238 3848 3320 3907 Ad
3348 3850 3613 3906 unitatem
3650 3868 3819 3910 com-

2198 3938 2569 3999 mendandam
2595 3937 2819 3995 unitatis
2847 3938 2995 3995 dedit
3017 3941 3347 4012 exemplum,
3382 3953 3442 3999 ut
3470 3946 3617 4001 sicut
3642 3949 3740 4004 vir
3762 3962 3821 4006 et

2207 4032 2402 4089 mulier
2444 4048 2613 4089 unum
2641 4042 2767 4089 sunt
2791 4049 2890 4104 per
2930 4042 3203 4102 naturam,
3241 4037 3319 4095 ita
3369 4047 3427 4095 et.
3447 4037 3712 4095 Christus
3762 4055 3820 4100 et

2205 4125 2450 4183 Ecclesia
2494 4142 2659 4183 unum
2690 4127 3064 4201 intelligantur
3086 4145 3209 4187 esse
3250 4148 3349 4203 per
3378 4133 3562 4190 fidem.
3598 4134 3816 4209 (Πίον.)

2204 4216 2374 4289 Igitur
2394 4219 2464 4275 ad
2496 4219 2932 4277 exhortationem
2960 4223 3133 4278 mutui
3162 4222 3388 4282 allectus
3407 4226 3551 4282 inter
3570 4243 3814 4286 uxorem

2204 4319 2259 4367 et
2282 4312 2476 4379 virum,
2506 4312 2678 4367 Adam
2722 4320 2779 4368 et
2806 4313 2930 4369 Eva:
2955 4315 3186 4384 sumpsit
3209 4317 3535 4388 exemplum,
3570 4328 3633 4374 ut
3659 4338 3785 4392 quo

511 4406 590 4454 ret
615 4414 731 4452 eam
749 4437 763 4462 ,
794 4397 930 4451 sicut
951 4405 999 4452 et
1029 4392 1270 4451 Christus
1301 4395 1610 4451 Ecclesium.
1644 4396 1880 4471 (Ambr.)
1912 4397 2107 4454 Exem-
2194 4405 2368 4471 modo
2396 4414 2549 4463 costa
2578 4404 2786 4467 tollitur
2822 4405 2892 4465 de
2919 4407 3091 4467 Adam
3125 4417 3180 4464 et
3207 4411 3506 4467 aediﬁcatur
3530 4412 3588 4467 in
3612 4412 3813 4483 conju-

509 4490 600 4564 plo
632 4489 930 4546 Salvatoris
976 4489 1125 4544 viros
1154 4503 1353 4545 uxores
1399 4504 1526 4545 suas
1554 4489 1777 4561 diligere
1827 4491 2099 4557 hortatur,

510 4595 574 4641 ut
597 4587 737 4642 sicut
758 4583 1009 4642 Christus
1036 4598 1236 4655 corpus
1259 4599 1418 4639 suum
1458 4584 1627 4640 nutrit
1656 4593 1712 4641 et
1736 4583 1900 4652 fovet,
1943 4586 2018 4642 ita
2044 4597 2105 4663 et

510 4677 597 4729 vir
624 4674 930 4741 mulierem,
959 4675 1086 4747 quia
1113 4689 1241 4731 caro
1261 4675 1379 4744 ejus
1402 4683 1505 4730 est.
1537 4674 1702 4747 (Alb.)
1732 4675 2005 4745 Quantum
2033 4678 2102 4735 ad

513 4764 814 4835 simplicem
871 4766 1284 4837 intelligentiam
1338 4766 1594 4837 pertinet,
1630 4768 1772 4825 inter
1824 4769 1999 4825 virum
2048 4777 2103 4827 et

511 4869 738 4909 uxorem
764 4864 952 4911 sancta
973 4856 1258 4912 charitatis
1276 4864 1544 4928 praecepta
1574 4873 1719 4914 nunc
1736 4857 2011 4929 jubemur,
2043 4870 2103 4916 ut

512 4947 817 5005 nutriamus
859 4956 915 5003 et
939 4947 1216 5005 foveamus
1249 4949 1540 5021 conjuges,
1584 4949 1791 5009 scilicet
1829 4958 1889 5005 ut
1914 4951 1994 5008 eis
2021 4953 2101 5008 vi-

514 5046 663 5093 ctum
706 5045 870 5107 atque
894 5037 1146 5093 vestitum
1173 5046 1228 5094 et
1252 5054 1317 5093 ea
1339 5054 1460 5110 quae
1487 5046 1615 5096 sunt
1643 5040 1946 5096 necessaria
1968 5056 2102 5111 pra:-

513 5126 759 5185 beamus.
784 5126 863 5183 Illi
892 5145 1044 5196 vero,
1088 5131 1183 5201 qui
1209 5141 1431 5202 propter
1476 5132 1712 5203 aliquem
1760 5133 1990 5204 alicujus
2016 5136 2100 5191 ni-

514 5220 638 5275 mite
664 5219 995 5275 inﬁrmitatis
1023 5220 1261 5277 dolorem
1290 5232 1521 5280 mortem
1547 5224 1651 5279 sibi
1677 5224 1879 5283 inferre
1906 5226 2091 5284 dicuni

512 5319 627 5378 tur,
668 5311 773 5367 hoc
799 5326 905 5367 non
934 5321 1155 5395 propter
1179 5312 1362 5371 odium
1400 5316 1606 5383 carnis,
1643 5318 1740 5374 sed
1761 5328 1983 5391 propter
2008 5321 2093 5376 in-

513 5402 855 5460 commodum
896 5403 1098 5461 doloris
1138 5420 1300 5477 agere
1344 5409 1550 5465 nemini
1598 5410 1821 5469 dubium
1855 5421 1958 5481 est,
2007 5432 2101 5473 cu-

511 5499 727 5572 pientes
752 5497 970 5572 longum
1005 5498 1206 5556 doloris
1251 5501 1550 5559 cruciatum
1579 5505 1686 5561 cita
1714 5516 1889 5564 morte
1916 5508 2095 5579 ﬁnire,

514 5606 620 5649 nec
644 5599 824 5649 tamen
852 5592 1121 5664 sapientes
1147 5608 1240 5649 eos
1270 5593 1353 5650 vel
1381 5594 1519 5652 bene
1548 5597 1615 5653 de
1641 5598 1822 5656 anima
1848 5617 1944 5658 sua
1970 5618 2096 5659 sen-

516 5684 716 5741 tientes
736 5682 883 5755 juste
913 5684 1092 5741 dicere
1116 5700 1422 5756 possumus.
1467 5686 1668 5763 (Hier.)
1721 5690 1888 5765 Magis
1914 5694 2098 5765 itaque

518 5776 588 5832 ad
614 5778 872 5850 trapicam
901 5777 1307 5853 intelligentiam
1334 5793 1515 5838 sermo
1540 5780 1832 5852 referatur,
1862 5792 1918 5842 et
1949 5786 2098 5842 dica»

2204 4512 2347 4568 gem,
2395 4503 2450 4552 et
2494 4496 2609 4568 ipsa
2662 4512 2849 4553 rursus
2884 4498 3080 4569 coujux
3130 4500 3185 4555 in
3214 4517 3377 4559 unam
3424 4504 3529 4560 riri
3572 4520 3811 4562 carnem

2210 4585 2503 4657 redigitur,
2550 4586 2678 4658 quia
2722 4587 2817 4659 qui
2844 4602 3065 4644 uxorem
3094 4589 3286 4663 diligit,
3318 4595 3554 4663 seipsum
3598 4594 3809 4670 diligit,

2207 4676 2290 4733 sic
2334 4686 2391 4733 et
2416 4693 2516 4735 nos
2564 4687 2781 4735 nostras
2808 4695 3052 4737 amemus
3084 4698 3300 4741 uxores.
3346 4685 3585 4759 ldipsum
3614 4700 3807 4749 autem

2204 4783 2304 4843 per
2327 4769 2636 4840 allegoriam
2658 4771 2712 4827 in
2737 4770 2954 4829 Christo
2968 4774 3359 4845 interpretatur
3376 4791 3435 4837 et
3450 4782 3509 4837 in
3528 4784 3806 4855 Ecclesia,

2205 4870 2266 4918 ut
2299 4860 2472 4917 Adam
2499 4861 2774 4919 Christum
2802 4873 2857 4921 et
2904 4865 3014 4923 Eva
3039 4869 3413 4943 pmﬁgumret
3450 4875 3762 4936 Ecclesium
3786 4898 3803 4948 ;

2205 4953 2382 5010 {acuis
2409 4962 2494 5011 est
2531 4954 2677 5012 enim
2714 4956 3042 5016 novissimus
3063 4959 3237 5018 Adam
3262 4963 3317 5019 in
3345 4966 3597 5035 spiritum
3622 4971 3808 5028 viviﬁ-

2206 5054 2421 5103 cantem
2452 5064 2467 5103 :
2501 5055 2559 5105 et
2589 5049 2858 5119 quomodo
2886 5050 2952 5107 de
2984 5051 3159 5109 Adam
3188 5064 3243 5112 et
3272 5072 3442 5115 uxore
3484 5059 3609 5129 ejus
3632 5078 3805 5121 omne

2204 5137 2500 5196 humanum
2552 5144 2793 5201 nascitur
2830 5160 3027 5217 genus,
3084 5149 3166 5205 sic
3208 5151 3276 5208 de
3321 5150 3540 5212 Christo
3590 5165 3648 5213 et
3686 5159 3801 5216 Ec-

2202 5231 2369 5287 clesia
2398 5232 2574 5288 omnis
2602 5234 2936 5293 credentium
2956 5237 3241 5298 multitudo
3262 5254 3523 5313 sumta
3538 5258 3647 5313 est,
3670 5264 3805 5320 qua:

2204 5339 2373 5379 unum
2425 5322 2683 5382 Ecclesia;
2733 5342 2930 5400 corpus
2978 5328 3194 5401 eliecta,
3237 5350 3453 5393 rursum
3512 5339 3568 5394 in
3620 5340 3803 5401 latere

2202 5414 2410 5473 Christi
2432 5419 2657 5490 ponitur
2694 5429 2751 5478 et
2782 5432 2946 5479 costa:
2984 5423 3162 5482 locum
3192 5427 3381 5499 replet,
3410 5438 3469 5487 et
3489 5446 3661 5489 unum
3685 5437 3801 5493 viri

2203 5524 2401 5582 corpus
2423 5512 2671 5583 ellicitur,
2706 5515 2821 5585 ipso
2860 5517 3089 5575 Domino
3118 5518 3173 5575 id
3202 5520 3258 5577 in
3281 5521 3576 5597 Evangelio
3608 5536 3801 5599 postn-

2202 5603 2390 5661 lante:
2424 5604 2602 5672 Pater,
2631 5606 2809 5675 da,,ut
2838 5610 3097 5680 quomoda
3129 5628 3223 5683 ego
3250 5622 3299 5669 et
3319 5622 3377 5668 tu
3399 5633 3563 5673 unum
3583 5634 3796 5690 unus,

2204 5698 2280 5753 sic
2306 5708 2353 5753 et
2380 5699 2479 5771 ipsi
2514 5701 2568 5754 in
2594 5701 2740 5755 nobis
2768 5718 2927 5756 unum
2948 5703 3051 5756 sint
3077 5702 3264 5775 (Joatt.
3290 5698 3447 5781 xvn).

2275 5788 2675 5846 Sacramentum
2701 5791 2795 5846 hoc
2820 5808 3067 5865 magnum
3105 5804 3202 5869 est,
3249 5815 3343 5871 ego
3368 5812 3544 5858 autem
3570 5802 3688 5859 dico
3724 5803 3797 5860 il:
