3986 6338
221 327 336 386 l6!

699 323 1252 409 ENARRA'I'IONUM
1289 325 1366 384 IN
1395 327 1546 388 EPP.
1587 327 1792 385 PAULI
1828 327 1961 388 LIB.
1999 326 2183 384 XVIII.
2224 355 2294 368 —
2327 325 2395 382 IN
2430 325 2647 384 EPIST.
2687 326 2780 384 AD
2814 326 3056 386 EPIIES.

3384 329 3502 390 463

217 441 444 502 Christo
467 441 592 496 etin
616 437 873 494 Ecclesia.
907 440 1143 513 (Ambr.)
1172 442 1817 514 Mysteriisacramentum
1844 446 1894 512 Α
1922 444 2138 516 quisque
2203 457 2354 496 suam
2413 457 2628 496 uxorem
2685 442 2820 496 sicut
2875 459 2930 497 se
2977 443 3184 515 diligat.
3234 423 3505 505 Estiinet

217 533 434 608 grande
465 533 517 587 in
549 532 754 587 unitate
777 531 878 585 viri
907 547 970 586 ac
995 531 1210 590 femime
1236 548 1356 589 esse
1386 535 1669 606 significat.
1702 535 1812 592 Nec

223 625 334 682 hoc
369 621 570 696 prodit,
615 623 712 679 sed
740 622 900 677 altam
939 639 1182 689 causam,
1217 641 1335 698 quae
1379 642 1485 682 non
1517 627 1808 698 discordet,

221 734 258 774 a
301 726 603 773 memorato
631 717 889 786 mysterio
919 715 1142 788 ﬂagitat,
1168 733 1324 788 quam
1365 719 1466 774 scit
1501 721 1580 774 ad
1629 721 1815 792 profe-

218 817 376 862 ctum
401 806 623 862 humani
652 806 867 878 generis
887 807 1185 876 pertinere,
1229 808 1331 863 hoc
1352 817 1436 863 est
1461 809 1715 866 Ecclesia:
1757 820 1814 867 et

209 895 544 966 ,Salvatoris,
575 905 632 950 ut
661 897 828 963 sicut,
862 897 1060 951 relictis
1083 897 1415 968 parentibus,
1456 899 1617 956 homo
1658 902 1812 957 uxori

216 1003 337 1044 suae
363 987 624 1052 adhaeret,
677 987 749 1040 ita
775 995 830 1040 et
860 987 1045 1042 relicto
1070 989 1216 1041 omni
1247 1004 1430 1044 errore
1456 989 1695 1045 Ecclesia
1726 991 1814 1046 ad-

216 1076 431 1132 luereat
458 1085 512 1131 et
539 1074 856 1144 subjiciatur
911 1078 1073 1148 capiti
1103 1093 1218 1142 suo,
1261 1080 1402 1148 quod
1430 1089 1515 1134 est
1545 1081 1810 1138 Christus.

205 1164 413 1242 -(Aug.)
465 1164 596 1232 Quis
617 1165 763 1219 enim
811 1181 919 1220 non
951 1177 1204 1238 agnoscat
1259 1167 1533 1225 Christum
1561 1185 1625 1227 eo
1656 1174 1812 1228 modo

216 1255 512 1325 reliquisse
553 1254 794 1320 Patrem,
823 1256 936 1326 qui,
964 1273 1080 1310 cum
1105 1258 1158 1312 in
1186 1258 1358 1328 forma
1402 1260 1498 1314 Dei
1526 1272 1678 1330 esset,
1709 1281 1813 1318 non

217 1347 471 1416 rapinam
498 1345 785 1401 arbitratus
815 1357 888 1402 est
916 1365 1026 1402 esse
1051 1367 1105 1404 se
1135 1351 1388 1421 aequalem
1435 1351 1573 1419 Deo,
1606 1356 1697 1409 sed
1739 1374 1816 1411 se-

215 1438 498 1508 metipsum
522 1437 806 1490 exinanivit
835 1438 1062 1507 formam
1089 1441 1225 1494 servi
1246 1443 1504 1510 accipiens
1533 1441 1696 1515 (Phil.
1728 1445 1811 1516 ιι),

216 1527 508 1598 reliquisse
533 1529 695 1582 etiam
727 1538 956 1582 matrem
989 1528 1326 1602 Synagogam
1365 1531 1673 1588 Iudaeorum
1705 1535 1812 1591 Ve-

216 1619 323 1674 teri
354 1619 705 1674 Testamento
752 1619 1041 1674 carnaliter
1090 1621 1472 1689 inhaerentem,
1528 1632 1582 1678 et
1632 1627 1815 1681 adhin-

215 1710 356 1765 sisse
415 1710 569 1764 uxori
622 1725 734 1765 sure
783 1721 987 1766 sanctae
1056 1711 1340 1781 Ecclesiae,
1398 1725 1458 1770 ut
1496 1731 1632 1787 pace
1676 1718 1813 1774 Novi

1869 545 1872 548 ’
1913 534 2109 603 aliquis
2123 533 2367 588 eamdem
2383 532 2524 588 inter
2540 532 2794 587 maritum
2811 542 3100 590 etuxorem
3117 536 3217 592 sibi
3229 539 3406 609 juberi
3434 539 3502 595 ab

1911 623 2168 696 Apostolo
2187 625 2527 690 charitatem,
2544 639 2662 695 quae
2692 625 2744 680 in
2767 627 3071 697 proximum
3091 641 3357 702 praecepta
3387 628 3505 700 est,

1913 717 1993 772 sic
2015 716 2161 771 enim
2184 717 2442 786 scr‘lptum
2469 725 2551 771 est
2577 737 2588 770 ;
2622 715 2819 788 Diliges
2845 721 3139 788 proximum
3167 730 3312 776 tuum
3362 728 3497 782 sicut

1912 809 2154 878 teipsum,
2185 818 2239 861 et
2270 823 2412 862 nunc
2435 807 2632 862 dicitur
2659 825 2672 860 :
2700 795 3063 880 Unusquisque
3106 828 3255 866 suam
3280 831 3499 871 uxorem

1913 899 2046 952 sicut
2073 915 2126 952 se
2151 896 2353 969 diligat.
2399 898 2541 969 Ergo
2573 899 2758 953 eadem
2787 899 2842 953 in
2863 901 3166 970 proximum
3193 911 3246 958 et
3290 905 3343 959 in
3365 921 3501 963 uxo-

1915 1003 2029 1042 rem
2065 989 2302 1043 charitas
2323 988 2442 1042 erit.
2473 987 2624 1056 Quod
2654 990 2695 1044 si
2721 991 3029 1059 proximus,
3051 990 3205 1062 juxta
3231 995 3501 1068 interpre-

1914 1078 2175 1132 tationem
2209 1077 2529 1143 Salvatoris,
2563 1079 2738 1132 omnis
2764 1080 2926 1136 homo
2972 1089 3056 1136 est
3087 1083 3317 1148 homini,
3348 1085 3497 1142 nulla

1915 1180 2043 1237 ergo
2069 1167 2172 1222 erit
2211 1167 2354 1222 inter
2379 1182 2603 1222 uxorem
2627 1177 2682 1224 et
2708 1171 3070 1238 quorumlibet
3114 1173 3391 1230 hominum
3419 1177 3502 1232 di-

1914 1256 2204 1314 lectionem
2241 1257 2543 1313 differentia
2597 1260 2911 1328 eharitatis,
2948 1263 3088 1331 quod
3118 1264 3299 1321 dicere
3349 1267 3504 1324 valde

1915 1348 2208 1402 absurdum
2235 1356 2334 1401 est.
2366 1347 2424 1401 In
2473 1349 2721 1418 proximo
2748 1351 2890 1405 enim
2927 1351 3220 1409 similitudo
3259 1358 3498 1427 ponitur,

1915 1449 1976 1495 ut
2005 1441 2086 1495 sic
2110 1456 2234 1496 eum
2265 1440 2454 1512 diligas
2487 1442 2628 1496 sicut
2653 1451 2726 1508 te,
2777 1451 2828 1498 et
2855 1445 3040 1514 cupias
3064 1461 3182 1502 esse
3210 1449 3499 1506 salvatum.

1913 1529 1973 1584 In
2000 1546 2168 1586 uxore
2190 1538 2368 1586 autem
2393 1533 2810 1602 comparationis
2841 1534 3174 1603 adverbium,
3205 1541 3369 1607 sicut,
3394 1558 3503 1598 non

1901 1620 2340 1696 similitudinem,
2398 1622 2493 1676 sed
2538 1624 2978 1692 approbationem
3010 1635 3065 1682 et
3111 1631 3505 1699 comprobatio-

1914 1727 2058 1776 nem,
2117 1728 2239 1768 cum
2293 1714 2526 1782 quodam
2578 1715 2818 1784 pondere
2865 1729 3040 1774 sonat.
3089 1719 3367 1785 Quomodo
3418 1725 3505 1781 di-

215 1801 552 1858 Testameuti
603 1812 785 1858 essent
815 1805 920 1858 duo
967 1803 1021 1858 in
1051 1821 1214 1860 came
1247 1824 1372 1873 una,
1415 1809 1539 1878 quia
1588 1826 1711 1865 cum
1742 1813 1814 1868 si;
1914 1801 2088 1857 cimus
2113 1803 2177 1857 de
2198 1803 2316 1858 viro
2347 1822 2358 1856 :
2392 1805 2546 1873 quasi
2571 1805 2656 1860 vir
2679 1805 2826 1872 fecit,
2857 1817 2912 1864 et
2938 1810 3004 1864 de
3036 1809 3317 1869 Salvatore
3367 1818 3503 1871 scri-

215 1891 362 1949 Deus
392 1895 534 1964 apud
566 1893 802 1960 Patrem,
827 1910 925 1967 per
953 1913 1112 1968 quem
1141 1897 1268 1955 facti
1297 1917 1502 1968 sumus,
1531 1901 1706 1959 factus
1729 1915 1814 1961 est

213 2000 315 2058 per
348 2001 564 2040 carnem
610 1989 882 2058 particeps
929 1998 1133 2057 noster,
1189 2001 1248 2045 ut
1296 1993 1439 2050 illius
1463 2010 1658 2066 corpus
1693 2013 1813 2054 esse

207 2093 521 2150 possemus.
554 2080 640 2135 Fit
667 2097 795 2152 ergo
838 2093 1092 2154 tanquam
1105 2101 1172 2141 ex
1199 2087 1408 2145 duabus
1431 2106 1537 2144 una
1565 2092 1812 2161 qumdam

216 2186 454 2244 persona
489 2187 555 2226 ex
586 2174 760 2244 capite
799 2185 862 2250 et
889 2192 1138 2247 corpore,
1179 2194 1246 2234 ex
1279 2197 1478 2252 sponso
1506 2192 1561 2238 et
1589 2201 1806 2254 sponsa.

214 2261 353 2320 Nam
399 2265 660 2319 unitatem
690 2281 938 2336 persona:
968 2268 1083 2338 ejus
1122 2272 1317 2327 miram
1366 2282 1421 2328 et
1459 2275 1812 2333 excellentem

214 2357 564 2426 commendat
606 2359 766 2414 etiam
820 2361 987 2418 Isaias
1015 2365 1298 2434 propheta,
1337 2381 1463 2420 nam
1494 2366 1720 2436 loquens
1754 2369 1812 2426 in

213 2465 281 2507 eo
315 2451 480 2507 etiam
521 2450 770 2508 Christus
810 2454 920 2507 ait:
984 2455 1135 2510 Sicut
1180 2474 1367 2521 sponso
1415 2458 1649 2528 alligavit
1682 2461 1810 2516 mihi

213 2545 451 2607 mitram,
485 2554 532 2597 et
555 2543 688 2597 sicut
715 2561 961 2614 sponsam
989 2549 1193 2602 ornavit
1237 2565 1317 2602 me
1345 2559 1649 2604 ornamento
1673 2549 1806 2622 (lsa.

211 2635 352 2706 ιιι).
411 2633 483 2691 Se
511 2634 645 2690 dixit
679 2651 957 2704 sponsum,
1009 2653 1068 2693 se
1111 2639 1245 2694 dixit
1273 2655 1552 2709 sponsam,
1601 2641 1810 2710 quare?

215 2726 322 2784 nisi
351 2725 479 2796 quia
523 2736 670 2780 erant
714 2727 818 2781 duo
848 2727 904 2782 in
929 2745 1086 2784 carne
1115 2746 1252 2794 una,
1291 2745 1389 2784 cur
1430 2745 1538 2784 non
1571 2731 1676 2786 duo
1727 2730 1809 2786 lo-

216 2827 456 2889 quantur
485 2818 539 2873 in
568 2835 692 2884 uno,
727 2821 852 2890 quia
876 2820 929 2875 in
951 2819 1170 2878 Christo
1200 2822 1438 2893 loquitur
1464 2821 1731 2889 Ecclesia,
1757 2833 1813 2878 et

213 2909 270 2967 in
299 2909 542 2966 Ecclesia
593 2909 832 2981 loquitur
864 2911 1116 2968 Christus
1143 2923 1200 2968 et
1225 2929 1424 2986 corpus
1454 2915 1509 2969 in
1552 2917 1729 2986 capite
1757 2924 1812 2972 et

216 3010 382 3072 caput
430 3002 486 3056 in
539 3018 788 3073 corpore.
843 3002 1044 3077 (Ilien)
1082 3004 1284 3060 Tamen
1333 3022 1442 3062 non
1481 3017 1541 3062 ut
1568 3008 1813 3081 plerique

215 3094 511 3158 astimant,
556 3094 733 3150 omnis
779 3094 1005 3151 historia
1059 3112 1178 3167 qua:
1204 3097 1270 3152 de
1308 3096 1480 3153 Adam
1513 3107 1567 3155 et
1597 3099 1706 3156 Eva
1754 3101 1810 3156 in

1909 1901 2067 1966 ptum
2126 1902 2250 1950 est:
2300 1893 2538 1952 Vidimus
2595 1898 2816 1969 gloriam
2876 1902 3012 1972 ejus,
3078 1907 3229 1971 quasi
3284 1905 3506 1977 gloriam

1909 1977 2182 2056 Unigeniti
2226 1986 2406 2057 (Joan.
2463 1988 2524 2062 ι),
2583 2006 2688 2045 non
2741 1993 2884 2061 quod
2936 1995 3049 2065 ipse
3102 1995 3354 2053 Salvator
3396 2001 3512 2072 glo—

1915 2076 2052 2130 riam
2077 2077 2327 2132 habuerit
2351 2079 2418 2132 ad
2455 2082 2910 2150 comparationem
2959 2085 3184 2140 alterius
3211 2089 3504 2159 unigeniti,

1915 2165 2028 2237 ipse
2057 2178 2140 2222 est
2187 2169 2331 2223 enim
2381 2171 2708 2242 unigenitus.
2738 2173 2805 2228 Et
2836 2176 3141 2246 unigenitus
3189 2179 3234 2234 si
3267 2189 3323 2236 et
3375 2182 3513 2238 alter

1906 2257 2100 2326 'fuerit,
2153 2261 2462 2332 unigenitus
2513 2279 2621 2318 nou
2674 2273 2851 2335 potest
2897 2269 3201 2338 appellari;
3259 2273 3399 2328 unde
3435 2274 3514 2328 aI-

1915 2351 2084 2406 terius
2129 2352 2391 2423 unigeniti
2427 2369 2531 2409 non
2576 2355 2850 2426 indigebat
2894 2360 3172 2430 exemplo,
3219 2363 3313 2418 sed
3354 2367 3512 2436 quasi

1912 2447 2274 2518 unigenitum,
2303 2450 2406 2506 hoc
2433 2459 2536 2515 est,
2563 2461 2623 2506 ut
2649 2455 2994 2524 semetipsum
3024 2458 3251 2514 decebat
3281 2461 3508 2533 gloriam

1907 2533 2135 2608 habere,
2157 2543 2413 2612 possedit.
2441 2543 2604 2617 (Αιὸ.)
2636 2545 2893 2614 Quamvis
2921 2549 3066 2604 enim
3096 2550 3397 2622 figuraliter
3433 2557 3511 2613 di-

1907 2643 2070 2692 .catur
2092 2635 2158 2690 de
2183 2635 2401 2694 Christo
2423 2649 2476 2694 et
2503 2639 2771 2695 Ecclesia:
2799 2641 2970 2695 Erunt
2988 2643 3092 2697 duo
3116 2646 3171 2700 in
3193 2664 3350 2703 carne
3378 2667 3510 2719 una,

1905 2733 2095 2800 tamen
2119 2726 2186 2781 ad
2211 2727 2356 2782 viros
2395 2729 2596 2784 dicitur
2617 2731 2968 2788 historialiter
2995 2753 3006 2787 :
3038 2735 3253 2808 Diligite
3276 2739 3329 2793 in
3361 2739 3513 2796 omni

1907 2819 2164 2882 castitate
2192 2826 2247 2873 et
2268 2821 2556 2875 sanctitate
2586 2837 2782 2879 uxores
2811 2834 3040 2882 vestras.
3070 2827 3220 2883 Uxor
3244 2841 3419 2885 autem
3454 2841 3510 2886 ut

1913 2911 2094 2965 timeat
2120 2897 2308 2965 virum.
2341 2912 2578 2983 (Ambr.)
2601 2914 2868 2980 Quoniam
2892 2933 2998 2970 una
3022 2927 3215 2975 natura
3244 2921 3297 2976 in
3317 2922 3432 2976 viro
3458 2930 3515 2977 et

1912 3000 2113 3059 femina
2129 3013 2232 3069 est,
2249 3003 2452 3058 idcirco
2465 3005 2547 3058 vir
2559 3007 2716 3074 quasi
2733 3008 2989 3078 seipsum,
3008 3009 3082 3064 ita
3099 3011 3379 3068 mulierem
3393 3013 3516 3069 dili-

1917 3109 2046 3166 gere
2065 3101 2440 3149 commonetur
2458 3111 2471 3148 :
2495 3095 2882 3168 mulierautem
2897 3101 3022 3170 quia
3037 3116 3266 3171 persona
3291 3103 3513 3160 inferior

213 3186 414 3243 Genesi
441 3187 645 3258 scripta
670 3195 756 3242 est
794 3189 865 3242 ad
913 3187 1189 3244 Christum
1217 3199 1272 3244 et
1302 3189 1369 3244 ad
1399 3191 1700 3247 Ecclesiam
1732 3191 1812 3248 fa-
1916 3184 2337 3242 estconditionis
2359 3199 2663 3251 causa,non
2679 3198 2907 3256 naturae,
2925 3191 3041 3246 viro
3055 3193 3298 3263 subjecta
3323 3195 3513 3251 timere

215 3279 320 3334 cile
347 3277 541 3334 referri
565 3286 762 3350 potest,
793 3279 889 3336 sed
918 3281 1286 3335 tantummodo
1312 3282 1453 3353 quod
1480 3282 1533 3336 in
1559 3283 1812 3352 praesenti

211 3371 334 3428 loco
353 3373 598 3443 ponitur,
629 3372 683 3428 id
716 3381 820 3438 est,
855 3371 1078 3443 Propter
1123 3374 1218 3428 hoc
1245 3373 1496 3444 relinquet
1540 3375 1694 3428 hante
1720 3392 1815 3445 pa-

216 3472 348 3517 trem
393 3480 549 3518 suum
593 3474 640 3518 et
670 3473 889 3518 matrem
915 3481 1066 3518 suam
1108 3473 1156 3518 et
1187 3465 1470 3519 adluercbit
1502 3465 1658 3518 uxori
1682 3482 1810 3530 sure,

217 3563 263 3607 et
293 3563 450 3607 erunt
483 3554 585 3607 duo
637 3554 691 3608 in
733 3570 889 3608 carne
931 3571 1054 3608 una.
1107 3553 1320 3609 Primus
1372 3555 1517 3610 enim
1563 3555 1722 3609 homo
1762 3562 1818 3609 et

215 3645 429 3718 primus
467 3654 618 3701 vates
645 3645 817 3701 Adam
873 3647 976 3701 hoc
1024 3646 1090 3702 de
1119 3645 1334 3702 Christo
1376 3656 1429 3702 et
1481 3647 1548 3702 de
1577 3647 1816 3702 Ecclesia

213 3735 583 3806 prophetavit,
629 3736 773 3806 quod
810 3735 1090 3807 reliquerit
1129 3737 1391 3792 Dominus
1425 3744 1610 3792 noster
1655 3745 1817 3807 atque

205 3817 476 3880 Salvator
502 3823 718 3880 Patrem
740 3841 897 3881 suum
925 3825 1093 3881 Deum
1123 3835 1179 3882 et
1214 3835 1443 3881 matrem
1469 3843 1622 3882 suam
1651 3827 1816 3882 coale—

215 3923 358 3970 stem
385 3912 744 3982 Hierusalem,
780 3923 836 3971 et
862 3916 1071 3970 venerit
1111 3915 1177 3970 ad
1207 3925 1381 3971 terras
1411 3927 1632 3988 propter
1661 3933 1817 3971 suum

215 4023 421 4078 corpus
445 4007 765 4076 Ecclesiam,
811 4018 866 4065 et
908 4011 975 4066 de
1016 4026 1114 4066 suo
1141 4027 1262 4066 eam
1304 4011 1474 4066 latere
1520 4010 1820 4066 fabricatus

215 4099 309 4164 sit,
342 4107 399 4154 et
419 4106 640 4171 propter
666 4100 812 4154 illam
842 4103 1068 4156 verbum
1089 4117 1218 4157 caro
1244 4099 1449 4156 factum
1475 4101 1564 4155 sit.
1597 4101 1662 4154 Et
1692 4102 1820 4170 quia

217 4202 329 4243 non
363 4189 546 4242 omnia
589 4189 814 4260 aequalia
855 4199 1196 4246 sacramenta
1235 4199 1392 4256 sunt,
1425 4191 1520 4246 sed
1558 4199 1644 4245 est
1675 4191 1820 4246 aliud

218 4290 626 4336 sacramentum
678 4280 852 4350 majus
891 4292 946 4337 et
1003 4283 1145 4338 aliud
1195 4283 1392 4351 minus,
1441 4290 1724 4354 propterea
1767 4293 1822 4340 et

218 4388 368 4428 nunc
407 4373 560 4439 dicit,
591 4373 990 4430 Sacramentum
1016 4376 1113 4430 hoc
1141 4393 1388 4447 magnum
1432 4385 1528 4442 est,
1555 4375 1821 4446 simulque

217 4463 548 4524 humilitatis
591 4465 706 4536 ejus
757 4467 1013 4522 indicium
1043 4476 1128 4523 est
1158 4465 1472 4522 inferentis:
1506 4467 1618 4538 Ego
1645 4477 1821 4522 autem

1917 3295 2042 3336 eum
2063 3277 2302 3348 iubetur.
2337 3277 2537 3350 (Ilien)
2567 3279 2635 3333 Et
2674 3281 2778 3337 hoc
2807 3285 3192 3340 attendendum
3235 3288 3378 3356 quod
3425 3291 3511 3343 vir

1919 3372 2140 3442 diligere
2158 3369 2379 3439 jubetur
2401 3385 2645 3438 uxorem,
2679 3373 2873 3429 mulier
2915 3391 3043 3432 vero
3077 3378 3268 3433 timere
3291 3379 3508 3435 virum:

1919 3465 2167 3534 congruit
2183 3464 2328 3518 enim
2353 3463 2470 3518 viro
2489 3464 2718 3530 dilectio,
2737 3467 2952 3524 mulieri
2979 3470 3173 3538 timor;
3197 3487 3354 3528 servo
3383 3489 3513 3529 vero

1919 3574 2024 3612 nou
2054 3557 2224 3611 solum
2254 3565 2451 3620 metus,
2477 3558 2570 3612 sed
2599 3565 2654 3612 et
2677 3571 2880 3616 tremor
2900 3561 3162 3634 jungitur.
3196 3562 3348 3619 Unde
3369 3573 3424 3620 et
3455 3566 3510 3619 in

1917 3649 2370 3720 consequentibus
2391 3651 2497 3704 ait:
2523 3648 2696 3716 Servi,
2728 3653 2926 3709 obedite
2954 3657 3179 3712 dominis
3208 3659 3510 3715 carnalibus

1921 3761 2038 3797 cum
2058 3744 2242 3796 timore
2261 3751 2309 3796 et
2330 3753 2570 3797 tremore.
2594 3744 2789 3798 Mulier
2817 3757 3011 3813 autem,
3031 3749 3226 3819 inquit,
3249 3760 3304 3803 ut
3327 3753 3508 3806 timeat

1922 3837 2108 3892 virum.
2139 3836 2195 3889 Si
2235 3835 2288 3889 in
2313 3834 2483 3890 Deum
2507 3845 2681 3891 metus
2705 3848 2926 3909 propter
2957 3841 3206 3896 timorem
3236 3844 3507 3913 supplicii,

1921 3944 2028 3984 non
2059 3928 2187 3982 sinit
2215 3943 2360 3991 eum,
2390 3943 2481 3998 qui
2513 3929 2723 3996 metuit,
2770 3946 2888 3986 esse
2935 3933 3256 4002 perfectum,
3304 3944 3510 4004 quanto

1923 4020 2094 4090 magis
2120 4017 2437 4089 imperfecta
2464 4019 2568 4073 erit
2611 4021 2804 4075 mulier
2838 4037 2944 4076 non
2971 4024 3145 4079 solum
3171 4026 3364 4092 Deum,
3418 4028 3512 4082 sed

1923 4111 2090 4165 etiam
2122 4109 2300 4164 virum
2354 4111 2644 4166 metuens?
2691 4111 2918 4183 Propter
2947 4115 3090 4184 quod
3130 4116 3511 4187 requirendum

1923 4217 1992 4256 an
2019 4202 2309 4256 carnaliter
2337 4220 2474 4258 uxor
2505 4204 2852 4278 intelligenda
2878 4208 2969 4274 sit,
2993 4217 3050 4264 et
3079 4209 3264 4266 uxoris
3302 4211 3466 4267 timor
3491 4228 3507 4267 :

1925 4309 2046 4349 cum
2078 4293 2382 4364 frequenter
2409 4295 2578 4351 multo
2628 4297 2879 4355 melibres
2907 4301 3120 4358 maritis
3165 4302 3509 4359 inveniantur

1923 4401 2143 4452 uxores,
2177 4394 2231 4440 et
2255 4387 2334 4442 eis
2377 4387 2665 4458 imperent,
2691 4397 2747 4445 et
2785 4391 3004 4447 domum
3033 4401 3244 4465 regant,
3283 4404 3338 4451 et
3378 4397 3512 4452 edu-

1925 4487 2051 4534 cent
2071 4477 2288 4544 liberos,
2305 4486 2360 4533 et
2380 4479 2596 4536 familiae
2613 4490 2832 4538 teneant
2851 4484 3217 4556 disciplinam;
3234 4487 3339 4542 illis
3361 4487 3516 4544 luxu-

219 4559 339 4614 άὶεο
366 4559 421 4612 in
448 4556 656 4612 Christo
676 4568 724 4611 et
745 4559 800 4612 in
827 4557 1084 4612 Ecclesia.
1114 4557 1406 4627 Gregorius
1427 4556 1818 4624 Nazianzenus,
1845 4547 1900 4610 D
1927 4569 2192 4626 ﬂantibus
2222 4580 2278 4625 et
2303 4585 2401 4642 per
2436 4582 2614 4629 scorta
2654 4547 3016 4632 currentibus:
3065 4575 3159 4632 Hm
3184 4579 3333 4636 viros
3385 4597 3513 4638 suos

221 4649 309 4703 vir
338 4647 494 4703 valde
522 4647 782 4720 eloquens
803 4656 856 4704 et
884 4649 936 4702 in
969 4647 1266 4720 Scripturis
1292 4648 1534 4720 apprime
1555 4649 1822 4716 eruditus,

220 4755 348 4795 cum
398 4738 465 4795 de
495 4739 599 4795 hoc
645 4756 858 4794 mecum
907 4748 1165 4794 tractaret
1193 4739 1332 4806 loco,
1365 4739 1571 4794 solebat
1597 4740 1818 4795 dicere:

215 4811 362 4886 Vide
383 4838 645 4902 quantum
663 4831 819 4884 istius
834 4831 1052 4901 capituli
1071 4839 1468 4886 sacramentqu
1490 4831 1654 4897 sit,ut
1679 4830 1821 4902 Apo-

220 4923 398 4978 stolus
446 4923 499 4978 in
544 4921 764 4979 Christo
790 4923 920 4980 illud
961 4925 1102 4980 etin
1154 4923 1392 4979 Ecclesia
1437 4925 1819 4995 interpretans,

220 5030 332 5069 non
359 5027 419 5068 se
447 5013 522 5068 ita
553 5024 780 5081 asserat,
813 5021 872 5068 ut
900 5014 1194 5070 testimonii
1231 5013 1536 5084 postulabat
1565 5014 1818 5087 dignitas,

221 5108 588 5181 expressisse,
642 5109 733 5164 sed
764 5109 1158 5179 quodammodo
1187 5107 1383 5164 dixerit
1409 5127 1422 5162 :
1450 5106 1575 5164 Scio
1596 5108 1719 5180 quia
1745 5109 1823 5166 lo-

222 5216 323 5256 cus
363 5201 467 5256 iste
497 5199 856 5256 ineliabilibus
892 5201 1084 5272 plenus
1107 5202 1178 5257 sit
1203 5201 1579 5267 sacramentis,
1602 5210 1656 5256 et
1688 5201 1825 5257 divi-

223 5311 360 5351 num
397 5309 492 5349 cor
521 5303 728 5366 qumrat
754 5295 1082 5365 interpretis.
1126 5295 1237 5366 Ego
1275 5303 1452 5350 autem
1476 5309 1573 5364 pro
1610 5295 1823 5366 pusilli-

225 5395 341 5443 tate
365 5402 559 5443 sensus
586 5387 688 5442 mei
713 5387 766 5442 in
797 5385 1012 5443 Christo
1047 5387 1261 5442 interim
1309 5385 1436 5441 illud
1461 5395 1519 5442 et
1545 5387 1598 5441 in
1637 5387 1824 5443 Eccle-

224 5479 308 5536 sia
353 5477 761 5551 intelligeudum
809 5489 960 5550 puto,
998 5495 1105 5534 non
1134 5479 1275 5548 quod
1305 5479 1503 5548 aliquid
1537 5477 1751 5535 Christo
1772 5489 1827 5536 et

223 5571 477 5628 Ecclesia
504 5571 678 5644 majus
700 5571 792 5639 sit,
821 5573 911 5627 sed
935 5571 1077 5642 quod
1101 5580 1291 5638 totum,
1318 5572 1458 5642 quod
1482 5573 1547 5627 de
1576 5574 1747 5629 Adam
1771 5581 1828 5630 et

223 5663 342 5720 Eva
361 5663 584 5729 dicitur,
597 5664 652 5718 in
669 5663 885 5720 Christo
898 5665 1019 5721 etin
1043 5663 1278 5720 Ecclesia
1304 5665 1645 5738 interpretari
1667 5684 1825 5738 posse

227 5756 454 5817 difﬁcile
499 5760 587 5816 sit.
655 5758 1022 5816 Verumtamen
1085 5769 1134 5814 et
1180 5777 1264 5814 vos
1295 5759 1488 5832 singuli
1546 5765 1825 5834 unusquis-

1925 4669 2109 4717 utrum
2135 4678 2322 4734 regere
2351 4664 2601 4731 debeant,
2643 4681 2715 4721 au
2765 4667 2977 4733 timere,
3015 4667 3237 4730 lectoris
3283 4671 3510 4727 arbitrio

1926 4753 2262 4825 derelinquo.
2293 4753 2446 4822 Quod
2473 4757 2520 4812 si
2543 4756 2698 4827 juxta
2721 4757 3052 4830 allegoriam,
3098 4769 3158 4814 ut
3186 4775 3346 4833 supra
3378 4762 3515 4818 dixi-

1924 4862 2066 4911 mus,
2109 4849 2325 4903 uxorin
2354 4866 2579 4920 corpore
2615 4851 2896 4922 accipitur,
2925 4853 3010 4908 vir
3037 4853 3091 4908 in
3131 4855 3331 4922 animo,
3379 4855 3514 4912 nihil

1922 4937 2278 5011 incongruum
2305 4949 2387 4997 est
2416 4943 2607 4999 timere
2629 4958 2750 4998 eam
2781 4954 2839 4999 ut
2861 4945 3113 5000 ancillam
3140 4947 3341 5014 virum,
3361 4947 3414 5002 in
3431 4963 3517 5002 se-

1926 5029 2103 5087 cundo
2157 5032 2328 5103 gradu
2370 5041 2425 5089 et
2473 5035 2526 5089 in
2572 5035 2748 5090 viliori
2794 5038 3093 5092 substantia
3135 5039 3511 5094 constitutam.

1926 5124 2107 5180 Animi
2119 5125 2336 5197 quippe,
2354 5136 2412 5181 ut
2424 5126 2749 5198 aitCrispus,
2769 5129 3018 5199 imperio,
3035 5131 3274 5201 corporis
3291 5133 3516 5190 servitio

1927 5219 2103 5290 magis
2143 5219 2364 5275 utimur.
2425 5220 2526 5288 Qui
2576 5237 2705 5278 vero
2745 5223 3044 5296 simplicem
3102 5224 3515 5296 intelligentiam

1931 5310 2173 5368 mulieris
2223 5313 2470 5384 sequitur
2533 5324 2588 5372 et
2617 5315 2820 5383 mariti,
2869 5316 3005 5374 duas
3043 5317 3433 5389 significantias
3457 5317 3515 5375 in

1930 5402 2094 5458 verbo
2137 5403 2347 5460 timoris
2371 5419 2490 5461 esse
2515 5408 2858 5466 monstrabit.
2889 5409 2959 5464 Et
2999 5409 3145 5466 dicet
3165 5426 3291 5477 una,
3321 5411 3388 5467 de
3406 5426 3518 5481 qua

1927 5493 2163 5550 Joannes
2190 5496 2320 5552 dicit
2348 5513 2362 5550 :
2395 5497 2500 5564 Qui
2529 5500 2692 5566 timet,
2723 5518 2926 5570 paruam
2948 5502 3141 5566 habet;
3181 5513 3238 5558 et
3265 5521 3278 5556 :
3315 5502 3418 5567 Qui
3445 5503 3515 5556 ti-

1929 5597 2050 5653 met,
2079 5605 2183 5642 non
2221 5599 2294 5643 est
2321 5589 2578 5659 perfectus
2627 5590 2678 5663 (Ι
2726 5593 2884 5646 Joan.
2933 5594 3030 5664 1v).
3075 5592 3234 5648 Juxta
3278 5599 3521 5663 quamet

1927 5678 2070 5733 servi
2105 5679 2352 5748 spiritum
2376 5679 2651 5737 servitutis
2668 5683 2866 5739 habent
2889 5683 2944 5737 in
2968 5684 3186 5751 timore,
3217 5698 3378 5753 quem
3404 5681 3521 5737 exi.

1931 5777 2131 5842 guutur
2166 5785 2195 5824 a
2241 5770 2467 5830 Domino
2510 5773 2722 5830 dicente
2763 5773 2831 5832 ad
2860 5789 2992 5832 eos:
3042 5773 3114 5830 Et
3159 5775 3206 5830 si
3235 5771 3400 5829 Pater
3424 5789 3520 5852 ego
