3986 6338
1902 264 1929 277 -ο

486 322 605 414 ωδ,

1121 356 1183 411 Β.
1226 352 1485 411 RABANl
1521 349 1743 410 MAUPJ
1777 349 2099 409 ARCHIEP.
2137 348 2453 409 MOGUNT.
2493 346 2781 407 ΟΡΕἮΠΜ
2817 346 3001 405 PARS
3038 346 3128 405 Ill.

3672 342 3795 403 464

485 494 626 544 sunt,
667 480 757 532 ubi
782 486 858 533 est
881 479 1053 551 gloria
1079 495 1193 534 mea
1215 479 1241 532 Ρ
1284 487 1334 534 et
1362 480 1409 534 si
1440 478 1698 532 Dominus
1731 492 1872 541 sum,
1898 475 1986 530 ubi
2011 474 2082 528 ti-
2108 477 2165 540 Α
2185 486 2660 545 rareperversum,
2676 469 2990 541 adiunxitin
3011 467 3261 526 Domino.
3285 466 3582 525 Peccatum
3600 476 3801 526 autem

484 585 603 625 mor
648 569 839 624 meus?
879 568 1138 642 (Halach.
1184 570 1249 641 ι.)
1292 568 1535 624 Alteram
1562 581 1724 632 vero,
1778 580 1897 635 quae
1941 565 2082 635 apud

481 658 834 738 philosophos
848 665 1161 720 nominatur
1179 663 1440 729 etiam,
1459 671 1514 718 et
1529 662 1669 734 apud
1686 677 1805 729 nos,
1822 662 1947 717 licet
1972 676 2081 717 non

482 758 644 829 plene
671 765 845 825 sonet,
886 757 1174 813 reverentia
1211 756 1319 812 dici
1364 763 1561 828 potest.
1598 754 1714 811 Scit
1755 769 1970 825 quoque
2020 760 2080 808 et

483 849 750 920 propheta
793 847 1163 919 perfectorum
1188 848 1463 913 timorem,
1501 860 1662 916 quem
1688 846 1781 916 qui
1818 845 2081 911 timuerit,

484 942 764 1014 perlectus
785 951 888 1008 est,
912 943 965 997 in
992 944 1268 999 tricesimo
1290 943 1453 999 tertio
1472 940 1682 1013 psalmo
1703 939 1889 994 dicens
1912 954 1925 991 :
1957 935 2082 991 Non

487 1046 563 1093 est
585 1037 762 1108 inopia
799 1037 1096 1092 timentibus
1118 1054 1236 1092 eum
1259 1035 1431 1109 (Psal.
1454 1032 1673 1106 xxxiii).
1697 1031 1885 1089 Potest
1918 1029 2084 1100 igitur

487 1129 647 1184 uxori
690 1129 1011 1201 simpliciter
1054 1129 1338 1185 intellecta:
1367 1129 1457 1184 hic
1494 1125 1751 1197 imperari
1798 1130 1994 1188 metus,
2023 1126 2085 1176 ut

488 1223 700 1289 timeat,
730 1223 834 1280 hoc
860 1231 943 1279 est
966 1231 1272 1279 revereatur
1294 1223 1474 1278 virum
1502 1234 1681 1278 suum.

1102 1332 1329 1389 CAPUT
1370 1332 1438 1387 Vl

388 1496 395 1504 ι
485 1426 951 1504 Docet‘Apostolus
973 1434 1330 1504 parentamus
1354 1423 1588 1504 ﬁliorum
1607 1430 1845 1504 mutuam
1871 1435 2083 1504 conver-

557 1489 842 1561 sationem,
895 1506 942 1549 et
973 1489 1130 1549 'rodit
1188 1495 1257 1549 ad
1298 1489 1665 1549 instruendum
1714 1490 1971 1563 Ephesios
2017 1489 2083 1544 de

557 1567 801 1622 omnibus
843 1565 1119 1621 virtutibus
1147 1563 1481 1637 generaliter.

560 1658 712 1723 Filii,
758 1658 959 1713 obedite
1000 1657 1305 1729 parentibus
1354 1656 1535 1711 vestris
1580 1655 1637 1710 in
1662 1653 1892 1710 Domino
1919 1667 1939 1706 :
1984 1654 2082 1708 hoc

486 1751 625 1806 enim
657 1751 862 1821 justum
904 1757 1001 1804 est.
1059 1747 1277 1803 Honora
1325 1756 1527 1818 patrem
1565 1756 1713 1801 tuum
1755 1754 1803 1800 et
1836 1755 2078 1800 matrem.

2182 574 2469 639 parentum
2497 574 2601 620 est.
2631 562 2887 635 parvulos
2918 562 3060 618 ﬁlios
3089 570 3253 633 atque
3282 560 3553 617 lactantes
3581 561 3652 617 ad
3680 561 3805 617 ira-

2181 656 2435 713 cundiam
2469 669 2788 726 provocare,
2821 661 2914 710 aut
2941 661 3093 710 certe
3107 653 3220 725 iam
3260 652 3706 710 adolescentibus
3728 658 3802 709 et

2182 747 2500 803 maturioris
2524 752 2700 803 astatis
2722 761 2787 801 ea
2809 745 3077 817 imperare
3100 761 3223 816 quin
3256 744 3445 819 gravia
3470 754 3623 801 sunt.
3666 743 3803 799 Sic-

2183 846 2244 892 ut
2303 836 2470 908 igitur
2537 836 2593 891 in
2670 835 2797 892 ﬁliis
2858 836 3106 906 obsequii
3168 843 3224 891 et
3288 833 3646 904 subiectionis
3709 842 3807 890 est

2183 935 2485 983 monstrata
2519 940 2749 993 merces,
2780 926 2857 982 ita
2896 926 2950 981 in
2978 924 3299 996 parentibus
3322 925 3670 980 moderatum
3706 922 3807 991 iu-

2182 1019 2345 1075 betur
2372 1018 2682 1089 imperium,
2710 1027 2774 1072 ut
2810 1033 2919 1074 non
2940 1016 3098 1087 quasi
3123 1015 3321 1081 servis,
3356 1015 3453 1071 sed
3481 1015 3641 1087 quasi
3667 1014 3811 1071 ﬁliis

2180 1121 2364 1183 patres
2389 1126 2624 1183 pmesse
2647 1110 2920 1177 noverint,
2952 1124 3023 1166 ne
3041 1108 3355 1180 exasperati
3375 1123 3478 1180 per
3495 1109 3811 1180 impatien-

2184 1203 2315 1258 tiam
2342 1209 2584 1258 vestram
2628 1200 2841 1272 pejores
2866 1199 3024 1267 ﬁant,
3072 1199 3167 1271 qui
3210 1199 3461 1270 exemplo
3486 1210 3678 1255 vestro
3700 1214 3815 1270 pa-

2184 1292 2431 1349 tientiam
2485 1292 2697 1348 discere
2753 1292 3073 1348 debuerant.
3114 1289 3347 1361 (Ambr.)
3395 1289 3456 1344 In
3507 1289 3592 1344 ira
3640 1290 3811 1345 enim

2182 1398 2343 1441 nemo
2373 1384 2617 1456 agnoscit
2647 1382 2777 1454 quid
2825 1382 2897 1438 sit
2925 1381 3060 1437 utile
3086 1397 3102 1435 :
3136 1379 3340 1436 idcirco
3369 1379 3810 1452 temperantiam

2181 1482 2471 1546 parentum
2495 1473 2742 1545 exemplo
2773 1473 2972 1528 debent
3014 1472 3318 1538 addiscere,
3365 1480 3455 1540 ut,
3482 1487 3604 1543 quas
3634 1472 3814 1528 utilia

2185 1571 2329 1629 sunt,
2357 1572 2650 1621 sectentur.
2696 1562 3006 1620 Meminisse
3048 1563 3195 1619 enim
3219 1563 3419 1619 debent
3444 1571 3635 1635 patres
3666 1563 3814 1634 quia

2181 1664 2239 1712 et
2260 1656 2362 1725 ipsi
2410 1654 2625 1711 fuerunt
2656 1653 2753 1709 lilii
2779 1694 2794 1721 ,
2826 1662 2882 1710 et
2910 1653 3205 1710 noluerunt
3247 1653 3434 1724 utique
3462 1654 3814 1711 exacerbari

2182 1763 2216 1804 a
2242 1747 2510 1819 patribus.
2538 1746 2666 1803 Filii
2689 1761 2906 1819 quoque
2934 1760 3268 1818 cognoscere
3294 1746 3514 1815 debent,
3536 1747 3697 1818 quod
3714 1746 3815 1803 fu-

486 1838 724 1910 (Ambr.)
761 1839 873 1894 Lex
916 1840 1076 1895 datur
1109 1846 1165 1893 et
1188 1837 1335 1903 ﬁliiS,
1366 1846 1426 1891 ut
1452 1836 1579 1907 quia
1629 1834 2075 1907 pareIllibUS-au-
2103 1841 2156 1906 Β
2181 1840 2291 1897 turi
2312 1840 2440 1897 'sunt
2462 1847 2647 1911 patres
2666 1846 2724 1895 et
2745 1838 2956 1895 nollent
2986 1838 3306 1894 inhonorari
3335 1838 3406 1893 ab
3422 1838 3501 1895 eis
3529 1856 3545 1892 :
3577 1839 3812 1895 idcirco

485 1929 727 1986 ctoribus
763 1938 1031 1994 constant,
1061 1928 1317 1985 obediant
1346 1928 1457 1983 eis:
1491 1928 1696 1999 iustum
1735 1935 1819 1982 est
1844 1926 1991 1982 enim
2015 1934 2078 1981 ut

486 2021 847 2078 reverentiam
871 2020 1163 2076 exhibeant
1184 2019 1263 2075 eis
1288 2034 1384 2090 per
1423 2034 1560 2089 quos
1588 2025 1731 2074 sunt.
1765 2015 1932 2091 (Alb.)
1953 2015 2080 2070 Am-

476 2110 645 2184 bigue
674 2113 879 2169 dictum
918 2120 1025 2177 est,
1056 2119 1239 2167 utrum
1267 2111 1322 2165 in
1354 2111 1584 2167 Domino
1608 2108 1925 2180 parentibus
1965 2107 2079 2166 suis

483 2207 579 2263 ﬁlii
608 2208 840 2275 debeant
864 2206 1108 2270 obedire,
1149 2205 1243 2275 qui
1268 2220 1362 2260 eos
1395 2203 1450 2258 in
1500 2202 1731 2258 Domino
1756 2208 2075 2273 genuerunt,

481 2297 626 2353 sicut
658 2296 858 2352 Paulus
888 2295 1175 2365 Ephesios,
1215 2311 1283 2351 an
1312 2294 1631 2365 parentibus
1660 2290 2000 2357 carnalibus,
2029 2289 2078 2345 si

478 2385 612 2441 boni
646 2386 755 2441 sint
801 2394 857 2439 et
899 2393 1087 2440 contra
1134 2383 1230 2438 Dei
1264 2383 1597 2438 voluntatem
1646 2381 1786 2436 ﬁlios
1813 2395 1941 2436 suos
1967 2394 2079 2435 non

480 2478 734 2535 erudiant
755 2491 768 2531 :
789 2477 933 2547 quod
959 2486 1248 2545 utrumque
1263 2474 1571 2551 faciendum
1593 2489 1716 2529 esse
1738 2471 2073 2544 intelligitur,

483 2576 542 2625 et
580 2566 890 2624 carnalibus
917 2567 971 2621 in
1000 2566 1217 2622 Domini
1241 2565 1517 2622 voluntate
1544 2571 1600 2620 et
1628 2562 1962 2634 spiritalibus
1982 2577 2079 2633 pa-

476 2661 730 2718 rentibus
757 2659 1137 2729 obtemperare
1157 2657 1431 2727 iubemur.
1474 2655 1629 2722 Quod
1654 2663 1733 2710 est
1765 2653 2078 2709 mandatum

475 2754 707 2827 primum
751 2754 807 2807 in
856 2752 1243 2823 promissione:
1278 2759 1334 2804 ut
1376 2749 1507 2805 bene
1540 2749 1608 2803 sit
1633 2749 1745 2814 tibi,
1774 2757 1821 2803 et
1853 2748 1927 2803 sis
1961 2746 2077 2802 lon-

477 2863 653 2917 gtevus
701 2862 858 2917 super
906 2854 1124 2899 terram.
1180 2842 1419 2915 (Ambr!)
1489 2842 1787 2898 Promissio
1841 2841 1960 2898 haec
2019 2842 2077 2897 in

472 2937 663 2994 Exodo
689 2938 997 2993 continetur
1041 2934 1241 3007 (Exod.
1274 2936 1392 3008 xx),
1434 2944 1495 2990 ut
1534 2935 1819 2992 honoriﬁci
1846 2935 1955 2993 sint
1978 2950 2076 3007 pa-

479 3037 682 3096 rentes,
712 3038 773 3084 ut
800 3030 938 3084 bene
966 3037 1149 3085 essent
1175 3036 1232 3084 et
1270 3028 1624 3099 provectioris
1650 3028 1846 3085 ﬁerent
1873 3028 2072 3085 aetatis.

478 3114 759 3184 Quomodo
789 3124 968 3170 tamen
998 3114 1103 3169 hoc
1125 3114 1359 3184 primum
1388 3113 1700 3168 mandatum
1743 3113 1903 3181 dixit,
1950 3129 2076 3170 cum

2178 1932 2398 2004 utrique
2423 1932 2721 1988 exhibeant
2754 1931 3011 1998 invicem,
3040 1930 3187 2001 quod
3217 1930 3512 2001 exquirunt
3540 1929 3609 1986 ab
3648 1930 3811 1986 invi-

2180 2037 2320 2079 cem.
2354 2019 2520 2094 (Alb.)
2550 2018 2661 2076 Sed
2706 2019 2901 2077 melius
2927 2020 2983 2075 in
3020 2017 3215 2076 Graeco
3260 2018 3456 2091 legitur
3498 2019 3811 2090 correptio,

2180 2113 2331 2185 quod
2356 2112 2782 2169 admonitionem
2807 2119 2865 2168 et
2907 2110 3272 2169 eruditionem
3300 2110 3474 2182 magis
3495 2125 3676 2181 quam
3705 2125 3816 2166 au-

2181 2208 2484 2265 steritatem
2528 2213 2706 2262 sonat.
2761 2204 2883 2261 Heli
2931 2203 3187 2261 sacerdos
3227 2203 3345 2275 ipse
3385 2210 3610 2259 sanans
3666 2201 3808 2269 fuit,

2182 2300 2276 2359 sed
2300 2301 2427 2373 quia
2456 2300 2600 2357 ﬁlios
2626 2314 2754 2357 suos
2782 2313 2892 2355 non
2914 2299 3153 2355 erudivit
3172 2299 3227 2354 in
3246 2298 3396 2355 omni
3423 2298 3728 2370 disciplina
3752 2307 3814 2356 et

2179 2392 2544 2463 correptione,
2559 2391 2788 2462 supinus
2808 2389 3007 2447 cecidit
3018 2399 3076 2447 et
3093 2399 3345 2447 mortuus
3368 2397 3453 2445 est
3471 2387 3521 2461 (1
3543 2387 3689 2460 Reg.
3712 2388 3811 2463 ιι).

2251 2468 2418 2547 Servi,
2473 2481 2674 2536 obedite
2722 2480 2948 2536 dominis
2995 2478 3300 2535 carnalibus
3339 2493 3457 2534 cum
3507 2480 3716 2534 timore
3756 2488 3813 2534 α

2179 2582 2402 2628 tremore
2440 2572 2497 2627 in
2539 2570 2875 2642 simplicitate
2924 2570 3099 2626 cordis
3141 2570 3328 2637 uestri,
3364 2569 3499 2624 sicut
3549 2566 3807 2625 Christo.

2179 2662 2419 2737 (Ambr.)
2451 2662 2719 2732 Quoniam
2746 2663 2995 2720 omnium
3034 2647 3321 2718 sublimior
3346 2670 3405 2717 et
3432 2660 3548 2717 sola
3583 2670 3808 2732 potens

2178 2763 2263 2811 est
2289 2753 2483 2826 religio
2511 2763 2723 2821 nostra,
2760 2762 2818 2811 et
2860 2769 2982 2825 qua:
3010 2753 3363 2811 credentibus
3390 2752 3661 2810 calorum
3713 2769 3811 2811 re-

2177 2862 2285 2920 gna
2332 2845 2618 2918 pollicetur
2648 2864 2661 2900 :
2692 2859 2762 2902 ne
2788 2846 2895 2902 hac
2921 2845 3084 2917 igitur
3120 2858 3285 2902 causa
3314 2845 3567 2916 superbia
3596 2860 3811 2903 nasce-

2178 2946 2331 2994 retur
2356 2937 2694 3005 hominibus,
2723 2952 2921 2997 omnes
2939 2937 3121 2993 debita
3146 2938 3517 2994 conditionum
3554 2937 3651 2993 vel
3678 2936 3807 2993 Olﬁ-

2180 3031 2392 3088 ciorum
2418 3031 2770 3102 prtesentium
2791 3028 3055 3099 iubentur
3079 3029 3385 3095 exsolvere,
3410 3037 3472 3086 ut
3495 3031 3685 3103 magis
3715 3032 3810 3088 in-

2179 3123 2353 3180 citent
2400 3123 2738 3195 perﬁdorum
2787 3122 3001 3179 animos
3048 3122 3119 3179 ad
3143 3122 3414 3179 culturam
3443 3122 3576 3190 Dei,
3614 3138 3809 3194 quam

478 3214 693 3263 constet
736 3206 973 3276 primum
1022 3205 1335 3260 mandatum
1362 3204 1438 3258 ita
1471 3203 1743 3260 contineri
1770 3223 1783 3258 :
1816 3203 1942 3260 Non
1969 3206 2076 3261 sint
2103 3200 2150 3266 C
2181 3217 2370 3273 vident,
2414 3223 2471 3272 et
2510 3216 2716 3288 justam
2751 3224 2807 3271 et
2857 3213 3139 3271 humilem,
3186 3210 3445 3271 Videam
3476 3224 3670 3271 autem
3706 3216 3809 3273 do.

478 3294 575 3352 tibi
599 3296 693 3352 alii
717 3296 794 3352 dii
809 3304 1001 3368 praeter
1030 3311 1154 3363 me;
1183 3295 1378 3351 deinde
1408 3314 1422 3349 :
1453 3294 1578 3349 Non
1603 3295 1772 3366 facias
1798 3296 1893 3351 tibi
1913 3295 2079 3351 ullam

476 3386 879 3442 similitudinem
912 3400 1094 3440 eorum
1123 3400 1242 3455 qua:
1289 3392 1410 3439 sunt
1436 3385 1491 3438 in
1518 3384 1644 3440 calo
1669 3401 1901 3453 sursum,
1948 3395 1999 3441 et
2022 3387 2079 3442 in

479 3485 623 3532 terra
643 3476 930 3540 deorsum;
978 3474 1199 3529 tertium
1225 3492 1238 3527 :
1289 3473 1417 3529 Non
1457 3491 1627 3530 sumes
1651 3491 1841 3531 nomen
1861 3476 2078 3538 Domini

478 3566 580 3623 Dei
623 3567 701 3620 tui
751 3567 804 3622 in
854 3582 1092 3629 uanum;
1139 3574 1433 3636 quartum:
1491 3564 1823 3635 Observabis,
1874 3568 2075 3640 inquit,

482 3658 703 3713 sabbata
736 3673 888 3722 mea;
946 3657 1197 3727 quintum
1252 3664 1469 3712 autem:
1527 3655 1749 3713 Honora
1788 3668 1991 3729 patrem
2025 3670 2073 3717 et

480 3758 724 3813 matrem,
763 3747 899 3804 etc.?
927 3746 1032 3802 Sed
1071 3748 1199 3818 quia
1229 3748 1402 3819 prima
1432 3756 1667 3819 quatuor
1707 3751 1963 3806 mandata
2005 3752 2073 3809 ad

481 3840 768 3898 Dominum
819 3842 1120 3912 pertinent,
1151 3841 1265 3897 haec
1310 3842 1364 3896 in
1392 3842 1563 3913 prima
1592 3843 1774 3898 tabula
1801 3844 2073 3907 contineri

482 3934 979 4006 subintelliguntur,
994 3942 1190 3989 cetera
1213 3934 1280 3990 ad
1303 3934 1577 3990 hominem
1597 3975 1612 4001 ,
1641 3943 1704 3990 ut
1727 3935 1957 3991 honoret
1974 3950 2072 4006 pa-

481 4035 682 4091 rentes.
732 4042 840 4082 non
888 4026 1124 4093 occidat,
1176 4042 1285 4082 non
1328 4024 1646 4095 fornicetur,
1690 4043 1799 4083 non
1835 4027 2066 4096 furetur,

478 4134 587 4173 non
612 4117 804 4172 falsum
835 4116 1203 4173 testimonium
1234 4117 1397 4183 dicat,
1424 4131 1600 4188 neque
1624 4118 1916 4190 quidquam
1944 4135 2070 4190 pro-

2178 3308 2312 3365 mini
2364 3306 2685 3364 meliorasse
2725 3321 2946 3374 servos,
2997 3314 3053 3363 et
3078 3306 3135 3362 in
3162 3305 3455 3363 reddendis
3501 3308 3807 3379 obsequiis

2180 3397 2414 3455 ﬁdeliter
2440 3396 2760 3470 profecisse,
2786 3397 2932 3469 quod
2957 3406 3242 3454 merentur
3284 3413 3409 3455 cum
3434 3398 3584 3454 omni
3616 3398 3806 3457 liber-

2178 3499 2291 3548 tate
2333 3490 2637 3548 exsolvunt.
2691 3490 2851 3547 Servi
2903 3489 3295 3561 quoque,.dum
3344 3500 3577 3546 cernunt
3626 3505 3805 3547 man-

2178 3584 2523 3642 suetudinem
2550 3583 2918 3651 dominorum,
2938 3583 3086 3639 omni
3106 3582 3369 3639 aviditate
3389 3583 3805 3654 concupiscunt

2174 3675 2356 3741 ﬁdem,
2390 3675 2548 3746 cuius
2569 3683 2814 3747 potestas
2844 3683 2957 3731 tam
2996 3674 3223 3747 placidis
3247 3673 3562 3731 retinaculis
3586 3675 3801 3746 guber-

2173 3777 2271 3822 nat
2314 3767 2552 3822 humana
2591 3765 2788 3824 oﬁlcia.
2827 3764 2965 3823 Nam
3010 3774 3070 3821 et
3104 3765 3199 3836 qui
3232 3766 3288 3821 in
3314 3764 3631 3822 conditione
3672 3774 3791 3835 est,

2174 3859 2220 3914 si
2251 3857 2454 3913 habeat
2488 3857 2770 3926 famulum,
2811 3873 2923 3914 non
2949 3857 3067 3913 vult
3086 3857 3365 3914 contemni
3392 3857 3459 3912 ab
3481 3871 3550 3913 eo
3577 3875 3593 3911 :
3632 3856 3799 3914 ideo-

2171 3965 2279 4020 que
2300 3964 2422 4027 ‘nec
2452 3948 2568 4019 ipse
2606 3949 2768 4006 debet
2809 3957 3163 4006 contemnere
3200 3948 3477 4005 dominum
3504 3964 3701 4016 suum,
3732 3956 3797 4006 et

2170 4042 2311 4096 sicut
2340 4040 2456 4096 vult
2491 4056 2653 4113 agere
2697 4056 2882 4097 secum
2926 4041 3209 4098 dominum
3241 4056 3421 4107 suum,
3453 4041 3531 4097 ita
3556 4053 3615 4098 et
3660 4043 3797 4115 ipse

2170 4146 2333 4202 agere
2365 4132 2525 4188 debet
2569 4148 2691 4187 cum
2724 4146 2884 4189 servo
2918 4148 3036 4199 suo,
3087 4141 3144 4189 et
3191 4133 3269 4189 sic
3316 4133 3514 4204 poterit
3558 4132 3799 4205 placere

480 4209 613 4264 ximi
638 4208 722 4263 sui
754 4208 1121 4277 concupiscat
1151 4208 1286 4291 Haec
1314 4224 1412 4264 sex
1456 4210 1710 4265 mandata
1741 4211 1798 4265 in
1828 4212 2065 4267 secunda
2167 4224 2298 4281 Deo.
2370 4224 2571 4297 (Hier.)
2616 4225 2697 4281 Ad
2762 4226 3165 4282 distinctionem
3224 4225 3437 4282 Domini
3492 4226 3793 4297 spiritalis,

480 4298 663 4354 tabula
697 4298 952 4352 videntur
978 4284 1205 4368 scripta,
1254 4315 1483 4368 quorum
1514 4301 1749 4370 primum
1773 4310 1859 4357 est
1885 4319 1899 4356 :
1947 4302 2063 4357 llo-

2166 4331 2311 4371 nunc
2381 4316 2620 4372 carnalis
2670 4317 2924 4374 dominus
2994 4317 3327 4389 appellatur,
3378 4319 3455 4373 ita
3500 4327 3562 4373 ut
3615 4334 3795 4376 servo

478 4409 610 4447 nora
634 4402 836 4464 patrem
865 4400 915 4446 et
943 4402 1183 4447 matrem.
1234 4392 1349 4449 Hac
1372 4410 1537 4452 causa
1576 4412 1707 4469 ergo
1737 4398 1895 4465 dixit,
1924 4378 2087 4471 quod!
2168 4408 2477 4479 quicunque
2502 4407 2796 4464 crediderit
2833 4409 2890 4464 in
2933 4378 3104 4464 Deum
3129 4417 3185 4464 et
3229 4378 3459 4465 necdum
3504 4409 3575 4465 ad
3600 4410 3796 4467 scien-

477 4492 555 4537 est
575 4480 884 4536 mandatum
911 4481 1141 4552 primum
1165 4481 1222 4537 in
1245 4484 1617 4555 promissione,
1640 4499 1708 4543 ut
1728 4488 2066 4549 discerneret
2094 4552 2141 4569 ﬁ
2165 4498 2255 4554 tiae
2300 4513 2570 4555 summam
2615 4500 2946 4569 pervenerit,
2988 4515 3099 4556 non
3137 4500 3394 4557 indecens
3443 4500 3516 4558 sit
3552 4500 3794 4559 domino

478 4573 621 4629 inter
671 4572 922 4628 mandata
971 4587 1092 4642 quae
1134 4573 1201 4629 ad
1244 4574 1435 4642 Deum,
1474 4584 1531 4632 et
1572 4578 1716 4634 inter
1754 4594 1818 4636 ea
1846 4597 1967 4653 qua:
1993 4584 2060 4639 ad

2167 4592 2374 4648 servire
2422 4592 2628 4649 carnali
2675 4609 2800 4650 cum
2846 4594 3046 4650 timore
3080 4601 3136 4650 et
3188 4602 3426 4652 tremore
3469 4595 3528 4651 in
3572 4595 3793 4668 simpli-

477 4664 753 4753 hominem
778 4665 1067 4735 pertinent.
1117 4665 1281 4738 (Alb.)
1308 4665 1579 4725 Fortassis
1606 4669 1723 4727 haec
1770 4674 2059 4743 promissio
2168 4683 2333 4737 citate
2357 4684 2540 4740 cordis
2573 4684 2678 4752 sui,
2719 4693 2775 4741 et
2795 4685 2876 4743 sic
2919 4686 2969 4743 ei
3009 4687 3218 4746 servire
3246 4687 3480 4746 ﬁdeliter
3515 4697 3579 4747 ut

475 4752 678 4810 Judtcis
702 4754 992 4810 carnaliter
1023 4756 1142 4810 data
1171 4764 1275 4822 est,
1306 4757 1461 4814 nobis
1489 4774 1618 4815 vero
1643 4762 1957 4831 spiritaliter
1977 4764 2059 4820 di-

2168 4784 2282 4834 sto;
2339 4790 2446 4831 non
2501 4775 2571 4830 ad
2620 4775 2837 4832 oculum
2887 4778 3153 4846 serviens,
3204 4788 3267 4836 ut
3308 4780 3366 4836 bi
3400 4780 3629 4847 faciunt,
3682 4786 3787 4858 qni

481 4848 661 4903 citur:
711 4846 863 4901 Beati
894 4849 1064 4914 mites,
1089 4851 1337 4920 quoniam
1382 4851 1481 4922 ipsi
1508 4853 1843 4923 possidebunt
1865 4867 2062 4913 terram
2168 4865 2479 4921 hominibus
2504 4865 2720 4936 placere
2760 4867 3110 4936 desiderant,
3156 4872 3252 4927 sed
3280 4880 3340 4926 ut

478 4942 696 5013 (Matth.
728 4943 806 5010 v),
854 4957 960 4997 non
994 4944 1133 4999 lianc
1163 4955 1386 5010 terram,
1441 4946 1495 5001 in
1547 4964 1651 5017 qua
1699 4949 1863 5004 etiam
1911 4952 2061 5022 impii

478 5048 864 5102 nonnunquam
886 5040 940 5086 et
964 5033 1018 5086 in
1044 5043 1293 5103 parentes
1316 5045 1440 5091 sunt
1459 5038 1673 5094 scelesti
1702 5049 1758 5095 et
1779 5051 2068 5099 senescunt

480 5133 685 5188 tamen,
717 5123 811 5179 sed
833 5139 993 5194 super
1022 5124 1165 5179 illam
1191 5135 1413 5193 terram,
1440 5144 1601 5198 quam
1628 5130 1887 5187 Dominus
1917 5136 2064 5190 miti-

478 5213 580 5269 bus
603 5214 933 5284 repromittit
961 5215 1089 5268 etin
1115 5232 1220 5286 qua
1246 5216 1379 5287 iusti
1410 5220 1810 5291 inhabitabant,
1833 5234 1887 5280 et
1911 5226 2065 5297 cuius

477 5305 618 5363 bona
631 5305 917 5362 Psalmista
944 5308 1182 5363 visurum
1210 5326 1331 5367 esse
1356 5328 1416 5368 se
1441 5314 1845 5374 creditdieens:
1895 5318 2062 5377 Credo

476 5395 650 5453 sidere
679 5396 815 5452 bona
846 5396 1060 5453 Domini
1102 5400 1159 5453 in
1192 5409 1334 5456 terra
1363 5404 1639 5459 viventium
1685 5405 1860 5479 (Psal.
1889 5409 2059 5482 xxvi).

552 5485 640 5555 Et,
686 5498 881 5560 patres,
928 5488 1090 5543 nolite
1127 5490 1197 5543 ad
1240 5492 1572 5548 iracundiam
1618 5514 1899 5568 provocare
1924 5501 2066 5572 ﬁlios

480 5588 694 5645 vestros,
740 5579 831 5633 sed
861 5580 1078 5633 educate
1104 5579 1223 5636 illos
1250 5582 1303 5635 in
1343 5583 1624 5655 disciplina
1649 5599 1698 5643 et
1744 5595 2066 5663 correptione

479 5670 709 5725 Domini.
759 5669 925 5742 (Alb.)
982 5670 1265 5728 Peccatum
1316 5674 1548 5732 ﬁliorum
1590 5688 1675 5736 est
1715 5697 1820 5738 non
1846 5684 2066 5740 obedire

480 5762 816 5833 parentibus,
844 5772 901 5821 ct
923 5763 1047 5834 quia
1075 5774 1327 5837 poterant
1367 5781 1623 5845 parentes
1650 5774 1852 5846 aliquid
1894 5777 2065 5850 impc-

2169 4957 2225 5012 in
2259 4956 2596 5014 voluntatem
2622 4969 2818 5023 vertat,
2857 4970 2914 5017 et
2960 4961 3125 5019 faciat
3169 4965 3236 5021 de
3268 4966 3536 5023 servitute
3561 4983 3785 5029 merce-

2171 5048 2326 5104 dem:
2350 5050 2585 5107 maxime
2609 5066 2733 5108 cum
2755 5054 3008 5112 dominus
3025 5058 3207 5113 carnis
3236 5074 3265 5113 a
3292 5058 3525 5118 Domino
3542 5063 3783 5135 spiritus

2171 5137 2384 5193 diversa
2406 5154 2512 5194 non
2539 5141 2789 5212 imperet.
2816 5142 2928 5201 Hoc
2951 5154 3039 5200 est
3060 5147 3210 5203 enim
3230 5149 3375 5218 quod
3395 5150 3473 5205 ait
3505 5170 3518 5206 :
3550 5150 3676 5207 Non
3704 5154 3781 5209 ad

2171 5230 2381 5284 oculum
2428 5233 2739 5299 servientes,
2797 5246 2855 5291 ut
2904 5237 3201 5295 hominibus
3251 5240 3540 5313 placentes,
3588 5245 3684 5300 sed
3718 5256 3779 5301 ut

2167 5323 2301 5376 servi
2350 5320 2548 5378 Christi
2596 5324 2848 5395 facientes
2893 5328 3212 5386 uoluntatem
3260 5332 3496 5390 Domini.
3553 5335 3659 5393 Sed
3714 5348 3777 5395 et

2168 5412 2339 5484 ipsam
2384 5414 2700 5474 ﬁdelitatem
2742 5435 2849 5476 non
2890 5431 3132 5480 coactam
3170 5440 3361 5483 servus
3404 5428 3635 5498 habeat,
3670 5434 3775 5490 sed

2169 5516 2518 5575 spontaneum
2532 5519 2663 5566 etex
2689 5512 2901 5570 animo:
2917 5515 2999 5572 sic
3014 5517 3257 5574 serviens
3272 5521 3495 5578 domino
3515 5540 3614 5582 suo
3624 5524 3775 5583 sicut

2166 5603 2405 5669 Christo,
2443 5620 2470 5658 a
2518 5621 2626 5676 quo
2649 5616 2968 5677 recepturus
3012 5622 3099 5667 est
3140 5611 3316 5671 ﬁdelis
3336 5618 3622 5687 praemium
3646 5634 3771 5677 ser-

2167 5695 2372 5759 vitutis,
2402 5712 2507 5750 non
2533 5699 2712 5754 minus
2751 5716 2915 5770 quam
2935 5701 2982 5757 si
3008 5702 3145 5761 liber
3170 5706 3450 5764 voluntate
3478 5712 3766 5769 servisset.

2170 5786 2291 5841 Non
2313 5788 2382 5843 ad
2407 5788 2617 5847 oculum
2643 5793 2943 5863 servientes,
2971 5796 3126 5868 quasi
3152 5798 3450 5857 hominibus
3472 5800 3765 5873 placentes,
