3986 6338
216 378 325 436 ωε

684 372 1236 436 ENARRA'I‘IONUM
1268 372 1339 434 IN
1373 375 1523 435 EPP.
1562 376 1770 436 PAULI
1808 376 1938 434 LIB.
1974 376 2160 435 XVIII.
2194 408 2270 422 —
2304 377 2372 435 IN
2410 375 2631 436 EPIST.
2671 379 2765 435 AD
2799 378 3044 437 EPHES.

3385 382 3495 440 466

214 492 312 548 sed
336 500 397 547 ut
424 492 560 547 servi
587 490 783 547 Christi
802 490 1051 561 facientes
1069 490 1390 546 voluntatem
1410 492 1508 547 Dei
1527 508 1593 547 ea:
1611 493 1808 547 animo.
1837 494 1895 556 Α
1916 490 2131 549 ﬁrmam
2155 506 2278 549 esse
2307 506 2461 563 spem
2505 492 2901 562 promissionis,
2933 492 3169 563 prompti
3207 492 3317 549 sint
3343 494 3490 553 circa

214 579 353 637 Cum
390 580 708 652 benignitate
753 581 1031 636 servientes
1055 582 1192 635 sicut
1235 580 1483 648 Domino,
1506 592 1556 637 et
1589 600 1696 639 non
1715 583 1810 639 Ito-

212 674 451 729 minibus
467 687 487 725 :
502 674 720 729 scientes
733 673 981 744 quoniam
1003 674 1352 744 unusquisque
1369 673 1710 747 quodcunque
1730 676 1810 747 fe-

212 766 347 822 cerit
380 765 600 833 bonum,
640 766 739 821 hoc
763 773 1105 837 consequetur
1125 784 1159 820 a
1195 765 1440 833 Domino,
1472 768 1579 821 sive
1604 783 1803 832 servus,

209 856 323 913 sive
342 856 477 913 liber
509 856 743 931 (Ambr.)
770 856 1000 928 Propter
1028 857 1276 913 timorem
1297 858 1391 913 Dei
1411 856 1560 928 iusta
1591 868 1648 914 et
1680 858 1807 916 ﬁde-

210 946 285 1002 lia
310 947 430 1003 vult
455 947 763 1004 hominibus
790 946 1036 1004 exhiberi
1059 948 1297 1003 servitia.
1320 946 1429 1003 Deo
1449 950 1592 1004 enim
1617 949 1802 1018 servit,

207 1037 373 1109 cuius
422 1036 545 1109 jura
595 1039 650 1093 in
695 1038 970 1109 obsequiis
1014 1023 1219 1094 domini
1267 1039 1500 1095 carnalis
1544 1040 1802 1107 custodit,

206 1140 381 1200 quem
417 1127 522 1184 sibi
557 1142 657 1198 pro
695 1126 861 1197 iustis
898 1128 1110 1184 actibus
1136 1129 1193 1183 in
1239 1128 1381 1185 diem
1403 1130 1593 1200 iudicii
1630 1130 1806 1187 vicem

206 1218 444 1275 reddere
493 1226 550 1274 et
578 1218 791 1275 caeteris
815 1218 1066 1274 omnibus
1113 1220 1262 1275 audit
1295 1220 1502 1274 testari.
1556 1218 1686 1286 Quae
1714 1233 1805 1275 res

204 1318 394 1381 potest
421 1309 684 1381 prolicere
722 1309 889 1365 etiam
937 1311 1003 1366 ad
1045 1310 1273 1366 salutem
1303 1311 1675 1367 dominorum:
1728 1311 1806 1366 vi-

206 1403 406 1460 dentes
451 1403 596 1459 enim
632 1403 776 1473 quod
806 1401 1017 1459 diﬁicile
1049 1412 1151 1471 est,
1203 1419 1389 1460 servos
1436 1419 1533 1475 per
1560 1403 1655 1459 Dei
1686 1420 1804 1477 gra-

204 1497 343 1553 tiam
391 1496 568 1553 factos
608 1495 793 1553 ﬁdeles
822 1496 1122 1563 ministros,
1146 1505 1404 1569 poterunt
1444 1496 1541 1553 Dei
1573 1498 1801 1569 gloriam

214 1588 546 1647 eollaudare.
565 1587 766 1665 (Hiera)
789 1588 1070 1658 Quomodo
1090 1598 1272 1644 autem
1300 1589 1369 1644 ad
1387 1587 1699 1646 Corinthios
1721 1605 1802 1646 se-

204 1682 446 1737 cundum
464 1690 675 1752 tempus
696 1680 1051 1751 rescripserat
1073 1679 1127 1754 (1
1149 1679 1272 1736 Cor.
1298 1687 1418 1753 vn),
1438 1697 1505 1738 ne
1526 1697 1624 1753 per
1643 1697 1801 1739 occa-

202 1770 417 1826 sionem
448 1769 571 1825 ﬁdei
598 1770 650 1825 in
673 1769 890 1827 Christo
919 1771 1060 1826 inter
1079 1771 1303 1826 maritos
1327 1781 1381 1826 et
1401 1786 1600 1827 uxores
1620 1771 1803 1828 divor-

1910 583 2172 653 obsequia
2204 582 2320 647 Dei,
2356 582 2631 654 erigentes
2668 583 3037 655 gubernacula
3063 591 3253 643 contra
3293 584 3493 645 ﬂuctus

1909 675 2177 732 excitatos
2222 674 2583 745 imprudentia
2618 673 2845 731 inimici.
2896 674 3296 746 Tempestatem
3343 677 3492 735 enim

1908 768 2006 824 Dei
2055 767 2227 824 servis
2271 775 2595 832 commovet,
2644 765 2742 821 sed
2769 767 2889 837 ipse
2940 766 3283 838 naufragium
3334 767 3489 823 facit.

1908 859 2108 933 (Πίον.)
2138 859 2294 929 Quod
2337 860 2501 932 igitur
2540 859 2638 926 ait,
2666 856 3054 927 Confortamini
3084 859 3141 913 in
3181 858 3409 913 Domino
3439 867 3493 913 et

1905 951 1961 1006 in
1987 953 2219 1023 potentia
2273 951 2482 1006 uirtutis
2515 951 2649 1020 ejus,
2678 958 2852 1005 totum
2896 951 3129 1006 sentitur
3153 949 3209 1005 in
3244 949 3486 1017 Christo,

1904 1046 2047 1101 utin
2074 1046 2327 1103 omnibus
2369 1046 2680 1112 virtutibus,
2730 1060 2850 1116 quae
2891 1045 2958 1099 de
2987 1059 3051 1100 eo
3092 1043 3493 1115 intelliguntur,

1905 1138 2000 1210 qui
2055 1138 2385 1194 crediderint
2432 1138 2828 1194 confortentur.
2886 1136 2953 1191 Et
3007 1135 3302 1205 prudenter
3367 1140 3494 1204 post

1905 1230 2160 1301 specialia
2210 1232 2493 1297 mandata,
2519 1230 2647 1300 quid
2672 1229 2807 1284 viris
2836 1234 2891 1284 et
2932 1228 3212 1293 uxoribus,
3238 1227 3489 1298 patribus

1903 1331 1959 1379 et
1990 1321 2133 1387 ﬁliis,
2175 1322 2408 1379 dominis
2456 1330 2513 1378 et
2560 1320 2732 1377 servis
2759 1317 3159 1375 observandum
3204 1317 3295 1383 sit,
3346 1332 3495 1371 nunc

1902 1416 2226 1488 generaliter
2241 1417 2497 1473 omnibus
2525 1418 2582 1471 in
2609 1429 2896 1472 commune
2920 1413 3181 1484 praecipit,
3214 1420 3271 1467 ut
3300 1413 3355 1468 in
3385 1411 3494 1467 Do-

1902 1507 2051 1563 mino
2079 1518 2135 1564 et
2158 1508 2215 1563 in
2241 1506 2357 1576 ejus
2378 1507 2616 1579 potentia
2641 1505 2931 1562 confortati
2962 1517 3267 1577 pratparent
3311 1500 3501 1563 se-ad-

1900 1610 2120 1651 versum
2147 1594 2445 1661 diabolum,
2468 1595 2535 1650 de
2558 1609 2667 1664 quo
2692 1594 2746 1648 in
2770 1594 3225 1663 consequentibus
3246 1594 3439 1650 scribit
3472 1610 3487 1646 :

1972 1686 2187 1742 Induite
2233 1704 2322 1742 vos
2360 1695 2684 1741 armaturam
2718 1684 2837 1751 Dei,
2866 1695 2919 1738 ut
2952 1684 3161 1754 possitis
3203 1693 3345 1739 stare
3389 1684 3488 1738 ad-

1899 1794 2076 1834 versus
2106 1778 2327 1833 insidias
2353 1775 2572 1832 diaboli.
2599 1776 2674 1833 Ex
2702 1776 2788 1831 his
2832 1790 2951 1847 qua:
2975 1773 3115 1830 infra
3138 1774 3389 1846 legimus,
3427 1782 3485 1829 et

200 1860 280 1916 tia
314 1860 530 1929 ﬁerent,
559 1862 658 1917 sie
679 1861 887 1918 duobus
912 1877 1054 1917 unus
1079 1862 1303 1917 credere
1323 1861 1601 1931 voluisset,
1631 1863 1703 1918 ita
1728 1862 1797 1919 ad
1824 1863 1874 1925 B
1906 1871 1991 1927 his
2011 1887 2131 1943 quae
2159 1872 2212 1927 in
2240 1870 2537 1942 Scripturis
2572 1870 2826 1927 omnibus
2859 1870 2924 1925 de
2967 1867 3196 1925 Domino
3219 1869 3495 1925 salvawre

202 1953 470 2026 Ephesios
506 1963 563 2011 et
581 1955 648 2011 ad
669 1953 1037 2024 Colossenses,
1066 1955 1194 2026 quia
1223 1956 1441 2026 plurimi
1476 1957 1621 2013 inter
1642 1956 1796 2013 initia

202 2045 331 2102 ﬁdei
356 2046 627 2116 putabant
654 2046 884 2117 gentiles
904 2046 1152 2103 dominos
1176 2049 1620 2113 contemnendos,
1655 2064 1801 2105 nunc

201 2139 573 2197 mnditionum
594 2140 873 2196 moderate
883 2148 1154 2211 praecepta
1172 2140 1476 2206 constituit,
1490 2148 1552 2194 ut
1563 2147 1620 2196 et
1634 2140 1800 2195 servi-

199 2231 278 2287 tia
302 2246 415 2287 non
428 2231 677 2287 videatur
694 2240 886 2287 contra
908 2230 1155 2288 dominos
1177 2231 1471 2299 concitare,
1499 2239 1554 2287 et
1581 2245 1799 2286 rursum

203 2339 550 2398 nequaquam
603 2326 853 2383 dominos
894 2325 1089 2381 doceat
1137 2325 1453 2389 audiendos,
1506 2324 1553 2380 si
1600 2324 1796 2380 vitiosa

198 2423 256 2472 et
305 2417 544 2473 nefanda
592 2416 929 2488 praecipiant.
994 2415 1063 2470 Et
1110 2416 1216 2471 hoc
1259 2415 1555 2470 notandum
1582 2455 1598 2481 ,
1651 2414 1797 2485 quod

198 2507 525 2563 obedientia:
567 2506 802 2563 ﬁliorum
850 2515 1016 2578 atque
1066 2520 1351 2563 servorum
1403 2507 1616 2562 diversa
1670 2506 1797 2561 sub-

196 2600 461 2673 junxerit.
504 2598 587 2655 Ad
629 2598 768 2655 ﬁlios
813 2599 960 2655 enim
1004 2598 1139 2654 dicit
1176 2616 1189 2653 :
1243 2595 1459 2653 Obedile
1492 2595 1794 2668 parentibus

200 2692 385 2747 uestris
427 2692 486 2745 in
524 2690 798 2759 Domino;
856 2691 924 2746 ad
974 2704 1162 2747 servos
1201 2704 1369 2745 vero:
1431 2686 1648 2743 Obedite
1695 2687 1793 2741 do-

197 2789 357 2843 minis
405 2785 710 2843 carnalibus
761 2803 881 2841 cum
923 2787 1110 2841 timore
1156 2792 1203 2840 et
1253 2794 1498 2850 tremore,
1553 2791 1612 2837 ut
1652 2782 1795 2839 sicut

198 2883 342 2939 inter
371 2898 591 2939 servum
638 2890 696 2938 et
732 2896 957 2938 uxorem
985 2878 1152 2935 habet
1189 2887 1367 2934 metus
1394 2876 1790 2941 diversitatem,

199 2974 273 3031 ita
296 2983 356 3029 et
400 2974 546 3030 inter
574 2972 717 3029 ﬁlios
759 2980 816 3029 et
857 2984 1048 3029 servos
1078 2970 1387 3026 obedientia
1433 2969 1788 3039 discreparet.

197 3064 264 3120 Et
291 3065 521 3137 pulchre
544 3065 820 3136 imperans
846 3062 1019 3119 servis
1043 3069 1102 3117 ut
1124 3061 1381 3117 obediant
1422 3058 1673 3125 dominis,
1699 3057 1794 3112 ad-

196 3156 325 3228 iecit
347 3157 507 3228 quasi
535 3153 767 3221 Christo,
795 3161 852 3210 et
880 3153 1096 3217 iterum,
1126 3160 1184 3205 ut
1212 3152 1346 3206 servi
1372 3148 1566 3204 Christi
1593 3148 1792 3218 facien-

1904 1968 2179 2031 dieuntur,
2206 1965 2647 2022 manifestissime
2684 1964 3070 2034 comprobatur
3112 1964 3295 2018 omnia
3334 1977 3490 2018 arma

1898 2055 2019 2123 Dei,
2041 2055 2236 2126 quibus
2247 2071 2392 2111 nunc
2407 2056 2553 2111 indui
2570 2056 2844 2127 iubemur,
2875 2053 3097 2124 intelligi
3123 2051 3489 2120 Salvatorem,

1897 2156 1960 2204 ut
1995 2163 2163 2205 unum
2194 2156 2358 2219 atque
2386 2148 2531 2204 idem
2573 2147 2645 2203 sit
2670 2148 2871 2203 dixisse
2896 2166 2909 2202 :
2939 2146 3150 2202 lnduite
3177 2162 3274 2203 vos
3303 2146 3489 2203 omnia
3586 2218 3597 2231 ί

1899 2256 2052 2297 arma
2078 2240 2198 2307 Dei,
2242 2241 2397 2311 quasi
2427 2241 2623 2296 dixerit
2656 2258 2669 2294 :
2702 2239 2913 2295 lnduite
2955 2239 3241 2295 Dominum
3289 2236 3485 2293 Iesum

1895 2332 2210 2399 Christum;
2243 2332 2289 2388 si
2335 2332 2480 2388 enim
2525 2330 2798 2403 cingulum
2841 2330 3043 2385 veritas
3071 2338 3174 2394 est,
3220 2336 3277 2385 et
3320 2327 3494 2384 lorica

1888 2422 2103 2494 iustitia
2126 2432 2230 2490 est,
2277 2423 2530 2479 Salvator
2552 2432 2734 2478 autem
2763 2431 2818 2477 et
2843 2422 3048 2477 veritas
3071 2429 3127 2476 et
3153 2414 3364 2491 iustitia
3394 2436 3495 2475 no-

1896 2515 2154 2580 minatur,
2200 2513 2332 2570 nulli
2376 2513 2601 2569 dubium
2644 2514 2775 2583 quin
2827 2513 2941 2582 ipse
2986 2511 3261 2583 cingulum
3312 2510 3387 2567 sit
3432 2519 3489 2566 et

1895 2607 2087 2663 lorica.
2125 2606 2313 2677 Itaque
2333 2604 2489 2676 juxta
2524 2605 2863 2676 Apostolum,
2892 2606 3007 2675 ipse
3034 2605 3142 2660 erit
3166 2603 3495 2676 praeparatio

1896 2698 2176 2770 Evangelii
2202 2699 2374 2768 pacis,
2402 2707 2457 2753 et
2478 2707 2690 2754 scutum
2714 2698 2859 2763 ﬁdei,
2884 2707 2939 2753 et
2967 2697 3120 2769 galea
3141 2696 3415 2762 salutaris,
3438 2704 3500 2752 et

1895 2786 2106 2858 gladius
2134 2787 2389 2858 Spiritus,
2427 2789 2569 2858 quod
2591 2797 2675 2844 est
2700 2788 2922 2844 verbum
2950 2787 3071 2854 Dei,
3093 2796 3150 2843 et
3173 2788 3360 2842 vivens
3381 2800 3498 2844 ser-

1895 2892 1987 2933 mo
2011 2886 2068 2934 et
2095 2877 2319 2944 eﬂicax,
2349 2887 2406 2935 et
2448 2888 2640 2934 acutus
2685 2896 2848 2950 super
2891 2895 3105 2935 onmem
3149 2879 3385 2950 gladium
3429 2893 3498 2934 ex

1896 2978 2126 3042 utraque
2148 2978 2306 3043 parte
2327 2979 2547 3026 acutum
2575 2970 2763 3043 (Hebr.
2794 2971 2892 3043 tv).
2922 2971 3053 3038 Quae
3078 2978 3258 3026 autem
3282 2968 3387 3025 alia
3412 2984 3497 3025 ar-

1894 3076 1984 3116 ma
2010 3060 2102 3115 De:
2124 3076 2412 3132 possumus
2432 3062 2726 3127 aestimare,
2744 3062 2940 3133 quibus
2961 3062 3265 3117 induendus
3285 3070 3369 3118 est
3393 3062 3493 3132 qui

1896 3154 2061 3211 habet
2073 3155 2332 3211 adversus
2344 3154 2545 3211 diaboli
2563 3155 2824 3211 dimicare
2840 3156 3126 3221 versutias,
3142 3163 3368 3225 excepta
3383 3154 3494 3210 vir-

194 3224 270 3306 tes
294 3224 621 3306 voluntatem
652 3246 768 3313 Dei,
794 3253 859 3301 ιιι
883 3245 1092 3301 scilicet
1120 3256 1228 3299 non
1258 3241 1443 3297 audiat
1461 3254 1651 3297 servus
1671 3255 1794 3295 car-
1819 3224 1865 3289 C
1896 3254 2032 3314 ιυιε,
2060 3264 2181 3320 qua;
2202 3257 2287 3304 εει
2317 3247 2588 3305 Christus,
2618 3247 2773 3303 nunc
2801 3247 2968 3314 enim,
3008 3249 3101 3318 qui
3123 3224 3291 3318 juna’
3313 3247 3498 3303 omnia

198 3341 377 3397 nalem
400 3339 703 3406 dominum,
745 3338 793 3395 si
817 3337 1090 3395 contraria
1109 3334 1395 3407 praeceptis
1436 3332 1536 3388 Dei
1562 3331 1796 3387 voluerit

199 3432 489 3505 imperare.

273 3523 344 3578 Et
381 3539 499 3591 uos,
522 3522 741 3589 domini,
771 3521 955 3577 eadem
995 3520 1153 3591 facite
1202 3519 1272 3577 ad
1316 3517 1437 3574 illos
1478 3518 1793 3574 remittentes

200 3614 627 3681 nsinas,scientes
646 3612 772 3683 quia
792 3620 841 3667 et
853 3611 1085 3683 ipsorum
1099 3619 1147 3664 et
1169 3617 1336 3665 uester
1358 3608 1613 3663 Dominus
1638 3616 1714 3662 est
1738 3607 1797 3661 in

198 3705 367 3771 caelis,
404 3714 450 3759 et
482 3719 827 3777 personarum
877 3701 1109 3774 acceptio
1141 3717 1247 3757 non
1297 3711 1372 3756 est
1418 3699 1559 3772 apud
1600 3698 1791 3754 Deum.

197 3798 441 3871 (Ambr.)
462 3796 582 3854 Non
603 3797 913 3869 ignorantes
934 3795 1121 3865 utique
1134 3793 1382 3851 carnales
1402 3791 1604 3849 domini
1626 3791 1795 3847 Deum

199 3889 447 3947 omnium
477 3889 768 3947 Dominum
812 3903 937 3945 esse
970 3899 1337 3951 communem,
1396 3883 1525 3940 talia
1574 3883 1796 3954 exigant

199 3982 448 4049 servitia,
495 3980 679 4052 qualia
707 3995 737 4034 a
767 3994 826 4037 se
852 3979 997 4051 exigi
1032 3993 1143 4035 non
1183 3977 1364 4033 ferant
1403 3989 1576 4048 aegre;
1604 3974 1661 4029 in
1689 3987 1797 4044 qua
1836 4045 1847 4055 '

202 4074 349 4132 enim
401 4073 530 4144 quis
559 4087 815 4129 mensura
864 4070 1283 4136 mensuraverit,
1330 4066 1645 4124 remetietur
1669 4064 1794 4120 illi:

202 4165 468 4223 Dominus
486 4165 633 4220 enim
646 4163 830 4235 justus
843 4162 1007 4233 iudex
1029 4176 1227 4218 causas
1247 4159 1526 4225 discernit,
1544 4172 1651 4235 non
1673 4170 1799 4228 per-

200 4271 386 4314 sonas.
406 4255 610 4330 (Hier.)
635 4255 889 4323 Quasnam
906 4261 1032 4311 sunt
1054 4254 1193 4320 haec,
1209 4267 1329 4324 quae
1353 4251 1525 4308 servis
1548 4249 1796 4320 superius

200 4346 519 4419 imperavit,
553 4355 617 4402 ut
637 4347 842 4403 diceret
882 4344 1120 4402 dominis
1162 4345 1353 4401 eadem
1386 4343 1635 4400 facienda
1678 4358 1797 4415 quae

201 4440 421 4498 servis?
444 4440 584 4497 Puto
612 4440 702 4497 illa
725 4455 847 4511 quae
875 4438 1109 4504 dixerat,
1139 4438 1196 4492 in
1225 4436 1559 4507 simplicitate
1587 4437 1760 4491 cordis
1777 4476 1793 4503 ,

201 4544 278 4599 et,
293 4533 546 4603 facientes
569 4531 891 4587 voluntatem
914 4530 1036 4596 Dei,
1051 4537 1130 4597 et,
1146 4545 1209 4584 ea:
1225 4530 1423 4595 animo,
1438 4536 1513 4594 et,
1530 4543 1648 4581 cum
1660 4526 1796 4597 ﬁde-

200 4622 351 4678 litate
374 4623 494 4679 sive
510 4622 891 4680 benevolentia
917 4623 973 4677 in
999 4628 1204 4685 servos,
1234 4620 1359 4691 quia
1391 4617 1561 4676 εὔνοια
1583 4626 1794 4674 utrum-

200 4729 311 4786 que
340 4729 543 4771 sonare
582 4722 778 4787 potest.
806 4713 1188 4784 Unusquisque
1228 4711 1394 4777 enim,
1426 4710 1569 4782 quod
1608 4709 1796 4766 fecerit

202 4809 355 4876 boni,
380 4810 487 4867 hoc
529 4811 757 4881 recipiet
782 4825 814 4865 a
838 4810 1089 4877 Domino,
1117 4809 1232 4865 sive
1256 4806 1490 4863 famulus
1524 4808 1790 4876 servierit,

202 4908 266 4956 ut
307 4900 629 4971 pmdictum
673 4909 777 4968 est,
818 4902 933 4957 sive
972 4900 1109 4957 liber
1165 4900 1475 4956 dominatus
1516 4898 1698 4966 fuerit,
1734 4908 1795 4955 ut

201 4998 425 5062 oportet
472 5006 489 5045 :
528 4999 588 5047 nt
636 5008 745 5049 non
793 4992 866 5047 sit
904 4991 1183 5058 terribilis,
1239 5007 1348 5047 non
1389 4997 1672 5062 promptus
1726 4991 1795 5046 ad

204 5082 467 5151 verbera,
482 5083 661 5140 sciens
686 5083 814 5154 quia
842 5091 898 5140 et
916 5084 1032 5155 ipse
1051 5083 1214 5139 habet
1240 5081 1525 5138 Dominum
1550 5081 1605 5136 in
1621 5080 1793 5150 costis,

206 5175 355 5247 apud
387 5190 550 5246 quem
570 5191 679 5232 non
708 5183 793 5232 est
830 5174 1075 5245 acceptio
1099 5188 1475 5246 personarum,
1505 5180 1562 5228 et
1586 5172 1680 5243 qui
1712 5187 1798 5228 so-

206 5266 296 5324 lus
344 5274 562 5323 tantum
607 5267 816 5338 iudicet
848 5267 1178 5333 voluntates,
1225 5275 1281 5322 et
1321 5267 1477 5339 iuxta
1525 5279 1620 5320 eas
1650 5265 1800 5321 dete-

207 5360 346 5418 riori
365 5359 623 5432 praeferat
638 5360 940 5427 meliorem,
971 5359 1177 5430 eligens
1194 5357 1497 5424 facta,'non
1525 5358 1795 5425 homines,

207 5450 291 5508 De
331 5462 525 5508 cretero
564 5444 936 5522 confortamini
981 5452 1038 5506 in
1084 5449 1335 5517 Domino,
1386 5458 1435 5505 et
1475 5450 1533 5505 in
1568 5449 1800 5521 potentia

208 5543 422 5603 uirtutis
461 5542 597 5612 ejus.
633 5541 869 5615 (Ambr.)
899 5541 1027 5598 Post
1058 5540 1242 5597 omnia
1287 5539 1490 5595 monita
1517 5548 1572 5595 et
1618 5541 1804 5595 horta-

210 5640 425 5699 menta,
450 5640 507 5688 et
544 5632 845 5704 disciplinae
874 5632 1121 5690 ordinem
1150 5631 1405 5687 traditum
1444 5631 1719 5702 religiose,
1748 5639 1805 5687 et

212 5724 629 5796 dispositionem
662 5725 907 5795 mysterii
945 5723 1368 5788 manifestatam,
1404 5724 1656 5780 robustos
1682 5723 1804 5780 illos

210 5816 335 5871 vnit
378 5829 500 5872 esse
524 5814 579 5870 in
610 5813 716 5871 ﬁde
758 5814 956 5871 ﬁducia
982 5813 1270 5887 potestatis
1316 5812 1436 5881 Dei,
1466 5821 1528 5869 ut
1569 5816 1804 5874 scientes

1896 3353 2016 3408 qua!
2036 3353 2198 3409 super
2220 3352 2288 3394 eo
2312 3338 2705 3410 intelliguntur,
2730 3337 2894 3394 fuerit
2918 3339 3161 3405 indutus,
3178 3346 3373 3411 potens
3387 3338 3495 3395 erit

1897 3438 2086 3484 contra
2098 3430 2384 3485 universas
2406 3429 2630 3486 insidias
2652 3429 2850 3485 diaboli
2874 3445 3176 3502 repugnare
3197 3449 3210 3485 :
3229 3439 3491 3487 etsecun-

1897 3521 2023 3577 dum
2040 3522 2093 3578 id
2107 3523 2346 3593 quidem,
2360 3523 2503 3594 quod
2517 3522 2748 3578 veritate
2759 3524 3084 3593 praecinctus
3097 3530 3201 3590 est,
3216 3539 3323 3580 non
3336 3522 3497 3580 facile

1897 3610 1965 3665 ad
1987 3609 2237 3667 falsitatis
2253 3610 2502 3684 dogmata
2517 3613 2813 3669 deducetur
2836 3629 2851 3668 :
2868 3614 3024 3684 juxta
3049 3613 3155 3670 hoc
3172 3629 3326 3682 vero,
3348 3614 3496 3685 quod

1897 3700 2068 3758 lorica
2112 3702 2335 3759 indutus
2382 3711 2466 3760 est
2499 3703 2746 3773 iustitiae,
2777 3705 3078 3781 iniquitatis
3123 3705 3326 3776 iaculis
3381 3722 3493 3763 non

1895 3795 2095 3867 poterit
2144 3795 2410 3865 perforari
2451 3813 2463 3849 :
2512 3811 2613 3851 nec
2660 3813 2769 3853 non
2821 3813 2944 3852 cum
2999 3797 3274 3855 calceatus
3326 3796 3495 3855 fuerit

1899 3887 2279 3943 calceamentis
2305 3887 2688 3959 pulcherrimis
2716 3889 2770 3943 in
2792 3889 3189 3961 praeparatione
3209 3889 3493 3961 Evangelii

1898 3978 2069 4049 pacis,
2097 3977 2250 4048 quasi
2280 3978 2329 4034 is
2358 3979 2449 4048 qui
2479 3979 2808 4049 praeparavit
2837 3980 2890 4034 in
2940 3980 3048 4035 ﬁne
3072 3994 3238 4049 opera
3279 3995 3411 4046 sua,
3436 3988 3494 4035 et

1900 4067 2103 4123 idcirco
2126 4067 2273 4139 pacis
2294 4069 2457 4123 homo
2477 4067 2654 4125 factus
2679 4078 2783 4136 est,
2808 4085 2909 4125 nec
2939 4069 3256 4125 bellicosum
3280 4067 3488 4140 aliquid
3536 4126 3550 4141 ,

1900 4167 1955 4216 et
1995 4159 2385 4215 tumultuosum
2424 4161 2557 4232 agit,
2601 4176 2704 4217 nec
2745 4162 2867 4217 cum
2916 4161 3021 4227 his,
3051 4161 3144 4233 qui
3194 4161 3485 4232 impraepe-

1846 4240 1851 4251 ’
1899 4250 2005 4305 rati
2056 4259 2199 4317 sunt,
2251 4250 2716 4307 condemnabitur.
2746 4251 3039 4308 Inﬁdelitas
3087 4267 3322 4323 quoque,
3370 4267 3492 4323 qua:

1899 4344 2120 4400 inimica
2152 4343 2277 4400 ﬁdei
2305 4353 2410 4410 est,
2446 4344 2537 4401 ubi
2571 4355 2781 4401 scutum
2807 4356 2891 4401 est
2928 4346 3073 4412 ﬁdei,
3100 4346 3233 4401 nihil
3262 4346 3486 4403 valebit.

1900 4434 2079 4508 Caput
2103 4437 2268 4492 etiam
2316 4444 2371 4492 et
2398 4436 2697 4507 principale
2729 4438 2907 4493 cordis
2952 4445 3008 4493 et
3036 4437 3252 4503 animm,
3285 4438 3338 4491 in
3385 4453 3493 4508 quo

1903 4543 2094 4584 sensus
2121 4543 2309 4584 omnes
2341 4528 2507 4584 locuti
2533 4538 2675 4595 sunt,
2706 4530 2896 4586 salutis
2922 4529 3073 4602 galea
3095 4530 3495 4586 circumdatum

1902 4636 2009 4677 non
2041 4622 2410 4692 quassahitur.
2434 4623 2515 4678 Ad
2541 4631 2865 4690 extremum,
2894 4622 3049 4693 quasi
3073 4623 3157 4678 vir
3182 4623 3411 4680 bellator
3437 4633 3496 4681 et

1903 4714 2082 4778 fortis,
2126 4728 2317 4769 omnes
2369 4722 2548 4769 sectas
2598 4715 2908 4769 contrarias
2965 4712 3183 4770 veritati
3222 4714 3491 4783 concidet,

1903 4804 2215 4870 interﬁciet,
2235 4802 2523 4875 jugulabit,
2546 4804 2783 4876 gladium
2815 4803 3067 4875 Spiritus,
3086 4804 3140 4860 id
3160 4814 3244 4862 est
3264 4806 3493 4862 verbum

1902 4895 2022 4961 Dei,
2049 4911 2213 4951 manu
2243 4903 2456 4951 tenens.
2490 4893 2691 4951 Veiens
2714 4910 2843 4966 ergo
2866 4895 3155 4967 Apostolus
3175 4898 3495 4956 multimoda

1902 4988 2102 5045 diaboli
2154 4986 2372 5057 ingenia
2423 4987 2738 5053 ostendere,
2776 4988 2974 5057 quibus
3025 5003 3125 5045 nos
3169 5001 3364 5061 capere
3404 4990 3493 5045 ni-

1899 5080 2058 5145 titur,
2089 5094 2189 5150 per
2214 5093 2278 5134 ea
2304 5077 2423 5134 loca
2453 5079 2506 5132 in
2540 5078 2758 5171 quibus‘
2774 5094 2880 5133 non
2920 5094 3068 5137 omn.
3106 5082 3350 5137 custodia
3378 5095 3493 5137 ser-

1899 5186 2090 5227 vemus
2115 5184 2212 5227 eor
2240 5180 2507 5235 nostrum,
2555 5168 2858 5225 methodias
2901 5168 3037 5237 eius,
3071 5171 3125 5226 id
3174 5179 3277 5237 est,
3326 5171 3485 5228 adin-

1899 5264 2205 5330 ventiones,
2235 5262 2320 5318 vel
2359 5262 2630 5317 versutias
2676 5262 2993 5317 nominavit.
3031 5259 3089 5318 Si
3133 5263 3277 5319 enim
3323 5264 3491 5320 absti-

1901 5353 2183 5408 nuerimus
2226 5367 2328 5407 nos
2356 5365 2387 5405 a
2418 5365 2701 5421 corporum
2729 5351 3024 5422 voluptate,
3061 5367 3253 5424 parum
3301 5363 3492 5411 cautos

1907 5445 1962 5500 in
2010 5443 2234 5501 avaritia
2268 5442 2434 5514 capit.
2466 5440 2619 5508 Quod
2667 5441 2713 5497 si
2749 5449 2805 5498 et
2849 5443 3132 5499 avaritiam
3171 5458 3293 5501 cum
3343 5444 3494 5500 volu-

1907 5543 2057 5608 ptate
2067 5536 2483 5600 contemnimus,
2502 5549 2601 5605 per
2618 5534 2884 5590 luxuriam
2900 5534 3107 5607 irrepit,
3122 5542 3178 5589 et
3191 5532 3321 5588 facit
3332 5532 3492 5589 nobis

1912 5636 2155 5684 ventrem
2201 5640 2322 5683 esse
2358 5626 2547 5690 Deum,
2590 5632 2646 5681 et
2692 5640 2790 5696 per
2836 5626 2978 5682 hanc
3029 5625 3193 5681 etiam
3226 5623 3314 5678 illa
3366 5637 3489 5692 quae

1910 5719 2069 5776 fortia
2104 5733 2224 5774 esse
2244 5718 2567 5775 videbantur
2596 5726 2887 5790 expugnat.
2930 5716 2996 5772 Et
3017 5715 3287 5788 quomodo
3314 5712 3489 5768 solent

1911 5814 2180 5886 sapientes
2220 5811 2556 5868 exercituum
2590 5811 2881 5882 principes,
2906 5824 2969 5865 ea
2996 5807 3082 5863 vel
3121 5804 3354 5861 maxime
3386 5818 3487 5876 op-
