3986 6338
419 349 526 411 sua
1059 348 1118 405 Β.
1160 346 1425 404 RABA—Nl'
1450 344 1681 405 nsunt
1706 346 2026 407 ARCHIEP.
2066 338 2377 408 notum.
2419 348 2707 408 omum
2742 348 2924 408 PARS
2956 351 3042 408 Ill.
3595 359 3721 418 res

418 481 665 542 pugnare
693 467 909 523 urbium
939 466 1059 523 loca
1099 480 1220 539 quae
1268 480 1461 538 parum
1506 466 1713 522 munita
1766 476 1915 533 sunt,
1944 442 2410 540 urﬁexpellatur
2456 476 2512 522 et
2545 468 2708 524 homo
2762 468 3045 526 liberetur.
3101 467 3394 539 Quomodo.
3438 474 3611 541 enim,
3654 476 3735 534 si

421 576 544 620 cum
572 574 670 633 per
704 560 795 616 illa
824 561 1141 632 irruperint,
1175 560 1332 617 facile
1358 561 1565 616 munita
1585 560 1907 632 capiantur;
1934 558 2023 618 ita'

420 661 476 710 et
498 653 745 709 diabolus
773 667 937 723 super
956 668 1019 708 ea
1041 668 1162 723 qum
1188 660 1379 724 patere
1394 652 1561 718 videt,
1589 660 1682 708 aut
1719 660 1868 708 certe
1903 668 2013 710 non

421 746 651 803 ﬁrmiter
670 746 873 810 clausa,
899 745 1093 817 qumrit
1114 745 1435 815 irrumpere,
1459 756 1514 802 et
1534 746 1603 801 ad
1630 746 1802 818 ipsam
1831 736 2020 802 arcem'

339 871 342 874 ~
422 837 603 894 cordis
629 845 686 892 et
712 837 908 893 animat
948 837 1173 892 intrare.
1207 837 1273 893 Et
1297 838 1363 892 de
1393 837 1607 893 caeteris
1636 835 1751 906 ejus
1802 837 2016 894 insidiis

424 930 605 986 dicere
652 945 759 984 non
810 937 894 986 est
942 944 1185 995 necesse,
1217 942 1340 985 cum
1375 944 1442 985 ex
1470 929 1556 985 his
1576 938 1633 985 et
1660 939 1872 985 caeterae
1892 944 2019 986 ver-

423 1020 690 1082 sutiarum
727 1021 845 1091 ejus
871 1021 1080 1091 species
1104 1030 1523 1093 cognoscantur.
1554 1024 1794 1084 Διάϐολος
1816 1038 2018 1078 nomen

421 1111 670 1177 Graecum
698 1123 800 1177 est,
819 1117 960 1185 quod
984 1117 1368 1186 interpretatur
1388 1117 1715 1171 criminator.
1733 1115 1893 1171 Juxta
1920 1114 2019 1171 lle-

421 1206 553 1261 brtei
575 1193 703 1261 vero
725 1204 992 1262 sermonis
1014 1208 1417 1278 proprietatem,
1435 1207 1560 1278 quia
1582 1216 1636 1261 et
1658 1208 1831 1263 tribus
1849 1207 2021 1264 Zabu-

424 1297 511 1353 lon
530 1300 818 1369 quamdam
833 1300 1235 1356 similitudinem
1255 1299 1412 1370 hujus
1425 1300 1668 1356 vocabuli
1684 1302 1845 1357 habet
1859 1324 2019 1356 κατα-

422 1392 580 1465 ρῦων,
604 1391 656 1446 id
683 1400 786 1456 est,
814 1391 1058 1446 deorsum
1079 1393 1249 1463 ﬂuens
1270 1392 1374 1447 dici
1404 1400 1619 1461 potest:
1644 1391 1789 1463 quod
1816 1391 2029 1447 scilicet

422 1482 684 1552 paulatim
716 1482 784 1537 de
806 1483 1004 1539 virtute
1031 1483 1099 1538 ad
1141 1484 1331 1539 vitium
1362 1482 1579 1539 ﬂuxerit
1610 1492 1665 1537 et
1695 1484 1761 1538 de
1784 1482 2022 1538 cmlesti-

421 1577 524 1632 bus
551 1577 619 1632 ad
648 1586 861 1633 terrena
887 1578 1173 1633 corruerit.
1204 1577 1403 1651 (Amb.)
1426 1577 1590 1632 Arma
1624 1574 1716 1632 Dei
1761 1575 1894 1632 ﬁdes
1938 1583 2023 1632 est

423 1667 654 1734 stabilis,
683 1685 782 1739 per
812 1685 975 1741 quam
1007 1670 1179 1727 solam
1197 1652 1423 1741 [semper
1449 1671 1625 1725 vietus
1655 1677 1739 1725 est
1766 1668 2017 1724 Satanas.

495 1760 759 1835 Quoniam
807 1778 909 1816 non
958 1772 1033 1817 est
1081 1763 1230 1816 nobis
1264 1760 1565 1816 colluctatio
1611 1762 1857 1817 adversus
1906 1778 2024 1815 car-

2114 562 2181 618 ad
2213 561 2446 633 aliquem
2494 562 2549 618 in
2603 562 2791 633 przelio
2824 564 3182 619 constitutum
3210 565 3278 620 de
3304 568 3464 636 parte
3513 567 3729 625 adver—

2115 654 2261 710 saria
2309 662 2554 710 armatus
2597 669 2738 726 equo
2766 654 2964 711 sedens
2991 656 3198 723 veniat,
3237 672 3344 712 non
3388 672 3565 731 equo,
3615 659 3734 719 sed

2116 746 2284 818 equiti
2308 745 2586 813 irascitur,
2616 754 2675 803 et
2711 756 2972 817 quantum
2990 755 3190 818 potest,
3216 749 3320 805 hoc
3350 765 3519 821 agere
3536 752 3739 823 cupit,

2115 846 2177 893 ut
2203 838 2442 909 equitem
2474 839 2763 909 percutiat,
2790 842 2847 896 et
2866 836 3067 910 equum
3108 842 3422 912 possideat:
3456 843 3541 900 sic
3563 844 3745 901 circa-

2117 931 2367 988 homines
2405 932 2577 988 malos
2624 933 2891 1006 agendum
2937 942 3043 1002 est,
3091 943 3148 991 et
3169 951 3279 992 non
3322 946 3516 994 contra
3566 937 3737 1005 illos,

2119 1022 2212 1078 sed
2238 1031 2606 1088 contra’eum,
2649 1023 2743 1095 qui
2792 1023 2912 1080 illos
2941 1024 3183 1099 instigat,
3224 1027 3357 1083 totis
3392 1025 3609 1084 viribus
3640 1026 3741 1083 h-

2117 1115 2445 1181 borandum,
2494 1122 2555 1169 ut
2608 1115 2737 1171 dum
2767 1114 3015 1172 diabolus
3049 1116 3308 1183 vincitur,
3358 1117 3550 1174 infelix
3601 1118 3741 1188 illo,

2120 1226 2280 1282 quem
2340 1211 2621 1279 possidere
2675 1220 2960 1282 eruperat,
2997 1212 3294 1269 liberetur?
3346 1212 3547 1285 (Hier.)
3596 1212 3745 1271 Non

2118 1309 2251 1372 puto
2278 1300 2507 1357 Paulum
2550 1302 2878 1357 scribentem
2916 1303 2983 1358 ad
3030 1302 3345 1361 Corinthios
3394 1305 3579 1362 dicere
3618 1321 3743 1376 po-

2121 1392 2292 1448 tuisse
2322 1408 2336 1447 :
2364 1390 2487 1447 Non
2514 1400 2591 1447 est
2621 1393 2769 1447 nobis
2799 1392 3100 1447 colluctatio
3129 1393 3382 1450 adversus
3406 1397 3749 1467 sanguineas

2121 1484 2171 1535 et
2212 1497 2443 1547 carnem,
2475 1480 2566 1552 qui
2615 1482 2735 1538 ait:
2774 1480 3012 1538 Tcntatio
3045 1500 3136 1539 vos
3185 1501 3290 1559 non
3334 1485 3749 1556 apprehendat,

2123 1571 2226 1626 nisi
2271 1571 2502 1627 humana
2529 1587 2550 1624 :
2580 1571 2752 1643 fidelis
2795 1583 2969 1628 autem
3020 1574 3161 1631 Deus
3195 1592 3301 1631 non
3332 1579 3595 1647 permittet
3639 1595 3748 1633 eos

2123 1664 2317 1718 tentari
2362 1680 2523 1734 supra
2569 1663 2625 1717 id
2668 1664 2809 1735 quod
2853 1666 3069 1737 potestis
3122 1668 3380 1724 sustinere
3405 1667 3457 1741 (Ι
3481 1666 3613 1725 Cor.
3647 1669 3744 1743 ι).

2124 1752 2390 1809 Existimo
2408 1752 2607 1824 quippe
2638 1754 2900 1811 adversus
2920 1771 3142 1813 carnem
3171 1765 3229 1813 et
3248 1758 3561 1829 sanguinem
3598 1773 3751 1815 esse

425 1869 540 1907 nem
566 1862 614 1907 et
651 1855 996 1925 sanguinem,
1040 1854 1133 1909 sed
1180 1853 1427 1909 adversus
1471 1855 1730 1925 principes
1785 1865 1834 1907 et
1874 1862 2019 1924 pote—
2047 1842 2101 1905 Β
2128 1845 2449 1910 certamina»
2474 1861 2594 1915 (illi?c
2621 1846 2693 1901 ibi
2726 1847 3052 1903 ιθυωῑίοηθθ
3076 1848 3416 1920 appellamur
3438 1850 3749 1917 humilia,

423 1954 601 2008 states,
634 1947 883 2000 adversus
914 1945 1097 2000 mundi
1150 1956 1371 2000 rectores
1418 1947 1751 2000 tenebrarum
1798 1945 2011 2009 harum,

425 2050 608 2095 contra
671 2040 934 2110 spiritalia
995 2041 1239 2111 nequitia:
1296 2042 1352 2095 in
1438 2036 1751 2096 ccelestiﬁus.
1820 2038 2015 2095 Certus

422 2131 717 2201 Apostolus
757 2134 881 2200 quia
920 2132 1106 2195 exitia,
1155 2148 1275 2202 quae
1312 2147 1341 2186 a
1374 2131 1605 2203 perﬁdis
1654 2130 1751 2185 Dei
1798 2128 2017 2185 famulis

428 2224 762 2296 irrogantur,
825 2232 1048 2280 auctore
1098 2224 1335 2289 diabolo,
1396 2224 1814 2288 ministrentur,
1861 2220 2018 2290 cujus

430 2314 659 2371 altitudo
681 2316 899 2385 grandis
919 2324 974 2370 et
1000 2316 1310 2371 hominibus
1338 2315 1685 2386 impossibilis
1711 2323 1814 2381 est,
1833 2321 2020 2370 monet

436 2406 699 2462 adversus
728 2408 841 2462 base
869 2407 967 2463 Dei
997 2425 1147 2463 arma
1186 2409 1470 2474 sumenda,
1509 2407 1667 2478 cujus
1702 2408 1868 2463 solius
1908 2407 2021 2461 vir-

426 2508 544 2556 tute
565 2510 892 2570 superantur
918 2510 974 2556 et
996 2503 1349 2557 destruuntur
1365 2503 1547 2557 omnia
1578 2500 2019 2559 machinamenta

425 2590 563 2662 ejus.
619 2592 738 2663 Ipse
791 2603 876 2649 est
924 2594 1070 2649 enim
1126 2592 1279 2663 cujus
1331 2595 1596 2653 satellites
1655 2604 1822 2662 sunt,
1882 2612 2021 2668 quos

427 2687 776 2742 tenebrarum
853 2688 1043 2742 barum
1112 2686 1243 2743 dicit
1308 2698 1551 2745 rectores
1581 2731 1596 2756 ,
1646 2690 1871 2760 spiritus
1922 2703 2020 2744 ne-

426 2779 670 2848 quissimi
693 2821 706 2844 ,
741 2778 833 2849 qui
881 2781 1083 2852 degunt
1123 2781 1178 2836 in
1224 2782 1561 2847 caelestibus,
1594 2783 1646 2837 in
1677 2780 2021 2837 ﬁrmamento

426 2872 650 2939 mundi;
691 2873 743 2928 bi
780 2882 901 2929 sunt
955 2875 1160 2930 erroris
1201 2875 1399 2942 duces,
1440 2876 1786 2932 tenebrarum
1848 2884 2023 2930 recto-

428 2979 556 3027 res,
622 2965 724 3017 boe
784 2973 868 3019 est
931 2965 1256 3035 ignorantiae
1304 2972 1360 3020 et
1425 2964 1666 3034 perﬁdiae
1721 2963 2020 3035 praepositi.

427 3055 612 3128 (Aug.)
651 3056 913 3113 nectores
938 3059 1083 3113 enim
1115 3058 1464 3113 tenebrarum
1501 3058 1557 3113 in
1584 3071 1899 3127 perversum
1941 3057 2023 3109 in-

428 3148 705 3220 telligendi
737 3160 863 3205 sunt
905 3153 1230 3222 gubernare,
1268 3151 1422 3221 quasi
1475 3149 1873 3207 incredulitatis
1902 3164 2022 3204 ma-

2129 1937 2350 2006 quando
2394 1952 2525 1992 caro
2553 1937 2889 2009 concupiscit
2914 1939 3177 1996 adversus
3203 1940 3473 2010 spiritum,
3502 1950 3559 1998 et
3594 1956 3757 2012 pm—

2121 2036 2284 2084 vocat
2305 2044 2405 2083 nos
2435 2026 2613 2085 facere
2653 2044 2818 2100 opera
2858 2045 2977 2098 sua,
3008 2028 3445 2098 fornicationem,
3476 2032 3754 2089 itnmun-

2119 2122 2330 2187 ditiam,
2349 2122 2644 2191 luxuriam,
2662 2122 3042 2191 idololatriam,
3064 2124 3401 2191 inimicitias,
3416 2124 3755 2183 contentio-

2118 2228 2237 2279 nes,
2260 2214 2520 2281 luereses,
2536 2214 2779 2280 insidias,
2798 2215 3112 2283 ebrietates,
3129 2218 3554 2274 comessationes
3566 2215 3750 2290 (Gal.

2118 2304 2174 2377 v)
2190 2313 2246 2361 et
2259 2304 2463 2377 reliqua
2476 2306 2561 2363 his
2574 2307 2790 2363 similia.
2808 2307 2978 2363 Porro
2992 2324 3100 2367 non
3116 2317 3200 2366 est
3220 2310 3452 2365 humana
3466 2309 3751 2378 tentatio,

2121 2412 2225 2454 nec
2255 2398 2521 2455 adversus
2567 2415 2790 2455 carnem
2819 2408 2875 2455 et
2902 2400 3226 2473 sanguinem
3256 2416 3461 2474 pugna,
3499 2401 3763 2472 quando.

2122 2498 2217 2546 aut
2236 2490 2352 2561 ipse
2375 2490 2609 2548 Satanas
2640 2490 3055 2564 transﬁguratus
3074 2494 3131 2549 in
3155 2493 3408 2567 angelum
3432 2493 3568 2548 lucis
3594 2507 3757 2564 per-

2122 2584 2353 2641 suadere
2381 2585 2589 2648 nititur,
2639 2593 2700 2640 ut
2723 2598 2849 2640 eum
2871 2585 3124 2656 angelum
3154 2586 3294 2643 lucis
3339 2586 3699 2642 arbitremur
3732 2602 3752 2640 :

2123 2687 2217 2732 aut
2264 2677 2466 2749 aliquid
2506 2677 2702 2733 horum
2752 2677 2932 2733 simile
2974 2677 3128 2745 facit,
3189 2677 3245 2733 in
3297 2677 3444 2734 omni
3486 2677 3753 2743 virtute,

2125 2772 2298 2843 signis
2325 2780 2380 2826 et
2404 2770 2668 2842 portentis
2713 2770 3089 2838 mendacibus,
3126 2771 3185 2826 in
3212 2769 3363 2828 omni
3404 2769 3755 2840 deceptione

2126 2868 2449 2937 iniquitatis.
2484 2867 2619 2922 Nam
2656 2883 2780 2923 cum
2816 2867 3052 2937 aliquem
3094 2866 3403 2939 illaquearit
3445 2865 3755 2933 inimicus,

2124 2970 2185 3015 ut
2210 2960 2436 3032 recipiat
2468 2976 2527 3017 se
2554 2970 2610 3015 et
2632 2961 2888 3030 loquatur
2922 2961 2976 3016 in
3011 2976 3096 3028 eo,
3136 2962 3248 3017 lta’c
3288 2961 3415 3016 dicit
3442 2959 3753 3029 Dominus,

2126 3066 2233 3106 non
2268 3052 2423 3121 quasi
2453 3067 2582 3107 caro
2629 3059 2686 3107 et
2707 3052 2931 3124 sanguis
2959 3067 3087 3107 eum
3109 3051 3333 3123 decipit,
3362 3058 3454 3106 aut
3481 3051 3755 3107 humana

2126 3143 2377 3207 tentatio,
2401 3143 2497 3199 sed
2520 3143 2676 3213 quasi
2707 3142 3050 3215 principatus
3075 3152 3131 3198 et
3150 3150 3413 3215 potestas,
3438 3151 3620 3199 rector
3654 3152 3757 3200 te-

428 3202 605 3313 gistrc'i.
656 3202 1243 3311 ProindeUApostolus
1274 3202 1495 3296 jpaulus
1550 3241 1850 3297 admonens
1922 3256 2022 3298 nos
2050 3202 2098 3271 ε
2129 3234 2447 3299 nebrarum,
2472 3243 2527 3289 et
2549 3233 2789 3303 nequitia
2813 3234 3097 3306 spiritalis.
3122 3233 3484 3309 Quamobrem
3503 3249 3617 3291 non
3637 3236 3755 3292 de-

427 3348 592 3402 quam
616 3334 761 3389 cauti
782 3343 972 3391 contra
992 3334 1243 3390 inimicos
1271 3349 1391 3391 esse
1415 3334 1734 3399 debeamus,
1754 3333 1828 3389 ait
1849 3333 2023 3389 servis

428 3424 527 3481 Dei
551 3426 642 3495 qui
668 3426 1042 3481 tribulationcs
1063 3426 1413 3496 patiebantur
1429 3426 1619 3497 utique
1643 3423 2019 3491 seditionibus,

428 3519 890 3588 improbitatibus,
921 3517 1219 3573 inimicitiis
1245 3518 1527 3575 hominum
1554 3535 1568 3574 :
1600 3514 1727 3573 Non
1754 3527 1830 3577 est
1875 3518 2022 3573 nobis

432 3610 740 3667 colluctatio
784 3610 1032 3668 adversus
1062 3628 1275 3667 carnem
1322 3621 1371 3666 et
1411 3612 1744 3683 sanguinem,
1788 3610 1880 3667 sed
1929 3611 2025 3667 ad-

430 3718 608 3758 versus
635 3701 915 3775 principes,
947 3711 995 3757 et
1034 3710 1313 3775 potestates
1352 3710 1400 3757 et
1425 3712 1649 3757 rectores
1686 3701 1895 3757 mundi.
1917 3700 2024 3758 Cu-

424 3790 517 3864 jus
545 3790 929 3850 mundi?Coeli
980 3801 1037 3850 et
1061 3792 1254 3850 terrae?
1281 3790 1456 3848 Absit.
1489 3789 1661 3863 Hujus
1695 3792 1881 3849 mundi
1913 3808 2023 3849 non

430 3893 515 3941 est
547 3891 728 3941 rector
759 3883 862 3939 nisi
905 3880 1152 3940 Creator.
1181 3881 1291 3939 Sed
1336 3899 1497 3955 quem
1542 3883 1676 3940 dicit
1722 3883 2023 3940 mundum?

431 3977 703 4025 amatores
746 3970 953 4025 mundi.
1002 3966 1245 4041 Denique
1296 3968 1447 4025 addit
1491 3975 1547 4025 et
1594 3967 1835 4040 exponit,
1877 3964 2025 4039 quod

432 4063 563 4119 dicit
608 4063 889 4118 mundum.
922 4060 1276 4117 Tenebrarum
1310 4062 1523 4117 harum.
1563 4061 1806 4130 Quarum
1833 4059 2024 4131 utique

432 4154 815 4211 tenebrarum?
856 4153 959 4210 nisi
1006 4153 1300 4211 inﬁdelium
1338 4162 1395 4209 et
1444 4153 1771 4226 impiorum:
1803 4169 1929 4209 nam
1955 4168 2021 4211 ex

432 4247 610 4318 impiis
639 4258 694 4303 et
721 4246 1030 4303 inﬁdelibus
1079 4263 1202 4303 cum
1232 4254 1416 4303 essent
1440 4246 1572 4303 facti
1613 4247 1688 4317 pii
1712 4255 1769 4302 et
1814 4246 2022 4313 fideles,

433 4339 513 4394 sic
542 4354 637 4395 eos
658 4338 949 4410 alloquitur
974 4340 1116 4396 idem
1152 4340 1444 4411 Apostolus
1471 4358 1485 4395 :
1520 4338 1725 4395 Fuistis
1752 4340 1890 4394 enim
1918 4339 2022 4395 ali-

432 4429 643 4501 quando
673 4429 917 4496 tenebra',
949 4448 1087 4487 nunc
1110 4439 1286 4485 autem
1312 4429 1406 4486 lux
1423 4431 1475 4484 in
1506 4429 1723 4485 Domino
1749 4429 1911 4501 (Eph.
1942 4430 2019 4503 v).

432 4550 503 4560 —
524 4519 781 4575 Adversus
809 4521 1093 4592 spiritalia,
1123 4521 1320 4591 inquit,
1355 4519 1599 4592 nequitia:
1627 4521 1683 4575 in
1709 4520 2018 4590 caelestibus,

2127 3341 2252 3381 mus
2274 3325 2453 3382 locum
2470 3325 2706 3393 diabolo,
2723 3327 2818 3382 sed
2837 3335 2893 3381 et
2906 3327 2951 3381 si
2972 3326 3188 3397 spiritus
3207 3337 3507 3400 potestatem
3526 3327 3757 3385 habea-

2126 3416 2195 3470 tis
2208 3415 2501 3471 ascenderit
2515 3432 2674 3488 super
2695 3434 2814 3483 nos,
2821 3413 2979 3485 juxta
2994 3417 3138 3491 quod
3154 3417 3535 3488 Scriptumest,
3550 3417 3755 3475 ιοειιπι

2126 3522 2233 3561 non
2253 3505 2436 3560 demus
2451 3506 2498 3559 ei
2524 3503 2727 3579 (Eccle.
2746 3506 2825 3578 ι).
2850 3505 3008 3565 Dicat
3021 3506 3292 3580 quispiam
3311 3507 3419 3563 hoc
3437 3507 3583 3579 quod
3605 3509 3707 3564 ιὶι
3730 3526 3751 3564 :

2128 3595 2255 3653 Non
2267 3607 2343 3653 est
2352 3597 2505 3653 nobis
2520 3596 2821 3655 colluctatio
2835 3600 3087 3657 adversus
3104 3616 3314 3661 cantem
3328 3608 3380 3657 et
3393 3601 3757 3671 sanguineus,

2124 3687 2218 3744 sed
2242 3687 2493 3744 adversus
2523 3689 2851 3760 principatus
2877 3699 2927 3747 et
2954 3701 3279 3765 potestates;
3306 3700 3364 3749 et
3386 3700 3585 3749 cetera
3605 3707 3755 3763 qua

2125 3792 2449 3853 sequuntur,
2473 3782 2594 3839 ideo
2618 3781 2750 3851 dici,
2774 3791 2835 3839 ut
2853 3784 3165 3855 doceamur,
3190 3799 3260 3843 ne
3278 3800 3343 3842 ea
3362 3784 3580 3856 quidem
3604 3799 3753 3857 qua

2125 3875 2284 3933 nobis
2305 3875 2607 3932 ministrari
2632 3875 2763 3932 vitia
2787 3884 3045 3948 putamus
3066 3891 3137 3935 ex
3165 3891 3351 3945 carne,
3385 3874 3570 3932 carnis
3605 3890 3751 3935 esse

2125 3965 2213 4025 vel
2266 3967 2570 4041 sanguinis,
2623 3969 2721 4029 sed
2777 3984 2813 4025 a
2867 3970 3193 4042 quibusdam
3242 3969 3581 4043 spiritalibus
3628 3986 3748 4029 ne-

2125 4060 2315 4130 quitiis
2326 4061 2563 4134 suggeri.
2601 4058 2741 4117 Sunt
2754 4076 2902 4118 emm
2914 4061 3132 4133 quidam
3154 4060 3426 4119 daemones
3447 4060 3751 4121 amoribus

2126 4159 2185 4207 et
2211 4148 2497 4208 amatoriis
2521 4152 2748 4209 canticis
2768 4153 3091 4221 servientes,
3131 4163 3191 4210 ut
3214 4155 3477 4227 propheta
3506 4169 3755 4227 quoque

2127 4251 2519 4297 commemorat
2559 4242 2749 4300 dicens
2794 4260 2809 4298 :
2852 4242 3054 4313 Spiritu
3113 4244 3474 4315 fornicationis
3522 4244 3751 4301 seducti

2126 4341 2253 4388 sunt
2301 4329 2450 4405 (Ose.
2484 4336 2583 4406 tv).
2631 4333 2769 4391 Nam
2818 4343 2875 4393 et
2915 4337 3149 4393 barbara
3207 4338 3455 4409 quaedam
3503 4338 3749 4395 nomina

2125 4438 2317 4481 eorum
2347 4439 2467 4481 esse
2495 4425 2770 4493 dicuntur,
2805 4436 2868 4485 ut
2891 4444 3034 4499 saepe
3076 4430 3315 4489 confessi
3339 4439 3465 4487 sunt
3488 4430 3543 4485 hi
3587 4446 3744 4502 quos

2125 4528 2256 4570 vere
2300 4513 2495 4586 vulgus
2546 4509 2821 4575 maleﬁcos
2873 4527 3035 4575 vocat
3091 4528 3147 4576 et
3196 4520 3618 4586 incantationes,
3674 4528 3747 4577 et

435 4614 694 4670 adversus
721 4614 993 4671 diabolum
1026 4624 1081 4669 et
1117 4612 1338 4686 angelos
1373 4615 1491 4684 ejus
1521 4615 1807 4682 dimicatis,
1839 4612 2023 4675 hostes

2127 4619 2345 4675 preces,
2373 4614 2430 4661 et
2476 4607 2686 4664 colores
2716 4609 2874 4676 varii,
2916 4618 2973 4666 et
3014 4610 3230 4666 diversa
3267 4610 3353 4667 vel
3382 4610 3743 4669 metallorum

435 4711 645 4760 vestros
666 4720 775 4761 non
798 4704 1014 4770 videtis,
1039 4711 1094 4759 et
1126 4703 1360 4759 vincitis.
1393 4702 1537 4759 Erue
1580 4723 1661 4760 me
1691 4705 1755 4760 de
1783 4707 2024 4764 manibus

436 4792 772 4849 inimicorum
803 4811 1037 4849 meorum
1085 4803 1133 4849 et
1161 4813 1193 4848 a
1246 4796 1673 4867 persequentibus
1720 4815 1801 4853 me
1849 4796 2021 4871 (Psal.

436 4885 949 4958 cxr.tu)..Rectores
982 4899 1078 4943 eos
1114 4885 1302 4943 mundi
1346 4886 1503 4955 dixit,
1535 4888 1660 4960 quia
1693 4889 1791 4961 ipsi
1833 4901 2029 4963 regunt

438 4977 726 5034 dilectores
756 4977 941 5033 mundi
972 4997 984 5032 :
1014 4993 1122 5033 non
1145 4978 1293 5034 enim
1322 4986 1517 5051 regunt
1552 4981 1836 5050 mundum,
1869 4982 2027 5054 quasi

438 5074 679 5125 rectores
711 5068 821 5123 sint
847 5068 971 5124 (ιωΙῖ
999 5076 1054 5125 et
1071 5077 1231 5131 terra:
1258 5089 1271 5125 :
1305 5069 1401 5127 sed
1425 5072 1687 5128 mundum
1710 5080 2025 5145 peccatores

439 5161 591 5227 dicit,
618 5173 664 5216 et
690 5162 917 5216 mundus
962 5179 1080 5217 eum
1113 5180 1216 5218 non
1257 5165 1494 5235 cognovit
1524 5162 1706 5238 (Joan.
1738 5165 1802 5239 1).
1840 5164 2033 5231 Talem

440 5251 709 5307 mundum
734 5248 810 5305 illi
839 5259 1053 5325 regunt,
1085 5254 1177 5325 qui
1208 5269 1313 5310 non
1363 5264 1699 5328 cognoscunt
1720 5254 2025 5312 Christum.

443 5340 578 5409 Quia
605 5341 875 5411 quomodo
904 5358 1020 5411 eos,
1051 5346 1144 5416 qui
1187 5344 1278 5400 lux
1308 5354 1452 5413 sunt,
1488 5344 1740 5403 Christus
1764 5344 2033 5418 gubernat

442 5442 500 5489 et
527 5433 663 5504 regit
692 5453 705 5490 :
729 5434 809 5492 sic
834 5451 946 5503 eos,
969 5437 1060 5508 qui
1089 5438 1321 5495 tenebrae
1362 5447 1508 5505 sunt,
1542 5434 1610 5495 ad
1635 5454 1796 5495 omne
1829 5439 2031 5495 malum

445 5524 690 5582 diabolus
735 5527 1031 5598 praecipitat
1084 5536 1140 5584 et
1179 5529 1402 5600 instigat
1434 5547 1446 5583 :
1490 5529 1596 5585 hoc
1620 5543 1751 5601 ergo
1780 5545 1880 5586 nos
1903 5530 2032 5585 hor-

448 5623 595 5670 tatur
647 5616 958 5689 Apostolus,
989 5628 1049 5674 ut
1092 5635 1198 5674 non
1249 5628 1442 5675 contra
1492 5618 1770 5676 hominem
1803 5620 2026 5681 malum.

447 5710 541 5765 sed
573 5716 761 5765 contra
807 5709 1101 5778 diabolum,
1134 5711 1225 5782 qui
1283 5726 1407 5766 cum
1445 5709 1536 5765 illo
1584 5723 1860 5782 operatur,
1907 5727 2029 5767 oro-

444 5818 588 5874 mus,
619 5812 673 5862 et
718 5803 978 5879 quidquid
1031 5818 1321 5876 possumus
1362 5801 1650 5873 faciamus,
1685 5813 1745 5860 ut
1782 5803 2061 5892 diabolus

2128 4710 2350 4766 genera,
2378 4698 2464 4753 vel
2486 4698 2755 4768 ciborum,
2801 4701 2869 4757 ad
2903 4716 3024 4773 quae
3052 4702 3284 4759 invocati
3326 4703 3585 4759 assistere
3617 4703 3743 4760 de-

2128 4802 2339 4854 mones,
2367 4798 2421 4845 et
2450 4788 2693 4846 infelices
2735 4793 2946 4849 animas
2973 4807 3169 4864 capere
3196 4806 3590 4850 memorantur.
3619 4792 3743 4851 Alii

2130 4880 2262 4943 vero
2292 4884 2605 4942 iracundias
2628 4893 2685 4940 et
2708 4882 2921 4941 furores
2968 4893 3025 4941 et
3046 4884 3188 4940 bella
3229 4883 3607 4950 committere;
3636 4881 3742 4941 alii

2128 4992 2366 5051 praeesse
2394 4977 2693 5034 inimicitiis
2718 4985 2775 5033 et
2798 4972 2942 5033 inter
2968 4976 3221 5033 homines
3254 4976 3379 5033 odia
3427 4975 3737 5033 concitare.

2130 5067 2267 5137 Quia
2296 5068 2412 5123 vult
2433 5083 2586 5140 ergo,
2613 5069 2788 5135 aiunt,
2825 5064 3116 5139 Apostolus
3150 5081 3251 5123 nos
3288 5065 3489 5122 docere
3518 5080 3629 5123 non
3659 5080 3741 5122 ex

2130 5170 2326 5218 natura
2348 5161 2593 5234 corporis
2617 5173 2674 5216 et
2694 5161 2761 5217 de
2778 5160 3003 5217 materia
3026 5160 3209 5217 carnis
3229 5167 3285 5215 et
3309 5158 3592 5231 sanguinis
3611 5159 3739 5217 haec

2128 5253 2386 5311 vitiorum
2428 5270 2625 5329 genera
2654 5255 2954 5327 procreari,
2987 5254 3083 5312 sed
3108 5254 3366 5311 instinctu
3396 5254 3731 5321 daemonum,

2130 5354 2418 5420 propterea
2460 5348 2574 5404 ait:
2639 5347 2762 5404 Non
2811 5358 2889 5404 est
2941 5347 3089 5404 nobis
3131 5348 3435 5405 colluctatio
3478 5348 3730 5405 udum

2137 5444 2469 5515 sanguinem,
2518 5442 2609 5501 sed
2655 5442 2903 5498 adversus
2951 5441 3279 5513 principatus
3324 5451 3373 5497 et
3424 5450 3726 5513 potestates,

2137 5540 2194 5588 et
2238 5531 2465 5603 reliqua.
2526 5532 2652 5590 Ideo
2701 5541 2883 5589 autem
2926 5548 3072 5588 nunc
3117 5547 3308 5589 eorum
3353 5533 3448 5604 qui
3500 5532 3727 5605 magicis

2135 5623 2383 5679 infelices
2412 5623 2620 5681 artibus
2643 5624 2920 5691 serviunt,
2952 5633 3010 5680 et
3038 5622 3220 5681 facere
3247 5623 3352 5679 ista
3374 5623 3729 5695 perhibentur

2137 5713 2563 5788 [prohibentur],
2625 5715 2678 5771 in
2718 5716 2956 5773 medium
3001 5715 3247 5786 exempla
3293 5713 3639 5786 protulimus,
3667 5721 3729 5771 ut

2135 5808 2489 5871 recordemur
2534 5806 2936 5899 [retundamus]
2990 5823 3183 5870 eorum
3238 5807 3581 5885 opinionem,
3631 5802 3732 5885 qui
