  <div class='ocr_page' id='page_1' title='image "/cluster/home/n/w/nwhite01/storage/ocr_20150623/112/hvd.32044015685407/240.png"; bbox 0 0 3986 6338; ppageno 0'>
   <div class='ocr_carea' id='block_1_1' title="bbox 1330 298 1359 329">
    <p class='ocr_par' dir='ltr' id='par_1_1' title="bbox 1330 298 1359 329">
     <span class='ocr_line' id='line_1_1' title="bbox 1330 298 1359 329; baseline 0 0"><span class='ocrx_word' id='word_1_1' title='bbox 1330 298 1359 329; x_wconf 72' lang='grc' dir='ltr'><strong>ο</strong></span> 
     </span>
    </p>
   </div>
   <div class='ocr_carea' id='block_1_2' title="bbox 199 425 309 484">
    <p class='ocr_par' dir='ltr' id='par_1_2' title="bbox 199 425 309 484">
     <span class='ocr_line' id='line_1_2' title="bbox 199 425 309 484; baseline 0 0"><span class='ocrx_word' id='word_1_2' title='bbox 199 425 309 484; x_wconf 70' lang='grc' dir='ltr'><strong>ιϐθ</strong></span> 
     </span>
    </p>
   </div>
   <div class='ocr_carea' id='block_1_3' title="bbox 579 384 2955 483">
    <p class='ocr_par' dir='ltr' id='par_1_3' title="bbox 579 384 2955 483">
     <span class='ocr_line' id='line_1_3' title="bbox 579 384 2955 483; baseline 0 -4"><span class='ocrx_word' id='word_1_3' title='bbox 579 421 1132 481; x_wconf 78' lang='lat' dir='ltr'><strong>ENARRATIONUM</strong></span> <span class='ocrx_word' id='word_1_4' title='bbox 1166 422 1234 479; x_wconf 92' lang='lat' dir='ltr'><strong>IN</strong></span> <span class='ocrx_word' id='word_1_5' title='bbox 1272 423 1423 480; x_wconf 88' lang='lat' dir='ltr'><strong>EPP.</strong></span> <span class='ocrx_word' id='word_1_6' title='bbox 1465 384 1673 483; x_wconf 72' lang='grc' dir='ltr'><strong>ΡΑὐιι</strong></span> <span class='ocrx_word' id='word_1_7' title='bbox 1711 423 1839 480; x_wconf 83' lang='lat' dir='ltr'><strong>LIB.</strong></span> <span class='ocrx_word' id='word_1_8' title='bbox 1880 423 2066 483; x_wconf 74' lang='lat' dir='ltr'><strong>XVIII.</strong></span> <span class='ocrx_word' id='word_1_9' title='bbox 2106 455 2179 470; x_wconf 86' lang='lat'><strong>—-</strong></span> <span class='ocrx_word' id='word_1_10' title='bbox 2217 425 2282 481; x_wconf 88' lang='lat' dir='ltr'><strong>IN</strong></span> <span class='ocrx_word' id='word_1_11' title='bbox 2321 422 2538 482; x_wconf 76' lang='lat' dir='ltr'><strong>EPIST.</strong></span> <span class='ocrx_word' id='word_1_12' title='bbox 2579 422 2676 482; x_wconf 79' lang='lat' dir='ltr'><strong>AD</strong></span> <span class='ocrx_word' id='word_1_13' title='bbox 2712 421 2955 480; x_wconf 82' lang='lat' dir='ltr'><strong>EPHES.</strong></span> 
     </span>
    </p>
   </div>
   <div class='ocr_carea' id='block_1_4' title="bbox 3389 382 3495 481">
    <p class='ocr_par' dir='ltr' id='par_1_4' title="bbox 3389 382 3495 481">
     <span class='ocr_line' id='line_1_4' title="bbox 3389 382 3495 481; baseline 0.038 -4"><span class='ocrx_word' id='word_1_14' title='bbox 3389 382 3495 481; x_wconf 60' lang='lat' dir='ltr'><strong>rio</strong></span> 
     </span>
    </p>
   </div>
   <div class='ocr_carea' id='block_1_5' title="bbox 198 536 3495 617">
    <p class='ocr_par' dir='ltr' id='par_1_5' title="bbox 198 536 3495 617">
     <span class='ocr_line' id='line_1_5' title="bbox 198 536 3495 617; baseline -0.001 -19"><span class='ocrx_word' id='word_1_15' title='bbox 198 550 403 617; x_wconf 86' lang='lat' dir='ltr'><strong>putant</strong></span> <span class='ocrx_word' id='word_1_16' title='bbox 425 541 607 597; x_wconf 83' lang='lat' dir='ltr'><strong>omnia</strong></span> <span class='ocrx_word' id='word_1_17' title='bbox 632 541 768 596; x_wconf 88' lang='lat' dir='ltr'><strong>vitia</strong></span> <span class='ocrx_word' id='word_1_18' title='bbox 795 554 918 596; x_wconf 85' lang='lat' dir='ltr'><strong>esse</strong></span> <span class='ocrx_word' id='word_1_19' title='bbox 943 541 1128 596; x_wconf 85' lang='lat' dir='ltr'><strong>carnis</strong></span> <span class='ocrx_word' id='word_1_20' title='bbox 1171 548 1227 595; x_wconf 91' lang='lat' dir='ltr'><strong>et</strong></span> <span class='ocrx_word' id='word_1_21' title='bbox 1250 540 1549 612; x_wconf 84' lang='lat' dir='ltr'><strong>sanguinis,</strong></span> <span class='ocrx_word' id='word_1_22' title='bbox 1578 550 1635 596; x_wconf 90' lang='lat' dir='ltr'><strong>et</strong></span> <span class='ocrx_word' id='word_1_23' title='bbox 1676 538 1799 594; x_wconf 90' lang='lat' dir='ltr'><strong>nul-</strong></span> <span class='ocrx_word' id='word_1_24' title='bbox 1826 545 1880 603; x_wconf 75' lang='grc' dir='ltr'>Α</span> <span class='ocrx_word' id='word_1_25' title='bbox 1906 548 2251 608; x_wconf 88' lang='lat' dir='ltr'><strong>potestatem.</strong></span> <span class='ocrx_word' id='word_1_26' title='bbox 2296 536 2363 594; x_wconf 86' lang='lat' dir='ltr'><strong>Et</strong></span> <span class='ocrx_word' id='word_1_27' title='bbox 2393 540 2609 609; x_wconf 86' lang='lat' dir='ltr'><strong>quidem</strong></span> <span class='ocrx_word' id='word_1_28' title='bbox 2637 541 2781 595; x_wconf 87' lang='lat' dir='ltr'><strong>dicat</strong></span> <span class='ocrx_word' id='word_1_29' title='bbox 2805 537 2944 598; x_wconf 85' lang='lat' dir='ltr'><strong>alius</strong></span> <span class='ocrx_word' id='word_1_30' title='bbox 2986 546 3287 613; x_wconf 81' lang='lat' dir='ltr'><strong>apostatam</strong></span> <span class='ocrx_word' id='word_1_31' title='bbox 3306 539 3495 595; x_wconf 85' lang='lat' dir='ltr'><strong>diabo-</strong></span> 
     </span>
    </p>
   </div>
   <div class='ocr_carea' id='block_1_6' title="bbox 198 633 1799 705">
    <p class='ocr_par' dir='ltr' id='par_1_6' title="bbox 198 633 1799 705">
     <span class='ocr_line' id='line_1_6' title="bbox 198 633 1799 705; baseline -0.003 -13"><span class='ocrx_word' id='word_1_32' title='bbox 198 636 311 692; x_wconf 86' lang='lat' dir='ltr'><strong>lam</strong></span> <span class='ocrx_word' id='word_1_33' title='bbox 348 636 555 690; x_wconf 87' lang='lat' dir='ltr'><strong>habere</strong></span> <span class='ocrx_word' id='word_1_34' title='bbox 603 633 876 689; x_wconf 68' lang='lat' dir='ltr'><strong>dazmones</strong></span> <span class='ocrx_word' id='word_1_35' title='bbox 921 642 1278 705; x_wconf 82' lang='lat' dir='ltr'><strong>potestatem,</strong></span> <span class='ocrx_word' id='word_1_36' title='bbox 1310 642 1370 689; x_wconf 90' lang='lat' dir='ltr'><strong>ut</strong></span> <span class='ocrx_word' id='word_1_37' title='bbox 1418 648 1517 690; x_wconf 91' lang='lat' dir='ltr'><strong>nos</strong></span> <span class='ocrx_word' id='word_1_38' title='bbox 1570 634 1799 688; x_wconf 88' lang='lat' dir='ltr'><strong>incitent</strong></span> 
     </span>
    </p>
   </div>
   <div class='ocr_carea' id='block_1_7' title="bbox 196 722 1798 799">
    <p class='ocr_par' dir='ltr' id='par_1_7' title="bbox 196 722 1798 799">
     <span class='ocr_line' id='line_1_7' title="bbox 196 722 1798 799; baseline -0.004 -16"><span class='ocrx_word' id='word_1_39' title='bbox 196 729 267 785; x_wconf 86' lang='lat' dir='ltr'><strong>ad</strong></span> <span class='ocrx_word' id='word_1_40' title='bbox 291 733 602 799; x_wconf 78' lang='lat' dir='ltr'><strong>peccatum.</strong></span> <span class='ocrx_word' id='word_1_41' title='bbox 636 722 821 781; x_wconf 81' lang='lat' dir='ltr'>Talem</span> <span class='ocrx_word' id='word_1_42' title='bbox 858 724 1293 781; x_wconf 73' lang='lat' dir='ltr'><strong>colluctationem</strong></span> <span class='ocrx_word' id='word_1_43' title='bbox 1332 733 1388 780; x_wconf 90' lang='lat' dir='ltr'><strong>et</strong></span> <span class='ocrx_word' id='word_1_44' title='bbox 1413 724 1483 779; x_wconf 89' lang='lat' dir='ltr'><strong>ad</strong></span> <span class='ocrx_word' id='word_1_45' title='bbox 1502 722 1673 780; x_wconf 81' lang='lat' dir='ltr'><strong>Jacob</strong></span> <span class='ocrx_word' id='word_1_46' title='bbox 1698 739 1798 795; x_wconf 90' lang='lat' dir='ltr'><strong>pu-</strong></span> 
     </span>
    </p>
   </div>
   <div class='ocr_carea' id='block_1_8' title="bbox 200 819 1799 891">
    <p class='ocr_par' dir='ltr' id='par_1_8' title="bbox 200 819 1799 891">
     <span class='ocr_line' id='line_1_8' title="bbox 200 819 1799 891; baseline -0.006 -12"><span class='ocrx_word' id='word_1_47' title='bbox 200 832 391 879; x_wconf 80' lang='lat' dir='ltr'><strong>tamus</strong></span> <span class='ocrx_word' id='word_1_48' title='bbox 422 821 611 886; x_wconf 81' lang='lat' dir='ltr'><strong>fuisse,</strong></span> <span class='ocrx_word' id='word_1_49' title='bbox 642 820 786 891; x_wconf 89' lang='lat' dir='ltr'><strong>quod</strong></span> <span class='ocrx_word' id='word_1_50' title='bbox 828 819 1039 875; x_wconf 81' lang='lat' dir='ltr'><strong>scilicet</strong></span> <span class='ocrx_word' id='word_1_51' title='bbox 1065 836 1173 874; x_wconf 92' lang='lat' dir='ltr'><strong>non</strong></span> <span class='ocrx_word' id='word_1_52' title='bbox 1201 819 1460 874; x_wconf 87' lang='lat' dir='ltr'><strong>adversus</strong></span> <span class='ocrx_word' id='word_1_53' title='bbox 1488 832 1710 873; x_wconf 88' lang='lat' dir='ltr'><strong>carnem</strong></span> <span class='ocrx_word' id='word_1_54' title='bbox 1743 822 1799 873; x_wconf 89' lang='lat' dir='ltr'><strong>et</strong></span> 
     </span>
    </p>
   </div>
   <div class='ocr_carea' id='block_1_9' title="bbox 198 906 1799 983">
    <p class='ocr_par' dir='ltr' id='par_1_9' title="bbox 198 906 1799 983">
     <span class='ocr_line' id='line_1_9' title="bbox 198 906 1799 983; baseline -0.004 -14"><span class='ocrx_word' id='word_1_55' title='bbox 198 913 524 983; x_wconf 83' lang='lat' dir='ltr'><strong>sanguinem</strong></span> <span class='ocrx_word' id='word_1_56' title='bbox 547 910 905 975; x_wconf 88' lang='lat' dir='ltr'><strong>contenderit,</strong></span> <span class='ocrx_word' id='word_1_57' title='bbox 924 911 1140 980; x_wconf 85' lang='lat' dir='ltr'><strong>quando</strong></span> <span class='ocrx_word' id='word_1_58' title='bbox 1162 909 1423 965; x_wconf 83' lang='lat' dir='ltr'><strong>remansit</strong></span> <span class='ocrx_word' id='word_1_59' title='bbox 1444 908 1611 976; x_wconf 89' lang='lat' dir='ltr'><strong>solus,</strong></span> <span class='ocrx_word' id='word_1_60' title='bbox 1643 915 1698 964; x_wconf 89' lang='lat' dir='ltr'><strong>et</strong></span> <span class='ocrx_word' id='word_1_61' title='bbox 1722 906 1799 963; x_wconf 85' lang='lat' dir='ltr'><strong>lu-</strong></span> 
     </span>
    </p>
   </div>
   <div class='ocr_carea' id='block_1_10' title="bbox 196 1001 1800 1073">
    <p class='ocr_par' dir='ltr' id='par_1_10' title="bbox 196 1001 1800 1073">
     <span class='ocr_line' id='line_1_10' title="bbox 196 1001 1800 1073; baseline -0.002 -12"><span class='ocrx_word' id='word_1_62' title='bbox 196 1005 459 1061; x_wconf 86' lang='lat' dir='ltr'><strong>ctabatur</strong></span> <span class='ocrx_word' id='word_1_63' title='bbox 482 1019 606 1059; x_wconf 87' lang='lat' dir='ltr'><strong>cum</strong></span> <span class='ocrx_word' id='word_1_64' title='bbox 634 1016 699 1058; x_wconf 90' lang='lat' dir='ltr'><strong>eo</strong></span> <span class='ocrx_word' id='word_1_65' title='bbox 722 1002 886 1057; x_wconf 90' lang='lat' dir='ltr'><strong>homo</strong></span> <span class='ocrx_word' id='word_1_66' title='bbox 914 1002 1175 1073; x_wconf 87' lang='lat' dir='ltr'><strong>adjuvans</strong></span> <span class='ocrx_word' id='word_1_67' title='bbox 1193 1017 1316 1057; x_wconf 89' lang='lat' dir='ltr'><strong>enm</strong></span> <span class='ocrx_word' id='word_1_68' title='bbox 1338 1008 1392 1057; x_wconf 88' lang='lat' dir='ltr'><strong>et</strong></span> <span class='ocrx_word' id='word_1_69' title='bbox 1416 1001 1681 1058; x_wconf 88' lang='lat' dir='ltr'><strong>roboraus</strong></span> <span class='ocrx_word' id='word_1_70' title='bbox 1704 1002 1800 1057; x_wconf 89' lang='lat' dir='ltr'><strong>ad-</strong></span> 
     </span>
    </p>
   </div>
   <div class='ocr_carea' id='block_1_11' title="bbox 197 1092 1795 1168">
    <p class='ocr_par' dir='ltr' id='par_1_11' title="bbox 197 1092 1795 1168">
     <span class='ocr_line' id='line_1_11' title="bbox 197 1092 1795 1168; baseline -0.003 -17"><span class='ocrx_word' id='word_1_71' title='bbox 197 1112 399 1152; x_wconf 89' lang='lat' dir='ltr'><strong>versus</strong></span> <span class='ocrx_word' id='word_1_72' title='bbox 425 1096 614 1159; x_wconf 91' lang='lat' dir='ltr'><strong>alium,</strong></span> <span class='ocrx_word' id='word_1_73' title='bbox 641 1096 837 1151; x_wconf 88' lang='lat' dir='ltr'><strong>sudore</strong></span> <span class='ocrx_word' id='word_1_74' title='bbox 854 1095 1024 1150; x_wconf 91' lang='lat' dir='ltr'><strong>nimio</strong></span> <span class='ocrx_word' id='word_1_75' title='bbox 1044 1095 1393 1150; x_wconf 88' lang='lat' dir='ltr'><strong>dimicantem</strong></span> <span class='ocrx_word' id='word_1_76' title='bbox 1416 1092 1570 1168; x_wconf 85' lang='lat' dir='ltr'><strong>(Gen.</strong></span> <span class='ocrx_word' id='word_1_77' title='bbox 1601 1092 1795 1165; x_wconf 70' lang='grc' dir='ltr'><strong>χχιιι).</strong></span> 
     </span>
    </p>
   </div>
   <div class='ocr_carea' id='block_1_12' title="bbox 195 1185 1802 1257">
    <p class='ocr_par' dir='ltr' id='par_1_12' title="bbox 195 1185 1802 1257">
     <span class='ocr_line' id='line_1_12' title="bbox 195 1185 1802 1257; baseline -0.004 -12"><span class='ocrx_word' id='word_1_78' title='bbox 195 1190 265 1245; x_wconf 86' lang='lat' dir='ltr'><strong>Et</strong></span> <span class='ocrx_word' id='word_1_79' title='bbox 285 1188 452 1244; x_wconf 91' lang='lat' dir='ltr'><strong>simul</strong></span> <span class='ocrx_word' id='word_1_80' title='bbox 478 1188 621 1254; x_wconf 89' lang='lat' dir='ltr'><strong>vide,</strong></span> <span class='ocrx_word' id='word_1_81' title='bbox 669 1203 737 1242; x_wconf 91' lang='lat' dir='ltr'><strong>ne</strong></span> <span class='ocrx_word' id='word_1_82' title='bbox 765 1185 904 1242; x_wconf 82' lang='lat' dir='ltr'><strong>forte</strong></span> <span class='ocrx_word' id='word_1_83' title='bbox 936 1187 1146 1242; x_wconf 83' lang='lat' dir='ltr'><strong>ridiculi</strong></span> <span class='ocrx_word' id='word_1_84' title='bbox 1194 1188 1302 1241; x_wconf 91' lang='lat' dir='ltr'><strong>sint</strong></span> <span class='ocrx_word' id='word_1_85' title='bbox 1326 1187 1418 1257; x_wconf 89' lang='lat' dir='ltr'><strong>qui</strong></span> <span class='ocrx_word' id='word_1_86' title='bbox 1464 1187 1802 1242; x_wconf 89' lang='lat' dir='ltr'><strong>arbitrantur</strong></span> 
     </span>
    </p>
   </div>
   <div class='ocr_carea' id='block_1_13' title="bbox 194 1277 1797 1335">
    <p class='ocr_par' dir='ltr' id='par_1_13' title="bbox 194 1277 1797 1335">
     <span class='ocr_line' id='line_1_13' title="bbox 194 1277 1797 1335; baseline -0.002 0"><span class='ocrx_word' id='word_1_87' title='bbox 194 1282 251 1335; x_wconf 91' lang='lat' dir='ltr'><strong>in</strong></span> <span class='ocrx_word' id='word_1_88' title='bbox 307 1281 476 1335; x_wconf 83' lang='lat' dir='ltr'><strong>ritum</strong></span> <span class='ocrx_word' id='word_1_89' title='bbox 530 1279 850 1335; x_wconf 90' lang='lat' dir='ltr'><strong>luctantium</strong></span> <span class='ocrx_word' id='word_1_90' title='bbox 905 1286 1015 1334; x_wconf 87' lang='lat' dir='ltr'><strong>tota</strong></span> <span class='ocrx_word' id='word_1_91' title='bbox 1074 1277 1243 1334; x_wconf 85' lang='lat' dir='ltr'><strong>Jacob</strong></span> <span class='ocrx_word' id='word_1_92' title='bbox 1306 1288 1464 1335; x_wconf 88' lang='lat' dir='ltr'><strong>nocte</strong></span> <span class='ocrx_word' id='word_1_93' title='bbox 1514 1279 1797 1335; x_wconf 72' lang='lat' dir='ltr'><strong>l‘uctatum.</strong></span> 
     </span>
    </p>
   </div>
   <div class='ocr_carea' id='block_1_14' title="bbox 192 1370 1802 1444">
    <p class='ocr_par' dir='ltr' id='par_1_14' title="bbox 192 1370 1802 1444">
     <span class='ocr_line' id='line_1_14' title="bbox 192 1370 1802 1444; baseline -0.002 -17"><span class='ocrx_word' id='word_1_94' title='bbox 192 1372 338 1441; x_wconf 83' lang='lat' dir='ltr'><strong>Quid</strong></span> <span class='ocrx_word' id='word_1_95' title='bbox 369 1373 518 1429; x_wconf 88' lang='lat' dir='ltr'><strong>enim</strong></span> <span class='ocrx_word' id='word_1_96' title='bbox 571 1374 797 1444; x_wconf 82' lang='lat' dir='ltr'><strong>grande,</strong></span> <span class='ocrx_word' id='word_1_97' title='bbox 840 1372 908 1439; x_wconf 89' lang='lat' dir='ltr'><strong>si,</strong></span> <span class='ocrx_word' id='word_1_98' title='bbox 950 1382 1011 1427; x_wconf 90' lang='lat' dir='ltr'><strong>ut</strong></span> <span class='ocrx_word' id='word_1_99' title='bbox 1059 1372 1135 1427; x_wconf 92' lang='lat' dir='ltr'><strong>illi</strong></span> <span class='ocrx_word' id='word_1_100' title='bbox 1193 1373 1407 1437; x_wconf 90' lang='lat' dir='ltr'><strong>dicunt,</strong></span> <span class='ocrx_word' id='word_1_101' title='bbox 1448 1370 1662 1427; x_wconf 90' lang='lat' dir='ltr'><strong>luctans</strong></span> <span class='ocrx_word' id='word_1_102' title='bbox 1708 1377 1802 1425; x_wconf 88' lang='lat' dir='ltr'><strong>aut</strong></span> 
     </span>
    </p>
   </div>
   <div class='ocr_carea' id='block_1_15' title="bbox 191 1463 1799 1535">
    <p class='ocr_par' dir='ltr' id='par_1_15' title="bbox 191 1463 1799 1535">
     <span class='ocr_line' id='line_1_15' title="bbox 191 1463 1799 1535; baseline -0.001 -16"><span class='ocrx_word' id='word_1_103' title='bbox 191 1464 564 1535; x_wconf 80' lang='lat' dir='ltr'><strong>superaverit,</strong></span> <span class='ocrx_word' id='word_1_104' title='bbox 593 1470 685 1517; x_wconf 87' lang='lat' dir='ltr'><strong>aut</strong></span> <span class='ocrx_word' id='word_1_105' title='bbox 734 1463 911 1520; x_wconf 88' lang='lat' dir='ltr'><strong>victus</strong></span> <span class='ocrx_word' id='word_1_106' title='bbox 945 1463 1050 1519; x_wconf 85' lang='lat' dir='ltr'><strong>sit?</strong></span> <span class='ocrx_word' id='word_1_107' title='bbox 1085 1464 1181 1519; x_wconf 90' lang='lat' dir='ltr'><strong>sed</strong></span> <span class='ocrx_word' id='word_1_108' title='bbox 1217 1463 1374 1533; x_wconf 78' lang='lat' dir='ltr'><strong>juxta</strong></span> <span class='ocrx_word' id='word_1_109' title='bbox 1422 1463 1799 1519; x_wconf 83' lang='lat' dir='ltr'><strong>rationabilem</strong></span> 
     </span>
    </p>
   </div>
   <div class='ocr_carea' id='block_1_16' title="bbox 191 1553 1800 1623">
    <p class='ocr_par' dir='ltr' id='par_1_16' title="bbox 191 1553 1800 1623">
     <span class='ocr_line' id='line_1_16' title="bbox 191 1553 1800 1623; baseline 0 -15"><span class='ocrx_word' id='word_1_110' title='bbox 191 1562 250 1608; x_wconf 89' lang='lat' dir='ltr'><strong>et</strong></span> <span class='ocrx_word' id='word_1_111' title='bbox 279 1554 699 1609; x_wconf 81' lang='lat' dir='ltr'><strong>convenientem</strong></span> <span class='ocrx_word' id='word_1_112' title='bbox 729 1553 1053 1623; x_wconf 67' lang='lat' dir='ltr'><strong>patriarcha:</strong></span> <span class='ocrx_word' id='word_1_113' title='bbox 1074 1554 1300 1621; x_wconf 76' lang='lat' dir='ltr'><strong>luctum,</strong></span> <span class='ocrx_word' id='word_1_114' title='bbox 1324 1554 1485 1609; x_wconf 86' lang='lat' dir='ltr'><strong>talem</strong></span> <span class='ocrx_word' id='word_1_115' title='bbox 1526 1554 1600 1608; x_wconf 93' lang='lat' dir='ltr'><strong>illi</strong></span> <span class='ocrx_word' id='word_1_116' title='bbox 1628 1554 1800 1609; x_wconf 90' lang='lat' dir='ltr'><strong>collu-</strong></span> 
     </span>
    </p>
   </div>
   <div class='ocr_carea' id='block_1_17' title="bbox 194 1644 1801 1717">
    <p class='ocr_par' dir='ltr' id='par_1_17' title="bbox 194 1644 1801 1717">
     <span class='ocr_line' id='line_1_17' title="bbox 194 1644 1801 1717; baseline 0 -16"><span class='ocrx_word' id='word_1_117' title='bbox 194 1648 504 1701; x_wconf 86' lang='lat' dir='ltr'><strong>ctationem</strong></span> <span class='ocrx_word' id='word_1_118' title='bbox 546 1644 713 1700; x_wconf 87' lang='lat' dir='ltr'><strong>fuisse</strong></span> <span class='ocrx_word' id='word_1_119' title='bbox 738 1646 1068 1702; x_wconf 82' lang='lat' dir='ltr'><strong>credendtnn</strong></span> <span class='ocrx_word' id='word_1_120' title='bbox 1100 1654 1203 1713; x_wconf 84' lang='lat' dir='ltr'><strong>est,</strong></span> <span class='ocrx_word' id='word_1_121' title='bbox 1233 1646 1446 1717; x_wconf 88' lang='lat' dir='ltr'><strong>qualem</strong></span> <span class='ocrx_word' id='word_1_122' title='bbox 1474 1647 1676 1703; x_wconf 83' lang='lat' dir='ltr'><strong>habent</strong></span> <span class='ocrx_word' id='word_1_123' title='bbox 1705 1647 1801 1717; x_wconf 88' lang='lat' dir='ltr'><strong>qui</strong></span> 
     </span>
    </p>
   </div>
   <div class='ocr_carea' id='block_1_18' title="bbox 187 1735 1799 1808">
    <p class='ocr_par' dir='ltr' id='par_1_18' title="bbox 187 1735 1799 1808">
     <span class='ocr_line' id='line_1_18' title="bbox 187 1735 1799 1808; baseline -0.001 -15"><span class='ocrx_word' id='word_1_124' title='bbox 187 1745 429 1808; x_wconf 86' lang='lat' dir='ltr'><strong>possunt</strong></span> <span class='ocrx_word' id='word_1_125' title='bbox 454 1735 674 1790; x_wconf 77' lang='lat' dir='ltr'><strong>dicere:</strong></span> <span class='ocrx_word' id='word_1_126' title='bbox 716 1735 841 1789; x_wconf 78' lang='lat' dir='ltr'><strong>Non</strong></span> <span class='ocrx_word' id='word_1_127' title='bbox 889 1746 966 1791; x_wconf 84' lang='lat' dir='ltr'><strong>est</strong></span> <span class='ocrx_word' id='word_1_128' title='bbox 1012 1738 1160 1791; x_wconf 84' lang='lat' dir='ltr'><strong>nobis</strong></span> <span class='ocrx_word' id='word_1_129' title='bbox 1202 1737 1504 1791; x_wconf 78' lang='lat' dir='ltr'><strong>colluctatio</strong></span> <span class='ocrx_word' id='word_1_130' title='bbox 1550 1737 1799 1792; x_wconf 83' lang='lat' dir='ltr'><strong>adversus</strong></span> 
     </span>
    </p>
   </div>
   <div class='ocr_carea' id='block_1_19' title="bbox 188 1814 1798 1898">
    <p class='ocr_par' dir='ltr' id='par_1_19' title="bbox 188 1814 1798 1898">
     <span class='ocr_line' id='line_1_19' title="bbox 188 1814 1798 1898; baseline 0.001 -16"><span class='ocrx_word' id='word_1_131' title='bbox 188 1845 417 1882; x_wconf 84' lang='lat' dir='ltr'><strong>carnem</strong></span> <span class='ocrx_word' id='word_1_132' title='bbox 492 1835 541 1881; x_wconf 89' lang='lat' dir='ltr'><strong>et</strong></span> <span class='ocrx_word' id='word_1_133' title='bbox 607 1828 938 1898; x_wconf 82' lang='lat' dir='ltr'><strong>sanguinem.</strong></span> <span class='ocrx_word' id='word_1_134' title='bbox 1011 1826 1122 1883; x_wconf 88' lang='lat' dir='ltr'><strong>Nec</strong></span> <span class='ocrx_word' id='word_1_135' title='bbox 1170 1814 1417 1884; x_wconf 32' lang='lat' dir='ltr'><strong>&#39;necesse</strong></span> <span class='ocrx_word' id='word_1_136' title='bbox 1476 1836 1561 1884; x_wconf 86' lang='lat' dir='ltr'><strong>est</strong></span> <span class='ocrx_word' id='word_1_137' title='bbox 1628 1837 1798 1884; x_wconf 85' lang='lat' dir='ltr'><strong>totum</strong></span> 
     </span>
    </p>
   </div>
   <div class='ocr_carea' id='block_1_20' title="bbox 1899 630 3495 701">
    <p class='ocr_par' dir='ltr' id='par_1_20' title="bbox 1899 630 3495 701">
     <span class='ocr_line' id='line_1_20' title="bbox 1899 630 3495 701; baseline 0.004 -17"><span class='ocrx_word' id='word_1_138' title='bbox 1899 630 2010 685; x_wconf 91' lang='lat' dir='ltr'><strong>lum</strong></span> <span class='ocrx_word' id='word_1_139' title='bbox 2057 631 2375 687; x_wconf 81' lang='lat' dir='ltr'><strong>satellitibus</strong></span> <span class='ocrx_word' id='word_1_140' title='bbox 2429 633 2542 688; x_wconf 86' lang='lat' dir='ltr'><strong>suis</strong></span> <span class='ocrx_word' id='word_1_141' title='bbox 2567 632 2779 687; x_wconf 83' lang='lat' dir='ltr'><strong>diversa</strong></span> <span class='ocrx_word' id='word_1_142' title='bbox 2825 633 2997 689; x_wconf 80' lang='lat' dir='ltr'><strong>oﬂicia</strong></span> <span class='ocrx_word' id='word_1_143' title='bbox 3051 632 3406 701; x_wconf 85' lang='lat' dir='ltr'><strong>commisisse,</strong></span> <span class='ocrx_word' id='word_1_144' title='bbox 3435 643 3495 693; x_wconf 88' lang='lat' dir='ltr'><strong>et</strong></span> 
     </span>
    </p>
   </div>
   <div class='ocr_carea' id='block_1_21' title="bbox 1900 722 3489 794">
    <p class='ocr_par' dir='ltr' id='par_1_21' title="bbox 1900 722 3489 794">
     <span class='ocr_line' id='line_1_21' title="bbox 1900 722 3489 794; baseline 0.003 -18"><span class='ocrx_word' id='word_1_145' title='bbox 1900 736 2007 776; x_wconf 82' lang='lat' dir='ltr'><strong>non</strong></span> <span class='ocrx_word' id='word_1_146' title='bbox 2060 736 2185 777; x_wconf 88' lang='lat' dir='ltr'><strong>esse</strong></span> <span class='ocrx_word' id='word_1_147' title='bbox 2228 722 2423 779; x_wconf 82' lang='lat' dir='ltr'><strong>harum</strong></span> <span class='ocrx_word' id='word_1_148' title='bbox 2488 724 2913 794; x_wconf 76' lang='lat' dir='ltr'><strong>descriptionum</strong></span> <span class='ocrx_word' id='word_1_149' title='bbox 2966 734 3245 781; x_wconf 88' lang='lat' dir='ltr'><strong>auctorem</strong></span> <span class='ocrx_word' id='word_1_150' title='bbox 3297 726 3489 783; x_wconf 81' lang='lat' dir='ltr'><strong>Deum.</strong></span> 
     </span>
    </p>
   </div>
   <div class='ocr_carea' id='block_1_22' title="bbox 1899 814 3494 897">
    <p class='ocr_par' dir='ltr' id='par_1_22' title="bbox 1899 814 3494 897">
     <span class='ocr_line' id='line_1_22' title="bbox 1899 814 3494 897; baseline 0.003 -28"><span class='ocrx_word' id='word_1_151' title='bbox 1899 814 2000 869; x_wconf 87' lang='lat' dir='ltr'><strong>Cui</strong></span> <span class='ocrx_word' id='word_1_152' title='bbox 2020 823 2199 886; x_wconf 86' lang='lat' dir='ltr'><strong>potest</strong></span> <span class='ocrx_word' id='word_1_153' title='bbox 2226 815 2359 870; x_wconf 86' lang='lat' dir='ltr'><strong>illud</strong></span> <span class='ocrx_word' id='word_1_154' title='bbox 2389 816 2615 888; x_wconf 80' lang='lat' dir='ltr'><strong>diligens</strong></span> <span class='ocrx_word' id='word_1_155' title='bbox 2636 818 2807 873; x_wconf 88' lang='lat' dir='ltr'><strong>lector</strong></span> <span class='ocrx_word' id='word_1_156' title='bbox 2828 834 3122 897; x_wconf 69' lang='lat' dir='ltr'><strong>opponere,</strong></span> <span class='ocrx_word' id='word_1_157' title='bbox 3153 818 3494 889; x_wconf 67' lang='lat' dir='ltr'><strong>etquomodo</strong></span> 
     </span>
    </p>
   </div>
   <div class='ocr_carea' id='block_1_23' title="bbox 1900 908 3490 984">
    <p class='ocr_par' dir='ltr' id='par_1_23' title="bbox 1900 908 3490 984">
     <span class='ocr_line' id='line_1_23' title="bbox 1900 908 3490 984; baseline -0.001 -20"><span class='ocrx_word' id='word_1_158' title='bbox 1900 909 2162 979; x_wconf 88' lang='lat' dir='ltr'><strong>scriptum</strong></span> <span class='ocrx_word' id='word_1_159' title='bbox 2201 914 2323 965; x_wconf 90' lang='lat' dir='ltr'><strong>est:</strong></span> <span class='ocrx_word' id='word_1_160' title='bbox 2357 908 2483 963; x_wconf 87' lang='lat' dir='ltr'><strong>Non</strong></span> <span class='ocrx_word' id='word_1_161' title='bbox 2520 918 2594 965; x_wconf 87' lang='lat' dir='ltr'><strong>est</strong></span> <span class='ocrx_word' id='word_1_162' title='bbox 2634 914 2896 982; x_wconf 73' lang='lat' dir='ltr'><strong>potestas,</strong></span> <span class='ocrx_word' id='word_1_163' title='bbox 2948 912 3051 967; x_wconf 85' lang='lat' dir='ltr'><strong>nisi</strong></span> <span class='ocrx_word' id='word_1_164' title='bbox 3088 930 3120 966; x_wconf 91' lang='lat' dir='ltr'><strong>a</strong></span> <span class='ocrx_word' id='word_1_165' title='bbox 3168 910 3278 965; x_wconf 85' lang='lat' dir='ltr'><strong>Deo</strong></span> <span class='ocrx_word' id='word_1_166' title='bbox 3314 908 3490 984; x_wconf 85' lang='lat' dir='ltr'><strong>(Rom.</strong></span> 
     </span>
    </p>
   </div>
   <div class='ocr_carea' id='block_1_24' title="bbox 1901 999 3490 1074">
    <p class='ocr_par' dir='ltr' id='par_1_24' title="bbox 1901 999 3490 1074">
     <span class='ocr_line' id='line_1_24' title="bbox 1901 999 3490 1074; baseline 0 -17"><span class='ocrx_word' id='word_1_167' title='bbox 1901 1001 2049 1071; x_wconf 80' lang='lat' dir='ltr'><strong>xm).</strong></span> <span class='ocrx_word' id='word_1_168' title='bbox 2081 999 2237 1068; x_wconf 84' lang='lat' dir='ltr'><strong>Quod</strong></span> <span class='ocrx_word' id='word_1_169' title='bbox 2264 1002 2310 1056; x_wconf 90' lang='lat' dir='ltr'><strong>si</strong></span> <span class='ocrx_word' id='word_1_170' title='bbox 2341 1000 2406 1056; x_wconf 90' lang='lat' dir='ltr'><strong>de</strong></span> <span class='ocrx_word' id='word_1_171' title='bbox 2450 1000 2760 1059; x_wconf 87' lang='lat' dir='ltr'><strong>hominibus</strong></span> <span class='ocrx_word' id='word_1_172' title='bbox 2800 1002 3022 1071; x_wconf 86' lang='lat' dir='ltr'><strong>dicitur,</strong></span> <span class='ocrx_word' id='word_1_173' title='bbox 3061 1011 3269 1074; x_wconf 83' lang='lat' dir='ltr'><strong>quanto</strong></span> <span class='ocrx_word' id='word_1_174' title='bbox 3314 1004 3490 1074; x_wconf 87' lang='lat' dir='ltr'><strong>magis</strong></span> 
     </span>
    </p>
   </div>
   <div class='ocr_carea' id='block_1_25' title="bbox 1901 1092 3493 1166">
    <p class='ocr_par' dir='ltr' id='par_1_25' title="bbox 1901 1092 3493 1166">
     <span class='ocr_line' id='line_1_25' title="bbox 1901 1092 3493 1166; baseline 0.004 -20"><span class='ocrx_word' id='word_1_175' title='bbox 1901 1092 1969 1147; x_wconf 89' lang='lat' dir='ltr'><strong>de</strong></span> <span class='ocrx_word' id='word_1_176' title='bbox 1993 1093 2079 1147; x_wconf 88' lang='lat' dir='ltr'><strong>bis</strong></span> <span class='ocrx_word' id='word_1_177' title='bbox 2104 1092 2197 1163; x_wconf 90' lang='lat' dir='ltr'><strong>qui</strong></span> <span class='ocrx_word' id='word_1_178' title='bbox 2229 1102 2359 1147; x_wconf 85' lang='lat' dir='ltr'><strong>sunt</strong></span> <span class='ocrx_word' id='word_1_179' title='bbox 2386 1093 2684 1150; x_wconf 86' lang='lat' dir='ltr'><strong>subtilioris</strong></span> <span class='ocrx_word' id='word_1_180' title='bbox 2708 1095 3055 1166; x_wconf 82' lang='lat' dir='ltr'><strong>meliorisque</strong></span> <span class='ocrx_word' id='word_1_181' title='bbox 3084 1096 3335 1151; x_wconf 65' lang='lat' dir='ltr'><strong>naturae?</strong></span> <span class='ocrx_word' id='word_1_182' title='bbox 3380 1093 3493 1152; x_wconf 86' lang='lat' dir='ltr'><strong>Nec</strong></span> 
     </span>
    </p>
   </div>
   <div class='ocr_carea' id='block_1_26' title="bbox 1901 1184 3495 1263">
    <p class='ocr_par' dir='ltr' id='par_1_26' title="bbox 1901 1184 3495 1263">
     <span class='ocr_line' id='line_1_26' title="bbox 1901 1184 3495 1263; baseline 0.002 -23"><span class='ocrx_word' id='word_1_183' title='bbox 1901 1185 2087 1240; x_wconf 86' lang='lat' dir='ltr'><strong>statim</strong></span> <span class='ocrx_word' id='word_1_184' title='bbox 2118 1184 2213 1254; x_wconf 89' lang='lat' dir='ltr'><strong>qui</strong></span> <span class='ocrx_word' id='word_1_185' title='bbox 2235 1185 2339 1240; x_wconf 87' lang='lat' dir='ltr'><strong>hoc</strong></span> <span class='ocrx_word' id='word_1_186' title='bbox 2364 1186 2583 1252; x_wconf 81' lang='lat' dir='ltr'><strong>sentiat,</strong></span> <span class='ocrx_word' id='word_1_187' title='bbox 2632 1185 2982 1263; x_wconf 74' lang='lat' dir='ltr'><strong>blasphemia:</strong></span> <span class='ocrx_word' id='word_1_188' title='bbox 3011 1202 3135 1244; x_wconf 88' lang='lat' dir='ltr'><strong>eum</strong></span> <span class='ocrx_word' id='word_1_189' title='bbox 3168 1188 3379 1244; x_wconf 87' lang='lat' dir='ltr'><strong>crimen</strong></span> <span class='ocrx_word' id='word_1_190' title='bbox 3403 1188 3495 1243; x_wconf 89' lang='lat' dir='ltr'><strong>in-</strong></span> 
     </span>
    </p>
   </div>
   <div class='ocr_carea' id='block_1_27' title="bbox 1902 1286 3497 1359">
    <p class='ocr_par' dir='ltr' id='par_1_27' title="bbox 1902 1286 3497 1359">
     <span class='ocr_line' id='line_1_27' title="bbox 1902 1286 3497 1359; baseline 0.002 -17"><span class='ocrx_word' id='word_1_191' title='bbox 1902 1300 2125 1342; x_wconf 88' lang='lat' dir='ltr'><strong>currere</strong></span> <span class='ocrx_word' id='word_1_192' title='bbox 2154 1305 2167 1340; x_wconf 89' lang='lat'><strong>:</strong></span> <span class='ocrx_word' id='word_1_193' title='bbox 2196 1286 2321 1358; x_wconf 89' lang='lat' dir='ltr'><strong>quia</strong></span> <span class='ocrx_word' id='word_1_194' title='bbox 2372 1289 2745 1359; x_wconf 81' lang='lat' dir='ltr'><strong>unusquisque</strong></span> <span class='ocrx_word' id='word_1_195' title='bbox 2764 1286 2923 1359; x_wconf 79' lang='lat' dir='ltr'><strong>juxta</strong></span> <span class='ocrx_word' id='word_1_196' title='bbox 2972 1306 3125 1346; x_wconf 88' lang='lat' dir='ltr'><strong>suam</strong></span> <span class='ocrx_word' id='word_1_197' title='bbox 3161 1290 3497 1347; x_wconf 85' lang='lat' dir='ltr'><strong>voluntatem</strong></span> 
     </span>
    </p>
   </div>
   <div class='ocr_carea' id='block_1_28' title="bbox 1903 1381 3500 1452">
    <p class='ocr_par' dir='ltr' id='par_1_28' title="bbox 1903 1381 3500 1452">
     <span class='ocr_line' id='line_1_28' title="bbox 1903 1381 3500 1452; baseline 0.003 -16"><span class='ocrx_word' id='word_1_198' title='bbox 1903 1381 2114 1436; x_wconf 85' lang='lat' dir='ltr'><strong>diversa</strong></span> <span class='ocrx_word' id='word_1_199' title='bbox 2165 1383 2468 1437; x_wconf 86' lang='lat' dir='ltr'><strong>ministeria</strong></span> <span class='ocrx_word' id='word_1_200' title='bbox 2516 1383 2741 1439; x_wconf 86' lang='lat' dir='ltr'><strong>sortitus</strong></span> <span class='ocrx_word' id='word_1_201' title='bbox 2786 1386 2875 1439; x_wconf 91' lang='lat' dir='ltr'><strong>sit.</strong></span> <span class='ocrx_word' id='word_1_202' title='bbox 2930 1382 3212 1452; x_wconf 86' lang='lat' dir='ltr'><strong>Quomodo</strong></span> <span class='ocrx_word' id='word_1_203' title='bbox 3258 1384 3402 1439; x_wconf 90' lang='lat' dir='ltr'><strong>enim</strong></span> <span class='ocrx_word' id='word_1_204' title='bbox 3440 1382 3500 1441; x_wconf 88' lang='lat' dir='ltr'><strong>in</strong></span> 
     </span>
    </p>
   </div>
   <div class='ocr_carea' id='block_1_29' title="bbox 1902 1472 3497 1546">
    <p class='ocr_par' dir='ltr' id='par_1_29' title="bbox 1902 1472 3497 1546">
     <span class='ocr_line' id='line_1_29' title="bbox 1902 1472 3497 1546; baseline 0.003 -20"><span class='ocrx_word' id='word_1_205' title='bbox 1902 1472 2127 1528; x_wconf 89' lang='lat' dir='ltr'><strong>urbibus</strong></span> <span class='ocrx_word' id='word_1_206' title='bbox 2152 1488 2247 1529; x_wconf 91' lang='lat' dir='ltr'><strong>eos</strong></span> <span class='ocrx_word' id='word_1_207' title='bbox 2270 1474 2360 1543; x_wconf 91' lang='lat' dir='ltr'><strong>qui</strong></span> <span class='ocrx_word' id='word_1_208' title='bbox 2381 1473 2582 1544; x_wconf 84' lang='lat' dir='ltr'><strong>aliquid</strong></span> <span class='ocrx_word' id='word_1_209' title='bbox 2612 1475 2965 1530; x_wconf 87' lang='lat' dir='ltr'><strong>commiscrce</strong></span> <span class='ocrx_word' id='word_1_210' title='bbox 2988 1473 3199 1546; x_wconf 81' lang='lat' dir='ltr'><strong>ﬂagitii,</strong></span> <span class='ocrx_word' id='word_1_211' title='bbox 3227 1475 3497 1543; x_wconf 83' lang='lat' dir='ltr'><strong>videmus,</strong></span> 
     </span>
    </p>
   </div>
   <div class='ocr_carea' id='block_1_30' title="bbox 1901 1563 3500 1647">
    <p class='ocr_par' dir='ltr' id='par_1_30' title="bbox 1901 1563 3500 1647">
     <span class='ocr_line' id='line_1_30' title="bbox 1901 1563 3500 1647; baseline 0.004 -29"><span class='ocrx_word' id='word_1_212' title='bbox 1901 1563 1988 1619; x_wconf 88' lang='lat' dir='ltr'><strong>vel</strong></span> <span class='ocrx_word' id='word_1_213' title='bbox 2010 1563 2214 1620; x_wconf 86' lang='lat' dir='ltr'><strong>bestias</strong></span> <span class='ocrx_word' id='word_1_214' title='bbox 2244 1564 2411 1629; x_wconf 88' lang='lat' dir='ltr'><strong>alere,</strong></span> <span class='ocrx_word' id='word_1_215' title='bbox 2443 1565 2529 1621; x_wconf 87' lang='lat' dir='ltr'><strong>vel</strong></span> <span class='ocrx_word' id='word_1_216' title='bbox 2560 1580 2747 1621; x_wconf 88' lang='lat' dir='ltr'><strong>secare</strong></span> <span class='ocrx_word' id='word_1_217' title='bbox 2792 1582 3084 1631; x_wconf 86' lang='lat' dir='ltr'><strong>marmora,</strong></span> <span class='ocrx_word' id='word_1_218' title='bbox 3116 1567 3202 1622; x_wconf 81' lang='lat' dir='ltr'><strong>vel</strong></span> <span class='ocrx_word' id='word_1_219' title='bbox 3233 1568 3500 1647; x_wconf 80' lang='lat' dir='ltr'><strong>mundare</strong></span> 
     </span>
    </p>
   </div>
   <div class='ocr_carea' id='block_1_31' title="bbox 1903 1656 3497 1732">
    <p class='ocr_par' dir='ltr' id='par_1_31' title="bbox 1903 1656 3497 1732">
     <span class='ocr_line' id='line_1_31' title="bbox 1903 1656 3497 1732; baseline 0.003 -21"><span class='ocrx_word' id='word_1_220' title='bbox 1903 1656 2195 1727; x_wconf 89' lang='lat' dir='ltr'><strong>spurcitias</strong></span> <span class='ocrx_word' id='word_1_221' title='bbox 2250 1657 2579 1726; x_wconf 88' lang='lat' dir='ltr'><strong>cloacarum,</strong></span> <span class='ocrx_word' id='word_1_222' title='bbox 2646 1659 2731 1713; x_wconf 85' lang='lat' dir='ltr'><strong>vel</strong></span> <span class='ocrx_word' id='word_1_223' title='bbox 2778 1674 3013 1729; x_wconf 76' lang='lat' dir='ltr'><strong>praeesse</strong></span> <span class='ocrx_word' id='word_1_224' title='bbox 3058 1660 3453 1732; x_wconf 82' lang='lat' dir='ltr'><strong>gladiatoribus</strong></span> <span class='ocrx_word' id='word_1_225' title='bbox 3479 1700 3497 1727; x_wconf 91' lang='lat'><strong>,</strong></span> 
     </span>
    </p>
   </div>
   <div class='ocr_carea' id='block_1_32' title="bbox 1903 1746 3505 1821">
    <p class='ocr_par' dir='ltr' id='par_1_32' title="bbox 1903 1746 3505 1821">
     <span class='ocr_line' id='line_1_32' title="bbox 1903 1746 3505 1821; baseline 0.002 -19"><span class='ocrx_word' id='word_1_226' title='bbox 1903 1755 1959 1802; x_wconf 90' lang='lat' dir='ltr'><strong>et</strong></span> <span class='ocrx_word' id='word_1_227' title='bbox 2014 1746 2287 1803; x_wconf 82' lang='lat' dir='ltr'><strong>fundendo</strong></span> <span class='ocrx_word' id='word_1_228' title='bbox 2348 1764 2566 1805; x_wconf 89' lang='lat' dir='ltr'><strong>reorum</strong></span> <span class='ocrx_word' id='word_1_229' title='bbox 2620 1750 2870 1821; x_wconf 83' lang='lat' dir='ltr'><strong>sanguini</strong></span> <span class='ocrx_word' id='word_1_230' title='bbox 2931 1749 3188 1806; x_wconf 87' lang='lat' dir='ltr'><strong>destinari</strong></span> <span class='ocrx_word' id='word_1_231' title='bbox 3249 1769 3262 1804; x_wconf 88' lang='lat'><strong>:</strong></span> <span class='ocrx_word' id='word_1_232' title='bbox 3318 1751 3393 1805; x_wconf 88' lang='lat' dir='ltr'><strong>ita</strong></span> <span class='ocrx_word' id='word_1_233' title='bbox 3450 1757 3505 1806; x_wconf 86' lang='lat' dir='ltr'><strong>et</strong></span> 
     </span>
    </p>
   </div>
   <div class='ocr_carea' id='block_1_33' title="bbox 1904 1838 3501 1910">
    <p class='ocr_par' dir='ltr' id='par_1_33' title="bbox 1904 1838 3501 1910">
     <span class='ocr_line' id='line_1_33' title="bbox 1904 1838 3501 1910; baseline 0.003 -19"><span class='ocrx_word' id='word_1_234' title='bbox 1904 1838 2176 1894; x_wconf 59' lang='lat' dir='ltr'><strong>daemones</strong></span> <span class='ocrx_word' id='word_1_235' title='bbox 2220 1854 2287 1894; x_wconf 79' lang='lat' dir='ltr'><strong>ex</strong></span> <span class='ocrx_word' id='word_1_236' title='bbox 2315 1840 2519 1910; x_wconf 88' lang='lat' dir='ltr'><strong>proprii</strong></span> <span class='ocrx_word' id='word_1_237' title='bbox 2563 1840 2773 1894; x_wconf 82' lang='lat' dir='ltr'><strong>arbitrii</strong></span> <span class='ocrx_word' id='word_1_238' title='bbox 2832 1840 3108 1906; x_wconf 83' lang='lat' dir='ltr'><strong>libertate,</strong></span> <span class='ocrx_word' id='word_1_239' title='bbox 3156 1840 3501 1909; x_wconf 86' lang='lat' dir='ltr'><strong>insidiarum,</strong></span> 
     </span>
    </p>
   </div>
   <div class='ocr_carea' id='block_1_34' title="bbox 188 1906 3507 2004">
    <p class='ocr_par' dir='ltr' id='par_1_34' title="bbox 188 1906 3507 2004">
     <span class='ocr_line' id='line_1_34' title="bbox 188 1906 3507 2004; baseline 0 -15"><span class='ocrx_word' id='word_1_240' title='bbox 188 1920 303 1976; x_wconf 69' lang='grc' dir='ltr'><strong>ιοοί</strong></span> <span class='ocrx_word' id='word_1_241' title='bbox 331 1921 479 1976; x_wconf 63' lang='lat' dir='ltr'><strong>illius</strong></span> <span class='ocrx_word' id='word_1_242' title='bbox 521 1929 778 1976; x_wconf 61' lang='grc' dir='ltr'><strong>θκϐυιεΐε</strong></span> <span class='ocrx_word' id='word_1_243' title='bbox 825 1930 1248 1988; x_wconf 61' lang='lat' dir='ltr'><strong>sacramentum.</strong></span> <span class='ocrx_word' id='word_1_244' title='bbox 1289 1938 1411 1977; x_wconf 85' lang='lat' dir='ltr'><strong>cum</strong></span> <span class='ocrx_word' id='word_1_245' title='bbox 1444 1923 1498 1977; x_wconf 92' lang='lat' dir='ltr'><strong>in</strong></span> <span class='ocrx_word' id='word_1_246' title='bbox 1529 1937 1628 1978; x_wconf 92' lang='lat' dir='ltr'><strong>suo</strong></span> <span class='ocrx_word' id='word_1_247' title='bbox 1658 1922 1800 1989; x_wconf 87' lang='lat' dir='ltr'><strong>loco,</strong></span> <span class='ocrx_word' id='word_1_248' title='bbox 1832 1906 1884 1974; x_wconf 77' lang='grc' dir='ltr'><em>Β</em></span> <span class='ocrx_word' id='word_1_249' title='bbox 1908 1927 2179 1995; x_wconf 81' lang='lat' dir='ltr'><strong>fraudum,</strong></span> <span class='ocrx_word' id='word_1_250' title='bbox 2199 1931 2465 1986; x_wconf 89' lang='lat' dir='ltr'><strong>scelerum</strong></span> <span class='ocrx_word' id='word_1_251' title='bbox 2480 1940 2640 2002; x_wconf 89' lang='lat' dir='ltr'><strong>atque</strong></span> <span class='ocrx_word' id='word_1_252' title='bbox 2655 1929 2956 2003; x_wconf 87' lang='lat' dir='ltr'><strong>perjurii,et</strong></span> <span class='ocrx_word' id='word_1_253' title='bbox 2972 1932 3234 2004; x_wconf 89' lang='lat' dir='ltr'><strong>reliquam</strong></span> <span class='ocrx_word' id='word_1_254' title='bbox 3248 1934 3507 1989; x_wconf 89' lang='lat' dir='ltr'><strong>vitiorum</strong></span> 
     </span>
    </p>
   </div>
   <div class='ocr_carea' id='block_1_35' title="bbox 192 2010 1807 2086">
    <p class='ocr_par' dir='ltr' id='par_1_35' title="bbox 192 2010 1807 2086">
     <span class='ocr_line' id='line_1_35' title="bbox 192 2010 1807 2086; baseline 0.002 -17"><span class='ocrx_word' id='word_1_255' title='bbox 192 2010 241 2069; x_wconf 89' lang='lat' dir='ltr'><strong>si</strong></span> <span class='ocrx_word' id='word_1_256' title='bbox 271 2014 492 2079; x_wconf 79' lang='lat' dir='ltr'><strong>vixero,</strong></span> <span class='ocrx_word' id='word_1_257' title='bbox 520 2012 733 2086; x_wconf 90' lang='lat' dir='ltr'><strong>plenius</strong></span> <span class='ocrx_word' id='word_1_258' title='bbox 762 2015 1136 2070; x_wconf 86' lang='lat' dir='ltr'><strong>disserendum</strong></span> <span class='ocrx_word' id='word_1_259' title='bbox 1172 2016 1261 2071; x_wconf 85' lang='lat' dir='ltr'><strong>sit.</strong></span> <span class='ocrx_word' id='word_1_260' title='bbox 1286 2015 1592 2084; x_wconf 64' lang='lat' dir='ltr'><strong>Quaerimus</strong></span> <span class='ocrx_word' id='word_1_261' title='bbox 1623 2026 1807 2072; x_wconf 89' lang='lat' dir='ltr'><strong>autem</strong></span> 
     </span>
    </p>
   </div>
   <div class='ocr_carea' id='block_1_36' title="bbox 188 2104 1810 2182">
    <p class='ocr_par' dir='ltr' id='par_1_36' title="bbox 188 2104 1810 2182">
     <span class='ocr_line' id='line_1_36' title="bbox 188 2104 1810 2182; baseline 0.003 -21"><span class='ocrx_word' id='word_1_262' title='bbox 188 2107 288 2162; x_wconf 85' lang='lat' dir='ltr'><strong>ubi</strong></span> <span class='ocrx_word' id='word_1_263' title='bbox 339 2108 397 2162; x_wconf 90' lang='lat' dir='ltr'><strong>in</strong></span> <span class='ocrx_word' id='word_1_264' title='bbox 445 2104 625 2162; x_wconf 75' lang='lat' dir='ltr'><strong>Veteri</strong></span> <span class='ocrx_word' id='word_1_265' title='bbox 675 2107 1025 2164; x_wconf 86' lang='lat' dir='ltr'><strong>Testamento</strong></span> <span class='ocrx_word' id='word_1_266' title='bbox 1068 2106 1268 2165; x_wconf 85' lang='lat' dir='ltr'><strong>Paulus</strong></span> <span class='ocrx_word' id='word_1_267' title='bbox 1307 2111 1424 2166; x_wconf 84' lang='lat' dir='ltr'><strong>haec</strong></span> <span class='ocrx_word' id='word_1_268' title='bbox 1458 2109 1672 2182; x_wconf 86' lang='lat' dir='ltr'><strong>legerit,</strong></span> <span class='ocrx_word' id='word_1_269' title='bbox 1714 2118 1810 2166; x_wconf 90' lang='lat' dir='ltr'><strong>aut</strong></span> 
     </span>
    </p>
   </div>
   <div class='ocr_carea' id='block_1_37' title="bbox 188 2201 1812 2275">
    <p class='ocr_par' dir='ltr' id='par_1_37' title="bbox 188 2201 1812 2275">
     <span class='ocr_line' id='line_1_37' title="bbox 188 2201 1812 2275; baseline 0.002 -20"><span class='ocrx_word' id='word_1_270' title='bbox 188 2218 305 2275; x_wconf 88' lang='lat' dir='ltr'><strong>qua</strong></span> <span class='ocrx_word' id='word_1_271' title='bbox 346 2201 700 2269; x_wconf 87' lang='lat' dir='ltr'><strong>auctoritate,</strong></span> <span class='ocrx_word' id='word_1_272' title='bbox 757 2218 879 2275; x_wconf 76' lang='lat' dir='ltr'><strong>qua:</strong></span> <span class='ocrx_word' id='word_1_273' title='bbox 922 2202 1146 2258; x_wconf 89' lang='lat' dir='ltr'><strong>minime</strong></span> <span class='ocrx_word' id='word_1_274' title='bbox 1199 2205 1401 2274; x_wconf 87' lang='lat' dir='ltr'><strong>scripta</strong></span> <span class='ocrx_word' id='word_1_275' title='bbox 1450 2211 1597 2270; x_wconf 90' lang='lat' dir='ltr'><strong>sunt,</strong></span> <span class='ocrx_word' id='word_1_276' title='bbox 1635 2203 1812 2274; x_wconf 87' lang='lat' dir='ltr'><strong>publi-</strong></span> 
     </span>
    </p>
   </div>
   <div class='ocr_carea' id='block_1_38' title="bbox 188 2291 1811 2365">
    <p class='ocr_par' dir='ltr' id='par_1_38' title="bbox 188 2291 1811 2365">
     <span class='ocr_line' id='line_1_38' title="bbox 188 2291 1811 2365; baseline -0.001 -16"><span class='ocrx_word' id='word_1_277' title='bbox 188 2293 359 2349; x_wconf 88' lang='lat' dir='ltr'><strong>carit.</strong></span> <span class='ocrx_word' id='word_1_278' title='bbox 386 2292 456 2347; x_wconf 87' lang='lat' dir='ltr'><strong>Et</strong></span> <span class='ocrx_word' id='word_1_279' title='bbox 496 2291 815 2361; x_wconf 89' lang='lat' dir='ltr'><strong>conjieimus</strong></span> <span class='ocrx_word' id='word_1_280' title='bbox 838 2309 905 2349; x_wconf 81' lang='lat' dir='ltr'><strong>ex</strong></span> <span class='ocrx_word' id='word_1_281' title='bbox 931 2293 1039 2361; x_wconf 79' lang='lat' dir='ltr'><strong>liis,</strong></span> <span class='ocrx_word' id='word_1_282' title='bbox 1088 2310 1210 2365; x_wconf 66' lang='lat' dir='ltr'><strong>quae</strong></span> <span class='ocrx_word' id='word_1_283' title='bbox 1260 2293 1328 2350; x_wconf 92' lang='lat' dir='ltr'><strong>de</strong></span> <span class='ocrx_word' id='word_1_284' title='bbox 1386 2293 1588 2364; x_wconf 62' lang='lat' dir='ltr'><strong>praeliis</strong></span> <span class='ocrx_word' id='word_1_285' title='bbox 1617 2301 1670 2351; x_wconf 88' lang='lat' dir='ltr'><strong>et</strong></span> <span class='ocrx_word' id='word_1_286' title='bbox 1698 2295 1811 2350; x_wconf 89' lang='lat' dir='ltr'><strong>sin-</strong></span> 
     </span>
    </p>
   </div>
   <div class='ocr_carea' id='block_1_39' title="bbox 189 2385 1809 2458">
    <p class='ocr_par' dir='ltr' id='par_1_39' title="bbox 189 2385 1809 2458">
     <span class='ocr_line' id='line_1_39' title="bbox 189 2385 1809 2458; baseline 0.001 -19"><span class='ocrx_word' id='word_1_287' title='bbox 189 2386 377 2458; x_wconf 82' lang='lat' dir='ltr'><strong>gulari</strong></span> <span class='ocrx_word' id='word_1_288' title='bbox 435 2385 759 2453; x_wconf 89' lang='lat' dir='ltr'><strong>certamine,</strong></span> <span class='ocrx_word' id='word_1_289' title='bbox 823 2386 975 2441; x_wconf 92' lang='lat' dir='ltr'><strong>verbi</strong></span> <span class='ocrx_word' id='word_1_290' title='bbox 1046 2402 1231 2452; x_wconf 90' lang='lat' dir='ltr'><strong>causa,</strong></span> <span class='ocrx_word' id='word_1_291' title='bbox 1292 2385 1465 2442; x_wconf 85' lang='lat' dir='ltr'><strong>David</strong></span> <span class='ocrx_word' id='word_1_292' title='bbox 1516 2387 1809 2443; x_wconf 89' lang='lat' dir='ltr'><strong>adversum</strong></span> 
     </span>
    </p>
   </div>
   <div class='ocr_carea' id='block_1_40' title="bbox 188 2476 1812 2550">
    <p class='ocr_par' dir='ltr' id='par_1_40' title="bbox 188 2476 1812 2550">
     <span class='ocr_line' id='line_1_40' title="bbox 188 2476 1812 2550; baseline -0.002 -15"><span class='ocrx_word' id='word_1_293' title='bbox 188 2479 443 2544; x_wconf 82' lang='lat' dir='ltr'><strong>Goliatb,</strong></span> <span class='ocrx_word' id='word_1_294' title='bbox 495 2486 549 2532; x_wconf 92' lang='lat' dir='ltr'><strong>et</strong></span> <span class='ocrx_word' id='word_1_295' title='bbox 592 2476 830 2531; x_wconf 85' lang='lat' dir='ltr'><strong>ﬁliorum</strong></span> <span class='ocrx_word' id='word_1_296' title='bbox 884 2476 1049 2532; x_wconf 90' lang='lat' dir='ltr'><strong>Israel</strong></span> <span class='ocrx_word' id='word_1_297' title='bbox 1110 2486 1300 2532; x_wconf 89' lang='lat' dir='ltr'><strong>contra</strong></span> <span class='ocrx_word' id='word_1_298' title='bbox 1364 2478 1699 2550; x_wconf 77' lang='lat' dir='ltr'><strong>alienigenas</strong></span> <span class='ocrx_word' id='word_1_299' title='bbox 1754 2485 1812 2531; x_wconf 89' lang='lat' dir='ltr'><strong>et</strong></span> 
     </span>
    </p>
   </div>
   <div class='ocr_carea' id='block_1_41' title="bbox 188 2566 1806 2640">
    <p class='ocr_par' dir='ltr' id='par_1_41' title="bbox 188 2566 1806 2640">
     <span class='ocr_line' id='line_1_41' title="bbox 188 2566 1806 2640; baseline -0.002 -15"><span class='ocrx_word' id='word_1_300' title='bbox 188 2578 432 2625; x_wconf 65' lang='lat' dir='ltr'><strong>caeteras</strong></span> <span class='ocrx_word' id='word_1_301' title='bbox 460 2576 672 2640; x_wconf 78' lang='lat' dir='ltr'><strong>gentes,</strong></span> <span class='ocrx_word' id='word_1_302' title='bbox 699 2567 901 2637; x_wconf 86' lang='lat' dir='ltr'><strong>scripta</strong></span> <span class='ocrx_word' id='word_1_303' title='bbox 926 2576 1053 2622; x_wconf 88' lang='lat' dir='ltr'><strong>sunt</strong></span> <span class='ocrx_word' id='word_1_304' title='bbox 1080 2567 1136 2623; x_wconf 92' lang='lat' dir='ltr'><strong>in</strong></span> <span class='ocrx_word' id='word_1_305' title='bbox 1171 2566 1289 2639; x_wconf 84' lang='lat' dir='ltr'><strong>lege</strong></span> <span class='ocrx_word' id='word_1_306' title='bbox 1315 2576 1371 2624; x_wconf 90' lang='lat' dir='ltr'><strong>et</strong></span> <span class='ocrx_word' id='word_1_307' title='bbox 1398 2568 1453 2622; x_wconf 94' lang='lat' dir='ltr'><strong>in</strong></span> <span class='ocrx_word' id='word_1_308' title='bbox 1483 2568 1611 2624; x_wconf 79' lang='lat' dir='ltr'><strong>Jesu</strong></span> <span class='ocrx_word' id='word_1_309' title='bbox 1638 2566 1806 2633; x_wconf 86' lang='lat' dir='ltr'><strong>Nave,</strong></span> 
     </span>
    </p>
   </div>
   <div class='ocr_carea' id='block_1_42' title="bbox 187 2656 1810 2730">
    <p class='ocr_par' dir='ltr' id='par_1_42' title="bbox 187 2656 1810 2730">
     <span class='ocr_line' id='line_1_42' title="bbox 187 2656 1810 2730; baseline -0.002 -14"><span class='ocrx_word' id='word_1_310' title='bbox 187 2670 247 2717; x_wconf 91' lang='lat' dir='ltr'><strong>et</strong></span> <span class='ocrx_word' id='word_1_311' title='bbox 269 2660 418 2714; x_wconf 89' lang='lat' dir='ltr'><strong>libro</strong></span> <span class='ocrx_word' id='word_1_312' title='bbox 440 2656 694 2714; x_wconf 83' lang='lat' dir='ltr'><strong>Judicum</strong></span> <span class='ocrx_word' id='word_1_313' title='bbox 721 2668 774 2713; x_wconf 91' lang='lat' dir='ltr'><strong>et</strong></span> <span class='ocrx_word' id='word_1_314' title='bbox 801 2657 1033 2730; x_wconf 78' lang='lat' dir='ltr'><strong>Regum,</strong></span> <span class='ocrx_word' id='word_1_315' title='bbox 1058 2666 1113 2713; x_wconf 92' lang='lat' dir='ltr'><strong>et</strong></span> <span class='ocrx_word' id='word_1_316' title='bbox 1136 2658 1612 2728; x_wconf 88' lang='lat' dir='ltr'><strong>Paralipomenon,</strong></span> <span class='ocrx_word' id='word_1_317' title='bbox 1649 2658 1810 2713; x_wconf 90' lang='lat' dir='ltr'><strong>altius</strong></span> 
     </span>
    </p>
   </div>
   <div class='ocr_carea' id='block_1_43' title="bbox 188 2750 1813 2823">
    <p class='ocr_par' dir='ltr' id='par_1_43' title="bbox 188 2750 1813 2823">
     <span class='ocr_line' id='line_1_43' title="bbox 188 2750 1813 2823; baseline -0.002 -14"><span class='ocrx_word' id='word_1_318' title='bbox 188 2752 541 2811; x_wconf 79' lang='lat' dir='ltr'><strong>intellexisse</strong></span> <span class='ocrx_word' id='word_1_319' title='bbox 562 2750 901 2823; x_wconf 76' lang='lat' dir='ltr'><strong>Apostolum,</strong></span> <span class='ocrx_word' id='word_1_320' title='bbox 919 2758 973 2806; x_wconf 92' lang='lat' dir='ltr'><strong>et</strong></span> <span class='ocrx_word' id='word_1_321' title='bbox 996 2751 1240 2823; x_wconf 85' lang='lat' dir='ltr'><strong>spiritale</strong></span> <span class='ocrx_word' id='word_1_322' title='bbox 1262 2751 1722 2808; x_wconf 78' lang='lat' dir='ltr'><strong>bellum’sensisse</strong></span> <span class='ocrx_word' id='word_1_323' title='bbox 1743 2751 1813 2805; x_wconf 87' lang='lat' dir='ltr'><strong>de</strong></span> 
     </span>
    </p>
   </div>
   <div class='ocr_carea' id='block_1_44' title="bbox 188 2842 1806 2914">
    <p class='ocr_par' dir='ltr' id='par_1_44' title="bbox 188 2842 1806 2914">
     <span class='ocr_line' id='line_1_44' title="bbox 188 2842 1806 2914; baseline -0.002 -14"><span class='ocrx_word' id='word_1_324' title='bbox 188 2859 428 2911; x_wconf 74' lang='lat' dir='ltr'><strong>corneo,</strong></span> <span class='ocrx_word' id='word_1_325' title='bbox 472 2858 581 2914; x_wconf 91' lang='lat' dir='ltr'><strong>quo</strong></span> <span class='ocrx_word' id='word_1_326' title='bbox 615 2851 920 2914; x_wconf 86' lang='lat' dir='ltr'><strong>pugnantes</strong></span> <span class='ocrx_word' id='word_1_327' title='bbox 956 2842 1084 2898; x_wconf 87' lang='lat' dir='ltr'><strong>victi</strong></span> <span class='ocrx_word' id='word_1_328' title='bbox 1113 2842 1220 2899; x_wconf 91' lang='lat' dir='ltr'><strong>sint</strong></span> <span class='ocrx_word' id='word_1_329' title='bbox 1256 2843 1370 2900; x_wconf 87' lang='lat' dir='ltr'><strong>sive</strong></span> <span class='ocrx_word' id='word_1_330' title='bbox 1396 2842 1806 2914; x_wconf 87' lang='lat' dir='ltr'><strong>superaverint;</strong></span> 
     </span>
    </p>
   </div>
   <div class='ocr_carea' id='block_1_45' title="bbox 188 2933 1812 3007">
    <p class='ocr_par' dir='ltr' id='par_1_45' title="bbox 188 2933 1812 3007">
     <span class='ocr_line' id='line_1_45' title="bbox 188 2933 1812 3007; baseline -0.003 -15"><span class='ocrx_word' id='word_1_331' title='bbox 188 2944 249 2992; x_wconf 89' lang='lat' dir='ltr'><strong>et</strong></span> <span class='ocrx_word' id='word_1_332' title='bbox 276 2944 534 3007; x_wconf 84' lang='lat' dir='ltr'><strong>satrapas</strong></span> <span class='ocrx_word' id='word_1_333' title='bbox 571 2933 790 3004; x_wconf 86' lang='lat' dir='ltr'><strong>quidem</strong></span> <span class='ocrx_word' id='word_1_334' title='bbox 818 2934 1243 3007; x_wconf 82' lang='lat' dir='ltr'><strong>uniuscujusque</strong></span> <span class='ocrx_word' id='word_1_335' title='bbox 1294 2935 1420 3003; x_wconf 92' lang='lat' dir='ltr'><strong>loci,</strong></span> <span class='ocrx_word' id='word_1_336' title='bbox 1451 2947 1812 3007; x_wconf 88' lang='lat' dir='ltr'><strong>superuarum</strong></span> 
     </span>
    </p>
   </div>
   <div class='ocr_carea' id='block_1_46' title="bbox 190 3024 1811 3100">
    <p class='ocr_par' dir='ltr' id='par_1_46' title="bbox 190 3024 1811 3100">
     <span class='ocr_line' id='line_1_46' title="bbox 190 3024 1811 3100; baseline -0.002 -17"><span class='ocrx_word' id='word_1_337' title='bbox 190 3024 376 3083; x_wconf 84' lang='lat' dir='ltr'><strong>fuisse</strong></span> <span class='ocrx_word' id='word_1_338' title='bbox 434 3025 638 3082; x_wconf 89' lang='lat' dir='ltr'><strong>indicia</strong></span> <span class='ocrx_word' id='word_1_339' title='bbox 688 3034 1055 3096; x_wconf 87' lang='lat' dir='ltr'><strong>potestatum;</strong></span> <span class='ocrx_word' id='word_1_340' title='bbox 1114 3042 1270 3100; x_wconf 86' lang='lat' dir='ltr'><strong>reges</strong></span> <span class='ocrx_word' id='word_1_341' title='bbox 1315 3038 1498 3083; x_wconf 89' lang='lat' dir='ltr'><strong>autem</strong></span> <span class='ocrx_word' id='word_1_342' title='bbox 1551 3026 1811 3084; x_wconf 88' lang='lat' dir='ltr'><strong>Gentium</strong></span> 
     </span>
    </p>
   </div>
   <div class='ocr_carea' id='block_1_47' title="bbox 190 3114 1813 3189">
    <p class='ocr_par' dir='ltr' id='par_1_47' title="bbox 190 3114 1813 3189">
     <span class='ocr_line' id='line_1_47' title="bbox 190 3114 1813 3189; baseline -0.001 -16"><span class='ocrx_word' id='word_1_343' title='bbox 190 3115 581 3189; x_wconf 83' lang='lat' dir='ltr'><strong>singularum,</strong></span> <span class='ocrx_word' id='word_1_344' title='bbox 631 3114 895 3184; x_wconf 81' lang='lat' dir='ltr'><strong>imagines</strong></span> <span class='ocrx_word' id='word_1_345' title='bbox 970 3131 1161 3172; x_wconf 87' lang='lat' dir='ltr'><strong>eorum</strong></span> <span class='ocrx_word' id='word_1_346' title='bbox 1222 3117 1315 3188; x_wconf 90' lang='lat' dir='ltr'><strong>qui</strong></span> <span class='ocrx_word' id='word_1_347' title='bbox 1375 3134 1521 3173; x_wconf 90' lang='lat' dir='ltr'><strong>nunc</strong></span> <span class='ocrx_word' id='word_1_348' title='bbox 1569 3124 1813 3173; x_wconf 89' lang='lat' dir='ltr'><strong>rectores</strong></span> 
     </span>
    </p>
   </div>
   <div class='ocr_carea' id='block_1_48' title="bbox 190 3206 1812 3278">
    <p class='ocr_par' dir='ltr' id='par_1_48' title="bbox 190 3206 1812 3278">
     <span class='ocr_line' id='line_1_48' title="bbox 190 3206 1812 3278; baseline -0.002 -14"><span class='ocrx_word' id='word_1_349' title='bbox 190 3207 400 3264; x_wconf 88' lang='lat' dir='ltr'><strong>mundi</strong></span> <span class='ocrx_word' id='word_1_350' title='bbox 441 3207 903 3278; x_wconf 88' lang='lat' dir='ltr'><strong>teucbrarumque</strong></span> <span class='ocrx_word' id='word_1_351' title='bbox 937 3206 1193 3263; x_wconf 91' lang='lat' dir='ltr'><strong>dicuntur</strong></span> <span class='ocrx_word' id='word_1_352' title='bbox 1221 3224 1237 3263; x_wconf 88' lang='lat'><strong>:</strong></span> <span class='ocrx_word' id='word_1_353' title='bbox 1277 3206 1451 3264; x_wconf 91' lang='lat' dir='ltr'><strong>malos</strong></span> <span class='ocrx_word' id='word_1_354' title='bbox 1478 3221 1610 3263; x_wconf 90' lang='lat' dir='ltr'><strong>vero</strong></span> <span class='ocrx_word' id='word_1_355' title='bbox 1637 3206 1812 3262; x_wconf 85' lang='lat' dir='ltr'><strong>homi-</strong></span> 
     </span>
    </p>
   </div>
   <div class='ocr_carea' id='block_1_49' title="bbox 1909 2018 3505 2091">
    <p class='ocr_par' dir='ltr' id='par_1_49' title="bbox 1909 2018 3505 2091">
     <span class='ocr_line' id='line_1_49' title="bbox 1909 2018 3505 2091; baseline 0.003 -17"><span class='ocrx_word' id='word_1_356' title='bbox 1909 2020 2246 2089; x_wconf 83' lang='lat' dir='ltr'><strong>provinciam</strong></span> <span class='ocrx_word' id='word_1_357' title='bbox 2265 2036 2385 2078; x_wconf 85' lang='lat' dir='ltr'><strong>esse</strong></span> <span class='ocrx_word' id='word_1_358' title='bbox 2402 2018 2644 2091; x_wconf 70' lang='lat' dir='ltr'><strong>sortitos,</strong></span> <span class='ocrx_word' id='word_1_359' title='bbox 2664 2030 2725 2077; x_wconf 89' lang='lat' dir='ltr'><strong>ut</strong></span> <span class='ocrx_word' id='word_1_360' title='bbox 2748 2024 2855 2079; x_wconf 87' lang='lat' dir='ltr'><strong>sint</strong></span> <span class='ocrx_word' id='word_1_361' title='bbox 2882 2033 3124 2080; x_wconf 86' lang='lat' dir='ltr'><strong>rectores</strong></span> <span class='ocrx_word' id='word_1_362' title='bbox 3138 2024 3505 2091; x_wconf 87' lang='lat' dir='ltr'><strong>tenebrarum,</strong></span> 
     </span>
    </p>
   </div>
   <div class='ocr_carea' id='block_1_50' title="bbox 1912 2112 3509 2187">
    <p class='ocr_par' dir='ltr' id='par_1_50' title="bbox 1912 2112 3509 2187">
     <span class='ocr_line' id='line_1_50' title="bbox 1912 2112 3509 2187; baseline 0.004 -22"><span class='ocrx_word' id='word_1_363' title='bbox 1912 2112 2041 2181; x_wconf 90' lang='lat' dir='ltr'><strong>quia</strong></span> <span class='ocrx_word' id='word_1_364' title='bbox 2063 2128 2184 2168; x_wconf 90' lang='lat' dir='ltr'><strong>esse</strong></span> <span class='ocrx_word' id='word_1_365' title='bbox 2208 2113 2344 2170; x_wconf 89' lang='lat' dir='ltr'><strong>lucis</strong></span> <span class='ocrx_word' id='word_1_366' title='bbox 2370 2115 2644 2184; x_wconf 87' lang='lat' dir='ltr'><strong>principes</strong></span> <span class='ocrx_word' id='word_1_367' title='bbox 2665 2115 2976 2171; x_wconf 86' lang='lat' dir='ltr'><strong>noluerunt.</strong></span> <span class='ocrx_word' id='word_1_368' title='bbox 3003 2116 3070 2171; x_wconf 86' lang='lat' dir='ltr'><strong>Hi</strong></span> <span class='ocrx_word' id='word_1_369' title='bbox 3094 2131 3223 2187; x_wconf 80' lang='lat' dir='ltr'><strong>ergo</strong></span> <span class='ocrx_word' id='word_1_370' title='bbox 3266 2124 3509 2172; x_wconf 89' lang='lat' dir='ltr'><strong>rectores</strong></span> 
     </span>
    </p>
   </div>
   <div class='ocr_carea' id='block_1_51' title="bbox 1913 2205 3509 2278">
    <p class='ocr_par' dir='ltr' id='par_1_51' title="bbox 1913 2205 3509 2278">
     <span class='ocr_line' id='line_1_51' title="bbox 1913 2205 3509 2278; baseline 0.001 -19"><span class='ocrx_word' id='word_1_371' title='bbox 1913 2205 2102 2259; x_wconf 88' lang='lat' dir='ltr'><strong>mundi</strong></span> <span class='ocrx_word' id='word_1_372' title='bbox 2157 2214 2322 2276; x_wconf 88' lang='lat' dir='ltr'><strong>atque</strong></span> <span class='ocrx_word' id='word_1_373' title='bbox 2361 2207 2731 2274; x_wconf 89' lang='lat' dir='ltr'><strong>tenebrarum,</strong></span> <span class='ocrx_word' id='word_1_374' title='bbox 2764 2221 2890 2263; x_wconf 88' lang='lat' dir='ltr'><strong>cum</strong></span> <span class='ocrx_word' id='word_1_375' title='bbox 2935 2209 3224 2264; x_wconf 87' lang='lat' dir='ltr'><strong>adversum</strong></span> <span class='ocrx_word' id='word_1_376' title='bbox 3273 2206 3509 2278; x_wconf 88' lang='lat' dir='ltr'><strong>aliquem</strong></span> 
     </span>
    </p>
   </div>
   <div class='ocr_carea' id='block_1_52' title="bbox 1913 2294 3509 2368">
    <p class='ocr_par' dir='ltr' id='par_1_52' title="bbox 1913 2294 3509 2368">
     <span class='ocr_line' id='line_1_52' title="bbox 1913 2294 3509 2368; baseline 0.002 -18"><span class='ocrx_word' id='word_1_377' title='bbox 1913 2294 2266 2351; x_wconf 88' lang='lat' dir='ltr'><strong>colluctantes</strong></span> <span class='ocrx_word' id='word_1_378' title='bbox 2309 2296 2779 2368; x_wconf 87' lang='lat' dir='ltr'><strong>supplantaverint</strong></span> <span class='ocrx_word' id='word_1_379' title='bbox 2822 2312 2969 2365; x_wconf 91' lang='lat' dir='ltr'><strong>eum,</strong></span> <span class='ocrx_word' id='word_1_380' title='bbox 3009 2306 3064 2352; x_wconf 90' lang='lat' dir='ltr'><strong>et</strong></span> <span class='ocrx_word' id='word_1_381' title='bbox 3112 2296 3341 2354; x_wconf 80' lang='lat' dir='ltr'><strong>fecerint</strong></span> <span class='ocrx_word' id='word_1_382' title='bbox 3382 2311 3509 2353; x_wconf 89' lang='lat' dir='ltr'><strong>cor-</strong></span> 
     </span>
    </p>
   </div>
   <div class='ocr_carea' id='block_1_53' title="bbox 1916 2389 3511 2453">
    <p class='ocr_par' dir='ltr' id='par_1_53' title="bbox 1916 2389 3511 2453">
     <span class='ocr_line' id='line_1_53' title="bbox 1916 2389 3511 2453; baseline 0.002 -11"><span class='ocrx_word' id='word_1_383' title='bbox 1916 2403 2094 2453; x_wconf 88' lang='lat' dir='ltr'><strong>ruere,</strong></span> <span class='ocrx_word' id='word_1_384' title='bbox 2160 2389 2345 2444; x_wconf 89' lang='lat' dir='ltr'><strong>statim</strong></span> <span class='ocrx_word' id='word_1_385' title='bbox 2398 2389 2550 2445; x_wconf 91' lang='lat' dir='ltr'><strong>illum</strong></span> <span class='ocrx_word' id='word_1_386' title='bbox 2588 2404 2687 2446; x_wconf 90' lang='lat' dir='ltr'><strong>suo</strong></span> <span class='ocrx_word' id='word_1_387' title='bbox 2740 2391 2945 2447; x_wconf 81' lang='lat' dir='ltr'><strong>mundo</strong></span> <span class='ocrx_word' id='word_1_388' title='bbox 3001 2400 3057 2447; x_wconf 90' lang='lat' dir='ltr'><strong>et</strong></span> <span class='ocrx_word' id='word_1_389' title='bbox 3111 2392 3225 2447; x_wconf 88' lang='lat' dir='ltr'><strong>suis</strong></span> <span class='ocrx_word' id='word_1_390' title='bbox 3271 2389 3511 2446; x_wconf 82' lang='lat' dir='ltr'><strong>tenebris</strong></span> 
     </span>
    </p>
   </div>
   <div class='ocr_carea' id='block_1_54' title="bbox 1914 2472 3509 2554">
    <p class='ocr_par' dir='ltr' id='par_1_54' title="bbox 1914 2472 3509 2554">
     <span class='ocr_line' id='line_1_54' title="bbox 1914 2472 3509 2554; baseline 0.002 -19"><span class='ocrx_word' id='word_1_391' title='bbox 1914 2482 2110 2550; x_wconf 88' lang='lat' dir='ltr'><strong>quibus</strong></span> <span class='ocrx_word' id='word_1_392' title='bbox 2160 2480 2559 2551; x_wconf 82' lang='lat' dir='ltr'><strong>principantur,</strong></span> <span class='ocrx_word' id='word_1_393' title='bbox 2606 2492 2923 2538; x_wconf 84' lang='lat' dir='ltr'><strong>annectunt.</strong></span> <span class='ocrx_word' id='word_1_394' title='bbox 2955 2481 3038 2539; x_wconf 90' lang='lat' dir='ltr'><strong>0b</strong></span> <span class='ocrx_word' id='word_1_395' title='bbox 3076 2472 3241 2554; x_wconf 82' lang='lat' dir='ltr'><strong>quam</strong></span> <span class='ocrx_word' id='word_1_396' title='bbox 3289 2496 3509 2538; x_wconf 91' lang='lat' dir='ltr'><strong>causam</strong></span> 
     </span>
    </p>
   </div>
   <div class='ocr_carea' id='block_1_55' title="bbox 1914 2570 3512 2647">
    <p class='ocr_par' dir='ltr' id='par_1_55' title="bbox 1914 2570 3512 2647">
     <span class='ocr_line' id='line_1_55' title="bbox 1914 2570 3512 2647; baseline 0.004 -23"><span class='ocrx_word' id='word_1_397' title='bbox 1914 2570 2110 2628; x_wconf 81' lang='lat' dir='ltr'><strong>fortius</strong></span> <span class='ocrx_word' id='word_1_398' title='bbox 2159 2572 2541 2639; x_wconf 82' lang='lat' dir='ltr'><strong>laberandum,</strong></span> <span class='ocrx_word' id='word_1_399' title='bbox 2578 2583 2638 2629; x_wconf 90' lang='lat' dir='ltr'><strong>ut</strong></span> <span class='ocrx_word' id='word_1_400' title='bbox 2685 2574 2777 2646; x_wconf 87' lang='lat' dir='ltr'><strong>qui</strong></span> <span class='ocrx_word' id='word_1_401' title='bbox 2813 2576 2981 2632; x_wconf 89' lang='lat' dir='ltr'><strong>semel</strong></span> <span class='ocrx_word' id='word_1_402' title='bbox 3026 2575 3512 2647; x_wconf 80' lang='lat' dir='ltr'><strong>audivimuszEgo</strong></span> 
     </span>
    </p>
   </div>
   <div class='ocr_carea' id='block_1_56' title="bbox 1914 2664 3512 2738">
    <p class='ocr_par' dir='ltr' id='par_1_56' title="bbox 1914 2664 3512 2738">
     <span class='ocr_line' id='line_1_56' title="bbox 1914 2664 3512 2738; baseline 0.002 -18"><span class='ocrx_word' id='word_1_403' title='bbox 1914 2664 2045 2737; x_wconf 80' lang='lat' dir='ltr'><strong>elegi</strong></span> <span class='ocrx_word' id='word_1_404' title='bbox 2098 2683 2185 2721; x_wconf 80' lang='lat' dir='ltr'><strong>vos</strong></span> <span class='ocrx_word' id='word_1_405' title='bbox 2226 2666 2292 2722; x_wconf 84' lang='lat' dir='ltr'><strong>de</strong></span> <span class='ocrx_word' id='word_1_406' title='bbox 2342 2669 2538 2722; x_wconf 83' lang='lat' dir='ltr'><strong>mundo</strong></span> <span class='ocrx_word' id='word_1_407' title='bbox 2576 2668 2701 2736; x_wconf 86' lang='lat' dir='ltr'><strong>isto,</strong></span> <span class='ocrx_word' id='word_1_408' title='bbox 2744 2678 2792 2723; x_wconf 86' lang='lat' dir='ltr'><strong>et</strong></span> <span class='ocrx_word' id='word_1_409' title='bbox 2815 2667 2932 2738; x_wconf 86' lang='lat' dir='ltr'><strong>jam</strong></span> <span class='ocrx_word' id='word_1_410' title='bbox 2979 2686 3084 2724; x_wconf 87' lang='lat' dir='ltr'><strong>non</strong></span> <span class='ocrx_word' id='word_1_411' title='bbox 3133 2669 3254 2724; x_wconf 87' lang='lat' dir='ltr'><strong>estis</strong></span> <span class='ocrx_word' id='word_1_412' title='bbox 3302 2670 3367 2722; x_wconf 84' lang='lat' dir='ltr'><strong>de</strong></span> <span class='ocrx_word' id='word_1_413' title='bbox 3410 2669 3512 2723; x_wconf 89' lang='lat' dir='ltr'><strong>isto</strong></span> 
     </span>
    </p>
   </div>
   <div class='ocr_carea' id='block_1_57' title="bbox 1913 2758 3512 2833">
    <p class='ocr_par' dir='ltr' id='par_1_57' title="bbox 1913 2758 3512 2833">
     <span class='ocr_line' id='line_1_57' title="bbox 1913 2758 3512 2833; baseline 0.001 -21"><span class='ocrx_word' id='word_1_414' title='bbox 1913 2758 2157 2812; x_wconf 87' lang='lat' dir='ltr'><strong>mundo:</strong></span> <span class='ocrx_word' id='word_1_415' title='bbox 2197 2759 2244 2812; x_wconf 88' lang='lat' dir='ltr'><strong>si</strong></span> <span class='ocrx_word' id='word_1_416' title='bbox 2287 2759 2425 2813; x_wconf 86' lang='lat' dir='ltr'><strong>enim</strong></span> <span class='ocrx_word' id='word_1_417' title='bbox 2475 2760 2655 2814; x_wconf 78' lang='lat' dir='ltr'><strong>essetis</strong></span> <span class='ocrx_word' id='word_1_418' title='bbox 2694 2760 2758 2813; x_wconf 84' lang='lat' dir='ltr'><strong>de</strong></span> <span class='ocrx_word' id='word_1_419' title='bbox 2820 2758 3040 2827; x_wconf 83' lang='lat' dir='ltr'><strong>mundo,</strong></span> <span class='ocrx_word' id='word_1_420' title='bbox 3097 2761 3327 2815; x_wconf 82' lang='lat' dir='ltr'><strong>mundus</strong></span> <span class='ocrx_word' id='word_1_421' title='bbox 3370 2758 3512 2833; x_wconf 78' lang='lat' dir='ltr'><strong>quod</strong></span> 
     </span>
    </p>
   </div>
   <div class='ocr_carea' id='block_1_58' title="bbox 1914 2850 3513 2925">
    <p class='ocr_par' dir='ltr' id='par_1_58' title="bbox 1914 2850 3513 2925">
     <span class='ocr_line' id='line_1_58' title="bbox 1914 2850 3513 2925; baseline 0.004 -23"><span class='ocrx_word' id='word_1_422' title='bbox 1914 2864 2071 2902; x_wconf 86' lang='lat' dir='ltr'><strong>suum</strong></span> <span class='ocrx_word' id='word_1_423' title='bbox 2134 2856 2267 2902; x_wconf 84' lang='lat' dir='ltr'><strong>esset</strong></span> <span class='ocrx_word' id='word_1_424' title='bbox 2317 2858 2520 2905; x_wconf 83' lang='lat' dir='ltr'><strong>amaret</strong></span> <span class='ocrx_word' id='word_1_425' title='bbox 2570 2850 2752 2924; x_wconf 80' lang='lat' dir='ltr'><strong>(Joan.</strong></span> <span class='ocrx_word' id='word_1_426' title='bbox 2788 2852 2902 2925; x_wconf 79' lang='lat' dir='ltr'><strong>xv),</strong></span> <span class='ocrx_word' id='word_1_427' title='bbox 2948 2869 3056 2910; x_wconf 93' lang='lat' dir='ltr'><strong>non</strong></span> <span class='ocrx_word' id='word_1_428' title='bbox 3107 2853 3393 2908; x_wconf 90' lang='lat' dir='ltr'><strong>redeamus</strong></span> <span class='ocrx_word' id='word_1_429' title='bbox 3443 2851 3513 2908; x_wconf 89' lang='lat' dir='ltr'><strong>ad</strong></span> 
     </span>
    </p>
   </div>
   <div class='ocr_carea' id='block_1_59' title="bbox 1914 2942 3514 3017">
    <p class='ocr_par' dir='ltr' id='par_1_59' title="bbox 1914 2942 3514 3017">
     <span class='ocr_line' id='line_1_59' title="bbox 1914 2942 3514 3017; baseline 0.002 -20"><span class='ocrx_word' id='word_1_430' title='bbox 1914 2942 2196 3010; x_wconf 84' lang='lat' dir='ltr'><strong>mundum,</strong></span> <span class='ocrx_word' id='word_1_431' title='bbox 2225 2958 2327 2998; x_wconf 91' lang='lat' dir='ltr'><strong>nec</strong></span> <span class='ocrx_word' id='word_1_432' title='bbox 2353 2943 2707 3015; x_wconf 86' lang='lat' dir='ltr'><strong>subjiciamur</strong></span> <span class='ocrx_word' id='word_1_433' title='bbox 2734 2945 2801 3012; x_wconf 87' lang='lat' dir='ltr'><strong>ei,</strong></span> <span class='ocrx_word' id='word_1_434' title='bbox 2846 2945 2942 3001; x_wconf 89' lang='lat' dir='ltr'><strong>sed</strong></span> <span class='ocrx_word' id='word_1_435' title='bbox 2967 2944 3321 3017; x_wconf 81' lang='lat' dir='ltr'><strong>cruciﬁgatur</strong></span> <span class='ocrx_word' id='word_1_436' title='bbox 3354 2943 3514 3000; x_wconf 89' lang='lat' dir='ltr'><strong>nobis</strong></span> 
     </span>
    </p>
   </div>
   <div class='ocr_carea' id='block_1_60' title="bbox 1916 3034 3513 3107">
    <p class='ocr_par' dir='ltr' id='par_1_60' title="bbox 1916 3034 3513 3107">
     <span class='ocr_line' id='line_1_60' title="bbox 1916 3034 3513 3107; baseline 0.003 -20"><span class='ocrx_word' id='word_1_437' title='bbox 1916 3035 2151 3089; x_wconf 92' lang='lat' dir='ltr'><strong>mundus</strong></span> <span class='ocrx_word' id='word_1_438' title='bbox 2196 3042 2252 3090; x_wconf 91' lang='lat' dir='ltr'><strong>et</strong></span> <span class='ocrx_word' id='word_1_439' title='bbox 2306 3050 2406 3090; x_wconf 89' lang='lat' dir='ltr'><strong>nos</strong></span> <span class='ocrx_word' id='word_1_440' title='bbox 2443 3034 2534 3100; x_wconf 89' lang='lat' dir='ltr'><strong>ei,</strong></span> <span class='ocrx_word' id='word_1_441' title='bbox 2572 3042 2633 3090; x_wconf 91' lang='lat' dir='ltr'><strong>ut</strong></span> <span class='ocrx_word' id='word_1_442' title='bbox 2682 3043 2862 3091; x_wconf 90' lang='lat' dir='ltr'><strong>rector</strong></span> <span class='ocrx_word' id='word_1_443' title='bbox 2894 3035 3033 3092; x_wconf 90' lang='lat' dir='ltr'><strong>lucis</strong></span> <span class='ocrx_word' id='word_1_444' title='bbox 3081 3035 3239 3092; x_wconf 79' lang='lat' dir='ltr'><strong>Iesus</strong></span> <span class='ocrx_word' id='word_1_445' title='bbox 3290 3037 3513 3107; x_wconf 90' lang='lat' dir='ltr'><strong>proprio</strong></span> 
     </span>
    </p>
   </div>
   <div class='ocr_carea' id='block_1_61' title="bbox 1915 3112 3515 3194">
    <p class='ocr_par' dir='ltr' id='par_1_61' title="bbox 1915 3112 3515 3194">
     <span class='ocr_line' id='line_1_61' title="bbox 1915 3112 3515 3194; baseline 0.001 -17"><span class='ocrx_word' id='word_1_446' title='bbox 1915 3124 2119 3180; x_wconf 88' lang='lat' dir='ltr'><strong>mundo</strong></span> <span class='ocrx_word' id='word_1_447' title='bbox 2148 3140 2249 3181; x_wconf 90' lang='lat' dir='ltr'><strong>nos</strong></span> <span class='ocrx_word' id='word_1_448' title='bbox 2292 3125 2529 3194; x_wconf 89' lang='lat' dir='ltr'><strong>copulet,</strong></span> <span class='ocrx_word' id='word_1_449' title='bbox 2560 3132 2614 3179; x_wconf 90' lang='lat' dir='ltr'><strong>et</strong></span> <span class='ocrx_word' id='word_1_450' title='bbox 2661 3122 2760 3180; x_wconf 90' lang='lat' dir='ltr'><strong>sub</strong></span> <span class='ocrx_word' id='word_1_451' title='bbox 2788 3124 2968 3181; x_wconf 90' lang='lat' dir='ltr'><strong>Patris</strong></span> <span class='ocrx_word' id='word_1_452' title='bbox 3012 3125 3095 3181; x_wconf 90' lang='lat' dir='ltr'><strong>sui</strong></span> <span class='ocrx_word' id='word_1_453' title='bbox 3133 3140 3255 3181; x_wconf 89' lang='lat' dir='ltr'><strong>esse</strong></span> <span class='ocrx_word' id='word_1_454' title='bbox 3309 3112 3515 3181; x_wconf 87' lang='lat' dir='ltr'><strong>ditionc</strong></span> 
     </span>
    </p>
   </div>
   <div class='ocr_carea' id='block_1_62' title="bbox 1917 3215 3514 3291">
    <p class='ocr_par' dir='ltr' id='par_1_62' title="bbox 1917 3215 3514 3291">
     <span class='ocr_line' id='line_1_62' title="bbox 1917 3215 3514 3291; baseline 0.001 -20"><span class='ocrx_word' id='word_1_455' title='bbox 1917 3215 2103 3283; x_wconf 81' lang='lat' dir='ltr'><strong>faciat,</strong></span> <span class='ocrx_word' id='word_1_456' title='bbox 2140 3225 2327 3273; x_wconf 90' lang='lat' dir='ltr'><strong>erutos</strong></span> <span class='ocrx_word' id='word_1_457' title='bbox 2352 3219 2417 3273; x_wconf 92' lang='lat' dir='ltr'><strong>de</strong></span> <span class='ocrx_word' id='word_1_458' title='bbox 2447 3216 2705 3291; x_wconf 83' lang='lat' dir='ltr'><strong>spiritalis</strong></span> <span class='ocrx_word' id='word_1_459' title='bbox 2746 3218 3000 3289; x_wconf 75' lang='lat' dir='ltr'><strong>nequitiae</strong></span> <span class='ocrx_word' id='word_1_460' title='bbox 3032 3226 3326 3288; x_wconf 87' lang='lat' dir='ltr'><strong>potestate,</strong></span> <span class='ocrx_word' id='word_1_461' title='bbox 3360 3224 3417 3273; x_wconf 91' lang='lat' dir='ltr'><strong>et</strong></span> <span class='ocrx_word' id='word_1_462' title='bbox 3448 3216 3514 3273; x_wconf 88' lang='lat' dir='ltr'><strong>de</strong></span> 
     </span>
    </p>
   </div>
   <div class='ocr_carea' id='block_1_63' title="bbox 191 3297 3516 3380">
    <p class='ocr_par' dir='ltr' id='par_1_63' title="bbox 191 3297 3516 3380">
     <span class='ocr_line' id='line_1_63' title="bbox 191 3297 3516 3380; baseline -0.001 -24"><span class='ocrx_word' id='word_1_463' title='bbox 191 3316 299 3357; x_wconf 88' lang='lat' dir='ltr'><strong>nes</strong></span> <span class='ocrx_word' id='word_1_464' title='bbox 326 3298 605 3371; x_wconf 88' lang='lat' dir='ltr'><strong>spiritales</strong></span> <span class='ocrx_word' id='word_1_465' title='bbox 630 3299 900 3373; x_wconf 89' lang='lat' dir='ltr'><strong>nequitias</strong></span> <span class='ocrx_word' id='word_1_466' title='bbox 929 3300 983 3355; x_wconf 90' lang='lat' dir='ltr'><strong>in</strong></span> <span class='ocrx_word' id='word_1_467' title='bbox 1024 3300 1338 3380; x_wconf 86' lang='lat' dir='ltr'><strong>coelestibus</strong></span> <span class='ocrx_word' id='word_1_468' title='bbox 1377 3300 1807 3357; x_wconf 78' lang='lat' dir='ltr'><strong>demenstrasse.</strong></span> <span class='ocrx_word' id='word_1_469' title='bbox 1837 3297 1887 3362; x_wconf 77' lang='lat' dir='ltr'><strong>C‘</strong></span> <span class='ocrx_word' id='word_1_470' title='bbox 1916 3310 2056 3367; x_wconf 68' lang='grc' dir='ltr'><strong><em>οωιο</em></strong></span> <span class='ocrx_word' id='word_1_471' title='bbox 2085 3324 2298 3378; x_wconf 68' lang='grc' dir='ltr'><strong>θοι-ωτι,</strong></span> <span class='ocrx_word' id='word_1_472' title='bbox 2347 3312 2492 3380; x_wconf 75' lang='lat' dir='ltr'><strong>quod</strong></span> <span class='ocrx_word' id='word_1_473' title='bbox 2533 3312 2890 3366; x_wconf 52' lang='lat' dir='ltr'><strong>transiturum</strong></span> <span class='ocrx_word' id='word_1_474' title='bbox 2922 3320 3006 3367; x_wconf 62' lang='lat' dir='ltr'><strong>est</strong></span> <span class='ocrx_word' id='word_1_475' title='bbox 3032 3352 3047 3379; x_wconf 62' lang='grc'><em>,</em></span> <span class='ocrx_word' id='word_1_476' title='bbox 3080 3326 3185 3367; x_wconf 71' lang='lat' dir='ltr'><strong>nec</strong></span> <span class='ocrx_word' id='word_1_477' title='bbox 3225 3311 3320 3367; x_wconf 66' lang='lat' dir='ltr'><strong>Dei</strong></span> <span class='ocrx_word' id='word_1_478' title='bbox 3355 3312 3516 3369; x_wconf 62' lang='lat' dir='ltr'><strong>sedes</strong></span> 
     </span>
    </p>
   </div>
   <div class='ocr_carea' id='block_1_64' title="bbox 196 3378 1804 3464">
    <p class='ocr_par' dir='ltr' id='par_1_64' title="bbox 196 3378 1804 3464">
     <span class='ocr_line' id='line_1_64' title="bbox 196 3378 1804 3464; baseline -0.001 -16"><span class='ocrx_word' id='word_1_479' title='bbox 196 3393 269 3448; x_wconf 87' lang='lat' dir='ltr'><strong>Et</strong></span> <span class='ocrx_word' id='word_1_480' title='bbox 302 3394 525 3449; x_wconf 89' lang='lat' dir='ltr'><strong>videtur</strong></span> <span class='ocrx_word' id='word_1_481' title='bbox 547 3393 705 3449; x_wconf 87' lang='lat' dir='ltr'><strong>nobis</strong></span> <span class='ocrx_word' id='word_1_482' title='bbox 744 3392 1038 3464; x_wconf 86' lang='lat' dir='ltr'><strong>Apostolus</strong></span> <span class='ocrx_word' id='word_1_483' title='bbox 1069 3392 1189 3450; x_wconf 90' lang='lat' dir='ltr'><strong>aliis</strong></span> <span class='ocrx_word' id='word_1_484' title='bbox 1227 3378 1410 3451; x_wconf 68' lang='lat' dir='ltr'><strong>ve&#39;rbis</strong></span> <span class='ocrx_word' id='word_1_485' title='bbox 1437 3395 1555 3450; x_wconf 84' lang='lat' dir='ltr'><strong>haec</strong></span> <span class='ocrx_word' id='word_1_486' title='bbox 1582 3393 1804 3449; x_wconf 87' lang='lat' dir='ltr'><strong>dicere:</strong></span> 
     </span>
    </p>
   </div>
   <div class='ocr_carea' id='block_1_65' title="bbox 196 3476 1809 3559">
    <p class='ocr_par' dir='ltr' id='par_1_65' title="bbox 196 3476 1809 3559">
     <span class='ocr_line' id='line_1_65' title="bbox 196 3476 1809 3559; baseline -0.005 -12"><span class='ocrx_word' id='word_1_487' title='bbox 196 3476 259 3547; x_wconf 72' lang='grc' dir='ltr'><strong>θ’</strong></span> <span class='ocrx_word' id='word_1_488' title='bbox 272 3486 523 3558; x_wconf 82' lang='lat' dir='ltr'><strong>Ephesii,</strong></span> <span class='ocrx_word' id='word_1_489' title='bbox 574 3502 693 3559; x_wconf 73' lang='lat' dir='ltr'><strong>qua:</strong></span> <span class='ocrx_word' id='word_1_490' title='bbox 718 3487 785 3543; x_wconf 85' lang='lat' dir='ltr'><strong>de</strong></span> <span class='ocrx_word' id='word_1_491' title='bbox 810 3486 1011 3559; x_wconf 66' lang='lat' dir='ltr'><strong>prmliis</strong></span> <span class='ocrx_word' id='word_1_492' title='bbox 1044 3484 1212 3543; x_wconf 87' lang='lat' dir='ltr'><strong>Israel</strong></span> <span class='ocrx_word' id='word_1_493' title='bbox 1240 3487 1531 3543; x_wconf 87' lang='lat' dir='ltr'><strong>adversum</strong></span> <span class='ocrx_word' id='word_1_494' title='bbox 1556 3485 1809 3542; x_wconf 89' lang='lat' dir='ltr'><strong>nationes</strong></span> 
     </span>
    </p>
   </div>
   <div class='ocr_carea' id='block_1_66' title="bbox 198 3576 1811 3651">
    <p class='ocr_par' dir='ltr' id='par_1_66' title="bbox 198 3576 1811 3651">
     <span class='ocr_line' id='line_1_66' title="bbox 198 3576 1811 3651; baseline -0.001 -18"><span class='ocrx_word' id='word_1_495' title='bbox 198 3579 461 3647; x_wconf 82' lang='lat' dir='ltr'><strong>audistis,</strong></span> <span class='ocrx_word' id='word_1_496' title='bbox 492 3578 751 3634; x_wconf 89' lang='lat' dir='ltr'><strong>videntur</strong></span> <span class='ocrx_word' id='word_1_497' title='bbox 794 3579 1012 3651; x_wconf 86' lang='lat' dir='ltr'><strong>quidem</strong></span> <span class='ocrx_word' id='word_1_498' title='bbox 1045 3593 1267 3633; x_wconf 89' lang='lat' dir='ltr'><strong>carnem</strong></span> <span class='ocrx_word' id='word_1_499' title='bbox 1316 3587 1514 3634; x_wconf 69' lang='lat' dir='ltr'><strong>sonare</strong></span> <span class='ocrx_word' id='word_1_500' title='bbox 1564 3576 1653 3632; x_wconf 85' lang='lat' dir='ltr'><strong>vel</strong></span> <span class='ocrx_word' id='word_1_501' title='bbox 1692 3591 1811 3632; x_wconf 86' lang='lat' dir='ltr'><strong>san-</strong></span> 
     </span>
    </p>
   </div>
   <div class='ocr_carea' id='block_1_67' title="bbox 196 3668 1810 3746">
    <p class='ocr_par' dir='ltr' id='par_1_67' title="bbox 196 3668 1810 3746">
     <span class='ocr_line' id='line_1_67' title="bbox 196 3668 1810 3746; baseline -0.002 -18"><span class='ocrx_word' id='word_1_502' title='bbox 196 3672 470 3746; x_wconf 82' lang='lat' dir='ltr'><strong>guinem,</strong></span> <span class='ocrx_word' id='word_1_503' title='bbox 516 3672 670 3728; x_wconf 83' lang='lat' dir='ltr'><strong>verbi</strong></span> <span class='ocrx_word' id='word_1_504' title='bbox 723 3671 901 3745; x_wconf 75' lang='lat' dir='ltr'><strong>gratia</strong></span> <span class='ocrx_word' id='word_1_505' title='bbox 960 3668 1364 3743; x_wconf 64' lang='lat' dir='ltr'><strong>Egyptiorum,</strong></span> <span class='ocrx_word' id='word_1_506' title='bbox 1424 3670 1810 3737; x_wconf 71' lang='lat' dir='ltr'><strong>Idumaeorum,</strong></span> 
     </span>
    </p>
   </div>
   <div class='ocr_carea' id='block_1_68' title="bbox 196 3760 1808 3830">
    <p class='ocr_par' dir='ltr' id='par_1_68' title="bbox 196 3760 1808 3830">
     <span class='ocr_line' id='line_1_68' title="bbox 196 3760 1808 3830; baseline -0.004 -9"><span class='ocrx_word' id='word_1_507' title='bbox 196 3763 670 3828; x_wconf 81' lang='lat' dir='ltr'><strong>Ammonitarum,</strong></span> <span class='ocrx_word' id='word_1_508' title='bbox 704 3760 1063 3819; x_wconf 82' lang='lat' dir='ltr'><strong>Moabitarum</strong></span> <span class='ocrx_word' id='word_1_509' title='bbox 1089 3770 1145 3818; x_wconf 91' lang='lat' dir='ltr'><strong>ct</strong></span> <span class='ocrx_word' id='word_1_510' title='bbox 1174 3761 1431 3819; x_wconf 86' lang='lat' dir='ltr'><strong>Gentium</strong></span> <span class='ocrx_word' id='word_1_511' title='bbox 1462 3771 1808 3830; x_wconf 67' lang='lat' dir='ltr'><strong>creterarum,</strong></span> 
     </span>
    </p>
   </div>
   <div class='ocr_carea' id='block_1_69' title="bbox 198 3852 1819 3929">
    <p class='ocr_par' dir='ltr' id='par_1_69' title="bbox 198 3852 1819 3929">
     <span class='ocr_line' id='line_1_69' title="bbox 198 3852 1819 3929; baseline -0.002 -15"><span class='ocrx_word' id='word_1_512' title='bbox 198 3857 306 3914; x_wconf 84' lang='lat' dir='ltr'><strong>sed</strong></span> <span class='ocrx_word' id='word_1_513' title='bbox 331 3858 383 3914; x_wconf 88' lang='lat' dir='ltr'><strong>si</strong></span> <span class='ocrx_word' id='word_1_514' title='bbox 413 3871 541 3912; x_wconf 89' lang='lat' dir='ltr'><strong>vere</strong></span> <span class='ocrx_word' id='word_1_515' title='bbox 568 3854 729 3912; x_wconf 86' lang='lat' dir='ltr'><strong>vultis</strong></span> <span class='ocrx_word' id='word_1_516' title='bbox 751 3852 915 3922; x_wconf 90' lang='lat' dir='ltr'><strong>seire,</strong></span> <span class='ocrx_word' id='word_1_517' title='bbox 944 3856 1256 3926; x_wconf 83' lang='lat' dir='ltr'><strong>cognoscite</strong></span> <span class='ocrx_word' id='word_1_518' title='bbox 1280 3856 1408 3929; x_wconf 89' lang='lat' dir='ltr'><strong>quia</strong></span> <span class='ocrx_word' id='word_1_519' title='bbox 1435 3854 1529 3911; x_wconf 89' lang='lat' dir='ltr'><strong>illa</strong></span> <span class='ocrx_word' id='word_1_520' title='bbox 1552 3856 1819 3913; x_wconf 83' lang='lat' dir='ltr'><strong>universa</strong></span> 
     </span>
    </p>
   </div>
   <div class='ocr_carea' id='block_1_70' title="bbox 199 3947 1813 4023">
    <p class='ocr_par' dir='ltr' id='par_1_70' title="bbox 199 3947 1813 4023">
     <span class='ocr_line' id='line_1_70' title="bbox 199 3947 1813 4023; baseline -0.001 -19"><span class='ocrx_word' id='word_1_521' title='bbox 199 3948 513 4023; x_wconf 78' lang='lat' dir='ltr'><strong>ﬁguraliter</strong></span> <span class='ocrx_word' id='word_1_522' title='bbox 565 3948 948 4019; x_wconf 80' lang='lat' dir='ltr'><strong>contingebant</strong></span> <span class='ocrx_word' id='word_1_523' title='bbox 995 3949 1119 4004; x_wconf 88' lang='lat' dir='ltr'><strong>illis.</strong></span> <span class='ocrx_word' id='word_1_524' title='bbox 1177 3947 1393 4021; x_wconf 87' lang='lat' dir='ltr'><strong>Scripta</strong></span> <span class='ocrx_word' id='word_1_525' title='bbox 1444 3958 1573 4006; x_wconf 87' lang='lat' dir='ltr'><strong>sunt</strong></span> <span class='ocrx_word' id='word_1_526' title='bbox 1630 3957 1813 4004; x_wconf 89' lang='lat' dir='ltr'><strong>autem</strong></span> 
     </span>
    </p>
   </div>
   <div class='ocr_carea' id='block_1_71' title="bbox 201 4036 1810 4115">
    <p class='ocr_par' dir='ltr' id='par_1_71' title="bbox 201 4036 1810 4115">
     <span class='ocr_line' id='line_1_71' title="bbox 201 4036 1810 4115; baseline -0.001 -19"><span class='ocrx_word' id='word_1_527' title='bbox 201 4049 439 4115; x_wconf 89' lang='lat' dir='ltr'><strong>propter</strong></span> <span class='ocrx_word' id='word_1_528' title='bbox 469 4055 593 4106; x_wconf 90' lang='lat' dir='ltr'><strong>nos,</strong></span> <span class='ocrx_word' id='word_1_529' title='bbox 638 4039 694 4095; x_wconf 90' lang='lat' dir='ltr'><strong>in</strong></span> <span class='ocrx_word' id='word_1_530' title='bbox 722 4054 859 4113; x_wconf 88' lang='lat' dir='ltr'><strong>quos</strong></span> <span class='ocrx_word' id='word_1_531' title='bbox 885 4036 1024 4097; x_wconf 85' lang='lat' dir='ltr'><strong>ﬁnes</strong></span> <span class='ocrx_word' id='word_1_532' title='bbox 1053 4040 1374 4098; x_wconf 68' lang='lat' dir='ltr'><strong>saeculorum</strong></span> <span class='ocrx_word' id='word_1_533' title='bbox 1427 4042 1810 4108; x_wconf 89' lang='lat' dir='ltr'><strong>decurrerunt,</strong></span> 
     </span>
    </p>
   </div>
   <div class='ocr_carea' id='block_1_72' title="bbox 199 4128 1817 4207">
    <p class='ocr_par' dir='ltr' id='par_1_72' title="bbox 199 4128 1817 4207">
     <span class='ocr_line' id='line_1_72' title="bbox 199 4128 1817 4207; baseline -0.001 -18"><span class='ocrx_word' id='word_1_534' title='bbox 199 4142 269 4189; x_wconf 76' lang='lat' dir='ltr'><strong>ut</strong></span> <span class='ocrx_word' id='word_1_535' title='bbox 300 4130 677 4199; x_wconf 79' lang='lat' dir='ltr'><strong>intelligamus</strong></span> <span class='ocrx_word' id='word_1_536' title='bbox 720 4146 785 4186; x_wconf 83' lang='lat' dir='ltr'><strong>ex</strong></span> <span class='ocrx_word' id='word_1_537' title='bbox 819 4128 926 4186; x_wconf 85' lang='lat' dir='ltr'><strong>illis</strong></span> <span class='ocrx_word' id='word_1_538' title='bbox 956 4146 1064 4189; x_wconf 90' lang='lat' dir='ltr'><strong>non</strong></span> <span class='ocrx_word' id='word_1_539' title='bbox 1094 4147 1217 4188; x_wconf 88' lang='lat' dir='ltr'><strong>esse</strong></span> <span class='ocrx_word' id='word_1_540' title='bbox 1261 4131 1417 4207; x_wconf 83' lang='lat' dir='ltr'><strong>nobis</strong></span> <span class='ocrx_word' id='word_1_541' title='bbox 1444 4147 1684 4205; x_wconf 87' lang='lat' dir='ltr'><strong>pugnam</strong></span> <span class='ocrx_word' id='word_1_542' title='bbox 1719 4131 1817 4187; x_wconf 82' lang='lat' dir='ltr'><strong>ad-</strong></span> 
     </span>
    </p>
   </div>
   <div class='ocr_carea' id='block_1_73' title="bbox 201 4218 1817 4299">
    <p class='ocr_par' dir='ltr' id='par_1_73' title="bbox 201 4218 1817 4299">
     <span class='ocr_line' id='line_1_73' title="bbox 201 4218 1817 4299; baseline -0.001 -16"><span class='ocrx_word' id='word_1_543' title='bbox 201 4243 433 4285; x_wconf 79' lang='lat' dir='ltr'><strong>versum</strong></span> <span class='ocrx_word' id='word_1_544' title='bbox 474 4218 695 4283; x_wconf 87' lang='lat' dir='ltr'><strong>carnem</strong></span> <span class='ocrx_word' id='word_1_545' title='bbox 740 4234 795 4283; x_wconf 93' lang='lat' dir='ltr'><strong>et</strong></span> <span class='ocrx_word' id='word_1_546' title='bbox 830 4226 1175 4299; x_wconf 84' lang='lat' dir='ltr'><strong>sanguinem,</strong></span> <span class='ocrx_word' id='word_1_547' title='bbox 1226 4226 1323 4284; x_wconf 87' lang='lat' dir='ltr'><strong>sed</strong></span> <span class='ocrx_word' id='word_1_548' title='bbox 1366 4224 1628 4283; x_wconf 89' lang='lat' dir='ltr'><strong>adversus</strong></span> <span class='ocrx_word' id='word_1_549' title='bbox 1652 4226 1817 4298; x_wconf 80' lang='lat' dir='ltr'><strong>spiri—</strong></span> 
     </span>
    </p>
   </div>
   <div class='ocr_carea' id='block_1_74' title="bbox 202 4316 1816 4391">
    <p class='ocr_par' dir='ltr' id='par_1_74' title="bbox 202 4316 1816 4391">
     <span class='ocr_line' id='line_1_74' title="bbox 202 4316 1816 4391; baseline -0.001 -17"><span class='ocrx_word' id='word_1_550' title='bbox 202 4320 350 4375; x_wconf 82' lang='lat' dir='ltr'><strong>tales</strong></span> <span class='ocrx_word' id='word_1_551' title='bbox 409 4318 673 4390; x_wconf 85' lang='lat' dir='ltr'><strong>quasdam</strong></span> <span class='ocrx_word' id='word_1_552' title='bbox 721 4327 777 4377; x_wconf 87' lang='lat' dir='ltr'><strong>ct</strong></span> <span class='ocrx_word' id='word_1_553' title='bbox 830 4319 1128 4375; x_wconf 89' lang='lat' dir='ltr'><strong>invisibiles</strong></span> <span class='ocrx_word' id='word_1_554' title='bbox 1174 4327 1507 4391; x_wconf 87' lang='lat' dir='ltr'><strong>potestates,</strong></span> <span class='ocrx_word' id='word_1_555' title='bbox 1554 4316 1816 4378; x_wconf 85' lang='lat' dir='ltr'><strong>adversus</strong></span> 
     </span>
    </p>
   </div>
   <div class='ocr_carea' id='block_1_75' title="bbox 203 4411 1817 4483">
    <p class='ocr_par' dir='ltr' id='par_1_75' title="bbox 203 4411 1817 4483">
     <span class='ocr_line' id='line_1_75' title="bbox 203 4411 1817 4483; baseline -0.002 -15"><span class='ocrx_word' id='word_1_556' title='bbox 203 4421 465 4469; x_wconf 88' lang='lat' dir='ltr'><strong>rectores</strong></span> <span class='ocrx_word' id='word_1_557' title='bbox 508 4411 853 4469; x_wconf 86' lang='lat' dir='ltr'><strong>tenebrarum</strong></span> <span class='ocrx_word' id='word_1_558' title='bbox 904 4411 1117 4479; x_wconf 87' lang='lat' dir='ltr'><strong>barum,</strong></span> <span class='ocrx_word' id='word_1_559' title='bbox 1149 4427 1271 4483; x_wconf 70' lang='lat' dir='ltr'><strong>quae</strong></span> <span class='ocrx_word' id='word_1_560' title='bbox 1306 4412 1432 4467; x_wconf 89' lang='lat' dir='ltr'><strong>huic</strong></span> <span class='ocrx_word' id='word_1_561' title='bbox 1480 4411 1686 4467; x_wconf 87' lang='lat' dir='ltr'><strong>mundo</strong></span> <span class='ocrx_word' id='word_1_562' title='bbox 1734 4411 1817 4466; x_wconf 91' lang='lat' dir='ltr'><strong>iu-</strong></span> 
     </span>
    </p>
   </div>
   <div class='ocr_carea' id='block_1_76' title="bbox 205 4500 1817 4570">
    <p class='ocr_par' dir='ltr' id='par_1_76' title="bbox 205 4500 1817 4570">
     <span class='ocr_line' id='line_1_76' title="bbox 205 4500 1817 4570; baseline -0.004 -8"><span class='ocrx_word' id='word_1_563' title='bbox 205 4507 444 4570; x_wconf 82' lang='lat' dir='ltr'><strong>cubant,</strong></span> <span class='ocrx_word' id='word_1_564' title='bbox 483 4512 539 4559; x_wconf 91' lang='lat' dir='ltr'><strong>et</strong></span> <span class='ocrx_word' id='word_1_565' title='bbox 565 4518 809 4560; x_wconf 89' lang='lat' dir='ltr'><strong>errorem</strong></span> <span class='ocrx_word' id='word_1_566' title='bbox 858 4502 1169 4559; x_wconf 89' lang='lat' dir='ltr'><strong>hominibus</strong></span> <span class='ocrx_word' id='word_1_567' title='bbox 1216 4502 1616 4559; x_wconf 75' lang='lat' dir='ltr'><strong>incrudelitatis</strong></span> <span class='ocrx_word' id='word_1_568' title='bbox 1645 4500 1817 4558; x_wconf 84' lang='lat' dir='ltr'><strong>oil&#39;eu—</strong></span> 
     </span>
    </p>
   </div>
   <div class='ocr_carea' id='block_1_77' title="bbox 204 4592 1817 4666">
    <p class='ocr_par' dir='ltr' id='par_1_77' title="bbox 204 4592 1817 4666">
     <span class='ocr_line' id='line_1_77' title="bbox 204 4592 1817 4666; baseline -0.003 -13"><span class='ocrx_word' id='word_1_569' title='bbox 204 4600 374 4661; x_wconf 82' lang='lat' dir='ltr'><strong>dunt,</strong></span> <span class='ocrx_word' id='word_1_570' title='bbox 397 4604 454 4651; x_wconf 91' lang='lat' dir='ltr'><strong>et</strong></span> <span class='ocrx_word' id='word_1_571' title='bbox 480 4594 767 4651; x_wconf 89' lang='lat' dir='ltr'><strong>adversum</strong></span> <span class='ocrx_word' id='word_1_572' title='bbox 805 4594 1071 4666; x_wconf 86' lang='lat' dir='ltr'><strong>spiritalia</strong></span> <span class='ocrx_word' id='word_1_573' title='bbox 1098 4594 1370 4666; x_wconf 74' lang='lat' dir='ltr'><strong>nequitiae,</strong></span> <span class='ocrx_word' id='word_1_574' title='bbox 1411 4610 1531 4666; x_wconf 76' lang='lat' dir='ltr'><strong>qua:</strong></span> <span class='ocrx_word' id='word_1_575' title='bbox 1563 4592 1817 4649; x_wconf 82' lang='lat' dir='ltr'><strong>habitant</strong></span> 
     </span>
    </p>
   </div>
   <div class='ocr_carea' id='block_1_78' title="bbox 204 4684 1812 4759">
    <p class='ocr_par' dir='ltr' id='par_1_78' title="bbox 204 4684 1812 4759">
     <span class='ocr_line' id='line_1_78' title="bbox 204 4684 1812 4759; baseline -0.006 -12"><span class='ocrx_word' id='word_1_576' title='bbox 204 4692 269 4748; x_wconf 82' lang='lat' dir='ltr'><strong>in</strong></span> <span class='ocrx_word' id='word_1_577' title='bbox 294 4689 612 4746; x_wconf 67' lang='lat' dir='ltr'><strong>caelestibus</strong></span> <span class='ocrx_word' id='word_1_578' title='bbox 637 4707 649 4742; x_wconf 91' lang='lat'><strong>:</strong></span> <span class='ocrx_word' id='word_1_579' title='bbox 674 4704 781 4743; x_wconf 91' lang='lat' dir='ltr'><strong>non</strong></span> <span class='ocrx_word' id='word_1_580' title='bbox 801 4686 944 4759; x_wconf 91' lang='lat' dir='ltr'><strong>quod</strong></span> <span class='ocrx_word' id='word_1_581' title='bbox 971 4686 1309 4741; x_wconf 68' lang='lat' dir='ltr'><strong>daamonesin</strong></span> <span class='ocrx_word' id='word_1_582' title='bbox 1323 4684 1637 4741; x_wconf 59' lang='lat' dir='ltr'><strong>caelestibus</strong></span> <span class='ocrx_word' id='word_1_583' title='bbox 1661 4700 1812 4740; x_wconf 89' lang='lat' dir='ltr'><strong>com-</strong></span> 
     </span>
    </p>
   </div>
   <div class='ocr_carea' id='block_1_79' title="bbox 206 4776 1813 4861">
    <p class='ocr_par' dir='ltr' id='par_1_79' title="bbox 206 4776 1813 4861">
     <span class='ocr_line' id='line_1_79' title="bbox 206 4776 1813 4861; baseline -0.003 -23"><span class='ocrx_word' id='word_1_584' title='bbox 206 4788 520 4842; x_wconf 86' lang='lat' dir='ltr'><strong>morentur,</strong></span> <span class='ocrx_word' id='word_1_585' title='bbox 553 4779 648 4834; x_wconf 90' lang='lat' dir='ltr'><strong>sed</strong></span> <span class='ocrx_word' id='word_1_586' title='bbox 670 4778 815 4849; x_wconf 88' lang='lat' dir='ltr'><strong>quod</strong></span> <span class='ocrx_word' id='word_1_587' title='bbox 848 4793 1011 4849; x_wconf 84' lang='lat' dir='ltr'><strong>supra</strong></span> <span class='ocrx_word' id='word_1_588' title='bbox 1052 4792 1152 4861; x_wconf 84' lang='lat' dir='ltr'><strong>nos</strong></span> <span class='ocrx_word' id='word_1_589' title='bbox 1173 4790 1269 4831; x_wconf 89' lang='lat' dir='ltr'><strong>aer</strong></span> <span class='ocrx_word' id='word_1_590' title='bbox 1294 4776 1400 4833; x_wconf 85' lang='lat' dir='ltr'><strong>hoc</strong></span> <span class='ocrx_word' id='word_1_591' title='bbox 1434 4792 1632 4834; x_wconf 84' lang='lat' dir='ltr'><strong>nomen</strong></span> <span class='ocrx_word' id='word_1_592' title='bbox 1654 4791 1813 4833; x_wconf 89' lang='lat' dir='ltr'><strong>acce-</strong></span> 
     </span>
    </p>
   </div>
   <div class='ocr_carea' id='block_1_80' title="bbox 205 4870 1811 4949">
    <p class='ocr_par' dir='ltr' id='par_1_80' title="bbox 205 4870 1811 4949">
     <span class='ocr_line' id='line_1_80' title="bbox 205 4870 1811 4949; baseline -0.004 -20"><span class='ocrx_word' id='word_1_593' title='bbox 205 4875 382 4949; x_wconf 83' lang='lat' dir='ltr'><strong>perit.</strong></span> <span class='ocrx_word' id='word_1_594' title='bbox 412 4870 568 4929; x_wconf 90' lang='lat' dir='ltr'><strong>Unde</strong></span> <span class='ocrx_word' id='word_1_595' title='bbox 586 4881 643 4927; x_wconf 90' lang='lat' dir='ltr'><strong>et</strong></span> <span class='ocrx_word' id='word_1_596' title='bbox 666 4887 793 4929; x_wconf 87' lang='lat' dir='ltr'><strong>aves</strong></span> <span class='ocrx_word' id='word_1_597' title='bbox 817 4888 939 4944; x_wconf 77' lang='lat' dir='ltr'><strong>qua:</strong></span> <span class='ocrx_word' id='word_1_598' title='bbox 964 4870 1194 4929; x_wconf 87' lang='lat' dir='ltr'><strong>volitant</strong></span> <span class='ocrx_word' id='word_1_599' title='bbox 1219 4887 1315 4943; x_wconf 92' lang='lat' dir='ltr'><strong>per</strong></span> <span class='ocrx_word' id='word_1_600' title='bbox 1341 4884 1544 4937; x_wconf 89' lang='lat' dir='ltr'><strong>aerem,</strong></span> <span class='ocrx_word' id='word_1_601' title='bbox 1575 4870 1811 4928; x_wconf 73' lang='lat' dir='ltr'><strong>uolucres</strong></span> 
     </span>
    </p>
   </div>
   <div class='ocr_carea' id='block_1_81' title="bbox 207 4962 1805 5041">
    <p class='ocr_par' dir='ltr' id='par_1_81' title="bbox 207 4962 1805 5041">
     <span class='ocr_line' id='line_1_81' title="bbox 207 4962 1805 5041; baseline -0.009 -12"><span class='ocrx_word' id='word_1_602' title='bbox 207 4969 333 5029; x_wconf 72' lang='lat' dir='ltr'><strong>cati</strong></span> <span class='ocrx_word' id='word_1_603' title='bbox 384 4984 510 5026; x_wconf 85' lang='lat' dir='ltr'><strong>esse</strong></span> <span class='ocrx_word' id='word_1_604' title='bbox 549 4967 802 5025; x_wconf 91' lang='lat' dir='ltr'><strong>dicuntur</strong></span> <span class='ocrx_word' id='word_1_605' title='bbox 847 4963 1019 5041; x_wconf 87' lang='lat' dir='ltr'><strong>(Psal.</strong></span> <span class='ocrx_word' id='word_1_606' title='bbox 1043 4982 1141 5021; x_wconf 85' lang='lat' dir='ltr'><strong>v-m</strong></span> <span class='ocrx_word' id='word_1_607' title='bbox 1170 4982 1184 5032; x_wconf 96' lang='lat'>;</span> <span class='ocrx_word' id='word_1_608' title='bbox 1210 4963 1340 5018; x_wconf 87' lang='lat' dir='ltr'><strong>Luc.</strong></span> <span class='ocrx_word' id='word_1_609' title='bbox 1374 4980 1489 5030; x_wconf 79' lang='lat' dir='ltr'><strong>vni,</strong></span> <span class='ocrx_word' id='word_1_610' title='bbox 1538 4978 1618 5028; x_wconf 79' lang='lat' dir='ltr'><strong>rx,</strong></span> <span class='ocrx_word' id='word_1_611' title='bbox 1662 4962 1805 5031; x_wconf 80' lang='lat' dir='ltr'><strong>xm).</strong></span> 
     </span>
    </p>
   </div>
   <div class='ocr_carea' id='block_1_82' title="bbox 208 5055 1813 5129">
    <p class='ocr_par' dir='ltr' id='par_1_82' title="bbox 208 5055 1813 5129">
     <span class='ocr_line' id='line_1_82' title="bbox 208 5055 1813 5129; baseline -0.007 -9"><span class='ocrx_word' id='word_1_612' title='bbox 208 5062 357 5125; x_wconf 79' lang='lat' dir='ltr'><strong>Nam</strong></span> <span class='ocrx_word' id='word_1_613' title='bbox 388 5071 446 5117; x_wconf 90' lang='lat' dir='ltr'><strong>et</strong></span> <span class='ocrx_word' id='word_1_614' title='bbox 474 5061 529 5117; x_wconf 91' lang='lat' dir='ltr'><strong>in</strong></span> <span class='ocrx_word' id='word_1_615' title='bbox 560 5060 668 5117; x_wconf 90' lang='lat' dir='ltr'><strong>alio</strong></span> <span class='ocrx_word' id='word_1_616' title='bbox 696 5060 813 5116; x_wconf 89' lang='lat' dir='ltr'><strong>loco</strong></span> <span class='ocrx_word' id='word_1_617' title='bbox 834 5059 900 5115; x_wconf 87' lang='lat' dir='ltr'><strong>de</strong></span> <span class='ocrx_word' id='word_1_618' title='bbox 930 5056 1283 5125; x_wconf 83' lang='lat' dir='ltr'><strong>daemonibus,</strong></span> <span class='ocrx_word' id='word_1_619' title='bbox 1308 5058 1452 5129; x_wconf 91' lang='lat' dir='ltr'><strong>quod</strong></span> <span class='ocrx_word' id='word_1_620' title='bbox 1472 5055 1527 5110; x_wconf 94' lang='lat' dir='ltr'><strong>in</strong></span> <span class='ocrx_word' id='word_1_621' title='bbox 1555 5070 1684 5111; x_wconf 83' lang='lat' dir='ltr'><strong>aere</strong></span> <span class='ocrx_word' id='word_1_622' title='bbox 1708 5055 1813 5109; x_wconf 91' lang='lat' dir='ltr'><strong>isto</strong></span> 
     </span>
    </p>
   </div>
   <div class='ocr_carea' id='block_1_83' title="bbox 210 5147 1813 5228">
    <p class='ocr_par' dir='ltr' id='par_1_83' title="bbox 210 5147 1813 5228">
     <span class='ocr_line' id='line_1_83' title="bbox 210 5147 1813 5228; baseline -0.006 -16"><span class='ocrx_word' id='word_1_623' title='bbox 210 5152 816 5228; x_wconf 78' lang='lat' dir='ltr'><strong>vagentur,Apostolus</strong></span> <span class='ocrx_word' id='word_1_624' title='bbox 835 5153 910 5207; x_wconf 89' lang='lat' dir='ltr'><strong>ait</strong></span> <span class='ocrx_word' id='word_1_625' title='bbox 923 5150 1082 5224; x_wconf 83' lang='lat' dir='ltr'><strong>(Eph.</strong></span> <span class='ocrx_word' id='word_1_626' title='bbox 1100 5150 1160 5223; x_wconf 86' lang='grc' dir='ltr'><strong>ιι)</strong></span> <span class='ocrx_word' id='word_1_627' title='bbox 1181 5170 1193 5204; x_wconf 86' lang='lat'><strong>:</strong></span> <span class='ocrx_word' id='word_1_628' title='bbox 1211 5148 1278 5205; x_wconf 85' lang='lat' dir='ltr'><strong>In</strong></span> <span class='ocrx_word' id='word_1_629' title='bbox 1293 5148 1478 5222; x_wconf 77' lang='lat' dir='ltr'><strong>quibus</strong></span> <span class='ocrx_word' id='word_1_630' title='bbox 1500 5147 1813 5203; x_wconf 86' lang='lat' dir='ltr'><strong>ambulastis</strong></span> 
     </span>
    </p>
   </div>
   <div class='ocr_carea' id='block_1_84' title="bbox 212 5240 1817 5318">
    <p class='ocr_par' dir='ltr' id='par_1_84' title="bbox 212 5240 1817 5318">
     <span class='ocr_line' id='line_1_84' title="bbox 212 5240 1817 5318; baseline -0.006 -15"><span class='ocrx_word' id='word_1_631' title='bbox 212 5244 510 5318; x_wconf 75' lang='lat' dir='ltr'><strong>aliquando</strong></span> <span class='ocrx_word' id='word_1_632' title='bbox 521 5245 680 5315; x_wconf 76' lang='lat' dir='ltr'><strong>juxta</strong></span> <span class='ocrx_word' id='word_1_633' title='bbox 698 5242 931 5298; x_wconf 84' lang='lat' dir='ltr'><strong>secutum</strong></span> <span class='ocrx_word' id='word_1_634' title='bbox 954 5240 1137 5296; x_wconf 84' lang='lat' dir='ltr'><strong>mundi</strong></span> <span class='ocrx_word' id='word_1_635' title='bbox 1158 5241 1337 5314; x_wconf 80' lang='lat' dir='ltr'><strong>hujus,</strong></span> <span class='ocrx_word' id='word_1_636' title='bbox 1359 5244 1650 5297; x_wconf 78' lang='lat' dir='ltr'><strong>secundum</strong></span> <span class='ocrx_word' id='word_1_637' title='bbox 1669 5240 1817 5310; x_wconf 86' lang='lat' dir='ltr'><strong>prin-</strong></span> 
     </span>
    </p>
   </div>
   <div class='ocr_carea' id='block_1_85' title="bbox 214 5331 1814 5413">
    <p class='ocr_par' dir='ltr' id='par_1_85' title="bbox 214 5331 1814 5413">
     <span class='ocr_line' id='line_1_85' title="bbox 214 5331 1814 5413; baseline -0.006 -16"><span class='ocrx_word' id='word_1_638' title='bbox 214 5344 388 5413; x_wconf 84' lang='lat' dir='ltr'><strong>cipem</strong></span> <span class='ocrx_word' id='word_1_639' title='bbox 430 5338 699 5410; x_wconf 82' lang='lat' dir='ltr'><strong>potestatis</strong></span> <span class='ocrx_word' id='word_1_640' title='bbox 732 5337 871 5392; x_wconf 88' lang='lat' dir='ltr'><strong>aeris</strong></span> <span class='ocrx_word' id='word_1_641' title='bbox 906 5334 1144 5408; x_wconf 82' lang='lat' dir='ltr'><strong>spiritus,</strong></span> <span class='ocrx_word' id='word_1_642' title='bbox 1174 5334 1264 5405; x_wconf 87' lang='lat' dir='ltr'><strong>qui</strong></span> <span class='ocrx_word' id='word_1_643' title='bbox 1303 5351 1440 5389; x_wconf 85' lang='lat' dir='ltr'><strong>nunc</strong></span> <span class='ocrx_word' id='word_1_644' title='bbox 1472 5342 1724 5405; x_wconf 80' lang='lat' dir='ltr'><strong>operatur</strong></span> <span class='ocrx_word' id='word_1_645' title='bbox 1758 5331 1814 5387; x_wconf 80' lang='lat' dir='ltr'><strong>in</strong></span> 
     </span>
    </p>
   </div>
   <div class='ocr_carea' id='block_1_86' title="bbox 215 5423 1812 5507">
    <p class='ocr_par' dir='ltr' id='par_1_86' title="bbox 215 5423 1812 5507">
     <span class='ocr_line' id='line_1_86' title="bbox 215 5423 1812 5507; baseline -0.007 -20"><span class='ocrx_word' id='word_1_646' title='bbox 215 5434 350 5507; x_wconf 72' lang='lat' dir='ltr'><strong>ﬁliis</strong></span> <span class='ocrx_word' id='word_1_647' title='bbox 388 5431 706 5501; x_wconf 65' lang='lat' dir='ltr'><strong>diﬁidentiw.</strong></span> <span class='ocrx_word' id='word_1_648' title='bbox 733 5428 859 5484; x_wconf 64' lang='lat' dir='ltr'><strong>Haec</strong></span> <span class='ocrx_word' id='word_1_649' title='bbox 906 5427 1148 5482; x_wconf 92' lang='lat' dir='ltr'><strong>omnium</strong></span> <span class='ocrx_word' id='word_1_650' title='bbox 1181 5426 1463 5481; x_wconf 88' lang='lat' dir='ltr'><strong>doctorum</strong></span> <span class='ocrx_word' id='word_1_651' title='bbox 1491 5423 1680 5497; x_wconf 89' lang='lat' dir='ltr'><strong>opinio</strong></span> <span class='ocrx_word' id='word_1_652' title='bbox 1707 5428 1812 5489; x_wconf 90' lang='lat' dir='ltr'><strong>est,</strong></span> 
     </span>
    </p>
   </div>
   <div class='ocr_carea' id='block_1_87' title="bbox 217 5513 1815 5596">
    <p class='ocr_par' dir='ltr' id='par_1_87' title="bbox 217 5513 1815 5596">
     <span class='ocr_line' id='line_1_87' title="bbox 217 5513 1815 5596; baseline -0.007 -16"><span class='ocrx_word' id='word_1_653' title='bbox 217 5523 374 5596; x_wconf 80' lang='lat' dir='ltr'><strong>quod</strong></span> <span class='ocrx_word' id='word_1_654' title='bbox 400 5538 494 5579; x_wconf 90' lang='lat' dir='ltr'><strong>aer</strong></span> <span class='ocrx_word' id='word_1_655' title='bbox 522 5522 651 5587; x_wconf 89' lang='lat' dir='ltr'><strong>iste,</strong></span> <span class='ocrx_word' id='word_1_656' title='bbox 676 5521 769 5591; x_wconf 90' lang='lat' dir='ltr'><strong>qui</strong></span> <span class='ocrx_word' id='word_1_657' title='bbox 803 5518 1002 5576; x_wconf 64' lang='lat' dir='ltr'><strong>caelum</strong></span> <span class='ocrx_word' id='word_1_658' title='bbox 1024 5524 1079 5571; x_wconf 92' lang='lat' dir='ltr'><strong>et</strong></span> <span class='ocrx_word' id='word_1_659' title='bbox 1111 5525 1309 5571; x_wconf 89' lang='lat' dir='ltr'><strong>terram</strong></span> <span class='ocrx_word' id='word_1_660' title='bbox 1334 5513 1546 5571; x_wconf 84' lang='lat' dir='ltr'><strong>medius</strong></span> <span class='ocrx_word' id='word_1_661' title='bbox 1566 5513 1815 5569; x_wconf 89' lang='lat' dir='ltr'><strong>dividens</strong></span> 
     </span>
    </p>
   </div>
   <div class='ocr_carea' id='block_1_88' title="bbox 218 5604 1812 5684">
    <p class='ocr_par' dir='ltr' id='par_1_88' title="bbox 218 5604 1812 5684">
     <span class='ocr_line' id='line_1_88' title="bbox 218 5604 1812 5684; baseline -0.006 -12"><span class='ocrx_word' id='word_1_662' title='bbox 218 5613 391 5673; x_wconf 86' lang='lat' dir='ltr'><strong>inane</strong></span> <span class='ocrx_word' id='word_1_663' title='bbox 437 5604 771 5684; x_wconf 77' lang='lat' dir='ltr'><strong>appellatur,</strong></span> <span class='ocrx_word' id='word_1_664' title='bbox 810 5610 1000 5683; x_wconf 87' lang='lat' dir='ltr'><strong>plenus</strong></span> <span class='ocrx_word' id='word_1_665' title='bbox 1038 5608 1109 5664; x_wconf 91' lang='lat' dir='ltr'><strong>sit</strong></span> <span class='ocrx_word' id='word_1_666' title='bbox 1158 5604 1449 5663; x_wconf 87' lang='lat' dir='ltr'><strong>contrariis</strong></span> <span class='ocrx_word' id='word_1_667' title='bbox 1491 5604 1812 5662; x_wconf 83' lang='lat' dir='ltr'><strong>virtutibus.</strong></span> 
     </span>
    </p>
   </div>
   <div class='ocr_carea' id='block_1_89' title="bbox 219 5697 1822 5771">
    <p class='ocr_par' dir='ltr' id='par_1_89' title="bbox 219 5697 1822 5771">
     <span class='ocr_line' id='line_1_89' title="bbox 219 5697 1822 5771; baseline -0.007 -10"><span class='ocrx_word' id='word_1_668' title='bbox 219 5704 359 5762; x_wconf 86' lang='lat' dir='ltr'><strong>Post</strong></span> <span class='ocrx_word' id='word_1_669' title='bbox 404 5704 523 5760; x_wconf 66' lang='lat' dir='ltr'><strong>haec</strong></span> <span class='ocrx_word' id='word_1_670' title='bbox 567 5702 1010 5768; x_wconf 87' lang='lat' dir='ltr'><strong>retractandum,</strong></span> <span class='ocrx_word' id='word_1_671' title='bbox 1060 5715 1090 5755; x_wconf 92' lang='lat' dir='ltr'><strong>a</strong></span> <span class='ocrx_word' id='word_1_672' title='bbox 1118 5713 1226 5771; x_wconf 92' lang='lat' dir='ltr'><strong>quo</strong></span> <span class='ocrx_word' id='word_1_673' title='bbox 1262 5697 1604 5770; x_wconf 88' lang='lat' dir='ltr'><strong>principatus</strong></span> <span class='ocrx_word' id='word_1_674' title='bbox 1643 5705 1698 5752; x_wconf 90' lang='lat' dir='ltr'><strong>et</strong></span> <span class='ocrx_word' id='word_1_675' title='bbox 1724 5712 1822 5768; x_wconf 92' lang='lat' dir='ltr'><strong>po-</strong></span> 
     </span>
    </p>
   </div>
   <div class='ocr_carea' id='block_1_90' title="bbox 222 5788 1817 5858">
    <p class='ocr_par' dir='ltr' id='par_1_90' title="bbox 222 5788 1817 5858">
     <span class='ocr_line' id='line_1_90' title="bbox 222 5788 1817 5858; baseline -0.006 -6"><span class='ocrx_word' id='word_1_676' title='bbox 222 5804 460 5853; x_wconf 88' lang='lat' dir='ltr'><strong>testates</strong></span> <span class='ocrx_word' id='word_1_677' title='bbox 499 5804 550 5852; x_wconf 89' lang='lat' dir='ltr'><strong>et</strong></span> <span class='ocrx_word' id='word_1_678' title='bbox 594 5803 832 5852; x_wconf 89' lang='lat' dir='ltr'><strong>rectores</strong></span> <span class='ocrx_word' id='word_1_679' title='bbox 874 5791 1061 5849; x_wconf 89' lang='lat' dir='ltr'><strong>mundi</strong></span> <span class='ocrx_word' id='word_1_680' title='bbox 1102 5791 1444 5847; x_wconf 87' lang='lat' dir='ltr'><strong>tenebrarum</strong></span> <span class='ocrx_word' id='word_1_681' title='bbox 1484 5796 1541 5843; x_wconf 87' lang='lat' dir='ltr'><strong>et</strong></span> <span class='ocrx_word' id='word_1_682' title='bbox 1599 5788 1817 5858; x_wconf 83' lang='lat' dir='ltr'><strong>spirita—</strong></span> 
     </span>
    </p>
   </div>
   <div class='ocr_carea' id='block_1_91' title="bbox 224 5874 1819 5965">
    <p class='ocr_par' dir='ltr' id='par_1_91' title="bbox 224 5874 1819 5965">
     <span class='ocr_line' id='line_1_91' title="bbox 224 5874 1819 5965; baseline -0.009 -15"><span class='ocrx_word' id='word_1_683' title='bbox 224 5874 311 5950; x_wconf 75' lang='lat' dir='ltr'><strong>lia&#39;</strong></span> <span class='ocrx_word' id='word_1_684' title='bbox 345 5888 603 5965; x_wconf 79' lang='lat' dir='ltr'><strong>nequitia:</strong></span> <span class='ocrx_word' id='word_1_685' title='bbox 648 5888 707 5949; x_wconf 90' lang='lat' dir='ltr'><strong>in</strong></span> <span class='ocrx_word' id='word_1_686' title='bbox 733 5884 1070 5955; x_wconf 79' lang='lat' dir='ltr'><strong>coelestibus,</strong></span> <span class='ocrx_word' id='word_1_687' title='bbox 1110 5892 1172 5941; x_wconf 91' lang='lat' dir='ltr'><strong>ut</strong></span> <span class='ocrx_word' id='word_1_688' title='bbox 1198 5884 1302 5941; x_wconf 81' lang='lat' dir='ltr'><strong>hoc</strong></span> <span class='ocrx_word' id='word_1_689' title='bbox 1346 5881 1477 5953; x_wconf 89' lang='lat' dir='ltr'><strong>sint,</strong></span> <span class='ocrx_word' id='word_1_690' title='bbox 1505 5881 1819 5953; x_wconf 82' lang='lat' dir='ltr'><strong>acceperint</strong></span> 
     </span>
    </p>
   </div>
   <div class='ocr_carea' id='block_1_92' title="bbox 1912 3405 3514 3481">
    <p class='ocr_par' dir='ltr' id='par_1_92' title="bbox 1912 3405 3514 3481">
     <span class='ocr_line' id='line_1_92' title="bbox 1912 3405 3514 3481; baseline 0.001 -20"><span class='ocrx_word' id='word_1_691' title='bbox 1912 3405 2176 3477; x_wconf 90' lang='lat' dir='ltr'><strong>appellari</strong></span> <span class='ocrx_word' id='word_1_692' title='bbox 2233 3412 2434 3476; x_wconf 90' lang='lat' dir='ltr'><strong>potest.</strong></span> <span class='ocrx_word' id='word_1_693' title='bbox 2494 3405 2723 3477; x_wconf 90' lang='lat' dir='ltr'><strong>Impium</strong></span> <span class='ocrx_word' id='word_1_694' title='bbox 2768 3407 2967 3481; x_wconf 83' lang='lat' dir='ltr'><strong>quippe</strong></span> <span class='ocrx_word' id='word_1_695' title='bbox 3005 3414 3092 3463; x_wconf 88' lang='lat' dir='ltr'><strong>est</strong></span> <span class='ocrx_word' id='word_1_696' title='bbox 3136 3412 3199 3461; x_wconf 89' lang='lat' dir='ltr'><strong>ut</strong></span> <span class='ocrx_word' id='word_1_697' title='bbox 3244 3405 3514 3478; x_wconf 85' lang='lat' dir='ltr'><strong>spiritalia</strong></span> 
     </span>
    </p>
   </div>
   <div class='ocr_carea' id='block_1_93' title="bbox 1910 3496 3516 3567">
    <p class='ocr_par' dir='ltr' id='par_1_93' title="bbox 1910 3496 3516 3567">
     <span class='ocr_line' id='line_1_93' title="bbox 1910 3496 3516 3567; baseline 0.001 -14"><span class='ocrx_word' id='word_1_698' title='bbox 1910 3497 2166 3567; x_wconf 68' lang='lat' dir='ltr'><strong>nequitia:</strong></span> <span class='ocrx_word' id='word_1_699' title='bbox 2193 3497 2246 3553; x_wconf 91' lang='lat' dir='ltr'><strong>iu</strong></span> <span class='ocrx_word' id='word_1_700' title='bbox 2274 3496 2589 3555; x_wconf 87' lang='lat' dir='ltr'><strong>coelestibus</strong></span> <span class='ocrx_word' id='word_1_701' title='bbox 2612 3514 2737 3553; x_wconf 91' lang='lat' dir='ltr'><strong>eum</strong></span> <span class='ocrx_word' id='word_1_702' title='bbox 2760 3498 2959 3555; x_wconf 75' lang='lat' dir='ltr'><strong>cmlum</strong></span> <span class='ocrx_word' id='word_1_703' title='bbox 2986 3506 3172 3555; x_wconf 88' lang='lat' dir='ltr'><strong>tenere</strong></span> <span class='ocrx_word' id='word_1_704' title='bbox 3198 3499 3516 3567; x_wconf 86' lang='lat' dir='ltr'><strong>credantur,</strong></span> 
     </span>
    </p>
   </div>
   <div class='ocr_carea' id='block_1_94' title="bbox 1913 3588 3515 3663">
    <p class='ocr_par' dir='ltr' id='par_1_94' title="bbox 1913 3588 3515 3663">
     <span class='ocr_line' id='line_1_94' title="bbox 1913 3588 3515 3663; baseline -0.001 -17"><span class='ocrx_word' id='word_1_705' title='bbox 1913 3589 1981 3647; x_wconf 89' lang='lat' dir='ltr'><strong>de</strong></span> <span class='ocrx_word' id='word_1_706' title='bbox 2013 3606 2123 3662; x_wconf 90' lang='lat' dir='ltr'><strong>quo</strong></span> <span class='ocrx_word' id='word_1_707' title='bbox 2166 3590 2408 3662; x_wconf 89' lang='lat' dir='ltr'><strong>loquitur</strong></span> <span class='ocrx_word' id='word_1_708' title='bbox 2456 3588 2643 3646; x_wconf 90' lang='lat' dir='ltr'><strong>Deus:</strong></span> <span class='ocrx_word' id='word_1_709' title='bbox 2673 3588 2873 3647; x_wconf 67' lang='lat' dir='ltr'><strong>Catum</strong></span> <span class='ocrx_word' id='word_1_710' title='bbox 2905 3591 3037 3646; x_wconf 82' lang='lat' dir='ltr'><strong>mihi</strong></span> <span class='ocrx_word' id='word_1_711' title='bbox 3081 3590 3228 3647; x_wconf 84' lang='lat' dir='ltr'><strong>sedes</strong></span> <span class='ocrx_word' id='word_1_712' title='bbox 3273 3600 3347 3646; x_wconf 88' lang='lat' dir='ltr'><strong>est</strong></span> <span class='ocrx_word' id='word_1_713' title='bbox 3374 3590 3515 3663; x_wconf 81' lang='lat' dir='ltr'><strong>(Act.</strong></span> 
     </span>
    </p>
   </div>
   <div class='ocr_carea' id='block_1_95' title="bbox 1913 3674 3507 3757">
    <p class='ocr_par' dir='ltr' id='par_1_95' title="bbox 1913 3674 3507 3757">
     <span class='ocr_line' id='line_1_95' title="bbox 1913 3674 3507 3757; baseline 0 -20"><span class='ocrx_word' id='word_1_714' title='bbox 1913 3674 2040 3754; x_wconf 82' lang='lat' dir='ltr'><strong>vn).</strong></span> <span class='ocrx_word' id='word_1_715' title='bbox 2074 3680 2263 3752; x_wconf 86' lang='lat' dir='ltr'><strong>Itaque</strong></span> <span class='ocrx_word' id='word_1_716' title='bbox 2287 3681 2381 3752; x_wconf 91' lang='lat' dir='ltr'><strong>qui</strong></span> <span class='ocrx_word' id='word_1_717' title='bbox 2431 3680 2683 3757; x_wconf 84' lang='lat' dir='ltr'><strong>intelligit</strong></span> <span class='ocrx_word' id='word_1_718' title='bbox 2727 3691 2927 3754; x_wconf 89' lang='lat' dir='ltr'><strong>quanta</strong></span> <span class='ocrx_word' id='word_1_719' title='bbox 2955 3683 3009 3738; x_wconf 91' lang='lat' dir='ltr'><strong>in</strong></span> <span class='ocrx_word' id='word_1_720' title='bbox 3058 3682 3162 3739; x_wconf 90' lang='lat' dir='ltr'><strong>isto</strong></span> <span class='ocrx_word' id='word_1_721' title='bbox 3192 3682 3395 3738; x_wconf 91' lang='lat' dir='ltr'><strong>mundo</strong></span> <span class='ocrx_word' id='word_1_722' title='bbox 3416 3696 3507 3737; x_wconf 56' lang='lat' dir='ltr'><strong>nor</strong></span> 
     </span>
    </p>
   </div>
   <div class='ocr_carea' id='block_1_96' title="bbox 1912 3772 3516 3846">
    <p class='ocr_par' dir='ltr' id='par_1_96' title="bbox 1912 3772 3516 3846">
     <span class='ocr_line' id='line_1_96' title="bbox 1912 3772 3516 3846; baseline -0.001 -16"><span class='ocrx_word' id='word_1_723' title='bbox 1912 3774 2001 3831; x_wconf 89' lang='lat' dir='ltr'><strong>bis</strong></span> <span class='ocrx_word' id='word_1_724' title='bbox 2057 3781 2112 3829; x_wconf 88' lang='lat' dir='ltr'><strong>et</strong></span> <span class='ocrx_word' id='word_1_725' title='bbox 2164 3772 2525 3846; x_wconf 64' lang='lat' dir='ltr'><strong>prarsentibus</strong></span> <span class='ocrx_word' id='word_1_726' title='bbox 2585 3785 2642 3831; x_wconf 89' lang='lat' dir='ltr'><strong>et</strong></span> <span class='ocrx_word' id='word_1_727' title='bbox 2697 3775 3016 3833; x_wconf 87' lang='lat' dir='ltr'><strong>absentibus</strong></span> <span class='ocrx_word' id='word_1_728' title='bbox 3070 3774 3221 3844; x_wconf 83' lang='lat' dir='ltr'><strong>ﬁant,</strong></span> <span class='ocrx_word' id='word_1_729' title='bbox 3272 3774 3402 3830; x_wconf 89' lang='lat' dir='ltr'><strong>dum</strong></span> <span class='ocrx_word' id='word_1_730' title='bbox 3449 3787 3516 3829; x_wconf 87' lang='lat' dir='ltr'><strong>ea</strong></span> 
     </span>
    </p>
   </div>
   <div class='ocr_carea' id='block_1_97' title="bbox 1914 3863 3517 3943">
    <p class='ocr_par' dir='ltr' id='par_1_97' title="bbox 1914 3863 3517 3943">
     <span class='ocr_line' id='line_1_97' title="bbox 1914 3863 3517 3943; baseline 0 -24"><span class='ocrx_word' id='word_1_731' title='bbox 1914 3865 2102 3920; x_wconf 89' lang='lat' dir='ltr'><strong>videre</strong></span> <span class='ocrx_word' id='word_1_732' title='bbox 2168 3879 2276 3919; x_wconf 91' lang='lat' dir='ltr'><strong>non</strong></span> <span class='ocrx_word' id='word_1_733' title='bbox 2328 3878 2617 3943; x_wconf 86' lang='lat' dir='ltr'><strong>possumus</strong></span> <span class='ocrx_word' id='word_1_734' title='bbox 2643 3905 2663 3930; x_wconf 87' lang='lat'><strong>,</strong></span> <span class='ocrx_word' id='word_1_735' title='bbox 2718 3864 2834 3921; x_wconf 89' lang='lat' dir='ltr'><strong>sive</strong></span> <span class='ocrx_word' id='word_1_736' title='bbox 2880 3872 3106 3937; x_wconf 88' lang='lat' dir='ltr'><strong>propter</strong></span> <span class='ocrx_word' id='word_1_737' title='bbox 3160 3880 3359 3936; x_wconf 91' lang='lat' dir='ltr'><strong>corpus</strong></span> <span class='ocrx_word' id='word_1_738' title='bbox 3413 3863 3517 3919; x_wconf 90' lang='lat' dir='ltr'><strong>bu-</strong></span> 
     </span>
    </p>
   </div>
   <div class='ocr_carea' id='block_1_98' title="bbox 1915 3954 3511 4027">
    <p class='ocr_par' dir='ltr' id='par_1_98' title="bbox 1915 3954 3511 4027">
     <span class='ocr_line' id='line_1_98' title="bbox 1915 3954 3511 4027; baseline -0.001 -16"><span class='ocrx_word' id='word_1_739' title='bbox 1915 3954 2163 4011; x_wconf 88' lang='lat' dir='ltr'><strong>militatis</strong></span> <span class='ocrx_word' id='word_1_740' title='bbox 2217 3963 2418 4010; x_wconf 61' lang='lat' dir='ltr'><strong>nostra;</strong></span> <span class='ocrx_word' id='word_1_741' title='bbox 2467 3954 2571 4011; x_wconf 87' lang='lat' dir='ltr'><strong>hoc</strong></span> <span class='ocrx_word' id='word_1_742' title='bbox 2622 3954 2811 4027; x_wconf 82' lang='lat' dir='ltr'><strong>fragile</strong></span> <span class='ocrx_word' id='word_1_743' title='bbox 2863 3963 3026 4024; x_wconf 83' lang='lat' dir='ltr'><strong>atque</strong></span> <span class='ocrx_word' id='word_1_744' title='bbox 3067 3963 3363 4021; x_wconf 88' lang='lat' dir='ltr'><strong>terrenum,</strong></span> <span class='ocrx_word' id='word_1_745' title='bbox 3397 3967 3511 4025; x_wconf 89' lang='lat' dir='ltr'><strong>quo</strong></span> 
     </span>
    </p>
   </div>
   <div class='ocr_carea' id='block_1_99' title="bbox 1918 4042 3516 4116">
    <p class='ocr_par' dir='ltr' id='par_1_99' title="bbox 1918 4042 3516 4116">
     <span class='ocr_line' id='line_1_99' title="bbox 1918 4042 3516 4116; baseline -0.001 -15"><span class='ocrx_word' id='word_1_746' title='bbox 1918 4046 2101 4101; x_wconf 86' lang='lat' dir='ltr'><strong>anima</strong></span> <span class='ocrx_word' id='word_1_747' title='bbox 2130 4043 2441 4110; x_wconf 89' lang='lat' dir='ltr'><strong>involvitur,</strong></span> <span class='ocrx_word' id='word_1_748' title='bbox 2484 4044 2599 4100; x_wconf 90' lang='lat' dir='ltr'><strong>sive</strong></span> <span class='ocrx_word' id='word_1_749' title='bbox 2650 4044 2777 4116; x_wconf 90' lang='lat' dir='ltr'><strong>quia</strong></span> <span class='ocrx_word' id='word_1_750' title='bbox 2829 4042 3139 4100; x_wconf 86' lang='lat' dir='ltr'><strong>carnalibus</strong></span> <span class='ocrx_word' id='word_1_751' title='bbox 3180 4043 3353 4099; x_wconf 82' lang='lat' dir='ltr'><strong>oculis</strong></span> <span class='ocrx_word' id='word_1_752' title='bbox 3393 4043 3516 4099; x_wconf 90' lang='lat' dir='ltr'><strong>sub-</strong></span> 
     </span>
    </p>
   </div>
   <div class='ocr_carea' id='block_1_100' title="bbox 1921 4132 3518 4206">
    <p class='ocr_par' dir='ltr' id='par_1_100' title="bbox 1921 4132 3518 4206">
     <span class='ocr_line' id='line_1_100' title="bbox 1921 4132 3518 4206; baseline -0.002 -13"><span class='ocrx_word' id='word_1_753' title='bbox 1921 4136 2070 4193; x_wconf 89' lang='lat' dir='ltr'><strong>tilior</strong></span> <span class='ocrx_word' id='word_1_754' title='bbox 2123 4142 2321 4191; x_wconf 87' lang='lat' dir='ltr'><strong>natura</strong></span> <span class='ocrx_word' id='word_1_755' title='bbox 2368 4148 2477 4191; x_wconf 90' lang='lat' dir='ltr'><strong>non</strong></span> <span class='ocrx_word' id='word_1_756' title='bbox 2518 4132 2797 4206; x_wconf 90' lang='lat' dir='ltr'><strong>panditur,</strong></span> <span class='ocrx_word' id='word_1_757' title='bbox 2836 4133 2926 4190; x_wconf 84' lang='lat' dir='ltr'><strong>hic</strong></span> <span class='ocrx_word' id='word_1_758' title='bbox 2972 4132 3176 4190; x_wconf 87' lang='lat' dir='ltr'><strong>videbit</strong></span> <span class='ocrx_word' id='word_1_759' title='bbox 3230 4148 3351 4204; x_wconf 67' lang='lat' dir='ltr'><strong>qua:</strong></span> <span class='ocrx_word' id='word_1_760' title='bbox 3404 4134 3518 4190; x_wconf 86' lang='lat' dir='ltr'><strong>sint</strong></span> 
     </span>
    </p>
   </div>
   <div class='ocr_carea' id='block_1_101' title="bbox 1916 4224 3593 4299">
    <p class='ocr_par' dir='ltr' id='par_1_101' title="bbox 1916 4224 3593 4299">
     <span class='ocr_line' id='line_1_101' title="bbox 1916 4224 3593 4299; baseline -0.002 -14"><span class='ocrx_word' id='word_1_761' title='bbox 1916 4229 2155 4285; x_wconf 70' lang='lat' dir='ltr'><strong>tenebrae</strong></span> <span class='ocrx_word' id='word_1_762' title='bbox 2197 4238 2317 4298; x_wconf 66' lang='lat' dir='ltr'><strong>quae</strong></span> <span class='ocrx_word' id='word_1_763' title='bbox 2359 4228 2428 4284; x_wconf 90' lang='lat' dir='ltr'><strong>ab</strong></span> <span class='ocrx_word' id='word_1_764' title='bbox 2455 4226 2714 4299; x_wconf 85' lang='lat' dir='ltr'><strong>Apostolo</strong></span> <span class='ocrx_word' id='word_1_765' title='bbox 2736 4243 2882 4282; x_wconf 91' lang='lat' dir='ltr'><strong>nunc</strong></span> <span class='ocrx_word' id='word_1_766' title='bbox 2911 4224 3201 4282; x_wconf 86' lang='lat' dir='ltr'><strong>dicantur:</strong></span> <span class='ocrx_word' id='word_1_767' title='bbox 3231 4226 3377 4298; x_wconf 89' lang='lat' dir='ltr'><strong>quod</strong></span> <span class='ocrx_word' id='word_1_768' title='bbox 3406 4226 3513 4283; x_wconf 87' lang='lat' dir='ltr'><strong>sci-</strong></span> <span class='ocrx_word' id='word_1_769' title='bbox 3586 4270 3593 4275; x_wconf 57' lang='grc' dir='ltr'><strong>ς</strong></span> 
     </span>
    </p>
   </div>
   <div class='ocr_carea' id='block_1_102' title="bbox 1919 4317 3511 4389">
    <p class='ocr_par' dir='ltr' id='par_1_102' title="bbox 1919 4317 3511 4389">
     <span class='ocr_line' id='line_1_102' title="bbox 1919 4317 3511 4389; baseline 0.001 -16"><span class='ocrx_word' id='word_1_770' title='bbox 1919 4319 2048 4375; x_wconf 81' lang='lat' dir='ltr'><strong>licet</strong></span> <span class='ocrx_word' id='word_1_771' title='bbox 2067 4326 2161 4374; x_wconf 88' lang='lat' dir='ltr'><strong>aut</strong></span> <span class='ocrx_word' id='word_1_772' title='bbox 2176 4326 2291 4375; x_wconf 88' lang='lat' dir='ltr'><strong>tota</strong></span> <span class='ocrx_word' id='word_1_773' title='bbox 2320 4318 2427 4373; x_wconf 85' lang='lat' dir='ltr'><strong>ista</strong></span> <span class='ocrx_word' id='word_1_774' title='bbox 2454 4317 2564 4373; x_wconf 87' lang='lat' dir='ltr'><strong>vita</strong></span> <span class='ocrx_word' id='word_1_775' title='bbox 2587 4326 2804 4373; x_wconf 89' lang='lat' dir='ltr'><strong>terrena</strong></span> <span class='ocrx_word' id='word_1_776' title='bbox 2826 4317 3066 4374; x_wconf 70' lang='lat' dir='ltr'><strong>tenebras</strong></span> <span class='ocrx_word' id='word_1_777' title='bbox 3090 4326 3511 4389; x_wconf 86' lang='lat' dir='ltr'><strong>nuncupentur:</strong></span> 
     </span>
    </p>
   </div>
   <div class='ocr_carea' id='block_1_103' title="bbox 1920 4410 3518 4483">
    <p class='ocr_par' dir='ltr' id='par_1_103' title="bbox 1920 4410 3518 4483">
     <span class='ocr_line' id='line_1_103' title="bbox 1920 4410 3518 4483; baseline -0.002 -15"><span class='ocrx_word' id='word_1_778' title='bbox 1920 4413 2014 4468; x_wconf 77' lang='lat' dir='ltr'><strong>lux</strong></span> <span class='ocrx_word' id='word_1_779' title='bbox 2045 4412 2241 4483; x_wconf 89' lang='lat' dir='ltr'><strong>quippe</strong></span> <span class='ocrx_word' id='word_1_780' title='bbox 2288 4410 2435 4466; x_wconf 87' lang='lat' dir='ltr'><strong>lucet</strong></span> <span class='ocrx_word' id='word_1_781' title='bbox 2464 4410 2519 4467; x_wconf 90' lang='lat' dir='ltr'><strong>in</strong></span> <span class='ocrx_word' id='word_1_782' title='bbox 2552 4410 2795 4466; x_wconf 88' lang='lat' dir='ltr'><strong>tenebris</strong></span> <span class='ocrx_word' id='word_1_783' title='bbox 2817 4451 2832 4477; x_wconf 91' lang='lat'><strong>,</strong></span> <span class='ocrx_word' id='word_1_784' title='bbox 2866 4416 2921 4464; x_wconf 91' lang='lat' dir='ltr'><strong>et</strong></span> <span class='ocrx_word' id='word_1_785' title='bbox 2955 4410 3190 4466; x_wconf 66' lang='lat' dir='ltr'><strong>tenebrae</strong></span> <span class='ocrx_word' id='word_1_786' title='bbox 3237 4424 3356 4465; x_wconf 89' lang='lat' dir='ltr'><strong>eam</strong></span> <span class='ocrx_word' id='word_1_787' title='bbox 3407 4425 3518 4466; x_wconf 87' lang='lat' dir='ltr'><strong>non</strong></span> 
     </span>
    </p>
   </div>
   <div class='ocr_carea' id='block_1_104' title="bbox 1922 4501 3520 4576">
    <p class='ocr_par' dir='ltr' id='par_1_104' title="bbox 1922 4501 3520 4576">
     <span class='ocr_line' id='line_1_104' title="bbox 1922 4501 3520 4576; baseline -0.001 -15"><span class='ocrx_word' id='word_1_788' title='bbox 1922 4505 2453 4576; x_wconf 88' lang='lat' dir='ltr'><strong>comprehenderunt</strong></span> <span class='ocrx_word' id='word_1_789' title='bbox 2499 4501 2682 4575; x_wconf 78' lang='lat' dir='ltr'><strong>(Joan.</strong></span> <span class='ocrx_word' id='word_1_790' title='bbox 2727 4502 2788 4576; x_wconf 79' lang='grc' dir='ltr'><strong>ι),</strong></span> <span class='ocrx_word' id='word_1_791' title='bbox 2849 4510 2945 4559; x_wconf 90' lang='lat' dir='ltr'><strong>aut</strong></span> <span class='ocrx_word' id='word_1_792' title='bbox 2985 4504 3181 4557; x_wconf 83' lang='lat' dir='ltr'><strong>animae</strong></span> <span class='ocrx_word' id='word_1_793' title='bbox 3248 4501 3430 4559; x_wconf 88' lang='lat' dir='ltr'><strong>lumen</strong></span> <span class='ocrx_word' id='word_1_794' title='bbox 3462 4510 3520 4559; x_wconf 87' lang='lat' dir='ltr'><strong>et</strong></span> 
     </span>
    </p>
   </div>
   <div class='ocr_carea' id='block_1_105' title="bbox 1923 4596 3516 4667">
    <p class='ocr_par' dir='ltr' id='par_1_105' title="bbox 1923 4596 3516 4667">
     <span class='ocr_line' id='line_1_105' title="bbox 1923 4596 3516 4667; baseline -0.003 -12"><span class='ocrx_word' id='word_1_795' title='bbox 1923 4614 2137 4665; x_wconf 88' lang='lat' dir='ltr'><strong>sensus,</strong></span> <span class='ocrx_word' id='word_1_796' title='bbox 2192 4606 2469 4654; x_wconf 88' lang='lat' dir='ltr'><strong>terrenum</strong></span> <span class='ocrx_word' id='word_1_797' title='bbox 2500 4612 2720 4667; x_wconf 91' lang='lat' dir='ltr'><strong>corpus,</strong></span> <span class='ocrx_word' id='word_1_798' title='bbox 2754 4604 2810 4652; x_wconf 91' lang='lat' dir='ltr'><strong>et</strong></span> <span class='ocrx_word' id='word_1_799' title='bbox 2861 4611 3060 4666; x_wconf 90' lang='lat' dir='ltr'><strong>corpus</strong></span> <span class='ocrx_word' id='word_1_800' title='bbox 3089 4596 3278 4651; x_wconf 86' lang='lat' dir='ltr'><strong>mortis</strong></span> <span class='ocrx_word' id='word_1_801' title='bbox 3323 4603 3379 4650; x_wconf 89' lang='lat' dir='ltr'><strong>et</strong></span> <span class='ocrx_word' id='word_1_802' title='bbox 3405 4596 3516 4651; x_wconf 62' lang='lat' dir='ltr'><strong>bu»</strong></span> 
     </span>
    </p>
   </div>
   <div class='ocr_carea' id='block_1_106' title="bbox 1920 4687 3521 4760">
    <p class='ocr_par' dir='ltr' id='par_1_106' title="bbox 1920 4687 3521 4760">
     <span class='ocr_line' id='line_1_106' title="bbox 1920 4687 3521 4760; baseline -0.002 -14"><span class='ocrx_word' id='word_1_803' title='bbox 1920 4689 2166 4746; x_wconf 86' lang='lat' dir='ltr'><strong>militatis</strong></span> <span class='ocrx_word' id='word_1_804' title='bbox 2199 4689 2507 4754; x_wconf 88' lang='lat' dir='ltr'><strong>obumbret,</strong></span> <span class='ocrx_word' id='word_1_805' title='bbox 2528 4688 2738 4760; x_wconf 88' lang='lat' dir='ltr'><strong>operiat</strong></span> <span class='ocrx_word' id='word_1_806' title='bbox 2767 4696 2821 4743; x_wconf 88' lang='lat' dir='ltr'><strong>et</strong></span> <span class='ocrx_word' id='word_1_807' title='bbox 2848 4688 3103 4744; x_wconf 64' lang='lat' dir='ltr'><strong>obcaecet.</strong></span> <span class='ocrx_word' id='word_1_808' title='bbox 3139 4687 3389 4743; x_wconf 89' lang='lat' dir='ltr'><strong>Sciamus</strong></span> <span class='ocrx_word' id='word_1_809' title='bbox 3413 4704 3521 4743; x_wconf 85' lang='lat' dir='ltr'><strong>au-</strong></span> 
     </span>
    </p>
   </div>
   <div class='ocr_carea' id='block_1_107' title="bbox 1925 4779 3516 4855">
    <p class='ocr_par' dir='ltr' id='par_1_107' title="bbox 1925 4779 3516 4855">
     <span class='ocr_line' id='line_1_107' title="bbox 1925 4779 3516 4855; baseline -0.003 -15"><span class='ocrx_word' id='word_1_810' title='bbox 1925 4794 2030 4840; x_wconf 88' lang='lat' dir='ltr'><strong>tem</strong></span> <span class='ocrx_word' id='word_1_811' title='bbox 2091 4783 2254 4855; x_wconf 90' lang='lat' dir='ltr'><strong>quod,</strong></span> <span class='ocrx_word' id='word_1_812' title='bbox 2291 4792 2532 4853; x_wconf 74' lang='lat' dir='ltr'><strong>excepto</strong></span> <span class='ocrx_word' id='word_1_813' title='bbox 2581 4781 2833 4854; x_wconf 64' lang='lat' dir='ltr'><strong>praesenti</strong></span> <span class='ocrx_word' id='word_1_814' title='bbox 2888 4781 3027 4846; x_wconf 91' lang='lat' dir='ltr'><strong>loco,</strong></span> <span class='ocrx_word' id='word_1_815' title='bbox 3081 4795 3182 4836; x_wconf 90' lang='lat' dir='ltr'><strong>nec</strong></span> <span class='ocrx_word' id='word_1_816' title='bbox 3234 4781 3288 4836; x_wconf 91' lang='lat' dir='ltr'><strong>in</strong></span> <span class='ocrx_word' id='word_1_817' title='bbox 3327 4779 3516 4837; x_wconf 82' lang='lat' dir='ltr'><strong>Veteri</strong></span> 
     </span>
    </p>
   </div>
   <div class='ocr_carea' id='block_1_108' title="bbox 1920 4872 3515 4949">
    <p class='ocr_par' dir='ltr' id='par_1_108' title="bbox 1920 4872 3515 4949">
     <span class='ocr_line' id='line_1_108' title="bbox 1920 4872 3515 4949; baseline -0.001 -19"><span class='ocrx_word' id='word_1_818' title='bbox 1920 4889 2022 4931; x_wconf 89' lang='lat' dir='ltr'><strong>nec</strong></span> <span class='ocrx_word' id='word_1_819' title='bbox 2080 4874 2135 4929; x_wconf 85' lang='lat' dir='ltr'><strong>in</strong></span> <span class='ocrx_word' id='word_1_820' title='bbox 2184 4872 2334 4929; x_wconf 86' lang='lat' dir='ltr'><strong>Novo</strong></span> <span class='ocrx_word' id='word_1_821' title='bbox 2389 4873 2779 4928; x_wconf 88' lang='lat' dir='ltr'><strong>Testamento-</strong></span> <span class='ocrx_word' id='word_1_822' title='bbox 2802 4873 3213 4949; x_wconf 79' lang='grc' dir='ltr'><strong>κοσμοκράτορας</strong></span> <span class='ocrx_word' id='word_1_823' title='bbox 3252 4912 3268 4939; x_wconf 85' lang='grc'><strong><em>,</em></strong></span> <span class='ocrx_word' id='word_1_824' title='bbox 3318 4872 3372 4927; x_wconf 84' lang='lat' dir='ltr'><strong>id</strong></span> <span class='ocrx_word' id='word_1_825' title='bbox 3428 4879 3515 4929; x_wconf 89' lang='lat' dir='ltr'><strong>est</strong></span> 
     </span>
    </p>
   </div>
   <div class='ocr_carea' id='block_1_109' title="bbox 1918 4962 3517 5034">
    <p class='ocr_par' dir='ltr' id='par_1_109' title="bbox 1918 4962 3517 5034">
     <span class='ocr_line' id='line_1_109' title="bbox 1918 4962 3517 5034; baseline 0 -15"><span class='ocrx_word' id='word_1_826' title='bbox 1918 4962 2103 5020; x_wconf 75' lang='lat' dir='ltr'><strong>ntundi</strong></span> <span class='ocrx_word' id='word_1_827' title='bbox 2131 4974 2373 5029; x_wconf 81' lang='lat' dir='ltr'><strong>rectores,</strong></span> <span class='ocrx_word' id='word_1_828' title='bbox 2396 4978 2671 5032; x_wconf 87' lang='lat' dir='ltr'><strong>nunquam</strong></span> <span class='ocrx_word' id='word_1_829' title='bbox 2694 4962 3019 5034; x_wconf 87' lang='lat' dir='ltr'><strong>legerimus:</strong></span> <span class='ocrx_word' id='word_1_830' title='bbox 3061 4963 3203 5034; x_wconf 90' lang='lat' dir='ltr'><strong>quod</strong></span> <span class='ocrx_word' id='word_1_831' title='bbox 3220 4979 3416 5019; x_wconf 90' lang='lat' dir='ltr'><strong>nomen</strong></span> <span class='ocrx_word' id='word_1_832' title='bbox 3442 4965 3517 5020; x_wconf 91' lang='lat' dir='ltr'><strong>id-</strong></span> 
     </span>
    </p>
   </div>
   <div class='ocr_carea' id='block_1_110' title="bbox 1917 5053 3511 5127">
    <p class='ocr_par' dir='ltr' id='par_1_110' title="bbox 1917 5053 3511 5127">
     <span class='ocr_line' id='line_1_110' title="bbox 1917 5053 3511 5127; baseline 0.001 -16"><span class='ocrx_word' id='word_1_833' title='bbox 1917 5056 2066 5112; x_wconf 86' lang='lat' dir='ltr'><strong>circo</strong></span> <span class='ocrx_word' id='word_1_834' title='bbox 2091 5054 2288 5110; x_wconf 86' lang='lat' dir='ltr'><strong>Paulus</strong></span> <span class='ocrx_word' id='word_1_835' title='bbox 2334 5053 2512 5120; x_wconf 65' lang='lat' dir='ltr'><strong>illisit,</strong></span> <span class='ocrx_word' id='word_1_836' title='bbox 2548 5054 2675 5126; x_wconf 89' lang='lat' dir='ltr'><strong>quia</strong></span> <span class='ocrx_word' id='word_1_837' title='bbox 2698 5069 2922 5111; x_wconf 89' lang='lat' dir='ltr'><strong>necesse</strong></span> <span class='ocrx_word' id='word_1_838' title='bbox 2958 5054 3194 5111; x_wconf 88' lang='lat' dir='ltr'><strong>habebat</strong></span> <span class='ocrx_word' id='word_1_839' title='bbox 3230 5056 3298 5111; x_wconf 89' lang='lat' dir='ltr'><strong>ad</strong></span> <span class='ocrx_word' id='word_1_840' title='bbox 3334 5056 3511 5127; x_wconf 83' lang='lat' dir='ltr'><strong>Ephe—</strong></span> 
     </span>
    </p>
   </div>
   <div class='ocr_carea' id='block_1_111' title="bbox 1921 5146 3516 5218">
    <p class='ocr_par' dir='ltr' id='par_1_111' title="bbox 1921 5146 3516 5218">
     <span class='ocr_line' id='line_1_111' title="bbox 1921 5146 3516 5218; baseline 0.002 -14"><span class='ocrx_word' id='word_1_841' title='bbox 1921 5148 2031 5204; x_wconf 76' lang='lat' dir='ltr'><strong>Sios</strong></span> <span class='ocrx_word' id='word_1_842' title='bbox 2077 5147 2379 5218; x_wconf 88' lang='lat' dir='ltr'><strong>disputans,</strong></span> <span class='ocrx_word' id='word_1_843' title='bbox 2432 5146 2587 5203; x_wconf 87' lang='lat' dir='ltr'><strong>novis</strong></span> <span class='ocrx_word' id='word_1_844' title='bbox 2640 5147 2803 5203; x_wconf 89' lang='lat' dir='ltr'><strong>rebus</strong></span> <span class='ocrx_word' id='word_1_845' title='bbox 2851 5156 2907 5203; x_wconf 92' lang='lat' dir='ltr'><strong>et</strong></span> <span class='ocrx_word' id='word_1_846' title='bbox 2960 5148 3317 5206; x_wconf 87' lang='lat' dir='ltr'><strong>invisibilibus</strong></span> <span class='ocrx_word' id='word_1_847' title='bbox 3374 5166 3516 5207; x_wconf 79' lang='lat' dir='ltr'><strong>nova</strong></span> 
     </span>
    </p>
   </div>
   <div class='ocr_carea' id='block_1_112' title="bbox 1921 5238 3513 5312">
    <p class='ocr_par' dir='ltr' id='par_1_112' title="bbox 1921 5238 3513 5312">
     <span class='ocr_line' id='line_1_112' title="bbox 1921 5238 3513 5312; baseline 0.002 -18"><span class='ocrx_word' id='word_1_848' title='bbox 1921 5241 2140 5295; x_wconf 90' lang='lat' dir='ltr'><strong>nomina</strong></span> <span class='ocrx_word' id='word_1_849' title='bbox 2207 5247 2489 5310; x_wconf 81' lang='lat' dir='ltr'><strong>coaptare.</strong></span> <span class='ocrx_word' id='word_1_850' title='bbox 2537 5238 2728 5295; x_wconf 77' lang='lat' dir='ltr'><strong>Adhuc</strong></span> <span class='ocrx_word' id='word_1_851' title='bbox 2798 5248 3020 5310; x_wconf 89' lang='lat' dir='ltr'><strong>propter</strong></span> <span class='ocrx_word' id='word_1_852' title='bbox 3064 5241 3166 5296; x_wconf 90' lang='lat' dir='ltr'><strong>hoc</strong></span> <span class='ocrx_word' id='word_1_853' title='bbox 3227 5242 3372 5312; x_wconf 92' lang='lat' dir='ltr'><strong>quod</strong></span> <span class='ocrx_word' id='word_1_854' title='bbox 3436 5242 3513 5297; x_wconf 91' lang='lat' dir='ltr'><strong>ait</strong></span> 
     </span>
    </p>
   </div>
   <div class='ocr_carea' id='block_1_113' title="bbox 1920 5326 3512 5405">
    <p class='ocr_par' dir='ltr' id='par_1_113' title="bbox 1920 5326 3512 5405">
     <span class='ocr_line' id='line_1_113' title="bbox 1920 5326 3512 5405; baseline 0.001 -17"><span class='ocrx_word' id='word_1_855' title='bbox 1920 5326 1976 5388; x_wconf 83' lang='lat' dir='ltr'><strong>in</strong></span> <span class='ocrx_word' id='word_1_856' title='bbox 2007 5332 2338 5397; x_wconf 66' lang='lat' dir='ltr'><strong>caelestibus,</strong></span> <span class='ocrx_word' id='word_1_857' title='bbox 2386 5332 2513 5402; x_wconf 88' lang='lat' dir='ltr'><strong>quia</strong></span> <span class='ocrx_word' id='word_1_858' title='bbox 2568 5330 2782 5387; x_wconf 88' lang='lat' dir='ltr'><strong>videtur</strong></span> <span class='ocrx_word' id='word_1_859' title='bbox 2832 5330 3164 5405; x_wconf 86' lang='lat' dir='ltr'><strong>ambiguum,</strong></span> <span class='ocrx_word' id='word_1_860' title='bbox 3205 5333 3512 5401; x_wconf 89' lang='lat' dir='ltr'><strong>dicendum,</strong></span> 
     </span>
    </p>
   </div>
   <div class='ocr_carea' id='block_1_114' title="bbox 1922 5421 3518 5495">
    <p class='ocr_par' dir='ltr' id='par_1_114' title="bbox 1922 5421 3518 5495">
     <span class='ocr_line' id='line_1_114' title="bbox 1922 5421 3518 5495; baseline -0.002 -13"><span class='ocrx_word' id='word_1_861' title='bbox 1922 5424 2203 5483; x_wconf 87' lang='lat' dir='ltr'><strong>subaudiri</strong></span> <span class='ocrx_word' id='word_1_862' title='bbox 2225 5440 2387 5495; x_wconf 91' lang='lat' dir='ltr'><strong>posse</strong></span> <span class='ocrx_word' id='word_1_863' title='bbox 2408 5422 2537 5495; x_wconf 87' lang='lat' dir='ltr'><strong>illud</strong></span> <span class='ocrx_word' id='word_1_864' title='bbox 2556 5424 2625 5480; x_wconf 86' lang='lat' dir='ltr'><strong>ad</strong></span> <span class='ocrx_word' id='word_1_865' title='bbox 2644 5425 2846 5489; x_wconf 87' lang='lat' dir='ltr'><strong>omnia,</strong></span> <span class='ocrx_word' id='word_1_866' title='bbox 2864 5432 2927 5479; x_wconf 90' lang='lat' dir='ltr'><strong>ut</strong></span> <span class='ocrx_word' id='word_1_867' title='bbox 2944 5424 3015 5480; x_wconf 90' lang='lat' dir='ltr'><strong>sit</strong></span> <span class='ocrx_word' id='word_1_868' title='bbox 3037 5439 3227 5480; x_wconf 88' lang='lat' dir='ltr'><strong>sensus</strong></span> <span class='ocrx_word' id='word_1_869' title='bbox 3246 5442 3260 5478; x_wconf 69' lang='grc' dir='ltr'><em>λ</em></span> <span class='ocrx_word' id='word_1_870' title='bbox 3289 5421 3408 5480; x_wconf 88' lang='lat' dir='ltr'><strong>Non</strong></span> <span class='ocrx_word' id='word_1_871' title='bbox 3431 5430 3518 5479; x_wconf 85' lang='lat' dir='ltr'><strong>est</strong></span> 
     </span>
    </p>
   </div>
   <div class='ocr_carea' id='block_1_115' title="bbox 1925 5514 3514 5587">
    <p class='ocr_par' dir='ltr' id='par_1_115' title="bbox 1925 5514 3514 5587">
     <span class='ocr_line' id='line_1_115' title="bbox 1925 5514 3514 5587; baseline -0.002 -13"><span class='ocrx_word' id='word_1_872' title='bbox 1925 5518 2080 5574; x_wconf 89' lang='lat' dir='ltr'><strong>nobis</strong></span> <span class='ocrx_word' id='word_1_873' title='bbox 2104 5514 2414 5573; x_wconf 86' lang='lat' dir='ltr'><strong>colluctatio</strong></span> <span class='ocrx_word' id='word_1_874' title='bbox 2445 5516 2707 5572; x_wconf 86' lang='lat' dir='ltr'><strong>adversus</strong></span> <span class='ocrx_word' id='word_1_875' title='bbox 2734 5524 3038 5587; x_wconf 88' lang='lat' dir='ltr'><strong>potestates</strong></span> <span class='ocrx_word' id='word_1_876' title='bbox 3076 5517 3130 5572; x_wconf 89' lang='lat' dir='ltr'><strong>in</strong></span> <span class='ocrx_word' id='word_1_877' title='bbox 3182 5514 3514 5584; x_wconf 74' lang='lat' dir='ltr'><strong>ctelestibus,</strong></span> 
     </span>
    </p>
   </div>
   <div class='ocr_carea' id='block_1_116' title="bbox 1923 5606 3509 5671">
    <p class='ocr_par' dir='ltr' id='par_1_116' title="bbox 1923 5606 3509 5671">
     <span class='ocr_line' id='line_1_116' title="bbox 1923 5606 3509 5671; baseline -0.003 -4"><span class='ocrx_word' id='word_1_878' title='bbox 1923 5619 1981 5667; x_wconf 91' lang='lat' dir='ltr'><strong>et</strong></span> <span class='ocrx_word' id='word_1_879' title='bbox 2028 5618 2268 5665; x_wconf 89' lang='lat' dir='ltr'><strong>rectores</strong></span> <span class='ocrx_word' id='word_1_880' title='bbox 2322 5608 2666 5664; x_wconf 85' lang='lat' dir='ltr'><strong>tenebrarum</strong></span> <span class='ocrx_word' id='word_1_881' title='bbox 2714 5608 2938 5663; x_wconf 90' lang='lat' dir='ltr'><strong>istarum</strong></span> <span class='ocrx_word' id='word_1_882' title='bbox 2992 5608 3045 5662; x_wconf 91' lang='lat' dir='ltr'><strong>in</strong></span> <span class='ocrx_word' id='word_1_883' title='bbox 3077 5606 3423 5671; x_wconf 76' lang='lat' dir='ltr'><strong>cmlestibus,</strong></span> <span class='ocrx_word' id='word_1_884' title='bbox 3450 5612 3509 5662; x_wconf 81' lang='lat' dir='ltr'><strong>et</strong></span> 
     </span>
    </p>
   </div>
   <div class='ocr_carea' id='block_1_117' title="bbox 1924 5694 3506 5771">
    <p class='ocr_par' dir='ltr' id='par_1_117' title="bbox 1924 5694 3506 5771">
     <span class='ocr_line' id='line_1_117' title="bbox 1924 5694 3506 5771; baseline -0.004 -13"><span class='ocrx_word' id='word_1_885' title='bbox 1924 5700 2189 5771; x_wconf 86' lang='lat' dir='ltr'><strong>spiritalia</strong></span> <span class='ocrx_word' id='word_1_886' title='bbox 2217 5699 2473 5768; x_wconf 82' lang='lat' dir='ltr'><strong>nequitiae</strong></span> <span class='ocrx_word' id='word_1_887' title='bbox 2503 5700 2557 5754; x_wconf 91' lang='lat' dir='ltr'><strong>in</strong></span> <span class='ocrx_word' id='word_1_888' title='bbox 2587 5699 2923 5767; x_wconf 69' lang='lat' dir='ltr'><strong>coelestibus,</strong></span> <span class='ocrx_word' id='word_1_889' title='bbox 2952 5706 3007 5755; x_wconf 87' lang='lat' dir='ltr'><strong>et</strong></span> <span class='ocrx_word' id='word_1_890' title='bbox 3038 5715 3144 5753; x_wconf 89' lang='lat' dir='ltr'><strong>non</strong></span> <span class='ocrx_word' id='word_1_891' title='bbox 3173 5705 3381 5753; x_wconf 88' lang='lat' dir='ltr'><strong>tantum</strong></span> <span class='ocrx_word' id='word_1_892' title='bbox 3404 5694 3506 5753; x_wconf 84' lang='lat' dir='ltr'><strong>ad-</strong></span> 
     </span>
    </p>
   </div>
   <div class='ocr_carea' id='block_1_118' title="bbox 1926 5782 3516 5861">
    <p class='ocr_par' dir='ltr' id='par_1_118' title="bbox 1926 5782 3516 5861">
     <span class='ocr_line' id='line_1_118' title="bbox 1926 5782 3516 5861; baseline -0.003 -17"><span class='ocrx_word' id='word_1_893' title='bbox 1926 5806 2130 5853; x_wconf 74' lang='lat' dir='ltr'><strong>versum</strong></span> <span class='ocrx_word' id='word_1_894' title='bbox 2185 5788 2448 5860; x_wconf 83' lang='lat' dir='ltr'><strong>spiritalia</strong></span> <span class='ocrx_word' id='word_1_895' title='bbox 2523 5790 2767 5861; x_wconf 76' lang='lat' dir='ltr'><strong>nequititc</strong></span> <span class='ocrx_word' id='word_1_896' title='bbox 2838 5789 2895 5842; x_wconf 86' lang='lat' dir='ltr'><strong>in</strong></span> <span class='ocrx_word' id='word_1_897' title='bbox 2969 5785 3273 5841; x_wconf 78' lang='lat' dir='ltr'><strong>cwlestibus.</strong></span> <span class='ocrx_word' id='word_1_898' title='bbox 3338 5782 3516 5841; x_wconf 79' lang='lat' dir='ltr'><strong>Maxi-</strong></span> 
     </span>
    </p>
   </div>
   <div class='ocr_carea' id='block_1_119' title="bbox 1875 5878 3520 5969">
    <p class='ocr_par' dir='ltr' id='par_1_119' title="bbox 1875 5878 3520 5969">
     <span class='ocr_line' id='line_1_119' title="bbox 1875 5878 3520 5969; baseline -0.001 -33"><span class='ocrx_word' id='word_1_899' title='bbox 1875 5894 2015 5969; x_wconf 31' lang='lat' dir='ltr'><strong>&quot;me</strong></span> <span class='ocrx_word' id='word_1_900' title='bbox 2062 5883 2110 5943; x_wconf 82' lang='lat' dir='ltr'><strong>si</strong></span> <span class='ocrx_word' id='word_1_901' title='bbox 2151 5878 2521 5953; x_wconf 77' lang='lat' dir='ltr'><strong>intelligimus,</strong></span> <span class='ocrx_word' id='word_1_902' title='bbox 2576 5890 2635 5939; x_wconf 87' lang='lat' dir='ltr'><strong>ut</strong></span> <span class='ocrx_word' id='word_1_903' title='bbox 2676 5882 2789 5952; x_wconf 87' lang='lat' dir='ltr'><strong>jam</strong></span> <span class='ocrx_word' id='word_1_904' title='bbox 2843 5897 3003 5952; x_wconf 84' lang='lat' dir='ltr'><strong>supra</strong></span> <span class='ocrx_word' id='word_1_905' title='bbox 3042 5880 3347 5949; x_wconf 76' lang='lat' dir='ltr'><strong>expositum</strong></span> <span class='ocrx_word' id='word_1_906' title='bbox 3406 5880 3520 5950; x_wconf 82' lang='lat' dir='ltr'><strong>est,</strong></span> 
     </span>
    </p>
   </div>
  </div>
