3986 6338
469 354 569 441 υἰι

1128 383 1186 439 Β.
1228 377 1484 462 RABANl
1525 379 1743 442 MAURI
1781 384 2100 442 ARCHIEP.
2141 385 2449 444 MOGUNT.
2487 385 2773 445 OPERUM
2810 387 2991 445 PARS
3025 387 3111 444 lli.

3633 391 3756 448 472

467 510 742 574 quomodo
792 503 1033 559 emlestia
1095 509 1474 570 nuncupentur
1530 508 1751 570 prOpter
1809 498 2057 554 volucres
2085 506 2135 565 Α
2160 503 2270 572 giat
2291 504 2444 557 homo
2473 520 2505 556 a
2534 503 2672 572 facie
2689 503 2872 569 leonis,
2901 514 2950 558 et
2979 505 3220 557 incurrat
3247 520 3304 558 in
3331 519 3544 571 ursum;
3575 516 3624 560 et
3659 509 3754 563 in-

467 596 611 660 omli,
668 604 724 650 et
768 595 912 667 quod
956 595 1010 648 in
1054 594 1412 658 usu-dicitur,
1450 593 1700 664 pluviam
1749 593 1937 648 venire
1989 595 2058 648 de

466 687 610 743 caelo
652 703 664 738 :
715 702 824 742 non
851 685 994 756 quod
1041 684 1222 754 pluvia
1260 700 1291 739 e
1328 683 1466 739 corio
1513 685 1712 739 veniat.
1743 683 2056 754 Philosophi

463 779 665 851 quippe
711 778 864 834 aiunt
911 793 1020 833 non
1062 777 1292 848 amplius
1345 791 1508 847 quam
1558 777 1767 833 duobus
1818 778 2056 834 millibus

462 881 723 938 passuum
775 883 808 923 a
859 876 1004 923 terra
1049 867 1252 923 distare
1303 867 1512 933 nubes,
1563 881 1628 922 ex
1679 868 1874 938 quibus
1931 868 2054 924 fun~

465 960 666 1015 dantur
712 959 908 1030 pluviae
953 968 1010 1015 et
1046 959 1221 1015 imber
1261 960 1478 1024 irroret,
1512 959 1666 1030 juxta
1717 975 1876 1030 quem
1933 977 2056 1017 sen-

463 1067 584 1107 sum
617 1061 906 1110 cataractae
949 1069 1163 1124 quoque
1193 1055 1314 1110 οωιί
1348 1057 1403 1110 in
1433 1055 1638 1110 diluvio
1687 1065 1887 1128 aperta:
1933 1075 2056 1115 esse

460 1141 732 1200 feruntur.
787 1144 1173 1200 Verumtamen
1220 1155 1422 1217 quanto
1479 1147 1601 1217 quis
1653 1149 1805 1218 pejor
1854 1149 2050 1216 fuerit,

463 1241 614 1287 tanto
636 1235 867 1291 vicinior
909 1236 1014 1291 erit
1045 1246 1202 1292 teme
1248 1237 1379 1292 locis
1408 1245 1464 1293 et
1505 1239 1775 1310 pinguiori
1805 1241 2054 1296 substan-

461 1324 572 1378 tiae.
607 1323 887 1396 Siquidem
910 1335 966 1383 et
988 1335 1132 1382 terra
1164 1337 1219 1384 et
1246 1329 1612 1386 circumdatus
1653 1332 1809 1386 nobis
1831 1347 1926 1386 aer
1954 1333 2052 1387 ha-

458 1414 588 1470 bent
608 1417 990 1487 pinguedinem
1009 1434 1182 1475 suam.
1203 1419 1371 1476 Aiunt
1393 1421 1612 1492 quidam
1632 1430 1687 1477 et
1703 1423 1916 1479 animas
1937 1424 2051 1479 suis

458 1507 778 1575 corporibus
828 1509 1101 1576 liberatas,
1135 1510 1182 1566 si
1237 1520 1532 1567 attenuatae
1571 1512 1775 1569 fuerint
1823 1516 1876 1569 in
1913 1530 2050 1586 prae-

456 1596 597 1650 senti
625 1598 752 1659 vita,
783 1606 837 1652 et
867 1597 1014 1664 lima,
1043 1607 1102 1652 ut
1129 1600 1201 1654 ita
1231 1601 1428 1666 dicam,
1451 1605 1720 1666 ὰσκὴσιως
1748 1613 1910 1673 atque
1940 1606 2049 1660 vir-

429 1693 633 1748 tutum
661 1687 717 1742 in
745 1688 941 1743 subtile
990 1705 1187 1760 corpus
1217 1693 1438 1758 attritas,
1467 1708 1575 1748 non
1632 1695 1969 1751 habitaturas
1990 1697 2046 1750 in

451 1777 828 1848 pinguioribus
865 1780 1019 1847 locis,
1061 1783 1156 1837 sed
1210 1783 1339 1848 Deo,
1389 1784 1482 1853 qui
1540 1785 1892 1856 incorporeus
1937 1795 2041 1852 est,

2157 603 2322 648 troeat
2346 595 2400 647 in
2427 594 2638 648 domum
2665 611 2815 648 suam
2838 604 2884 649 et
2909 595 3120 649 reclinet
3166 612 3355 649 manus
3384 613 3539 666 super
3563 599 3751 667 parie—

2157 695 2259 740 tem
2288 695 2335 740 et
2363 686 2598 740 mordeat
2625 703 2742 740 eum
2768 685 2995 742 coluber.
3031 685 3224 740 Nonne
3248 685 3472 741 tenebrtr.
3495 687 3607 741 dies
3637 687 3754 741 Do-

2157 776 2285 832 mini
2328 787 2376 832 et
2416 793 2518 832 non
2558 777 2670 843 lux,
2703 785 2752 831 et
2791 777 2960 848 caligo
2988 793 3092 832 non
3129 777 3326 832 habens
3364 776 3699 847 splendorem
3724 778 3754 831 .’

2157 866 2358 940 (Amos.
2392 867 2471 940 v.)
2514 867 2794 936 Quomodo
2821 869 2968 924 enim
2996 883 3104 924 non
3145 868 3288 923 mala
3325 876 3411 923 est
3455 868 3571 924 dies
3599 869 3748 936 haec,

2155 975 2274 1029 quae
2321 960 2561 1015 tenebris
2605 967 2661 1014 et
2707 960 2936 1032 caligine
2984 958 3307 1026 involvitur,
3355 960 3423 1015 de
3463 976 3571 1030 qua
3623 959 3750 1016 Joel

2154 1066 2369 1122 quoque
2396 1053 2660 1122 propheta
2699 1060 3092 1108 commemorat
3125 1053 3310 1108 dicens
3342 1071 3355 1106 :
3387 1050 3573 1108 Canite
3615 1053 3749 1109 tuba

2152 1140 2209 1194 in
2252 1139 2421 1196 Sion:
2448 1143 2730 1212 pra’dicate
2759 1144 2814 1196 in
2859 1153 3032 1197 monte
3058 1153 3242 1197 sancto
3268 1159 3406 1208 meo,
3439 1153 3489 1198 et
3514 1143 3754 1212 confun-

2153 1231 2351 1286 dantur
2371 1249 2548 1287 omnes
2569 1235 2656 1304 qui
2679 1234 2917 1288 habitant
2933 1245 3150 1299 terram,
3179 1234 3428 1304 quoniam
3461 1233 3574 1287 dies
3597 1235 3754 1318 adest

2151 1323 2385 1390 Domini,
2410 1327 2534 1398 quia
2556 1344 2715 1397 prope
2729 1337 2801 1382 est
2818 1328 2928 1382 dies
2951 1328 3281 1381 tenebran
3297 1335 3342 1380 et
3365 1326 3616 1390 turbinis,
3631 1325 3753 1380 dies

2152 1417 2355 1471 nebula:
2382 1429 2429 1472 et
2461 1418 2700 1489 caliginis
2748 1419 2923 1491 (Joel.
2963 1419 3068 1490 n);
3117 1427 3172 1474 et
3220 1418 3527 1489 Sophonias
3560 1419 3627 1473 de
3652 1433 3754 1473 ea-

2152 1511 2274 1566 dem
2309 1511 2396 1565 die
2428 1511 2668 1580 loquitur
2701 1528 2714 1564 :
2751 1510 2946 1581 Magna
2976 1526 3136 1581 prope
3161 1518 3210 1564 et
3239 1509 3390 1564 velox
3416 1509 3614 1572 nimis;
3645 1525 3752 1563 vos

2150 1603 2257 1658 diei
2287 1587 2499 1656 Domini
2535 1619 2740 1668 amara,
2771 1611 2819 1656 et
2845 1603 3004 1669 dura,
3039 1610 3088 1655 et
3116 1601 3266 1670 fortis
3290 1617 3309 1655 :
3340 1600 3451 1655 dies
3482 1601 3602 1664 ira',
3633 1602 3749 1655 dies

2148 1693 2265 1759 illa,
2297 1693 2407 1747 dies
2438 1693 2695 1764 angustia:
2725 1700 2773 1746 et
2805 1692 3124 1746 necessitatis
3159 1688 3367 1762 (Soph.
3394 1705 3413 1745 ι
3437 1695 3454 1760 )
3475 1730 3492 1756 ,
3530 1698 3587 1744 et
3614 1690 3748 1744 reli-

2152 1799 2276 1856 qua.
2302 1783 2432 1839 Post
2455 1798 2574 1853 qua:
2603 1782 2767 1840 infert
2795 1801 2806 1836 ς
2838 1782 2908 1836 Et
2944 1782 3170 1853 aﬂligam
3198 1781 3456 1846 homines,
3481 1789 3531 1834 et
3552 1779 3744 1834 ambu-

450 1868 662 1923 vicinas
705 1869 822 1925 fore
854 1889 867 1924 :
896 1872 942 1926 si
972 1886 1099 1927 vero
1138 1871 1270 1928 tales
1315 1872 1536 1939 fuerint,
1588 1875 1655 1930 de
1692 1876 1888 1945 quibus
1935 1877 2042 1932 dici
2071 1867 2122 1929 Β
2145 1877 2330 1932 labant
2355 1884 2411 1929 ut
2439 1876 2582 1939 cteci,
2612 1875 2740 1945 quia
2765 1872 2992 1928 Domino
3013 1881 3354 1943 peccaverunt
3399 1871 3586 1942 (Apoc.
3618 1871 3745 1942 xu).

450 1961 622 2029 possit
656 1978 669 2014 :
705 1959 836 2015 Filii
867 1963 1158 2032 hominum,
1204 1981 1466 2036 usquequo
1509 1967 1656 2037 gravi
1685 1967 1839 2021 corde
1868 1966 2042 2038 (Rsal.

451 2052 550 2122 tv),
582 2053 696 2108 sive
723 2055 906 2126 pingui
947 2058 1132 2124 corde,
1173 2061 1471 2116 secundum
1507 2062 1888 2118 crassitudinis
1932 2079 2044 2120 suae

446 2144 660 2211 pondus
683 2145 750 2198 ad
789 2145 974 2202 infima
1003 2148 1213 2204 detrahi
1241 2159 1295 2205 et
1323 2151 1651 2223 pinguedine
1689 2156 2042 2225 prmgravari.

451 2230 582 2288 Post
612 2235 716 2289 hoc
763 2243 819 2291 et
846 2236 976 2292 illud
1002 2240 1210 2308 pariter
1231 2241 1630 2308 disserendum,
1663 2260 1733 2298 an
1770 2246 1875 2300 hac
1899 2256 2044 2301 terra

448 2333 504 2379 et
553 2340 689 2380 aere.
706 2325 902 2397 aliquis
947 2330 1202 2403 pinguior
1229 2332 1380 2390 locus
1424 2335 1516 2401 sit,
1574 2337 1666 2406 qui
1705 2352 1736 2391 a
1764 2338 2044 2408 plerisque

447 2415 751 2484 appellatur
778 2416 1042 2486 lnfernus,
1092 2421 1148 2478 in
1187 2437 1293 2491 quo
1323 2423 1401 2489 hi,
1436 2425 1528 2494 qui
1559 2425 1816 2480 dicuntur
1860 2425 2040 2494 inferi,

447 2519 876 2564 commorantur.
915 2510 1146 2578 Quinam
1175 2529 1307 2570 vero
1344 2514 1434 2570 isti
1465 2516 1574 2571 sint
1632 2526 1706 2583 et,
1760 2533 1923 2588 quam
1954 2519 2041 2574 vel

445 2597 834 2669 cognitionem,
865 2600 951 2656 vel
992 2601 1358 2660 diversitatem
1409 2605 1668 2673 habeant,
1703 2609 1772 2664 ad
1809 2625 1902 2665 eos
1945 2612 2038 2681 qui

443 2690 712 2758 spiritalia
757 2693 1012 2762 nequitia:
1059 2695 1113 2750 in
1159 2695 1474 2753 cmlestibus
1519 2700 1880 2769 appellantur,
1929 2719 2038 2759 non

443 2789 528 2836 est
578 2784 859 2852 praesentis
921 2787 1178 2855 temporis
1223 2788 1518 2858 disputare.
1562 2790 1850 2862 Reliquum
1910 2804 2034 2862 est,

443 2879 501 2925 ut
530 2873 660 2942 quid
702 2873 844 2929 inter
889 2875 1327 2934 colluctationem
1354 2881 1536 2936 carnis
1561 2891 1618 2937 et
1656 2884 1956 2955 sanguinis,
1983 2896 2039 2942 et

441 2963 585 3019 inter
614 2974 854 3023 rectores
904 2969 1253 3025 tenebrarum
1282 2972 1511 3027 istarum
1559 2982 1616 3028 et
1643 2975 1909 3044 spiritalia
1940 2991 2037 3032 ne-

439 3057 624 3127 quitia:
651 3059 708 3113 in
746 3059 1060 3118 caelestibus
1089 3064 1180 3130 sit,
1220 3064 1274 3118 in
1307 3065 1516 3122 duobus
1548 3069 1690 3138 apud
1715 3069 2035 3138 Apostolum

439 3149 781 3207 manifestius
813 3152 1089 3209 discamus
1124 3155 1451 3227 agminibus.
1481 3158 1709 3226 Quando
1745 3163 1890 3218 enim
1921 3163 2036 3219 vult

2153 1966 2224 2023 Ut
2253 1967 2419 2038 igitur
2448 1965 2619 2037 possit
2655 1965 2781 2036 quis
2822 1965 2878 2019 in
2927 1965 3028 2019 hac
3070 1963 3157 2018 die
3205 1961 3421 2018 diabolo
3465 1963 3745 2028 resistere,

2149 2059 2280 2129 quia
2313 2059 2430 2129 ipse
2449 2067 2535 2114 est
2561 2065 2849 2112 accusator
2876 2056 3106 2111 fratrum
3133 2064 3470 2120 nostrorum,
3501 2065 3746 2110 assumat

2145 2150 2331 2207 omnia
2353 2165 2506 2205 arma
2531 2149 2623 2204 Dei
2647 2167 2659 2203 :
2687 2149 2790 2203 hoc
2809 2148 2953 2204 enim
2977 2155 3136 2203 sonat
3159 2148 3437 2211 πανοπλία,
3465 2162 3574 2201 non
3605 2155 3666 2200 ut
3690 2148 3748 2201 in

2145 2239 2337 2295 Latino
2385 2239 2706 2310 simpliciter
2747 2255 2900 2292 arma
2936 2237 3201 2292 translata
3251 2247 3400 2302 sunt,
3432 2237 3527 2292 sed
3571 2236 3748 2291 omni-

2144 2333 2247 2389 bus
2272 2332 2392 2388 telis
2421 2332 2696 2403 armisque
2725 2331 3064 2396 succinctus,
3114 2331 3181 2385 de
3214 2330 3410 2400 quibus
3437 2330 3492 2385 in
3516 2343 3746 2399 sequen-

2144 2423 2289 2478 tibus
2326 2422 2657 2493 eXplicatur,
2702 2422 2842 2477 sciat
2868 2435 2928 2477 se
2965 2431 3094 2477 tunc
3123 2430 3270 2476 stare
3298 2434 3493 2490 posse,
3540 2420 3588 2474 si
3626 2419 3746 2474 uni-

2143 2531 2301 2571 versa
2347 2515 2511 2572 fuerit
2539 2524 2828 2586 operatus,
2869 2523 2931 2570 ut
2969 2514 3160 2585 plenus
3203 2513 3416 2569 cunctis
3454 2513 3747 2568 virtutibus

2143 2609 2388 2665 stabilem
2421 2608 2551 2680 ﬁgat
2589 2609 2850 2680 gradum,
2902 2616 2958 2662 et
2998 2623 3106 2661 non
3149 2615 3436 2666 moveatur
3489 2606 3556 2660 de
3603 2605 3740 2668 acie,

2141 2701 2320 2770 sitque
2353 2715 2421 2755 ex
2466 2700 2584 2765 his,
2639 2699 2702 2754 de
2740 2698 2936 2768 quibus
2976 2697 3240 2753 Dominus
3289 2696 3365 2751 ait
3399 2713 3413 2750 :
3453 2694 3593 2751 Sunt
3627 2696 3742 2766 qui-

2139 2791 2264 2845 dam
2310 2791 2376 2845 de
2420 2791 2504 2845 hic
2555 2790 2849 2845 astantibus
2879 2786 3109 2862 \Matth.
3156 2787 3312 2858 xw);
3343 2796 3402 2844 et
3427 2786 3536 2842 alio
3577 2787 3737 2843 loco:

2139 2882 2352 2938 Etenim
2374 2882 2480 2952 ﬁde
2506 2883 2656 2936 statis
2684 2880 2770 2954 (ΙΙ
2799 2880 2920 2936 Cor.
2957 2880 3032 2950 t);
3065 2888 3120 2935 et
3145 2878 3436 2935 Psalmista
3469 2897 3483 2932 :
3521 2877 3740 2944 Statuit,

2138 2973 2358 3043 inquit,
2410 2990 2573 3043 supra
2621 2983 2824 3043 petram
2874 2971 3032 3042 pedes
3077 2985 3218 3026 meos
3263 2969 3460 3042 (Psal.
3513 2972 3738 3042 usu).

2139 3065 2322 3121 Tertia
2335 3081 2551 3137 quoque
2565 3081 2595 3119 a
2611 3065 2932 3136 quibusdam
2947 3062 3324 3133 interpretatio
3337 3060 3738 3128 submducitur,

2139 3159 2446 3215 dicentibus
2483 3177 2494 3212 :
2534 3173 2640 3214 non
2668 3173 2829 3213 omne
2873 3156 3162 3212 adversum
3191 3155 3464 3212 diabolum
3492 3155 3739 3226 praelium

439 3241 706 3298 humanas
745 3244 1093 3310 tentatioues,
1141 3247 1244 3303 hoc
1269 3257 1354 3303 est
1377 3249 1814 3308 colluctationem
1849 3254 2033 3310 carnis
2059 3241 2106 3305 C
2135 3259 2316 3305 morte
2337 3250 2508 3316 ﬁniri,
2535 3249 2630 3306 sed
2661 3262 2785 3305 cum
2813 3249 2881 3305 de
2911 3247 3110 3304 saeculo
3129 3248 3234 3303 isto
3261 3246 3584 3312 exierimus,
3613 3257 3738 3302 tunc

437 3341 492 3388 et
520 3336 799 3406 sanguinis
837 3331 1097 3404 indicare,
1145 3342 1448 3412 despiciens
1474 3361 1568 3403 eas
1595 3356 1757 3418 atque
1786 3351 2033 3406 contem-

437 3440 577 3481 nens
620 3427 899 3498 loquitur:
933 3430 1064 3496 Quis
1102 3449 1195 3488 nos
1239 3436 1499 3506 separabit
1526 3453 1559 3490 a
1588 3438 1844 3493 charitate
1893 3439 1986 3494 Dei
2009 3441 2036 3496 l’

439 3514 759 3586 Tribulatio,
792 3537 861 3574 an
901 3524 1170 3594 angustia,
1221 3541 1292 3580 an
1325 3527 1657 3598 persecutio?
1682 3527 1854 3600 (Rom.
1885 3532 2032 3604 vui.)

437 3605 668 3675 Quando
696 3626 827 3668 vero
853 3613 1050 3670 docere
1077 3631 1176 3672 nos
1204 3617 1320 3672 vult
1344 3620 1410 3674 de
1439 3619 1768 3676 adversariis
1791 3630 2033 3692 potesta-

437 3700 602 3766 tibus,
626 3709 684 3756 et
704 3704 1003 3762 rectoribus
1027 3710 1393 3777 tenebrarum,
1415 3720 1472 3767 et
1491 3713 1824 3782 spiritalibus
1845 3716 2035 3787 nequi-

439 3791 526 3845 tia:
552 3792 606 3846 in
623 3793 955 3864 coelestibus,
982 3797 1051 3853 ab
1069 3800 1176 3856 alio
1195 3803 1351 3872 quasi
1372 3804 1548 3875 capite
1559 3807 1726 3861 sumit
1748 3810 2032 3866 exordium

435 3892 491 3937 et
507 3881 640 3938 dicit
667 3903 679 3937 :
704 3883 888 3942 Certus
908 3905 1024 3943 sum
1047 3892 1187 3945 enim
1207 3894 1334 3963 quia
1355 3910 1518 3965 neque
1536 3913 1696 3963 mors,
1717 3915 1880 3971 neque
1902 3901 2028 3968 vita,

435 3983 492 4028 et
516 3975 745 4048 reliqua.
775 3978 1047 4038 Prolixius
1092 3983 1320 4039 forsitan
1361 4001 1525 4055 quam
1556 3986 1726 4044 lector
1773 3991 2028 4060 voluerit,

434 4066 503 4122 de
563 4069 667 4124 hoc
711 4071 949 4141 capitulo
981 4073 1312 4144 disputatum
1343 4077 1458 4132 sit:
1511 4079 1628 4145 sed,
1681 4097 1887 4152 quaeso,
1938 4082 2032 4140 det

434 4160 648 4216 veniam
678 4162 977 4221 diﬂicultati
1005 4166 1146 4223 illius
1171 4168 1274 4224 loci
1297 4178 1352 4226 et
1377 4186 1620 4241 personae
1645 4173 2029 4244 Ephesiorum,

434 4254 528 4342 qui
579 4264 704 4324 post
745 4265 891 4313 artes
940 4262 1180 4332 magicas
1225 4265 1366 4322 scire
1418 4266 1720 4326 debuerant
1757 4287 1787 4325 a
1833 4273 2029 4342 quibus

435 4340 669 4399 fuissent
695 4345 989 4416 aliquando
1014 4351 1245 4422 decepti.

507 4432 794 4506 Propterea
834 4440 1054 4510 accipite
1088 4453 1417 4502 armaturam
1452 4446 1571 4515 Dei,
1601 4458 1661 4504 ut
1691 4452 1902 4520 possitis
1940 4469 2026 4507 re-

2137 3345 2297 3402 nobis
2320 3345 2516 3401 fortius
2544 3352 2600 3400 et
2625 3343 2865 3415 apertius
2891 3343 3251 3414 praesentibus
3273 3350 3468 3398 contra
3498 3355 3738 3412 prasen-

2136 3446 2222 3494 tes
2246 3437 2490 3492 futurum
2517 3451 2637 3493 esse
2677 3445 2955 3491 certamen
2979 3451 2996 3500 ;
3040 3443 3096 3490 et
3124 3434 3206 3489 sic
3235 3432 3366 3489 illud
3403 3432 3552 3504 quod
3579 3431 3739 3503 paulo

2136 3537 2265 3583 ante
2290 3527 2666 3598 exposuimus,
2706 3533 3016 3596 exponunt,
3047 3541 3212 3596 neque
3233 3524 3546 3596 praesentia,
3578 3538 3739 3594 neque

2135 3621 2317 3691 futura
2333 3636 2351 3675 :
2367 3628 2429 3675 ut
2449 3619 2630 3675 futura
2647 3619 2766 3674 haec
2781 3619 2964 3674 dicant
2975 3632 3116 3685 esse,
3129 3633 3250 3688 qute
3261 3624 3385 3687 post
3398 3617 3565 3671 vitam
3581 3617 3738 3672 istam

2135 3712 2248 3768 sint
2271 3711 2509 3766 ineunda
2525 3708 2849 3765 certamina.
2873 3707 2985 3763 Nec
3005 3723 3114 3764 non
3137 3715 3193 3763 et
3213 3706 3346 3762 illud
3369 3721 3386 3761 :
3407 3705 3740 3777 Quapropter

2134 3800 2520 3867 contendimus,
2536 3801 2643 3855 sive
2656 3801 2711 3854 in
2730 3799 3001 3871 praesenti,
3018 3799 3122 3854 siue
3136 3799 3191 3854 iri
3213 3798 3418 3869 futuro,
3435 3797 3648 3868 placere
3661 3795 3740 3850 illi

2135 3892 2222 3966 (II
2247 3893 2369 3948 Cor.
2395 3891 2471 3964 v),
2501 3900 2560 3947 ut
2582 3907 2824 3963 praesens
2845 3899 3076 3962 tempus,
3093 3892 3236 3947 hanc
3254 3891 3446 3956 vitam,
3465 3890 3738 3955 futurum,

2131 3993 2257 4055 post
2278 3992 2509 4040 mortem
2531 3983 2823 4055 signiﬁcari
2838 3991 3049 4054 putent.
3064 3981 3178 4039 Hoc
3192 3997 3409 4054 quoque
3425 3983 3570 4053 quod
3595 3996 3740 4038 nunc

2132 4077 2369 4133 dicitur:
2403 4076 2474 4131 Et
2501 4078 2679 4131 omnia
2705 4077 2928 4147 operati,
2953 4085 3114 4143 stare,
3140 4077 3210 4133 ad
3233 4077 3484 4132 eumdem
3514 4091 3736 4131 sensum

2131 4167 2411 4224 referent:
2444 4168 2598 4238 quasi
2627 4184 2737 4224 non
2768 4168 2941 4239 possit
2961 4169 3158 4240 aliquis
3185 4169 3364 4225 omnia
3391 4169 3446 4224 in
3475 4167 3736 4239 prazsenti

2128 4259 2241 4313 vita
2266 4258 2506 4328 operari,
2537 4260 2631 4313 sed
2657 4274 2724 4313 ex
2755 4267 2909 4329 parte
2930 4258 3060 4328 quid
3088 4258 3277 4326 faciat,
3313 4260 3456 4314 sicut
3485 4274 3553 4313 ex
3579 4266 3737 4329 parte

2129 4351 2330 4414 videat,
2353 4359 2410 4406 et
2432 4365 2498 4406 ex
2525 4359 2677 4422 parte
2709 4351 2994 4423 prophetet
3021 4369 3035 4406 :
3062 4360 3118 4407 et
3144 4360 3273 4407 tunc
3308 4349 3553 4420 perfecte
3588 4359 3738 4406 stare

2129 4440 2325 4506 valeat,
2355 4456 2480 4496 cum
2504 4442 2753 4496 universa
2779 4442 2943 4498 fuerit
2965 4453 3238 4514 operatus.
3259 4441 3414 4498 Alius
3440 4456 3574 4497 vero
3601 4444 3736 4496 sim-

359 4515 390 4574 ’ἐ
433 4524 614 4580 sistere
635 4528 688 4580 in
716 4528 801 4582 die
829 4529 968 4584 malo
990 4541 1040 4585 et
1065 4533 1120 4588 in
1143 4537 1380 4592 omnibus
1405 4539 1621 4608 perfecti
1645 4515 1804 4596 stare.
1825 4540 2024 4615 (Hier.)
2050 4601 2098 4615 ﬁ
2126 4535 2320 4605 plicius
2343 4535 2460 4591 hac
2473 4537 2716 4606 exponit,
2743 4536 2927 4592 dicens
2955 4553 2968 4590 :
2999 4535 3261 4607 Ephesios
3283 4535 3351 4591 ad
3371 4534 3587 4590 futuras
3611 4543 3733 4590 ten-

433 4617 585 4672 Diem
612 4619 814 4675 malum
853 4631 949 4678 aut
979 4639 1218 4694 praesens
1255 4601 1466 4701 tempus
1499 4601 1777 4700 ostendit,
1818 4601 1885 4690 de
1915 4601 2024 4705 quo

2139 4601 2366 4682 lationes
2391 4635 2446 4682 et
2473 4601 2899 4698 persecutiones,
2928 4601 3194 4698 quasillis
3217 4626 3414 4682 Paulus
3438 4626 3735 4697 Apostolus

433 4723 594 4778 supra
615 4711 826 4768 dixerat
849 4733 860 4767 :
887 4712 1218 4774 Redimentes
1239 4731 1457 4793 tempus,
1479 4725 1728 4794 quoniam
1759 4726 1868 4780 dies
1895 4727 2024 4782 mali

431 4808 573 4861 sunt,
604 4812 825 4870 prOpter
851 4807 1128 4876 angustias
1164 4817 1220 4863 et
1248 4811 1372 4865 vitm
1407 4811 1568 4881 hujus
1607 4812 1856 4881 labores,
1892 4817 2020 4885 quia

433 4906 541 4946 non
567 4893 768 4963 absque
789 4897 986 4955 sudore
1005 4909 1061 4954 et
1099 4903 1396 4957 certamine
1425 4906 1770 4972 pervenimus
1804 4909 1872 4964 ad
1901 4911 2020 4980 pal-

432 5003 630 5042 mam:
679 4998 774 5044 aut
831 5002 979 5049 certe
1038 4995 1524 5053 consummationis
1580 5007 1743 5070 atque
1793 4999 2017 5071 judicii,

431 5079 647 5146 quando
676 5081 938 5152 diabolus,
962 5086 1213 5141 inimicus
1245 5097 1299 5142 et
1325 5089 1543 5158 vindex,
1571 5091 1625 5146 in
1661 5108 1761 5148 sua
1790 5110 1889 5150 nos
1924 5112 2020 5152 cu-

432 5170 544 5236 piet
567 5180 718 5239 parte
759 5175 1013 5241 retinere,
1043 5177 1108 5230 de
1134 5191 1240 5245 qua
1271 5177 1610 5249 liberabitur,
1637 5183 1731 5254 qui
1769 5185 2020 5257 intelligit

431 5274 594 5329 super
618 5278 848 5333 egenum
870 5273 924 5321 et
947 5280 1240 5336 pauperem
1273 5286 1284 5322 :
1320 5268 1387 5323 In
1417 5272 1502 5325 die
1531 5275 1670 5327 enim
1711 5275 1856 5330 mala
1889 5277 2018 5331 libe-

432 5353 565 5406 rabit
596 5372 714 5409 eum
753 5357 1006 5411 Dominus
1033 5355 1218 5430 (Psal.
1248 5361 1374 5432 XL).
1404 5363 1531 5420 Haec
1565 5377 1648 5421 est
1670 5367 1786 5424 dies
1818 5369 1884 5425 de
1909 5386 2017 5439 qua

431 5453 486 5498 et
521 5445 625 5500 alio
664 5447 784 5502 loco
813 5449 1071 5517 scriptum
1121 5459 1242 5507 est:
1280 5452 1416 5507 Ecce
1457 5458 1589 5511 venit
1636 5460 1748 5513 dies
1784 5460 1880 5515 ira:
1911 5461 2017 5516 Do-

429 5537 557 5591 mini
574 5538 728 5608 (lsai.
749 5538 904 5611 xm);
930 5548 986 5595 et
1015 5541 1140 5596 alibi
1162 5562 1172 5596 :
1201 5542 1322 5599 Dies
1346 5549 1484 5600 enim
1507 5547 1717 5603 Domini
1738 5552 2017 5606 insatiabi-

430 5627 496 5682 lis
519 5631 678 5684 veniet
701 5630 1067 5699 [urorisetirte
1085 5632 1237 5703 (1εαί.
1263 5637 1432 5708 xxn);
1458 5648 1510 5693 et
1535 5656 1778 5696 rursum:
1814 5641 1900 5697 Va:
1926 5645 2018 5697 de-

430 5722 782 5778 siderantibus
803 5724 940 5778 diem
963 5725 1173 5782 Domini
1196 5743 1215 5781 .'
1241 5741 1294 5783 ut
1321 5731 1447 5801 quid
1475 5733 1614 5786 vobis
1636 5734 1775 5789 diem
1801 5733 2018 5790 Domini

431 5822 478 5868 et
509 5817 619 5869 lure
652 5823 726 5868 est
757 5816 980 5872 tenebrw
1012 5827 1061 5873 et
1098 5835 1201 5874 non
1228 5819 1354 5883 lux;
1385 5822 1827 5893 quemadmodum
1853 5827 1901 5882 si
1925 5827 2014 5898 fu-

2129 4728 2253 4790 post
2269 4721 2410 4776 hanc
2430 4721 2730 4790 Epistolam
2750 4709 3068 4791 prophetico
3089 4720 3280 4790 spiritu
3297 4720 3518 4774 videbat
3537 4734 3736 4790 prove-

2129 4813 2268 4876 nire,
2295 4813 2570 4868 cohortari
2594 4821 2648 4868 et
2676 4827 2918 4879 monere,
2941 4822 3001 4868 ut
3027 4815 3210 4869 omnia
3235 4813 3456 4878 faciant,
3482 4828 3583 4884 per
3608 4827 3734 4884 qua:

2127 4904 2338 4974 possint
2352 4903 2406 4958 in
2423 4904 2527 4959 ﬁde
2543 4914 2689 4960 stare
2705 4904 3004 4975 Evangelii,
3020 4920 3122 4961 nec
3137 4906 3192 4962 in
3211 4906 3594 4977 persecutione
3609 4921 3736 4961 cor-

2128 5009 2318 5050 ruere:
2349 4995 2494 5051 diem
2517 5005 2696 5052 autem
2732 4995 2930 5050 malam
2957 4997 3178 5068 proprie
3217 4997 3284 5053 de
3305 4997 3732 5070 quadragesimo

2125 5093 2320 5141 octavo
2339 5086 2546 5157 psalmo
2570 5087 2901 5142 arbitramur
2932 5102 3053 5142 esse
3092 5103 3238 5144 nunc
3258 5097 3551 5159 sumptam.
3577 5086 3734 5145 State

2125 5197 2247 5251 ergo
2288 5182 2542 5236 succincti
2581 5181 2782 5236 lumbos
2812 5192 3008 5237 vestros
3038 5184 3093 5236 in
3123 5184 3361 5239 veritate.
3391 5183 3546 5252 Quod
3566 5185 3729 5253 juxta

2126 5274 2367 5329 membra
2405 5275 2585 5330 carnis
2614 5284 2668 5330 et
2690 5275 2935 5346 corporis
2954 5276 3138 5330 omnia
3165 5277 3410 5332 membra
3439 5277 3643 5332 anima:
3673 5278 3727 5331 in

2125 5365 2422 5436 Scripturis
2473 5377 2736 5423 vocentur
2785 5368 2915 5423 nulli
2968 5368 3190 5423 dubium
3239 5380 3354 5435 est,
3406 5369 3475 5424 de
3525 5369 3726 5440 quibus

2124 5475 2291 5514 unum
2331 5468 2462 5529 puto
2501 5475 2623 5514 esse
2666 5461 2768 5515 hoc
2804 5459 3131 5526 membrum,
3182 5461 3407 5526 lumbos,
3448 5478 3622 5532 quos,
3667 5469 3729 5516 ut

2126 5553 2473 5622 accingamus
2516 5553 2764 5618 veritate,
2791 5552 3125 5622 praecipitur.
3151 5553 3429 5624 Scriptum
3468 5564 3556 5610 est
3587 5570 3728 5626 quo-

2127 5660 2231 5714 que
2277 5645 2330 5698 in
2386 5646 2676 5717 Evangelio
2725 5648 2850 5703 κατὰ
2907 5651 3145 5700 Λουκᾶντ
3181 5645 3298 5700 Sint
3348 5646 3513 5701 lumbi
3567 5647 3729 5702 vestri

2126 5739 2391 5804 accincti,
2458 5750 2504 5795 et
2555 5739 2780 5794 lucerna:
2837 5739 3079 5794 ardentes
3135 5739 3188 5792 in
3240 5741 3482 5796 manibus
3536 5743 3726 5798 vestris

2127 5827 2291 5901 (Luc.
2321 5834 2452 5906 xu).
2477 5833 2612 5903 Quia
2641 5832 2804 5904 igitur
2832 5827 3000 5886 lumbi
3040 5829 3095 5884 in
3122 5832 3476 5901 generatione
3501 5845 3724 5902 semper
