3986 6338
289 321 402 380 475

721 315 1278 375 ENARRATIONUM
1311 317 1392 376 ιΝ
1420 318 1574 376 EPP.
1614 318 1822 377 PAULI
1858 319 1986 377 LIB.
2027 320 2212 378 XVIII.
2251 350 2324 364 —-
2360 320 2428 378 IN
2468 320 2689 378 EPIST.
2729 323 2822 378 AD
2857 322 3102 380 EPHES.

3464 327 3572 384 474

287 430 635 501 accipiuntur
684 437 740 484 et
777 429 1006 496 semine,
1037 430 1331 487 secundum
1379 431 1542 486 illud:
1588 430 1666 485 De
1708 431 1884 501 fructu
1911 437 1962 495 Α
1987 442 2072 489 est
2101 432 2301 490 Christi
2332 434 2644 506 Evangelio,
2673 443 2729 491 et
2749 451 2870 490 cum
2892 437 3166 493 calceatus
3185 437 3349 495 fuerit
3366 454 3572 513 praepac

287 522 455 578 lumbi
481 521 561 575 tui
592 535 782 591 ponam
805 535 960 589 super
983 520 1230 575 thronum
1259 531 1408 576 tuum
1433 519 1619 593 (Psal.
1653 519 1878 593 cxxxr),

286 625 343 673 et
369 614 502 670 alibi
537 631 551 667 :
595 612 781 666 Adhuc
806 613 861 666 in
891 611 1082 667 lumbis
1106 622 1222 666 erat
1246 612 1368 668 Levi
1391 614 1557 678 patris
1593 614 1677 667 sui
1707 612 1878 666 Abra-

284 709 435 769 ham,
484 706 694 778 quando
732 702 954 758 obuiauit
1003 704 1051 758 ei
1101 703 1478 758 Melchisedech
1509 702 1876 776 (Hebr.‘vn),

280 802 505 857 videtur
550 797 705 853 nobis
747 795 1051 850 accinxisse
1096 795 1306 850 lumbos
1339 810 1497 879 suos,
1537 795 1629 864 qui
1671 809 1878 864 nequam

281 909 452 964 quam
481 890 637 946 uxori
656 889 899 945 debitum
929 889 1134 954 reddit,
1171 904 1271 943 nec
1306 887 1473 944 servit
1517 887 1748 953 libidini,
1782 886 1878 942 sed

280 987 535 1043 imitatur
555 983 855 1056 ingenitum
895 982 1088 1047 Deum,
1120 981 1487 1053 generationis
1507 981 1738 1052 negotiis
1767 997 1877 1036 non

277 1077 623 1135 ministrans.
661 1074 775 1129 Hoc
812 1073 956 1128 idem
992 1088 1118 1128 reor
1141 1073 1341 1128 etillud
1372 1071 1701 1142 signiﬁcare,
1731 1069 1876 1140 quod

273 1167 524 1224 Joannes
585 1179 778 1220 zonam
831 1163 1111 1242 pelliceam
1168 1162 1403 1218 habebat
1459 1162 1606 1216 circa
1662 1161 1875 1216 lumbos

273 1276 408 1317 suos
432 1258 662 1331 (Matth.
715 1255 814 1329 tu)
845 1298 859 1323 ,
911 1264 968 1312 et
1002 1271 1108 1311 non
1145 1264 1266 1311 erat
1303 1256 1369 1311 de
1413 1254 1518 1309 illis
1559 1254 1872 1320 immundis,

271 1355 369 1424 qui
413 1361 639 1423 propter
686 1348 891 1406 ﬂuxum
937 1349 1160 1404 seminis
1204 1358 1361 1404 extra
1403 1357 1586 1403 castra
1621 1347 1872 1416 projecti,

271 1460 401 1500 cum
424 1459 555 1499 arca
595 1442 805 1499 Domini
831 1442 1082 1498 habitare
1109 1455 1218 1497 non
1250 1448 1504 1510 possunt;
1547 1455 1647 1494 nec
1673 1454 1742 1494 ex
1764 1439 1869 1502 his,

269 1537 344 1592 de
389 1536 592 1605 quibus
643 1534 699 1588 in
748 1533 1000 1589 Numeris
1055 1532 1314 1589 scribitur
1355 1551 1367 1586 :
1402 1529 1518 1586 Sint
1569 1531 1873 1585 vestimenta

267 1628 392 1699 ejus
425 1628 634 1682 dissuta
670 1623 863 1697 (Nam.
895 1624 1040 1698 νιιι).
1071 1624 1173 1690 Qui
1206 1632 1388 1678 autem
1432 1622 1652 1678 Christo
1693 1621 1875 1677 accin-

265 1727 394 1774 ctus
419 1725 508 1773 est
539 1716 788 1782 veritate,
817 1717 934 1771 haec
954 1716 1279 1771 vestimenta
1301 1715 1354 1769 in
1377 1713 1545 1768 altum
1571 1713 1796 1784 colligit,
1820 1720 1877 1768 et

1983 533 2133 580 ratus
2155 533 2256 591 est,
2281 533 2337 579 et
2355 533 2691 594 prarparatus
2713 541 2820 580 non
2849 540 2907 580 se
2927 536 3078 597 putet
3102 542 3224 584 esse
3247 529 3568 600 perfectum,

1981 615 2074 671 sed
2091 617 2158 670 ad
2183 617 2286 670 hoc
2309 625 2665 686 praeparetur,
2681 625 2740 671 ut
2761 627 2968 688 pergat,
2985 627 3038 672 et
3057 633 3286 691 pergens
3299 623 3480 678 veniat
3501 625 3570 680 ad

1979 706 2162 761 ﬁnem.
2201 705 2373 776 Super
2413 707 2590 762 omnia
2633 709 2943 778 accipientes
2972 719 3178 764 scutum
3207 711 3354 780 ﬁdei,
3381 715 3438 768 in
3467 733 3570 786 quo

1976 797 2186 866 possitis
2255 797 2431 851 omnia
2483 797 2675 868 jacula
2736 799 2954 870 maligni
3003 801 3154 871 ignea
3217 802 3566 874 exstinguere.

1978 885 2142 954 Quasi
2172 887 2407 942 dixerit:
2439 887 2497 942 In
2533 888 2682 943 omni
2717 904 2880 958 opere
2906 898 3120 960 portate
3148 891 3395 964 clypeum
3420 895 3567 960 ﬁdei,

1976 992 2036 1036 ut
2084 982 2300 1052 possitis
2347 982 2473 1037 tecti
2533 990 2692 1052 atque
2743 983 2933 1038 muniti
2989 985 3240 1056 excipere
3287 987 3570 1043 venientes

1976 1072 2232 1143 sagittas,
2265 1081 2320 1127 et
2365 1073 2472 1128 huc
2504 1081 2666 1142 atque
2718 1074 2843 1130 illuc
2885 1084 3002 1130 arte
3037 1091 3132 1132 eas
3173 1076 3366 1132 bellica
3401 1079 3569 1134 decli-

1975 1177 2128 1218 nare.
2160 1161 2286 1218 Htec
2325 1171 2408 1218 est
2450 1162 2606 1229 ﬁdes,
2648 1179 2813 1234 quam
2839 1173 2894 1221 et
2923 1166 3199 1222 Abraham
3242 1177 3367 1238 post
3395 1170 3567 1225 multa

1973 1268 2139 1323 Opera
2169 1264 2332 1324 atque
2359 1255 2590 1310 virtutes
2623 1255 2714 1310 vix
2741 1257 2916 1327 potuit
2952 1259 3281 1328 promereri,
3320 1268 3382 1315 ut
3413 1262 3478 1316 de
3501 1277 3568 1317 eo

1975 1345 2257 1416 Scriptura
2284 1347 2489 1402 diceret
2520 1365 2533 1401 :
2565 1346 2803 1402 Credidit
2829 1348 3096 1404 Abraham
3125 1351 3237 1406 Deo
3273 1361 3324 1406 et
3355 1366 3568 1424 reputa-

1940 1445 1941 1448 ‘
1973 1445 2083 1490 tum
2105 1447 2180 1491 est
2211 1439 2259 1491 ei
2290 1439 2360 1491 ad
2382 1439 2652 1508 justitiam
2687 1439 2704 1511 (
2732 1438 2886 1494 Rom.
2925 1457 2979 1495 iv
3003 1441 3043 1512 ).
3093 1442 3393 1513 Perspicua
3443 1453 3568 1501 sunt

1973 1535 2152 1583 autem
2194 1529 2371 1600 jacula
2413 1530 2670 1602 maligni,
2715 1547 2834 1601 quae
2870 1531 2986 1588 vult
3033 1535 3253 1591 mittere
3300 1538 3353 1591 in
3402 1539 3566 1593 corda

1972 1628 2158 1676 nostra
2191 1635 2288 1690 per
2309 1623 2666 1692 cogitationes
2703 1625 2968 1693 pessimas
2989 1665 3004 1690 ,
3034 1626 3100 1682 de
3130 1627 3327 1697 quibus
3351 1629 3486 1699 jecit
3512 1629 3566 1683 in

1972 1725 2067 1766 cor
2091 1709 2262 1777 Iudae,
2305 1721 2364 1766 ut
2398 1713 2637 1767 traderet
2681 1711 3036 1780 Salvatorem.
3068 1716 3258 1786 Itaque
3286 1732 3386 1772 nec
3418 1717 3570 1788 prin-

264 1823 493 1864 sursum
535 1808 723 1874 trahit,
753 1816 810 1863 et
837 1806 1106 1863 nudorum
1145 1805 1378 1861 laterum
1413 1803 1714 1860 foeditatem
1762 1803 1876 1858 bal-
1901 1785 1950 1846 Β
1977 1803 2176 1873 cipium
2218 1803 2436 1872 quidem
2465 1803 2666 1859 habere
2691 1805 2892 1874 poterit
2920 1785 3184 1862 inimicus
3213 1785 3568 1862 animae—vul-

267 1910 364 1957 teo
401 1900 636 1971 spiritali
697 1898 881 1965 velat,
932 1897 1189 1968 stringit-,
1230 1896 1489 1963 includit,
1544 1905 1600 1951 et
1651 1903 1873 1966 paratus
1974 1897 2258 1961 peranda),
2306 1897 2351 1951 si
2403 1897 2734 1951 tenuerimus
2776 1907 2990 1952 scutum
3034 1897 3157 1953 ﬁdei
3191 1913 3206 1951 :
3238 1898 3293 1952 in
3325 1913 3432 1968 quo
3460 1913 3567 1953 non

270 1993 345 2047 ad
374 1993 622 2063 praelium
663 1999 766 2056 est,
816 1998 872 2045 et
909 2005 1073 2059 opera
1115 1989 1279 2043 habet
1321 1988 1577 2053 lucentia,
1629 2000 1749 2056 quae
1789 1985 1872 2040 lu-
1975 1987 2149 2044 solum
2173 1987 2442 2043 venientia
2471 1988 2574 2043 tela
2609 1988 2951 2060 franguntur,
3007 1991 3103 2046 sed
3141 1991 3307 2045 etiam
3335 1989 3567 2045 telorum

263 2099 456 2142 cernae
504 2083 764 2138 dicuntur
793 2081 1068 2137 ardentes.
1110 2079 1180 2134 Et
1207 2078 1381 2133 induti
1423 2077 1588 2133 lorica
1619 2077 1869 2147 justitiaz.

263 2175 432 2230 Sicut
485 2173 700 2229 diﬁicile
743 2172 1060 2227 vulneratur
1094 2171 1150 2224 in
1205 2170 1290 2225 nis
1333 2169 1419 2224 vel
1451 2169 1686 2224 maxime
1739 2166 1873 2223 locis

261 2280 392 2337 quae
439 2263 607 2318 vitam
665 2271 881 2328 tenent,
923 2261 1016 2330 qui
1080 2259 1382 2317 confertam
1431 2250 1608 2314 hamis
1649 2264 1704 2313 et
1757 2257 1868 2312 fer-

259 2359 382 2413 reis
409 2358 645 2412 invicem
674 2355 894 2412 circulis
939 2369 998 2409 se
1049 2362 1326 2408 tenentem
1379 2353 1602 2410 loricam
1652 2352 1870 2406 virtutis

256 2451 495 2506 indutus
521 2458 607 2504 est
638 2467 651 2502 :
686 2449 760 2502 ita
791 2447 883 2519 qui
907 2455 990 2502 est
1011 2445 1380 2502 circumdatus
1407 2444 1690 2515 multiplici
1718 2451 1870 2499 veste

255 2544 524 2614 iustitiae,
555 2557 657 2596 nec
699 2543 766 2596 ad
809 2539 1218 2596 similitudinem
1249 2539 1396 2594 cervi
1433 2538 1488 2593 in
1523 2539 1681 2608 jecur
1723 2537 1866 2592 acci-

258 2635 387 2706 piet
421 2633 708 2704 sagittam,
740 2647 840 2687 nec
881 2630 935 2685 in
967 2629 1230 2686 desideria
1257 2638 1474 2686 corruet
1513 2637 1568 2684 et
1619 2628 1862 2694 furores;

259 2729 364 2784 sed
395 2727 500 2782 erit
530 2726 732 2780 mundo
755 2724 938 2788 corde,
969 2725 1176 2779 habens
1207 2723 1472 2778 artiﬁcem
1499 2722 1660 2792 hujus
1684 2721 1864 2776 loricae

261 2819 469 2885 Deum,
517 2819 610 2889 qui
641 2817 930 2886 unicuique
958 2823 1271 2872 sanctorum
1307 2814 1490 2868 omnia
1514 2828 1668 2867 arma
1697 2811 1867 2867 fabri-

255 2919 451 2976 catur,
499 2918 556 2965 et
600 2924 707 2964 non
747 2908 877 2964 sinit
902 2923 1026 2962 eum
1057 2922 1086 2960 a
1110 2905 1293 2978 jaculo
1326 2903 1543 2959 volante
1574 2917 1672 2974 per
1699 2901 1864 2968 diem,

255 3017 323 3066 et
375 3023 410 3062 a
453 3007 667 3078 sagittis
725 3004 1040 3060 ardentibus
1075 3002 1286 3075 percuti
1340 3001 1548 3072 pariter
1591 3009 1644 3055 et
1686 2999 1862 3055 exuri.

260 3099 340 3155 Et
379 3097 600 3152 calceoli
663 3095 816 3167 pedes
874 3095 931 3150 in
995 3095 1380 3167 prwparatione
1438 3091 1712 3162 Evangelii
1763 3108 1862 3161 pa-

1975 2077 2090 2147 ipse
2110 2078 2249 2148 ignis
2270 2079 2654 2148 exstinguitur,
2673 2079 2738 2134 de
2759 2095 2866 2150 quo
2891 2089 2946 2136 et
2969 2083 3232 2152 propheta
3264 2080 3565 2151 complorat

1972 2167 2160 2224 dicens
2186 2187 2198 2222 :
2232 2166 2424 2222 Omnes
2450 2169 2830 2237 adulterantes,
2852 2173 3006 2243 quasi
3034 2172 3272 2227 clibanus
3296 2172 3457 2226 corda
3479 2189 3567 2226 eo-

1972 2260 2128 2330 rum(
2155 2257 2257 2312 Ose
2281 2258 2412 2330 vn).
2453 2258 2556 2326 Qui
2588 2259 2734 2315 hunc
2764 2261 3050 2316 umbonem
3080 2261 3206 2317 ﬁdei
3242 2277 3402 2316 manu
3439 2261 3566 2318 forti

1971 2349 2227 2415 tenuerit,
2255 2357 2311 2404 et
2338 2349 2574 2405 conﬁsus
2603 2351 2656 2404 in
2680 2351 2932 2417 Domino,
2963 2351 3152 2408 scierit
3186 2367 3245 2408 se
3269 2368 3300 2406 a
3343 2352 3566 2408 venien-

1971 2442 2113 2497 tibus
2143 2439 2342 2510 jaculis
2363 2455 2484 2496 esse
2515 2456 2789 2507 securum,
2824 2441 3075 2512 loquetur
3116 2441 3421 2514 intrepidus
3455 2460 3467 2496 :
3498 2441 3566 2496 In

1967 2535 2195 2591 Domino
2219 2538 2446 2606 conﬁdo,
2476 2538 2735 2610 quomodo
2761 2538 2936 2593 dicitis
2959 2539 3150 2593 anima:
3173 2551 3342 2593 metu:
3369 2536 3565 2592 Trans-

1967 2632 2136 2700 migra
2160 2632 2214 2685 in
2227 2641 2473 2698 montem,
2489 2633 2623 2688 sicut
2640 2633 2850 2704 passer?
2861 2633 3111 2702 quoniam
3133 2648 3249 2687 ecce
3266 2640 3563 2703 peccatores

1968 2720 2295 2776 tetenderunt
2326 2739 2542 2790 arcum,
2581 2732 2896 2793 paraverunt
2939 2724 3159 2791 sagittas
3188 2740 3314 2778 suas
3353 2723 3408 2778 in
3429 2722 3560 2792 pha-

1968 2823 2130 2878 retra,
2161 2821 2217 2866 ut
2247 2815 2492 2884 sagittent
2521 2815 2577 2867 in
2606 2814 2828 2869 obscuro
2858 2823 3025 2868 rectos
3054 2813 3212 2868 corde
3251 2809 3440 2883 (Psal.
3469 2810 3560 2882 ι).

1967 2903 2100 2960 Cum
2135 2920 2284 2976 ergo,
2333 2907 2529 2976 inquit,
2573 2906 2844 2964 conﬁdam
2874 2907 2929 2962 in
2978 2907 3230 2973 Domino,
3273 2921 3381 2977 qua
3425 2905 3560 2960 mihi

1967 2995 2108 3049 datis
2139 2997 2348 3052 ratione
2387 2996 2672 3053 consilium
2694 3039 2709 3062 ,
2745 3006 2806 3052 ut
2825 3012 2932 3052 non
2963 3005 3100 3053 stem
3129 2995 3419 3051 adversum
3459 2995 3564 3049 ini-

1967 3087 2232 3142 micorum
2261 3089 2516 3159 impetus,
2548 3096 2605 3145 et
2624 3089 2803 3161 jacula
2841 3105 2961 3159 quae
2984 3095 3176 3144 contra
3204 3101 3292 3142 me
3320 3087 3376 3142 in
3427 3087 3562 3156 pha-

256 3193 364 3246 cis.
418 3153 739 3259 Diligentius
808 3153 1129 3251 observate,
1176 3184 1321 3256 quod
1374 3153 1631 3239 virtutem
1672 3153 1864 3252 quam-
1892 3153 1938 3216 δ
1971 3181 2133 3238 retris
2173 3153 2645 3254 praeparaverunt,
2692 3153 2932 3238 volentes
2966 3197 3074 3237 non
3105 3180 3279 3238 solum
3305 3194 3394 3235 me
3412 3153 3446 3246 ,_
3465 3178 3562 3234 sed

260 3282 399 3338 dam
439 3279 634 3334 animae
663 3276 1013 3349 appellaverit
1049 3275 1236 3346 pedes,
1279 3275 1478 3346 quibus
1525 3273 1862 3344 ingredimur

259 3373 326 3427 in
355 3386 424 3427 eo
449 3410 465 3435 ,
497 3369 591 3440 qui
620 3368 755 3424 dicit
779 3387 794 3423 :
827 3365 942 3438 Ego
967 3383 1084 3422 sum
1111 3366 1217 3433 uia,
1264 3375 1322 3422 et
1343 3381 1485 3436 quos
1519 3381 1619 3421 nos
1651 3373 1867 3435 oportet

261 3460 518 3518 calceare
562 3458 961 3529 przeparatione
1010 3456 1288 3527 Evangelii
1338 3456 1509 3527 pacis.
1564 3455 1626 3510 ln
1669 3456 1864 3512 horum

260 3549 764 3606 calceamentorum
833 3546 1060 3618 ﬁguram
1118 3553 1174 3602 et
1227 3545 1320 3602 illa
1382 3543 1753 3602 calceamenta
1808 3545 1865 3600 in

263 3640 458 3696 Exodo
487 3647 901 3710 praecesserunt,
929 3654 1049 3710 quae
1071 3637 1270 3696 habere
1287 3640 1492 3710 pascha
1520 3639 1864 3696 vescentibus

264 3733 598 3804 imperatur,
628 3740 684 3787 et
723 3731 811 3788 his
853 3732 947 3802 qui
981 3731 1051 3786 ad
1089 3731 1398 3787 faciendum
1438 3732 1544 3787 iter
1569 3730 1864 3802 pneparati

260 3835 399 3882 sunt
423 3844 437 3880 :
469 3823 558 3880 Sic
580 3826 739 3891 enim,
769 3825 866 3891 ait,
893 3824 1282 3879 manducabitis
1309 3823 1444 3878 illud
1468 3839 1487 3878 :
1515 3824 1679 3878 lumbi
1707 3823 1866 3878 vestri

261 3918 496 3973 accincti
537 3926 587 3972 et
633 3915 988 3972 calceamenta
1022 3924 1194 3972 vestra
1229 3917 1288 3970 in
1315 3917 1535 3987 pedibus
1575 3917 1784 3983 uestris,
1815 3924 1865 3971 et

263 4007 450 4062 baculi
477 4008 635 4062 uestri
663 4008 718 4062 in
742 4007 983 4062 manibus
1001 4008 1228 4073 uestris;
1256 4015 1305 4062 et
1333 4006 1612 4061 comedetis
1643 4005 1778 4060 illud
1808 4007 1867 4061 in

263 4098 627 4170 festinatione.
661 4097 874 4154 Pascha
901 4107 976 4153 est
1001 4100 1140 4154 enim
1163 4098 1377 4154 Domini
1397 4097 1594 4171 (Exod.
1618 4097 1743 4169 xu).
1779 4095 1867 4152 Si-

259 4205 440 4263 gnum
460 4191 725 4262 siquidem
749 4192 1162 4264 przeparationis
1185 4201 1289 4261 est,
1309 4208 1431 4248 cum
1451 4191 1798 4249 festinatione
1812 4201 1866 4248 et

263 4282 532 4338 calceatis
556 4282 782 4354 pedibus
814 4283 1124 4348 comedere,
1155 4293 1216 4340 ut
1241 4285 1580 4340 corroborati
1616 4284 1863 4356 paschali

267 4377 398 4433 cibo
417 4377 583 4431 latam
603 4386 658 4432 et
671 4376 985 4433 horribilem
1000 4378 1215 4448 possint
1242 4393 1486 4434 eremum
1508 4378 1860 4449 pertransire.

1968 3275 2133 3330 etiam
2176 3290 2367 3331 omnes
2404 3283 2580 3331 rectos
2627 3275 2790 3332 corde
2816 3273 3138 3345 percutere?
3165 3272 3306 3328 Ecce
3337 3280 3422 3328 sto
3470 3286 3562 3327 su-

1965 3380 2064 3436 per
2083 3375 2314 3436 petram,
2339 3373 2394 3422 et
2421 3382 2526 3421 non
2551 3367 2880 3436 transmigro
2904 3365 2958 3420 in
2981 3372 3194 3422 montes
3219 3363 3558 3428 tenebrosos,

1965 3466 2021 3514 et
2075 3460 2258 3516 omnia
2298 3459 2404 3516 tela
2442 3461 2678 3516 hostium
2710 3459 2963 3530 repulsa,
3006 3461 3062 3516 in
3105 3459 3252 3532 ipsos
3295 3458 3386 3528 qui
3431 3457 3568 3513 diri-

1965 3559 2100 3622 gunt
2128 3561 2536 3608 convertuntur.
2569 3553 2637 3607 Et
2684 3552 2887 3625 galeam
2917 3552 3105 3608 salutis
3147 3551 3389 3623 accipite.
3426 3550 3558 3606 Pro-

1965 3652 2084 3715 pter
2135 3645 2272 3700 hanc
2325 3645 2536 3717 galeam
2588 3644 2778 3702 salutis
2828 3660 3018 3701 omnes
3067 3644 3123 3700 in
3161 3643 3340 3714 capite
3374 3652 3560 3698 nostro

1966 3752 2156 3794 sensus
2180 3737 2377 3808 integri
2403 3745 2755 3808 perseverant
2780 3755 2792 3792 :
2817 3746 2871 3792 et
2896 3735 3132 3792 maxime
3159 3735 3323 3800 oculi,
3344 3734 3412 3790 de
3431 3731 3553 3803 qui-

1964 3829 2065 3884 bus
2109 3828 2162 3884 in
2208 3829 2538 3901 Ecclesiaste
2587 3828 2844 3884 Salomon
2883 3827 3288 3897 ait:Sapientis
3326 3825 3466 3881 oculi
3498 3825 3553 3879 in

1965 3921 2133 3990 capite
2181 3919 2294 3989 ejus
2352 3919 2562 3992 (Eccle.
2603 3925 2700 3991 u').
2755 3918 2976 3975 Sciebat
3027 3918 3172 3976 enim
3223 3918 3368 3988 quod
3415 3923 3558 3972 esset

1965 4012 2066 4066 viri
2094 4020 2274 4082 caput,
2319 4021 2374 4067 et
2413 4011 2633 4080 quinam
2662 4010 2752 4065 isti
2793 4009 2931 4065 oculi
2969 4009 3024 4062 in
3054 4007 3158 4062 viri
3190 4006 3369 4077 capite
3393 4004 3558 4061 collo-

1966 4103 2094 4160 cati.
2128 4101 2187 4157 Si
2208 4102 2353 4157 enim
2395 4109 2557 4172 caput
2586 4100 2729 4155 illius
2757 4107 2842 4156 est
2876 4099 3158 4164 Christus,
3194 4105 3250 4153 et
3276 4095 3420 4151 oculi
3457 4110 3552 4151 sa-

1964 4195 2165 4268 pientis
2193 4195 2248 4248 in
2289 4193 2470 4264 capite
2497 4191 2615 4262 ejus
2651 4201 2808 4258 sunt,
2849 4190 3100 4261 sequitur
3134 4196 3196 4244 ut
3235 4187 3408 4244 omnis
3459 4200 3557 4241 no-

1965 4293 2078 4340 ster
2119 4297 2332 4349 sensus,
2375 4297 2553 4348 mens,
2592 4282 2868 4353 cogitatio,
2919 4293 3121 4346 sermo,
3159 4275 3472 4341 consilium;
3507 4273 3555 4330 si

1964 4383 2146 4430 tamen
2171 4374 2443 4444 sapientes
2468 4373 2752 4439 fuerimus,
2781 4374 2836 4428 in
2859 4371 3074 4428 Christo
3099 4370 3228 4426 sint.
3257 4369 3314 4423 ln
3337 4366 3556 4424 Christo

267 4471 379 4540 Qui
423 4485 553 4542 ergo
594 4470 770 4525 adhuc
807 4469 1078 4537 ambulat,
1117 4471 1380 4527 calcietur
1413 4471 1546 4541 :qui
1575 4485 1707 4526 vero
1747 4470 1864 4540 jam
1893 4509 1944 4570 Β
1967 4477 2147 4526 autem
2186 4469 2384 4534 Verbo,
2413 4467 2637 4534 lumine,
2677 4468 2930 4532 veritate,
2966 4464 3200 4533 justitia,
3236 4461 3554 4532 cunctisque

266 4563 511 4619 Iordane
537 4564 859 4619 transmisso
897 4572 1096 4620 terram
1127 4563 1568 4634 repromissionis
1613 4563 1860 4628 intravit,

267 4656 443 4711 nudet
491 4655 703 4724 pedem.
735 4653 911 4723 Solve,
955 4656 1052 4721 ait,
1083 4655 1491 4710 calceamentum
1537 4655 1602 4709 de
1647 4653 1865 4726 pedibus

266 4749 379 4802 tuis
404 4762 424 4801 :
451 4745 595 4802 locus
639 4747 778 4802 enim
821 4747 875 4802 in
927 4763 1029 4819 quo
1075 4757 1206 4814 stas,
1251 4756 1392 4801 terra
1439 4755 1622 4800 sancta
1672 4754 1768 4799 est.
1805 4742 1863 4799 Si

265 4837 398 4908 quis
431 4852 538 4893 non
562 4846 648 4892 est
685 4835 838 4893 Iesus
875 4853 1031 4903 nave,
1077 4853 1178 4892 nec
1205 4836 1498 4907 apostolus,
1531 4833 1740 4890 calceat
1762 4849 1862 4904 pe-

265 4931 372 4986 des
393 4944 522 4986 suos
542 4931 594 4984 in
614 4931 1010 5000 praparatione
1037 4929 1311 5001 Evangelii
1333 4928 1483 5000 pacis
1507 4946 1519 4982 :
1551 4928 1596 4983 si
1623 4928 1746 4997 quis
1769 4943 1866 4982 au-

265 5031 384 5080 tem
405 5022 680 5093 apostolus
699 5031 803 5090 est,
826 5030 880 5078 et
899 5023 1041 5078 inter
1061 5022 1342 5078 duodecim
1367 5021 1640 5076 numerari
1660 5028 1860 5090 potest,

264 5130 618 5186 nequaquam
640 5114 792 5171 tollat
816 5115 868 5170 in
892 5115 979 5170 via
999 5114 1424 5170 calceamentum
1448 5129 1626 5177 suum,
1671 5127 1772 5167 nec
1795 5111 1864 5166 ad

265 5206 591 5276 scorpiones
636 5215 694 5262 et
737 5206 988 5263 colubros
1031 5205 1380 5262 declinandos
1431 5203 1743 5260 calcaneum
1785 5211 1863 5258 te-

265 5306 398 5373 gat;
416 5298 508 5354 sed
518 5299 632 5369 jam
645 5307 1054 5356 consummatus
1072 5306 1232 5368 atque
1243 5297 1517 5367 perfectus
1529 5304 1637 5353 stet
1648 5296 1701 5352 in
1716 5304 1884 5350 terra

264 5398 488 5454 sancta,
511 5397 567 5446 et
587 5390 738 5445 vivat
765 5391 818 5444 in
851 5389 1090 5454 Christo,
1119 5397 1174 5443 et
1201 5395 1458 5457 sequatur
1489 5386 1704 5458 Agnum
1729 5400 1865 5455 quo-

267 5497 492 5552 cunque
515 5483 680 5550 vadit.
721 5482 994 5550 Quaeritur
1018 5489 1332 5536 utrumnam
1356 5481 1424 5534 ad
1461 5479 1862 5535 distinctionem

269 5570 558 5642 Evangelii
597 5573 849 5639 alterius,
889 5588 1034 5628 nunc
1067 5571 1284 5634 dixerit,
1312 5570 1460 5640 pacis
1483 5569 1864 5640 Evangelium?

272 5677 352 5718 an
375 5673 522 5718 certe
551 5663 829 5734 proprium
860 5664 930 5718 sit
962 5664 1064 5719 hoc
1090 5660 1390 5730 Evangelii,
1415 5671 1473 5714 ut
1499 5661 1648 5739 pacis
1679 5660 1860 5714 Evan-

274 5753 484 5830 gelium
503 5753 844 5814 nominetur?
873 5755 975 5823 Qui
995 5755 1158 5826 igitur
1177 5753 1340 5813 habet
1358 5767 1571 5825 pacem,
1591 5751 1863 5822 calceatus

1968 4561 2280 4616 virtutibus.
2332 4559 2571 4631 (Amb.)
2611 4557 2873 4625 Quoniam
2933 4563 3122 4611 contra
3179 4552 3550 4611 atrocissimos

1969 4650 2152 4706 hostes
2177 4658 2234 4704 et
2265 4651 2412 4703 omni
2439 4647 2885 4719 tergiversatione
2917 4643 3142 4700 callidos
3169 4642 3369 4699 bellum
3407 4642 3552 4715 geri-

1971 4755 2110 4802 mus,
2145 4739 2348 4796 idcirco
2389 4737 2537 4794 omni
2581 4736 2790 4793 cautela
2833 4743 2888 4790 et
2922 4732 3284 4790 sollicitudine
3324 4733 3550 4806 vigilare

1969 4830 2252 4894 debemus,
2282 4835 2340 4882 ut
2366 4842 2724 4898 quaecumque
2751 4824 3077 4880 tentaverint
3111 4824 3350 4879 munitos
3372 4838 3471 4880 nos
3494 4830 3552 4880 et

1968 4931 2302 4994 praeparatos
2330 4918 2626 4974 inveniant.
2660 4916 2892 4972 Necesse
2915 4923 2998 4984 est
3019 4915 3163 4970 enim
3217 4922 3278 4970 ut
3308 4923 3364 4971 et
3405 4913 3548 4970 Deus

1968 5011 2184 5082 adjuvet
2220 5025 2356 5081 quos
2405 5008 2602 5064 viderit
2637 5007 2692 5062 in
2735 5006 2984 5077 precibus
3019 5005 3240 5077 vigilare
3277 5013 3333 5060 et
3371 5003 3440 5060 de
3465 5018 3552 5058 ar-

1969 5107 2073 5161 mis
2114 5106 2232 5177 ejus
2275 5111 2587 5172 exspectare
2621 5099 2922 5156 victoriam.
2969 5097 3028 5153 ln
3072 5096 3376 5168 bujusmodi
3419 5108 3550 5164 ergo

1968 5195 2110 5251 bello
2153 5194 2334 5251 sobria
2380 5200 2562 5249 mente
2608 5205 2746 5262 opus
2788 5197 2874 5246 est
2917 5196 2971 5245 et
3015 5203 3150 5260 pura
3197 5184 3548 5252 conscientia,

1969 5289 2096 5358 quia
2144 5303 2250 5345 non
2292 5295 2481 5342 contra
2531 5284 2768 5340 carnalia
2818 5283 3102 5354 nequitiae,
3151 5279 3247 5336 sed
3292 5279 3552 5333 adversus

1970 5379 2234 5450 spiritalia
2273 5377 2581 5432 dimicatur.
2607 5375 2809 5430 Contra
2842 5373 3147 5442 terrigenos
3181 5369 3323 5423 enim
3365 5367 3553 5422 hostes

1967 5484 2162 5540 corpus
2191 5469 2375 5538 sagina
2409 5467 2712 5529 roboratur,
2741 5472 2797 5520 et
2816 5462 3025 5534 poculis
3045 5476 3200 5516 mens
3224 5457 3549 5520 incenditur,

1967 5569 2027 5618 ut
2053 5559 2386 5631 repugnandi
2409 5567 2587 5614 sumat
2622 5557 2902 5613 audaciam
2937 5575 2948 5609 :
2980 5555 3239 5609 adversus
3261 5551 3403 5606 enim
3426 5546 3549 5616 'spi-

1967 5652 2145 5707 ritalia
2171 5651 2424 5721 nequitiae
2467 5650 2785 5721 spiritaliter
2821 5645 3226 5718 repugnandum
3255 5650 3360 5706 est,
3385 5645 3442 5694 et
3463 5653 3551 5693 so-

1967 5744 2216 5804 brietatis
2244 5754 2300 5801 et
2338 5744 2678 5803 abstinentiae
2709 5757 2861 5798 arma
2895 5737 3158 5796 sumenda
3193 5742 3339 5804 sunt,
3376 5738 3436 5787 ut
3466 5730 3550 5786 in-
