3986 6338
440 352 550 412 175

1081 352 1144 408 Β.
1184 348 1439 410 MBAN]
1474 348 1697 409 MAURI
1732 348 2052 408 ARCHlEP.
2092 348 2405 409 HOGUNT.
2446 348 2734 406 OPERUM
2772 347 2957 405 PARS
2985 349 3077 407 lli.

3618 353 3759 411 ιτα

432 466 542 524 fusi
572 476 762 522 saneto
805 462 1013 538 Spiritu
1060 465 1370 522 immundos
1406 474 1464 522 et
1499 466 1763 522 erraticos
1803 465 2029 537 spiritus
2052 475 2102 536 Α
2130 465 2323 537 fungar
2350 465 2407 519 in
2433 474 2640 530 catena,
2671 473 2731 519 ut
2754 472 2943 520 notum
2980 464 3232 520 videlicet
3254 466 3489 523 facerem
3519 479 3789 547 myste-~

434 556 807 614 devincamus.
840 555 933 612 Sic
957 557 1143 628 itaque
1168 557 1549 629 succingemus
1575 556 1787 613 lumbos
1809 565 2025 613 nostros

433 649 493 707 in
520 649 784 715 veritate,
823 648 869 704 si
896 649 1076 720 parati
1107 662 1295 705 sumus
1333 648 1508 704 errori
1533 649 1809 705 resistere.
1837 648 2027 704 Omnis

435 740 583 797 enim
604 738 697 811 qui
723 740 940 811 operari
981 739 1096 795 vult
1140 740 1409 813 succingit
1428 756 1509 808 se,
1540 747 1603 796 ut
1644 739 1826 796 ablato
1855 740 2026 812 impe-

438 831 680 888 dimento
705 829 1018 902 diligentius
1044 839 1321 903 operetur.

511 923 579 978 Et
604 921 841 997 gladium
865 921 1268 996 Spiritus,quod
1295 931 1372 979 est
1399 923 1607 978 verbum
1632 922 1735 978 Dei
1758 937 1777 975 :
1807 939 1899 995 per
1913 939 2028 979 om-

438 1028 555 1069 nem
604 1014 895 1069 orationem
933 1023 982 1068 et
1004 1014 1434 1080 obsecrationem,
1467 1024 1677 1068 orantes
1716 1015 1859 1068 omni
1893 1023 2025 1068 tem-

435 1120 560 1176 pore
590 1104 645 1159 in
667 1101 890 1176 Spiritu,
924 1114 977 1159 et
1006 1106 1062 1160 in
1094 1106 1205 1177 ipso
1226 1104 1497 1177 vigilantes
1531 1105 1584 1159 in
1602 1106 1743 1159 omni
1772 1106 2027 1161 instantia

435 1207 485 1254 et
509 1214 658 1269 prece
686 1214 781 1269 pro
810 1198 1046 1254 omnibus
1092 1200 1288 1255 sanctis
1318 1208 1367 1254 et
1394 1214 1489 1269 pro
1534 1216 1632 1253 me.
1662 1198 1884 1271 (Hier.)
1932 1199 2026 1254 Dei

424 1303 618 1369 sermo
666 1289 734 1344 de
772 1288 980 1361 Spiritu
1022 1300 1211 1346 sancto
1252 1289 1407 1346 fluit:
1451 1291 1760 1348 contrarius
1806 1306 1933 1346 vero
1963 1291 2029 1346 de

435 1389 583 1437 terra
608 1381 880 1451 loquitur,
917 1391 970 1438 et
996 1384 1120 1438 inde
1150 1384 1314 1437 sumit
1340 1383 1644 1461 exordium.
1677 1381 1781 1449 Qui
1802 1384 1939 1437 enim
1963 1382 2030 1437 de

435 1478 577 1528 terra
616 1484 713 1539 est,
764 1473 829 1529 de
852 1482 993 1529 terra
1024 1474 1277 1546 loquitur.
1306 1474 1410 1541 Qui
1452 1458 1669 1529 devcwlo
1700 1476 1836 1529 venit
1873 1458 2035 1546 superi

438 1578 615 1619 omnes
646 1573 741 1631 est,
764 1575 811 1621 et
832 1566 972 1637 quod
992 1564 1119 1621 vidit
1142 1576 1190 1620 et
1218 1568 1440 1632 audivit,
1470 1567 1568 1622 hoc
1596 1577 1819 1623 testatur
1845 1567 2025 1641 (Joan.

434 1658 542 1728 ιιι).
557 1657 729 1714 Porro
751 1674 932 1715 sermo
952 1659 1049 1715 Dei
1071 1659 1279 1730 gladius
1302 1659 1539 1731 Spiritus
1559 1669 1663 1727 est,
1678 1661 1745 1717 de
1761 1676 1868 1732 quo
1887 1677 2031 1717 nunc

433 1749 635 1806 Paulus
674 1748 793 1807 ait:
827 1748 1048 1806 Gladius
1086 1750 1346 1823 Spiritus,
1386 1753 1527 1825 quod
1566 1763 1639 1808 est
1684 1753 1892 1808 verbum
1931 1752 2040 1808 Dei'

2132 555 2273 610 rium
2302 555 2601 627 Evangelii,
2624 556 2866 612 breviter
2889 558 3385 630 perstringendum.
3407 560 3481 616 Et
3496 563 3759 632 quidem

2130 646 2223 716 qui
2257 645 2577 716 simpliciter
2603 646 2887 717 intelligit,
2918 648 3063 703 dicet
3094 658 3316 721 propter
3350 651 3761 709 testinumium

2130 738 2335 796 Christi
2355 756 2481 795 eum
2501 741 2567 796 de
2589 754 2810 797 carcere
2838 748 2891 797 et
2915 742 2983 797 de
3004 743 3213 798 catenis
3240 743 3356 799 haec
3379 743 3563 801 Rom
3576 745 3761 817 posi-

2133 843 2247 889 tum
2268 834 2469 904 scripta
2492 835 2707 891 misisse
2738 851 2752 888 :
2782 835 2923 890 alius
2942 851 3074 892 vero
3094 846 3318 907 propter
3336 851 3533 909 corpus
3544 838 3762 895 humi-

2130 926 2319 994 litatis,
2344 936 2405 982 et
2443 936 2693 984 catenam
2722 929 2882 985 istam
2912 944 3018 999 qua
3043 929 3469 997 circumdamur,
3500 940 3558 986 et
3588 945 3757 986 nec-

2133 1018 2259 1073 dum
2284 1019 2487 1074 scimus
2523 1021 2821 1076 secundum
2856 1020 2987 1077 illud
3016 1022 3160 1091 quod
3195 1031 3411 1093 oportet
3432 1038 3532 1079 nos
3556 1024 3761 1089 scine,

2132 1117 2298 1180 etper
2310 1111 2587 1181 speculum
2602 1111 2847 1167 videmus
2860 1113 2911 1168 in
2927 1114 3241 1185 aenigmate,
3258 1114 3363 1170 ista
3383 1130 3502 1170 eum
3518 1117 3763 1172 dixisse

2133 1201 2444 1267 contendet,
2459 1210 2514 1256 et
2534 1210 2661 1257 tunc
2684 1218 2811 1259 vere
2834 1218 2993 1274 posse
3016 1204 3072 1258 in
3097 1205 3425 1260 conﬁdentia
3446 1205 3761 1277 Evangelii

2132 1291 2345 1361 aperire
2390 1292 2680 1361 mysteria,
2729 1308 2850 1347 cum
2895 1302 3145 1348 catenam
3195 1295 3525 1365 deposuerit,
3560 1306 3615 1351 et
3666 1296 3759 1353 de

2134 1397 2352 1438 carcere
2373 1383 2513 1439 liber
2541 1385 2766 1451 exierit,
2790 1386 2895 1441 nisi
2919 1386 3060 1443 forte
3086 1396 3142 1443 et
3174 1387 3229 1442 in
3258 1387 3485 1443 vinculis
3514 1388 3761 1459 absque

2132 1474 2363 1530 vinculis
2386 1477 2779 1546 computandas
2804 1486 2907 1544 est,
2935 1479 3029 1549 qui
3061 1480 3526 1535 conversationem
3556 1480 3759 1536 habet

2134 1565 2199 1619 in‘
2224 1566 2398 1631 caelis,
2428 1574 2486 1621 et
2510 1566 2576 1621 de
2599 1581 2708 1636 quo
2735 1567 2841 1622 dici
2870 1577 3053 1636 potest
3079 1585 3093 1622 :
3131 1566 3233 1623 Vos
3263 1577 3437 1623 autem
3462 1585 3571 1623 non
3596 1568 3757 1625 estis

2132 1657 2192 1710 in
2213 1672 2394 1723 carne,
2421 1657 2512 1712 sed
2540 1658 2593 1712 in
2626 1659 2842 1728 spiritu,
2871 1659 2917 1713 si
2938 1669 3113 1714 tamen
3137 1658 3367 1730 Spiritus
3388 1659 3485 1715 Dei
3510 1660 3755 1715 habitat

2134 1747 2191 1800 in
2213 1746 2355 1801 vobis
2385 1746 2575 1817 (Rom.
2600 1764 2697 1802 vm
2714 1748 2756 1820 ).
2784 1747 3022 1822 [Ambr.]
3048 1749 3106 1805 Si
3136 1759 3286 1805 recte
3314 1765 3751 1817 conversamnr,

434 1838 634 1913 (Hebr.
668 1841 767 1913 ιν).
820 1842 1024 1898 Vivens
1066 1843 1265 1913 quippe
1301 1859 1479 1899 sermo
1530 1845 1623 1900 Dei
1657 1854 1712 1900 et
1740 1844 1951 1911 emcax,
1979 1852 2034 1900 et
2060 1850 2108 1911 Β
2138 1838 2373 1908 Spiritus
2394 1848 2613 1895 sanctus
2634 1848 2816 1896 manet
2845 1841 2898 1895 in
2926 1842 3108 1907 nobis,
3141 1851 3198 1897 et
3224 1842 3367 1911 quod
3388 1840 3751 1912 postulamus

434 1938 627 1989 aeutus
657 1948 820 2003 super
844 1949 1062 1989 onmem
1094 1935 1383 2005 ancipitem
1413 1936 1669 2007 gladium,
1696 1945 1751 1991 et
1774 1942 2037 2007 penetra-é

432 2022 560 2079 bilis
582 2040 753 2095 usque
783 2024 849 2079 ad
885 2035 1038 2081 artus
1069 2027 1284 2093 animae,
1331 2035 1389 2083 et
1412 2028 1613 2084 ossium
1637 2071 1653 2097 ,
1681 2036 1738 2084 et
1772 2029 2033 2085 medulla-

428 2128 575 2170 rum.
604 2113 710 2183 Qui
741 2114 980 2186 Spiritus
1008 2116 1258 2189 praecidit
1280 2129 1335 2173 et
1363 2119 1578 2185 dividit,
1604 2120 1832 2176 multum
1868 2120 2033 2191 proﬁ-

432 2206 584 2264 ciens
634 2222 735 2279 per
774 2209 1079 2265 orationem
1127 2225 1314 2266 eorum
1367 2211 1459 2293 qui
1498 2212 1553 2267 in
1590 2212 1740 2266 omni
1788 2220 2033 2282 tempore

433 2300 726 2356 Dominum
800 2302 1163 2373 deprecantur
1224 2304 1281 2359 in
1334 2305 1581 2375 Spiritu,
1643 2303 1802 2374 juxta
1858 2306 2030 2361 illud:

435 2386 612 2442 Orabo
634 2389 851 2461 spiritu,
877 2391 1039 2446 orabo
1065 2402 1115 2445 et
1140 2401 1311 2446 mente
1336 2391 1399 2464 (I
1433 2390 1557 2447 Cor.
1586 2409 1678 2447 xlv
1696 2392 1737 2465 ),
1766 2402 1823 2447 et
1847 2394 1900 2448 iu
1930 2396 2035 2449 hoc

432 2480 747 2552 proﬁciens,
783 2492 841 2537 ut
870 2499 971 2554 per
998 2483 1212 2555 vigilias
1250 2491 1304 2539 et
1326 2484 1619 2540 instantem
1645 2500 1865 2556 precem
1889 2485 2035 2556 Apo—

434 2571 606 2628 stolus
636 2572 692 2627 in
720 2572 817 2629 Dei
845 2573 1013 2629 verbo
1040 2574 1408 2646 doctrinaeque
1442 2575 1665 2642 ditetur,
1696 2586 1751 2631 et
1776 2577 1891 2632 haec
1916 2591 2034 2631 om-

366 2731 384 2743 _
436 2662 524 2719 nis
557 2663 834 2735 opulentia
872 2665 941 2720 ad
982 2664 1212 2721 alioruin
1258 2666 1509 2737 proﬁciat
1545 2668 1799 2735 salutem,
1848 2678 1908 2725 ut
1951 2670 2033 2726 eis

434 2766 652 2827 quoque
695 2756 829 2837 ipsis
870 2759 1045 2828 prosit
1073 2760 1164 2830 qui
1196 2775 1296 2831 pro
1322 2776 1389 2817 eo
1411 2764 1722 2819 obsecrant.
1753 2764 2033 2834 Simulque

432 2846 679 2917 Apostoli
704 2848 983 2906 humilitas
1021 2849 1363 2917 admiranda,
1398 2854 1631 2923 petentis
1658 2853 1944 2924 Ephesios,
1972 2861 2034 2909 ut

436 2950 536 3007 pro
557 2953 616 2995 se
638 2936 840 2996 faciant
862 2941 1287 2998 obsecrationes.
1312 2942 1405 2999 Ait
1428 2945 1627 3015 quippe
1652 2962 1666 2999 :
1700 2945 1768 3000 In
1789 2947 1930 3000 omni
1950 2947 2034 3000 in-

436 3028 637 3084 stantia
659 3041 709 3086 et
730 3048 882 3103 prece
905 3050 1002 3104 pro
1025 3035 1265 3089 omnibus
1281 3036 1481 3089 sanctis
1494 3051 1542 3090 et
1556 3053 1651 3106 pro
1664 3053 1746 3090 me
1762 3054 1780 3103 ;
1798 3045 1857 3091 ut
1878 3051 2031 3092 seor-

438 3137 561 3179 sum
580 3135 917 3193 sanctorum,
935 3136 989 3183 et
1009 3140 1258 3185 seorsum
1276 3130 1361 3184 sui
1387 3127 1593 3185 faceret
1616 3130 1968 3187 mentionem.

2136 1944 2427 1999 possumus
2450 1930 2763 2000 impetrare.
2792 1930 2906 1987 Hoc
2927 1941 3013 1987 est
3034 1947 3164 2001 ergo
3192 1933 3249 1987 iu
3270 1930 3479 2000 Spiritu
3508 1946 3754 2002 semper

2134 2034 2315 2086 orare,
2360 2022 2559 2076 munda
2584 2021 2916 2077 conscientia
2954 2030 3011 2077 et
3044 2022 3155 2077 ﬁde
3170 2022 3381 2093 integra
3414 2036 3628 2091 precem
3667 2021 3753 2078 ad

2135 2112 2307 2168 Deum
2353 2112 2607 2183 dirigere.
2660 2112 2721 2167 ιη
2761 2129 2928 2168 carne
2970 2113 3119 2169 enim
3166 2122 3323 2179 orat,
3352 2113 3472 2184 -qui
3516 2111 3752 2183 polluta

2135 2215 2319 2260 mente
2340 2213 2615 2275 precatur,
2630 2205 2829 2261 iterum
2848 2214 3189 2275 peccaturus,
3208 2221 3316 2261 non
3330 2205 3398 2261 de
3415 2213 3614 2261 eventu
3634 2212 3752 2263 aut

2136 2298 2486 2369 subl-optione
2513 2339 2529 2365 ,
2569 2300 2663 2354 sed
2691 2299 2758 2354 de
2785 2299 3091 2369 proposito;
3138 2299 3233 2354 sed
3263 2306 3441 2368 potest
3464 2312 3572 2353 non
3601 2311 3749 2367 pee-

2134 2389 2249 2445 cari
2278 2389 2348 2443 ad
2376 2398 2628 2453 mortem,
2667 2389 2713 2444 si
2740 2398 3158 2459 perseveranter
3188 2397 3401 2452 oretur,
3432 2397 3493 2442 ut
3514 2387 3751 2445 animus

2134 2482 2321 2539 sedula
2337 2490 2516 2537 mente
2538 2483 2777 2537 intentus
2796 2482 2870 2537 sit
2886 2496 3101 2552 semper
3122 2481 3176 2536 in
3199 2480 3297 2536 Dei
3318 2480 3514 2551 legem,
3528 2495 3597 2536 ea
3619 2494 3751 2535 me-

2134 2573 2314 2628 ditans
2353 2572 2441 2628 die
2480 2581 2755 2642 noctuque
2786 2588 2909 2643 qua:
2946 2580 3095 2627 amat
3136 2571 3297 2627 Deus.
3329 2571 3483 2629 Tunc
3538 2579 3596 2625 et
3632 2584 3749 2642 pro

2134 2663 2341 2720 sanctis
2380 2670 2609 2734 possunt
2650 2679 2832 2729 orare,
2883 2678 2991 2719 non
3030 2671 3117 2718 est
3149 2660 3293 2718 enim
3332 2661 3615 2733 indignum
3676 2670 3748 2717 ut

2134 2770 2233 2826 pro
2260 2756 2491 2810 invicem
2519 2753 2751 2811 sollicita
2780 2755 2892 2810 sint
2927 2756 3171 2810 membra
3202 2772 3215 2809 :
3248 2769 3353 2810 nec
3380 2753 3747 2809 temerarium

2132 2844 2336 2914 poterit
2361 2844 2559 2911 videri,
2596 2846 2643 2899 si
2667 2860 2767 2914 pro
2793 2845 3053 2916 magistro
3082 2844 3331 2916 discipuli
3360 2845 3540 2900 idonei
3566 2844 3747 2900 inter-

2132 2935 2356 3006 pellent,
2385 2934 2706 3004 adjuvantes
2729 2952 2853 2993 eum
2872 2978 2888 3006 ,
2916 2947 2992 3004 ut,
3027 2938 3347 3009 postpositis
3374 2938 3749 3009 impedimen-

2135 3028 2227 3095 tis,
2259 3029 2512 3085 libertate
2541 3037 2727 3086 utatur
2757 3031 2824 3088 ad
2849 3032 3271 3102 paciﬁcandum,
3303 3031 3443 3087 sicut
3472 3031 3745 3091 traditum

2133 3129 2219 3175 est
2257 3121 2327 3175 ab
2384 3130 2641 3187 auctore,
2681 3137 2749 3179 ne
2801 3138 3025 3193 pressus
3064 3124 3119 3179 vi
3154 3123 3569 3181 tribulationum
3613 3125 3745 3194 ipsa

503 3210 579 3268 Ut
597 3215 727 3270 mihi
751 3215 907 3271 detur
932 3234 1103 3274 sermo
1128 3220 1184 3274 in
1210 3221 1481 3291 apertione
1509 3221 1617 3275 oris
1636 3222 1760 3287 mei,
1784 3223 1841 3277 in
1866 3222 2030 3293 conﬁ-
2057 3226 2103 3293 ε
2135 3209 2425 3268 formidine
2466 3228 2696 3269 acumen
2735 3214 2997 3270 domina!
3022 3215 3315 3281 οὒιιωάἱὶι,
3344 3216 3549 3273 amissa
3580 3230 3745 3272 Sem-

431 3300 610 3359 dentia
631 3295 810 3361 notum
835 3302 1007 3378 facere
1028 3310 1333 3381 mysterium
1355 3310 1646 3382 Evangelii,
1662 3328 1756 3382 pro
1771 3330 1875 3384 quo
1890 3312 2029 3385 lega-

432 3396 574 3453 tione
597 3397 792 3469 fungor
813 3400 871 3455 in
898 3411 1121 3479 catena:
1158 3402 1233 3457 ita
1266 3413 1323 3458 ut
1354 3403 1410 3457 in
1445 3405 1557 3476 ipso
1587 3405 1834 3472 audeam,
1877 3394 2033 3478 prout

431 3495 637 3557 oportet
678 3502 763 3543 me
790 3488 953 3561 loqui.
1002 3491 1203 3566 (Hicin)
1252 3493 1367 3551 Hoc
1416 3496 1561 3565 quod
1606 3510 1751 3553 nunc
1793 3498 1912 3554 ait:
1961 3494 2032 3554 In

386 3596 396 3601 η
440 3578 723 3661 apertione.
758 3580 867 3635 oris
905 3581 1046 3649 mei;
1085 3590 1141 3639 et
1170 3582 1345 3641 alibi:
1377 3582 1626 3659 Aper-iens
1662 3605 1722 3644 os
1758 3605 1913 3645 suum
1940 3589 2034 3646 do-

432 3665 578 3723 cebat
608 3669 916 3755 discipulos,
940 3674 1121 3731 dicens
1146 3664 1466 3752 (Mattiv);
1497 3688 1553 3736 et
1576 3699 1589 3735 :
1624 3679 1698 3737 οε
1719 3696 1891 3737 meum
1910 3698 2034 3753 ape-

432 3758 520 3812 rui
541 3764 591 3814 et
618 3761 817 3845 attraxi
841 3763 1083 3835 spiritum
1111 3764 1282 3839 (Paul.
1314 3769 1548 3841 cxvm);
1578 3777 1672 3827 et:
1704 3772 1955 3843 Aperiunt
1974 3774 2032 3829 in

431 3850 703 3921 parabolis
742 3858 803 3910 os
827 3870 1003 3911 meum
1031 3856 1050 3931 (
1079 3855 1224 3914 Psai.
1273 3862 1514 3932 Lxxvu),
1544 3873 1601 3918 et
1620 3871 1819 3919 caetera
1848 3863 1935 3920 his
1958 3864 2033 3920 si-

432 3942 617 4013 milia,
671 3945 761 4004 sio‘
798 3949 1206 4021 accipiendum,
1249 3955 1403 4025 quaSi
1444 3955 1685 4011 dixerit:
1716 3957 2032 4027 aperiantur

432 4037 675 4096 thesauri
721 4042 780 4098 et
818 4040 1137 4101 abscondita
1180 4061 1211 4102 a
1250 4048 1463 4105 sarculis
1508 4058 1852 4105 sacramenta
1894 4064 2031 4120 pan-

431 4126 651 4198 dantur,
699 4132 762 4187 ut.
809 4134 1046 4204 Spiritus
1084 4144 1305 4194 sanctus
1353 4141 1591 4196 introeat
1637 4140 1707 4209 ad
1738 4154 1806 4195 ea
1850 4140 2031 4210 profe-

431 4221 604 4278 renda
632 4228 754 4294 qua!
777 4224 1022 4281 latitant.
1054 4226 1191 4282 Nam
1231 4231 1377 4299 quod
1419 4232 1585 4302 hujus
1627 4231 1949 4299 testimonii,
1975 4233 2031 4289 id

432 4321 536 4382 est,
567 4324 624 4368 ut
644 4314 792 4370 detur
821 4308 953 4391 mihi
985 4332 1154 4374 sermo
1178 4310 1235 4374 in
1258 4322 1525 4391 apertione
1548 4323 1655 4377 oris
1676 4323 1802 4389 mei,
1829 4323 1936 4379 iste
1958 4323 2033 4378 sit

432 4398 767 4475 intellectus;
813 4409 1094 4479 sequentia
1142 4412 1394 4480 probant.
1440 4411 1509 4466 In
1555 4412 1895 4483 conﬁdentia,
1947 4414 2031 4469 in—

430 4486 571 4565 iiuit,
604 4505 789 4552 notam
813 4497 987 4569 facere
1011 4501 1318 4571 mysterium
1346 4499 1638 4573 Evangelii.
1678 4502 2031 4575 Nequaquam

433 4578 489 4643 i‘n
516 4590 817 4660 proverbiis
838 4601 893 4649 et
920 4592 1215 4664 parabolis,
1253 4595 1395 4650 sicut
1422 4604 1478 4651 et
1502 4596 1802 4666 prophette,
1836 4604 1893 4654 et
1911 4597 2029 4669 ipse
2053 4606 2109 4668 Β

430 4672 698 4738 Dominus
744 4682 919 4739 adhuc
958 4686 1292 4741 constitutus
1336 4685 1390 4740 in
1437 4701 1666 4757 corpore
1708 4687 2033 4759 loquebatur

432 4762 658 4829 dicens:
700 4768 853 4831 Venit
881 4775 1037 4843 hora,
1070 4774 1283 4851 quando
1312 4792 1641 4851 nequaquam
1665 4781 1722 4835 in
1744 4781 2029 4853 proverbiis

433 4856 579 4918 vobis
634 4863 840 4935 loquar,
891 4865 984 4920 sed
1037 4867 1359 4936 conﬁdenter
1404 4869 1469 4924 de
1511 4866 1675 4925 Patre
1703 4871 2030 4926 annuntiabo

435 4955 580 5010 vobis
610 4952 629 5028 (
656 4954 818 5012 Joan.
848 4956 997 5029 xvr).
1034 4956 1191 5014 Hunc
1221 4960 1561 5018 conﬁdentia:
1601 4974 1911 5018 sermonem
1942 4977 2032 5019 so-

434 5042 521 5101 lus
545 5046 747 5116 poterit
772 5046 1051 5115 obtinere,
1092 5049 1184 5121 qui
1213 5064 1319 5108 non
1348 5052 1599 5109 habuerit
1625 5067 1721 5108 cor
1753 5068 1813 5109 se
1843 5067 2030 5125 repre-

434 5134 680 5193 hendens
720 5154 734 5193 :
774 5136 837 5194 Si
879 5138 1019 5195 enim
1066 5156 1159 5196 cor
1203 5151 1438 5199 nostrum
1488 5159 1593 5199 non
1637 5143 2027 5215 reprehenderit

437 5244 554 5296 nos,
613 5229 985 5300 confidentiam
1015 5234 1266 5292 habemus
1321 5238 1390 5292 ad
1427 5224 1618 5303 Deam,
1664 5244 1715 5291 et
1757 5238 2029 5309 quodcun-

438 5338 537 5394 que
578 5324 920 5397 petierimus,
971 5330 1287 5397 accipiemus
1335 5331 1403 5386 ab
1453 5346 1513 5386 eo
1554 5329 1639 5404 (Ι
1683 5331 1845 5389 Joan.
1902 5333 2021 5408 ιιι).

439 5408 616 5470 Rarus
638 5413 818 5489 itaque
840 5421 1042 5492 estqui
1074 5421 1128 5476 in
1156 5421 1483 5477 conﬁdentia
1508 5429 1698 5478 notum
1727 5422 1894 5480 faciat
1920 5442 2034 5499 my-

438 5505 662 5561 sterium
698 5507 1001 5584 Evangelii,
1032 5512 1159 5583 quia
1189 5528 1346 5569 rarus
1372 5521 1455 5569 est
1498 5516 1591 5585 qui
1645 5517 2030 5575 conﬁdentiam

440 5594 636 5654 habeat
659 5601 727 5657 ad
756 5602 947 5659 Deum.
986 5623 1007 5656 ι
1041 5604 1174 5671 Quis
1202 5604 1348 5660 enim
1380 5604 1697 5676 gloriabitur
1729 5618 1938 5665 castum
1967 5624 2028 5666 se

438 5684 640 5746 habere
664 5707 784 5761 cor,
809 5702 904 5750 aut
925 5695 1048 5766 quis
1068 5696 1233 5753 stabit
1261 5697 1449 5753 dicens
1475 5702 1734 5758 mundum
1761 5718 1819 5760 se
1844 5719 1965 5759 esse
1990 5717 2025 5758 a

437 5783 719 5854 peccatis?
752 5803 773 5840 ι
806 5783 937 5847 Post
971 5786 1088 5850 haec
1111 5788 1245 5863 quid
1272 5790 1345 5854 sit
1380 5792 1491 5867 ait,
1513 5810 1609 5869 pro
1635 5812 1737 5871 quo
1765 5796 2024 5870 legatione
2052 5876 2067 5885 ἐ

2136 3304 2318 3361 ritate.
2354 3304 2564 3376 Duplici
2594 3306 2761 3378 igitur
2786 3321 2989 3378 genere
3020 3321 3124 3376 pro
3154 3322 3214 3363 se
3240 3308 3508 3364 orandum
3552 3307 3746 3364 horta-

2136 3404 2247 3461 tur,
2270 3406 2335 3455 nt
2356 3406 2413 3453 et
2435 3412 2634 3457 sensus
2670 3400 2790 3471 ejus
2816 3400 3110 3470 impleatur
3138 3399 3347 3472 Spiritu
3374 3401 3443 3456 ad
3472 3401 3743 3472 eloquen-

2134 3491 2265 3547 dum
2308 3491 2466 3561 plene
2491 3492 2835 3564 mysterium,
2860 3500 2920 3548 et
2942 3490 3175 3549 facultas
3199 3492 3277 3548 illi
3306 3491 3467 3549 detur
3494 3493 3743 3551 audacia

2132 3584 2192 3639 in
2241 3587 2559 3652 asserenda,
2600 3600 2768 3657 quam
2811 3585 3001 3656 utique
3040 3600 3262 3657 precem
3309 3584 3544 3642 libenter
3585 3584 3744 3642 audit

2132 3679 2311 3747 Deus;
2344 3679 2496 3736 videt
2534 3680 2679 3736 enim
2705 3680 3035 3752 legationem
3077 3695 3232 3736 suam
3260 3679 3319 3735 in
3354 3679 3606 3753 apostolo
3638 3693 3740 3736 suo

2133 3773 2363 3844 despici,
2389 3773 2535 3830 unde
2554 3774 2745 3844 utique
2765 3774 3079 3845 indignatus
3096 3773 3155 3828 in
3190 3786 3359 3828 cana
3388 3787 3489 3828 sua
3509 3786 3621 3829 non
3644 3785 3743 3827 no-

2134 3866 2282 3939 gabit
2303 3864 2574 3922 effectum.
2602 3865 2661 3922 Si
2687 3865 2837 3921 enim
2866 3865 3203 3922 consuetudo
3223 3864 3389 3921 etlex
3426 3872 3514 3920 est
3543 3862 3741 3936 legata

2130 3960 2413 4016 hominum
2436 3974 2547 4016 non
2562 3958 2768 4017 inferre
2791 3958 2979 4024 exitia,
3004 3972 3112 4029 qua
3127 3956 3559 4029 praesumptione
3575 3964 3743 4020 etalt-9

2130 4050 2286 4106 dacia
2309 4050 2503 4122 legatis
2534 4049 2631 4105 Dei
2661 4054 2775 4105 non
2792 4049 2970 4106 solum
2990 4048 3180 4115 exitia,
3213 4047 3309 4104 sed
3336 4058 3393 4103 et
3410 4061 3563 4103 mors
3591 4046 3737 4103 irro-

2130 4142 2320 4210 gatur!
2344 4140 2530 4209 Quare
2548 4149 2606 4197 et
2628 4140 2786 4208 dicit,
2808 4137 2921 4195 Pro
2937 4154 3041 4211 quo
3066 4139 3329 4211 legatione
3345 4138 3545 4209 [angor
3561 4139 3623 4194 in
3649 4154 3739 4194 cn-

2124 4240 2253 4288 tena
2282 4249 2303 4289 :
2332 4248 2443 4289 non
2472 4235 2619 4290 enim
2654 4234 3074 4304 permittebatur
3110 4232 3287 4291 libere
3318 4230 3502 4301 loqui,
3540 4230 3641 4286 sed
3676 4230 3737 4287 in

2128 4324 2469 4396 subiectione
2487 4331 2542 4380 et
2565 4325 2897 4381 necessitate
2909 4324 3079 4380 verba
3096 4324 3190 4378 Dei
3212 4321 3475 4387 referens,
3496 4321 3735 4378 vinculis

2126 4423 2187 4469 et
2222 4414 2401 4487 plagis
2427 4415 2819 4485 subjiciebatur
2841 4420 2898 4469 et
2925 4413 3213 4479 mortibus,
3242 4420 3299 4468 et
3327 4411 3600 4483 hpidatus
3626 4419 3734 4480 est,

2130 4505 2250 4577 ipse
2274 4506 2420 4562 enim
2447 4514 2506 4561 et
2535 4507 2604 4561 ad
2639 4505 2846 4561 bestias
2867 4504 3131 4576 pugnavit
3150 4503 3349 4574 Ephesi
3375 4502 3426 4575 (ι
3456 4501 3583 4559 Cor.
3615 4502 3733 4576 xv).

2206 4594 2275 4651 Ut
2322 4606 2499 4651 autem
2544 4597 2924 4651 sciatisetvos
2962 4596 3371 4667 mairum
3417 4605 3563 4662 sunt,
3604 4595 3735 4667 quid

2130 4702 2310 4759 agam,
2356 4688 2536 4742 omnia
2561 4696 2689 4741 nota
2717 4687 2861 4743 vobis
2885 4686 3042 4755 faciet
3068 4685 3349 4756 Tychicus,
3373 4684 3601 4741 dilectus
3620 4684 3739 4754 frn-

2132 4788 2233 4847 ter,
2256 4788 2307 4836 et
2334 4779 2507 4849 fidelis
2536 4781 2779 4835 minister
2798 4782 2857 4836 in
2873 4780 3126 4847 Domino,
3147 4796 3305 4852 quem
3330 4779 3455 4835 misi
3476 4778 3550 4834 ad
3573 4779 3739 4835 vasin

2131 4873 2231 4929 Itoc
2256 4873 2450 4943 ipsum,
2484 4882 2541 4927 ut
2563 4874 2895 4945 cognoscatis
2911 4889 3032 4946 qua
3062 4874 3205 4928 circa
3234 4888 3330 4928 nos
3356 4882 3507 4939 sunt,
3537 4882 3588 4928 et
3612 4888 3737 4928 con-

2131 4963 2331 5020 soletur
2357 4966 2519 5020 corda
2546 4976 2737 5022 vestra.
2766 4967 2786 5038 (
2809 4966 2987 5040 Hier.)
3014 4966 3321 5039 Dupliciter
3338 4966 3607 5039 accipito:
3637 4964 3736 5023 Vel

2132 5055 2257 5112 ideo
2282 5056 2581 5127 'l‘ychicum
2609 5056 2837 5113 missum
2874 5057 3174 5128 Ephesum,
3222 5067 3287 5113 ut
3330 5057 3609 5113 nuntiaret
3652 5057 3736 5114 eis

2132 5149 2350 5207 vincula
2376 5150 2621 5221 Apostoli
2642 5160 2773 5207 nota
2800 5150 2942 5206 facta
2962 5166 3084 5208 esse
3114 5152 3169 5206 in
3196 5150 3347 5206 omni
3374 5150 3658 5221 prmtorio,
3678 5157 3736 5207 et

2133 5249 2383 5297 catenam
2410 5242 2556 5298 illius
2577 5242 2647 5299 ad
2668 5242 2833 5300 ﬁdem
2853 5243 3131 5316 Evangelii
3153 5244 3479 5313 proiecisse,
3505 5258 3574 5299 eo
3596 5251 3735 5299 ten-

2131 5347 2266 5403 pore
2287 5346 2396 5403 quo
2422 5336 2490 5390 ad
2526 5334 2879 5393 Colosscnses
2904 5337 3128 5407 scripsit
3164 5334 3390 5391 dicetis:
3425 5334 3563 5403 Qua
3588 5336 3732 5392 circa

2135 5442 2219 5483 me
2241 5431 2585 5495 sunt,omnia
2614 5440 2741 5486 nota
2770 5432 2929 5503 faciet
2962 5433 3105 5488 vobis
3138 5430 3396 5504 Tgclticus
3416 5434 3587 5503 frater
3602 5432 3733 5488 dile-

2129 5528 2263 5585 ctus,
2289 5530 2339 5575 et
2352 5522 2608 5588 minister,
2626 5532 2675 5578 et
2694 5540 2975 5578 censemus
2989 5525 3047 5579 in
3069 5523 3323 5591 Domino,
3348 5540 3503 5595 quem
3518 5524 3641 5578 misi
3658 5522 3732 5578 ad

2130 5628 2222 5667 vos
2243 5613 2305 5667 ob
2332 5614 2430 5668 hoc
2472 5615 2665 5684 ipsum,
2690 5626 2747 5670 at
2768 5617 3095 5687 cognoscatis
3134 5632 3253 5688 quis
3276 5617 3421 5670 circa
3448 5631 3547 5670 nos
3588 5622 3732 5682 sunt,

2130 5714 2179 5759 et
2219 5706 2520 5761 consoletur
2560 5709 2722 5763 corda
2753 5720 2923 5764 vestra
2954 5726 3075 5765 cum
3106 5707 3355 5765 Onesimo
3394 5708 3733 5772 citatissimo,

2126 5808 2177 5856 et
2232 5796 2381 5870 ﬁdeli
2454 5799 2621 5871 fratre
2648 5840 2665 5871 ,
2728 5803 2821 5874 qui
2896 5810 2973 5860 est
3033 5816 3100 5860 ea
3161 5804 3330 5871 vobis,
3385 5813 3501 5859 etc.
3552 5813 3739 5878 υιαὴιξ
