3986 6338
258 363 360 420 481

734 363 1288 423 ENARRATIONUM
1323 363 1394 422 IN
1430 365 1580 422 EPP.
1621 359 1830 425 PAULI
1861 366 1993 425 LIB.
2035 369 2178 430 XIX.
2215 403 2286 418 --
2318 373 2391 433 IN
2425 376 2644 438 EPIST.
2683 383 2778 439 AD
2813 383 3104 446 PHILIPP.

3415 395 3526 455 483

255 476 404 548 quod
427 476 543 546 ipse
573 483 856 547 acceperat
883 478 1112 548 gratiam
1142 479 1496 550 apostolatus,
1548 487 1614 535 ut“
1650 481 1839 539 crede-
1866 494 1922 556 Α
1945 501 2070 542 nem
2123 489 2389 547 indicans.
2446 494 2583 551 Tum
2643 499 2863 569 quidem
2911 476 3310 568 existimabant,
3338 528 3527 574 omnes

257 578 381 623 rent
409 567 525 634 alii,
549 568 690 624 sicut
717 576 772 624 et
799 569 1062 625 Romanis
1087 571 1333 627 scribens
1362 572 1492 628 dicit
1517 590 1530 626 :
1559 571 1666 627 Per
1689 590 1840 645 quem

250 661 552 730 accepimus
577 660 804 730 gratiam
833 670 884 715 et
912 661 1265 733 apostolatum
1297 665 1352 718 in
1385 666 1681 721 obedientia
1715 667 1841 736 fidei

247 750 304 804 in
337 751 582 806 omnibus
617 753 854 822 gentibus
895 753 1069 825 (Rom.
1101 753 1163 826 ι).
1191 754 1293 823 Qui
1320 757 1572 812 credebat
1600 773 1843 816 commu-

246 845 474 901 nicabat
501 845 688 915 utique
709 847 918 917 gratiae,
955 857 1012 902 et
1036 841 1252 918 c0piOSe
1296 865 1454 904 suum
1483 865 1611 923 erga
1641 868 1736 908 eos
1761 851 1842 907 af-

244 933 452 990 fectum
493 936 785 992 ostendens
823 936 994 993 dicit:
1029 937 1196 993 Testis
1236 940 1374 994 enim
1413 943 1544 996 mihi
1582 952 1659 997 est
1694 943 1838 1000 Deus

244 1008 696 1096 quemadmodum
729 1028 971 1084 desidero
997 1047 1172 1086 omnes
1197 1049 1286 1087 vos
1309 1034 1366 1088 in
1392 1035 1670 1090 visceribus
1693 1035 1840 1092 Chri-

239 1117 309 1170 sti
329 1114 364 1168 J
371 1131 465 1169 esu
487 1132 508 1170 :
531 1127 578 1170 et
609 1117 709 1172 hoc
735 1134 828 1172 oro
849 1127 906 1174 ut
928 1119 1159 1176 Charitas
1180 1131 1349 1178 vestra
1377 1126 1544 1196 magis
1571 1128 1837 1198 magisque

235 1205 478 1260 abundet
503 1207 560 1260 in
581 1209 876 1279 cognitione
911 1220 960 1265 et
984 1212 1130 1266 omni
1161 1229 1350 1282 sensu,
1380 1227 1435 1270 ut
1467 1218 1693 1288 probetis
1723 1219 1831 1274 uti-

233 1295 404 1362 liora,
435 1307 492 1352 ut
515 1299 630 1352 sitis
664 1300 855 1356 sinceri
875 1311 924 1355 et
951 1303 1064 1357 sine
1100 1305 1390 1374 oﬂ'ensione
1420 1308 1477 1362 in
1501 1309 1584 1362 die
1615 1307 1830 1377 Christi,

232 1388 424 1458 repleti
479 1390 660 1459 fructu
717 1391 941 1461 justitiaz
1009 1411 1104 1464 per
1165 1395 1350 1451 Jesum
1409 1397 1716 1468 Christum,
1779 1402 1834 1456 in

227 1479 461 1548 gloriam
507 1491 554 1534 et
597 1481 807 1536 laudem
849 1483 966 1539 Dei.
1013 1483 1149 1540 Nam
1193 1489 1337 1556 quod
1385 1489 1538 1556 dixit,
1578 1492 1634 1544 in
1681 1491 1834 1546 visce-

230 1569 384 1623 ribus
415 1567 636 1638 Christi,
685 1572 869 1628 dicere
915 1573 1106 1642 voluit,
1173 1577 1230 1631 in
1269 1579 1538 1635 charitate
1591 1581 1683 1635 illa
1711 1596 1830 1651 quae

227 1659 534 1715 secundum
591 1661 868 1719 Christum
921 1674 1024 1732 est,
1080 1675 1136 1720 et
1190 1669 1335 1739 quod
1389 1670 1547 1737 dixit,
1598 1673 1829 1728 charitas

224 1763 426 1817 vestra,
485 1753 576 1810 illa
621 1756 806 1826 utique
847 1774 968 1829 quae
996 1767 1052 1814 et
1076 1775 1206 1831 erga
1232 1761 1400 1818 Deum
1431 1771 1486 1819 et
1513 1779 1640 1836 erga
1664 1766 1831 1822 alter—

1942 581 2160 638 beatum
2183 583 2409 640 Paulum
2434 587 2663 646 interﬁci
2691 608 2721 646 a
2749 593 2982 663 Nerone,
3011 613 3076 654 eo
3099 603 3242 670 quod
3263 607 3524 663 crudelis-

1942 675 2111 732 simus
2128 685 2242 732 erat
2261 697 2274 732 :
2292 687 2346 734 et
2363 682 2599 739 maxime
2611 685 2737 754 quia
2759 701 2897 744 nova
2919 692 3164 760 quaedam
3190 695 3294 751 illis
3318 705 3527 770 tempo-

1940 769 2091 825 ribus
2106 771 2301 828 docere
2315 773 2620 844 videbatur,
2644 779 2872 836 multum
2885 792 3144 840 extranea
3167 787 3379 844 illorum
3399 769 3521 860 quae
3617 850 3622 854 .

1940 861 2080 928 apud
2111 861 2385 919 Romanos
2408 873 2534 922 tunc
2557 867 2662 922 ritu
2691 868 2914 928 deorum
2941 874 3270 932 colebantur.
3316 877 3523 936 Praeter

1938 963 2152 1005 omnem
2177 966 2308 1007 vero
2333 968 2484 1024 spem
2513 955 2852 1018 introductus
2875 971 2960 1017 est
2979 963 3272 1023 defendens
3294 980 3512 1023 causam

1939 1057 2115 1097 suam.
2147 1041 2262 1098 Non
2287 1045 2460 1102 solum
2483 1048 2608 1117 quia
2634 1050 2766 1106 nihil
2794 1067 2987 1122 passus
3010 1063 3113 1122 est,
3139 1072 3327 1114 verum
3351 1059 3516 1115 etiam

1937 1143 1993 1188 et
2042 1134 2258 1205 plenam
2302 1139 2650 1195 securitatem
2695 1151 2780 1198 est
2808 1155 3122 1216 assecutus,
3171 1150 3245 1205 ita
3279 1159 3342 1207 ut
3385 1161 3441 1209 et
3485 1164 3521 1207 a

1933 1229 2108 1285 Roma
2137 1239 2328 1301 postea
2355 1231 2678 1300 discederet,
2702 1243 2757 1292 et
2780 1248 3038 1306 consueto
3066 1256 3219 1298 more
3259 1245 3521 1303 doctrina:

1936 1321 2262 1377 immineret.
2297 1320 2495 1380 Omnes
2519 1339 2652 1382 vero
2683 1327 2750 1382 ad
2775 1329 3185 1386 demirationem
3213 1333 3522 1405 impellebat

1925 1404 2087 1477 illud,
2132 1413 2276 1482 quod
2319 1415 2496 1470 fuerat
2541 1415 2768 1485 factum,
2819 1429 2874 1475 et
2915 1421 3202 1492 plurimam
3259 1404 3510 1483 ﬁduciam

1933 1501 2179 1586 ﬁdelibus
2213 1499 2503 1572 tribuebat,
2553 1507 2628 1562 ita
2657 1517 2718 1563 ut
2753 1521 2979 1582 excepto
3007 1516 3156 1571 omni
3187 1525 3396 1576 terrore
3423 1536 3522 1592 pa-

1933 1584 2102 1650 catus
2139 1597 2390 1667 dogmata
2445 1597 2686 1656 doceret.
2746 1601 2884 1658 Nam
2940 1609 3087 1676 quod
3127 1607 3286 1678 dixit,
3325 1613 3380 1668 in
3404 1584 3513 1671 ὧιο

1931 1691 2201 1758 praetorio,
2231 1699 2288 1746 ut
2333 1693 2480 1750 dicat
2523 1696 2577 1750 in
2619 1696 2805 1768 regiis,
2853 1708 2910 1755 et
2947 1701 3055 1757 illis
3077 1719 3198 1774 quae
3222 1706 3366 1763 circa
3389 1723 3515 1766 eum

1937 1788 2080 1834 sunt.
2109 1780 2429 1840 Prastorium
2455 1785 2585 1842 illud
2613 1791 2921 1858 nominans,
2949 1795 3101 1863 .quod
3127 1812 3270 1852 nunc
3295 1815 3364 1854 ex
3389 1816 3515 1856 con-

226 1854 419 1950 utrum
466 1857 571 1904 est.
619 1849 746 1905 Vult
798 1865 930 1924 ergo
977 1853 1157 1908 dicere
1187 1871 1200 1907 ε
1233 1855 1489 1923 quoniam
1545 1859 1700 1913 ιθειίε
1748 1867 1832 1914 εει
1858 1864 1907 1926 Β
1935 1871 2222 1928 suetudine
2249 1873 2506 1943 palatium
2540 1849 3052 1938 nominamuslHloc
3081 1849 3370 1955 ergo—dixit
3395 1889 3517 1947 volo

227 1939 367 1995 inibi
404 1941 568 2009 Deus,
606 1943 842 2013 qualiter
870 1960 1000 2017 erga
1035 1961 1130 2002 vos
1155 1946 1404 2003 allectum
1436 1958 1616 2016 teneo,
1653 1958 1707 2006 et
1729 1967 1828 2008 oro

221 2043 327 2102 per
353 2033 566 2103 singula
598 2047 874 2092 momenta
911 2038 1187 2093 abundare
1218 2041 1392 2110 magis
1414 2041 1469 2095 in
1495 2042 1651 2097 vobis
1680 2042 1828 2098 illam

223 2123 577 2192 charitatem,
626 2142 747 2197 qua;
791 2136 848 2183 et
894 2144 1020 2200 erga
1071 2128 1240 2184 Deum
1265 2140 1321 2185 et
1348 2147 1477 2203 erga
1507 2133 1828 2188 alterutrum

221 2225 329 2270 est.
377 2214 676 2272 Scientiam
721 2233 854 2274 vero
887 2221 1313 2286 convenientem
1342 2223 1545 2278 habere
1585 2240 1682 2279 vos
1733 2240 1827 2280 cu-

221 2305 318 2375 pio
361 2306 430 2361 de
471 2307 575 2362 illis
615 2324 736 2378 quae
785 2310 853 2365 ad
901 2310 1160 2366 virtutem
1193 2314 1494 2383 pertinent,
1533 2316 1827 2386 probantes

217 2413 349 2468 quae
383 2399 495 2454 sint
524 2400 764 2469 utiliora,
796 2411 852 2456 et
879 2418 1006 2473 erga
1054 2402 1145 2458 illa
1187 2406 1360 2475 magis
1409 2406 1825 2464 sollicitudinem

217 2490 539 2559 expendite,
587 2490 664 2546 ita
689 2500 750 2546 ut
777 2493 832 2547 in
870 2493 1051 2549 futura
1098 2495 1183 2551 die
1228 2497 1345 2552 sine
1383 2497 1491 2552 ulla
1521 2501 1826 2570 appareatis

213 2581 670 2651 reprehensione,
723 2583 1012 2654 plurimam
1057 2585 1414 2642 directionum
1441 2588 1651 2659 copiam
1679 2589 1824 2645 obti-

215 2683 439 2741 nentes,
474 2691 572 2746 pro
601 2677 796 2748 quibus
825 2679 1027 2749 poterit
1063 2687 1118 2734 et
1144 2679 1202 2734 in
1237 2681 1491 2751 praesenti
1523 2682 1635 2736 vita
1664 2681 1828 2752 glori-

213 2766 380 2821 ticari
425 2767 484 2822 in
526 2769 679 2824 vobis
711 2768 878 2836 Deus,
915 2769 1172 2826 omnibus
1213 2786 1377 2842 supra
1415 2781 1600 2828 vestra
1626 2774 1826 2829 virtute

211 2858 376 2912 illum
421 2858 875 2927 collaudantibus,
917 2861 973 2917 in
1016 2862 1172 2934 cujus
1212 2863 1433 2919 nomine
1461 2863 1578 2919 huic
1620 2865 1820 2921 facitis.

211 2950 332 3006 Ista
353 2951 572 3022 quidem
595 2954 813 3024 scripsit
833 2956 902 3011 ad
927 2970 1043 3022 eos,
1074 2953 1328 3011 aﬁ‘ectum
1354 2957 1634 3028 proprium
1663 2973 1823 3029 quem

211 3058 354 3114 erga
385 3058 482 3099 eos
523 3045 756 3101 habebat
777 3046 1100 3102 ostendens:
1126 3055 1181 3102 et
1203 3048 1420 3116 quidem
1445 3049 1502 3104 in
1525 3050 1825 3106 verissimis

212 3137 482 3194 laudibus
509 3139 580 3193 ad
613 3153 803 3195 eorum
826 3149 910 3195 est
937 3141 1370 3197 exhortationem
1417 3143 1636 3197 abusus.
1683 3142 1822 3198 Inci-

1931 1975 2048 2028 vos,
2097 1963 2292 2034 inquit,
2322 1967 2481 2034 scire,
2511 1984 2578 2024 eo
2609 1971 2752 2039 quod
2789 1971 2880 2026 illa
2922 1989 3042 2044 quae
3081 1976 3342 2034 doctrina:
3384 1996 3519 2038 meas

1931 2063 2057 2108 sunt
2080 2055 2135 2108 in
2163 2056 2391 2128 singulis
2418 2060 2607 2116 diebus
2633 2063 3026 2120 incrementum
3058 2069 3350 2142 accipiunt.
3379 2072 3517 2132 Nam

1930 2146 2143 2203 vinetus
2181 2151 2250 2204 ad
2293 2153 2538 2206 omnium
2581 2155 2831 2211 notitiam
2867 2160 3110 2228 perveni,
3145 2162 3396 2221 inductus
3423 2166 3518 2222 de-

1927 2235 2174 2293 fensione
2215 2255 2336 2296 mea
2371 2242 2538 2308 adfui,
2571 2256 2627 2299 et
2657 2246 2737 2302 sic
2769 2248 2838 2303 ab
2866 2250 3013 2305 omni
3050 2252 3291 2320 periculo
3320 2255 3519 2312 libera-

1929 2337 2039 2395 tus,
2083 2339 2142 2384 ut
2179 2331 2335 2388 multi
2374 2333 2562 2392 ﬁdeles
2607 2353 2730 2392 cum
2765 2338 2961 2396 ﬁducia
2995 2343 3252 2400 docerent
3283 2346 3372 2401 illa
3395 2363 3519 2418 quae

1927 2421 2142 2491 pietatis
2178 2433 2324 2492 sunt,
2367 2441 2433 2482 ex
2479 2427 2584 2483 illis
2609 2445 2730 2499 quae
2758 2446 2886 2502 erga
2917 2447 3004 2490 me
3030 2435 3173 2492 facta
3209 2446 3336 2493 sunt
3375 2440 3516 2496 ﬁdu-

1927 2513 2067 2566 ciam
2109 2516 2454 2584 accipientes.
2501 2519 2734 2586 Quidam
2776 2524 2988 2594 quidem
3038 2535 3090 2581 et
3134 2538 3348 2600 propter
3390 2531 3520 2586 invi-

1927 2604 2070 2658 diam
2098 2615 2146 2658 et
2174 2609 2554 2663 contentionem
2579 2627 2597 2675 ;
2633 2613 2850 2682 quidam
2874 2631 2992 2670 vero
3017 2626 3066 2670 et
3086 2628 3296 2689 propter
3322 2619 3517 2676 bonum

1925 2695 2178 2766 placitum
2217 2697 2485 2754 Christum
2519 2705 2856 2760 annuntiant.
2898 2707 2966 2761 Et
2995 2708 3156 2766 latius
3205 2713 3518 2783 signiﬁcans

1927 2785 2056 2857 quid
2085 2786 2156 2839 sit
2181 2788 2323 2854 quod
2363 2789 2563 2844 dixerit
2585 2801 2807 2863 propter
2842 2795 3101 2852 invidiam
3130 2807 3185 2854 et
3213 2803 3517 2859 contentio-

1926 2890 2051 2930 nem
2098 2875 2284 2945 adjicit
2311 2893 2326 2932 :
2351 2879 2454 2934 Alii
2505 2882 2722 2950 quidem
2760 2900 2828 2940 ex
2856 2890 3204 2946 contentione
3237 2891 3515 2950 Christum

1928 2968 2273 3035 annuntiant,
2314 2986 2420 3026 non
2466 2971 2677 3028 sincere
2711 2975 3086 3035 existimantes
3112 2981 3516 3041 tribulationem

1927 3056 2129 3113 inferre
2151 3059 2381 3116 vinculis
2409 3062 2565 3117 meis.
2595 3062 2844 3131 Quidam,
2875 3065 3074 3136 inquit,
3103 3068 3403 3128 invidentes
3425 3087 3512 3129 re-

1926 3147 2028 3202 bus
2081 3147 2222 3204 bene
2249 3164 2377 3218 erga
2425 3166 2511 3206 me
2569 3153 2756 3223 gestis,
2809 3163 2861 3210 et
2906 3158 3159 3225 quoniam
3209 3160 3344 3216 nihil
3385 3163 3515 3219 mali

211 3231 300 3301 pit
339 3246 475 3287 vero
503 3232 558 3286 in
593 3233 1044 3302 subsequentibus
1076 3247 1141 3288 ea
1169 3249 1291 3304 qua:
1320 3235 1387 3289 de
1414 3249 1472 3289 se
1495 3244 1652 3289 erant
1693 3245 1822 3291 nota
1850 3219 1898 3284 ο
1927 3256 2118 3311 passus
2167 3258 2286 3298 sum
2330 3243 2586 3302 inductus
2635 3257 2760 3302 ante
2805 3247 3073 3306 Neronem
3095 3291 3110 3318 ,
3163 3255 3256 3308 sed
3314 3262 3372 3309 et
3423 3256 3515 3312 illa

211 3321 407 3378 facere
453 3322 562 3377 illis
600 3323 761 3378 simul
801 3324 1018 3394 quidem
1057 3325 1210 3393 quasi
1257 3323 1600 3392 aﬂ'ectuosis,
1636 3333 1691 3381 et
1727 3327 1820 3397 qui

213 3413 380 3468 valde
429 3430 530 3484 pro
574 3413 664 3470 illo
719 3415 956 3482 solliciti,
1011 3415 1279 3486 siquidem
1328 3427 1576 3488 sumptus
1605 3418 1820 3474 misisse

213 3509 476 3564 videnlur
503 3527 517 3564 :
550 3510 908 3566 conveniebat
953 3509 1098 3564 enim
1145 3509 1344 3565 talibus
1377 3518 1432 3565 et
1469 3510 1560 3565 illa
1587 3527 1706 3582 quae
1735 3527 1820 3568 se-

213 3601 459 3655 cundum
487 3616 545 3658 se
568 3610 726 3657 erant
758 3610 884 3657 nota
913 3601 1114 3668 facere,
1143 3602 1413 3673 simulque
1438 3611 1494 3658 et
1520 3603 1590 3658 ad
1619 3603 1820 3659 doctri-

213 3708 354 3748 nam
391 3692 496 3748 illis
521 3693 788 3764 proﬁcere
833 3701 1106 3764 poterant.
1156 3691 1292 3748 Nam
1345 3693 1473 3762 quia
1520 3694 1622 3750 sub
1666 3703 1818 3750 arcta

210 3793 385 3840 erant
424 3787 772 3853 necessitate,
824 3786 1110 3856 Apostolus
1141 3786 1360 3857 pietatis
1409 3787 1820 3858 contemplatio-

210 3894 290 3935 ne
354 3877 629 3935 suﬁiciens
690 3888 811 3935 erat
869 3879 1087 3934 erudire
1147 3878 1288 3944 illos,
1349 3877 1465 3948 ejus
1519 3879 1818 3934 imitatione

211 3969 388 4026 etiam
417 3970 670 4040 graviora
691 3969 924 4024 tolerare
951 3985 1051 4040 pro
1078 3970 1298 4024 virtute.
1327 3969 1520 4039 Incipit
1545 3983 1674 4024 vero
1693 3971 1772 4025 sic
1797 3984 1812 4023 :

291 4060 449 4117 Scire
475 4071 652 4116 autem
672 4077 759 4116 vos
789 4061 924 4126 volo,
951 4062 1163 4132 fratres,
1195 4063 1446 4132 quoniam
1469 4078 1531 4116 ea
1553 4079 1669 4133 qute
1689 4079 1816 4133 erga

212 4168 304 4206 me
329 4161 454 4206 sunt
486 4153 656 4222 magis
699 4152 769 4205 ad
813 4152 1099 4222 profectum
1149 4151 1422 4223 Evangelii
1450 4162 1812 4223 pervenerunt,

211 4243 296 4297 ita
323 4252 382 4295 ut
409 4242 614 4297 vincula
656 4259 770 4298 mea
820 4243 1104 4312 manifesta
1135 4245 1190 4297 in
1235 4243 1441 4298 Christo
1474 4245 1600 4299 Jesu
1629 4245 1814 4314 ﬁerent

213 4335 280 4388 in
309 4343 420 4388 toto
439 4335 687 4403 praetorio
709 4344 758 4388 et
788 4335 988 4390 steteris
1017 4335 1281 4402 omnibus,
1307 4346 1355 4390 et
1380 4339 1556 4407 plures
1585 4337 1814 4406 fratrum

211 4427 278 4479 in
301 4423 533 4478 Domino
564 4424 882 4494 conﬁdentes
913 4425 1138 4480 vinculis
1171 4427 1300 4482 meis
1328 4427 1681 4482 abundantius
1709 4443 1813 4482 au-

211 4523 406 4578 derent
437 4522 548 4577 sine
576 4523 760 4577 timore
801 4522 1012 4577 verbum
1053 4522 1216 4594 loqui.
1264 4523 1464 4578 Beatus
1489 4522 1688 4579 Paulus
1719 4539 1814 4594 ap-

1927 3347 2048 3402 quae
2074 3348 2202 3404 erga
2225 3350 2312 3390 me
2339 3334 2560 3391 fuerunt
2585 3337 2826 3406 edicens,
2857 3341 2990 3397 solvi
3016 3343 3085 3398 ab
3117 3361 3182 3402 eo
3211 3350 3511 3418 promerui,

1927 3437 2119 3482 contra
2167 3444 2254 3482 me
2302 3445 2454 3485 suam
2497 3431 2902 3489 contentionem
2945 3448 3268 3496 exercentes
3297 3441 3512 3498 discur-

1924 3527 2073 3582 runt,
2100 3535 2207 3574 non
2233 3519 2430 3576 ﬁducia
2455 3531 2679 3592 agentes
2709 3523 2762 3577 id
2789 3525 2989 3595 aliqua,
3034 3530 3129 3584 sed
3153 3532 3414 3602 nequitia,
3451 3540 3516 3590 ut

1925 3608 1996 3662 ita
2025 3609 2279 3677 dixerim,
2309 3613 2890 3686 impietatis,dogmata
2903 3618 3098 3676 docere
3119 3622 3510 3694 deproperant:

1921 3709 1981 3754 ut
2005 3700 2078 3756 illi
2098 3701 2190 3770 qui
2213 3701 2265 3756 in
2283 3703 2592 3774 principatu
2609 3714 2661 3760 et
2680 3715 2946 3775 potestate
2969 3719 3114 3776 sunt,
3140 3727 3208 3769 ex
3221 3713 3434 3770 illorum
3450 3714 3516 3772 ﬁ-

1921 3793 2078 3847 ducia
2103 3795 2333 3863 permoti
2370 3810 2560 3850 secum
2586 3807 2858 3868 reputent,
2882 3801 3138 3869 quoniam
3171 3805 3365 3861 horum
3389 3822 3509 3863 om-

1921 3884 2069 3937 nium
2093 3899 2257 3940 causa
2280 3885 2368 3939 illa
2396 3887 2600 3952 existit,
2629 3891 2774 3957 quod
2803 3905 2903 3962 ego
2933 3893 3050 3948 sine
3077 3896 3321 3964 periculo
3341 3913 3506 3969 nego-

1920 3972 2050 4028 tium
2068 3975 2375 4031 transierim
2393 3995 2406 4030 :
2423 3986 2482 4032 ut
2496 3978 2690 4032 iterum
2709 3980 2991 4036 adversum
3008 3999 3094 4039 me
3105 3995 3506 4054 convertantur,

1918 4075 1972 4120 et
1986 4080 2144 4136 paena
2158 4082 2275 4122 mea
2291 4077 2515 4124 caeteros
2534 4071 2903 4140 corrigantur:
2921 4073 3023 4130 hoc
3043 4083 3224 4131 autem
3245 4079 3365 4147 quis
3379 4094 3510 4150 erga

1916 4160 2132 4214 beatum
2150 4158 2374 4214 Paulum
2393 4159 2638 4216 eﬁ‘ectum
2661 4163 2961 4233 intelligens
2983 4181 3323 4239 nequaquam
3338 4171 3509 4227 demi-

1919 4251 2145 4318 rabitur,
2167 4251 2320 4321 quasi
2342 4251 2435 4322 qui
2454 4253 2524 4307 ob
2539 4253 2792 4309 invidiam
2808 4255 2972 4312 fuerit
2983 4257 3184 4330 aliquid
3197 4275 3508 4331 perpessus,

1915 4340 2110 4396 deinde
2159 4341 2252 4411 qui
2293 4342 2451 4409 dixit,
2489 4353 2536 4397 et
2575 4360 2669 4414 per
2713 4344 2904 4400 bonum
2941 4348 3194 4418 placitum
3241 4351 3510 4410 Christum

1912 4431 2225 4503 praedicant,
2273 4434 2554 4489 evidenter
2595 4435 2725 4492 illud
2765 4437 3086 4508 signiﬁcavit
3125 4442 3353 4500 dicens:
3386 4447 3507 4518 qui-

1915 4523 2038 4577 dam
2061 4523 2270 4594 quidem
2285 4542 2348 4580 ea:
2371 4527 2648 4592 charitate,
2663 4529 2879 4584 scientes
2899 4533 3147 4601 quoniam
3175 4533 3228 4588 in
3250 4535 3510 4606 defensio-

212 4613 434 4686 pellans
462 4613 706 4679 Festum,
745 4629 811 4669 eo
842 4614 985 4684 quod
1028 4613 1244 4670 volebat
1289 4629 1413 4668 eum
1454 4613 1654 4670 ludatis
1705 4623 1813 4670 tra—
1838 4595 1892 4657 Ῑ)
1919 4631 2033 4669 nem
2061 4615 2332 4686 Evangelii
2353 4620 2550 4685 positus
2566 4635 2701 4685 sum,
2720 4595 2932 4686 hocest,
2949 4624 3169 4692 quidam
3183 4595 3508 4685 charitatem

213 4709 380 4770 dere,
425 4713 480 4761 et
517 4705 799 4776 postulans
831 4721 888 4762 se
917 4706 1060 4761 mitti
1089 4707 1158 4761 ad
1191 4705 1480 4772 Caesarem,
1507 4707 1699 4762 ductus
1732 4718 1816 4762 est

212 4798 280 4852 in
313 4793 546 4851 vinculis
572 4795 820 4850 Romam.
853 4795 1111 4852 Inductus
1141 4812 1272 4852 vero
1305 4805 1430 4853 ante
1466 4796 1733 4852 Neronem
1761 4805 1817 4853 et

212 4898 278 4947 et
301 4888 674 4946 defensionem
713 4891 797 4944 sui
834 4890 1065 4956 faciens,
1105 4891 1324 4946 biennio
1371 4891 1464 4945 illo
1507 4891 1816 4947 demoratus

214 4979 529 5052 plenariam
580 4980 807 5049 adeptus
834 4989 919 5036 est
953 4981 1320 5036 securitatem.
1363 4980 1487 5036 Ideo
1533 4988 1590 5036 et
1629 4981 1682 5035 in
1725 4995 1812 5037 se-

213 5073 406 5130 cunda
456 5072 527 5127 ad
566 5071 908 5128 Timotheum
957 5073 1196 5144 Epistola
1245 5088 1408 5143 quam
1447 5088 1477 5126 a
1513 5072 1686 5128 Roma
1745 5073 1814 5128 ad

217 5188 354 5228 eum
406 5171 643 5241 scripsit,
693 5185 804 5226 non
857 5180 988 5226 tunc
1033 5170 1248 5240 quando
1285 5177 1339 5225 et
1382 5167 1814 5238 Philippensibus

217 5263 508 5320 scribebat
537 5280 552 5316 :
585 5261 788 5318 etenim
831 5269 963 5318 tunc
1010 5277 1134 5318 cum
1183 5262 1301 5331 ipso
1328 5261 1396 5316 ad
1422 5261 1543 5316 illos
1574 5261 1812 5332 scripsit,

221 5355 324 5412 sed
383 5352 615 5409 secunda
661 5353 802 5419 vice,
849 5353 1066 5422 quando
1115 5352 1222 5406 illic
1263 5353 1440 5422 capite
1476 5361 1560 5408 est
1596 5354 1814 5422 punitus

221 5448 480 5503 scribens
523 5445 654 5500 dicit
678 5458 693 5497 :
717 5443 784 5498 In
831 5443 1003 5514 prima
1031 5459 1148 5497 mea
1181 5442 1482 5497 defensione
1509 5460 1658 5498 nemo
1684 5443 1815 5497 mihi

222 5539 426 5609 adfuit,
465 5537 555 5591 sed
592 5553 770 5590 omnes
817 5551 898 5589 me
945 5533 1264 5605 reliquerunt
1289 5551 1306 5588 :
1333 5550 1436 5588 non
1460 5533 1566 5588 illis
1597 5535 1818 5604 impute-

225 5641 335 5686 tur.
371 5628 626 5682 Dominus
656 5637 831 5683 autent
853 5629 1018 5683 astitit
1046 5627 1177 5681 mihi
1201 5637 1249 5681 et
1275 5627 1595 5697 confortavit
1619 5643 1719 5692 me,
1757 5639 1815 5680 ut

228 5740 324 5792 per
354 5739 433 5776 me
468 5722 778 5792 prtcdicatio
813 5721 1115 5793 impleatur,
1145 5731 1194 5776 et
1222 5721 1446 5776 audiant
1475 5738 1652 5775 omnes
1687 5738 1814 5787 gen-

229 5827 327 5880 tes,
357 5827 403 5869 et
435 5814 688 5870 liberatus
713 5833 913 5871 suntex
939 5832 1028 5872 ore
1055 5816 1216 5872 leonis
1248 5815 1334 5886 (II
1366 5814 1500 5870 Tim.
1529 5814 1624 5886 ιν).
1645 5814 1814 5874 Nero-

1918 4709 2063 4764 illam
2093 4725 2255 4779 quam
2280 4725 2408 4780 erga
2430 4711 2703 4767 Christum
2732 4713 2999 4770 habebant
3037 4718 3349 4787 praedicant,
3378 4736 3510 4778 con-

1918 4801 2144 4857 ﬁdentes
2174 4803 2388 4872 quidem
2421 4818 2598 4859 meum
2627 4820 2748 4860 esse
2785 4821 2921 4876 opus
2951 4817 3012 4863 ut
3041 4811 3366 4878 praedicetur
3388 4813 3506 4884 pie-

1915 4902 2022 4960 tas,
2053 4895 2352 4950 abutuntur
2375 4912 2506 4952 vero
2533 4897 2725 4953 ﬁducia
2754 4914 2819 4954 eo
2845 4899 2987 4968 quod
3019 4900 3091 4955 ita
3121 4915 3249 4974 erga
3296 4919 3383 4960 me
3428 4904 3508 4961 di-

1917 4987 2040 5041 vina
2089 4987 2325 5043 donante
2373 4991 2546 5059 gratia
2593 4989 2664 5044 sit
2708 4990 3098 5061 dispensatum,
3145 5002 3208 5049 ut
3253 4995 3508 5054 ﬁduciam

1918 5080 2098 5135 cuncti
2129 5089 2568 5150 assequerentur,
2603 5081 2788 5138 dicens
2828 5084 3128 5142 evidentius
3155 5088 3350 5145 horum
3379 5105 3509 5161 quo-

1917 5186 2024 5242 que
2067 5179 2122 5226 et
2161 5171 2375 5226 illorum
2407 5173 2721 5239 arbitrium;
2765 5173 2904 5240 Quid
2942 5177 3124 5232 enim?
3167 5179 3294 5234 dum
3340 5182 3508 5236 omni-

1918 5262 2072 5317 modo
2097 5263 2204 5317 sive
2226 5263 2518 5327 occasionc,
2539 5265 2644 5318 sive
2669 5267 2882 5320 veritate
2901 5263 3140 5323 Christus
3168 5271 3503 5340 prtedicetur.

1921 5355 2104 5427 (Aug.)
2133 5355 2224 5411 Isti
2255 5357 2573 5411 mercenarii
2608 5367 2782 5425 erant,
2815 5359 2905 5430 qui
2949 5359 3110 5417 Paulo
3147 5363 3391 5432 apostolo
3425 5366 3508 5419 in-

1920 5448 2176 5502 videbant
2212 5466 2224 5500 :
2255 5461 2424 5516 quare
2473 5448 2824 5505 invidebant?
2867 5451 2970 5507 nisi
3019 5453 3144 5522 quia
3194 5453 3508 5525 temporalia

1921 5539 2306 5610 requirebant?
2332 5539 2426 5594 sed
2449 5539 2580 5608 quid
2601 5529 2852 5613 adjlmgat
2873 5543 3150 5610 allendite,
3167 5543 3308 5609 Quid
3331 5545 3466 5598 enim
3483 5544 3510 5599 .’

1922 5635 2047 5687 dum
2081 5632 2378 5688 omnimodo
2418 5633 2526 5688 sive
2565 5637 2856 5700 occasione,
2891 5636 2995 5690 sive
3028 5637 3242 5690 veritate
3270 5633 3508 5692 Christus

1923 5725 2294 5789 annuntietur;
2323 5735 2370 5780 et
2393 5725 2446 5779 in
2481 5725 2577 5778 hoc
2604 5726 2827 5795 gaudeo,
2865 5727 2956 5779 sed
2979 5737 3025 5780 et
3059 5725 3313 5796 gaudebo.
3354 5724 3510 5780 Veri-

1922 5825 2006 5874 tas
2033 5823 2118 5873 est
2141 5814 2408 5884 Christus,
2441 5817 2645 5875 veritas
2668 5834 2699 5874 a
2730 5817 3080 5874 mercenariis
3104 5816 3389 5875 occasione
3413 5831 3510 5874 an-
