3986 6338
488 334 607 409 ξω

1130 321 1753 415 mmmam
1786 325 2104 385 ARBHIEP.
2134 323 2455 397 uocum.
2491 326 2777 387 OPERUM
2810 327 2992 387 rans
3026 328 3122 389 Ill.

3656 335 3777 397 ω

497 446 809 511 nuntietur,
850 452 1055 501 veritas
1096 431 1141 499 al
1168 443 1295 500 tiliis
1335 444 1393 499 in
1440 442 1672 500 veritate
1716 439 2084 507 annuntietur,
2112 445 2166 508 Α
2192 438 2417 497 lucrum.
2472 442 2584 499 Nec
2612 444 2758 499 enim
2786 443 2833 499 si
2861 445 3060 513 vivam,
3089 446 3330 517 inquam,
3358 447 3777 512 aitet-insdias-

497 536 595 593 ﬁlil
624 543 886 590 aeternam
930 533 1323 590 beatitudinem
1365 533 1544 589 Patris
1584 533 1854 602 patienter
1890 546 2082 602 exspe-
2178 532 2271 603 jus
2293 534 2370 590 rei
2396 549 2579 589 curam
2608 534 2800 601 habeo,
2829 537 2936 591 nisi
2966 537 3141 597 solum
3176 539 3346 607 illam,
3390 557 3515 613 qua:
3555 545 3625 600 ad
3654 545 3780 618 glo-

497 634 650 685 ctaut
678 639 694 679 :
720 624 1047 680 mercenarii
1073 623 1419 695 temporalem
1450 623 1753 678 mercedem
1779 621 2086 679 conducen-

496 718 569 774 tis
614 722 873 788 exoptant
920 714 1282 770 festinanter:
1314 714 1449 769 mihi
1496 714 1730 769 humana
1767 712 1955 786 gloria,
1998 713 2086 768 cui

497 805 866 864 mercenarios
890 805 1134 860 invidere
1156 804 1334 870 video,
1368 805 1662 871 minuatur,
1702 811 1757 859 et
1783 814 1960 859 tamen
1988 818 2088 874 per

496 896 708 971 linguas
734 896 1195 953 mercenariorum
1221 904 1276 951 et
1303 895 1535 952 ﬁliorum
1567 888 1663 951 Dei
1685 895 1887 951 Christi
1913 895 2084 968 gloria

497 987 825 1046 ditfametur.
858 986 1115 1042 Videmus
1157 987 1290 1043 istos
1326 1003 1443 1043 rem
1479 987 1695 1059 quidem
1749 996 1990 1043 sanctam
2034 996 2091 1044 et

496 1089 704 1137 castam
735 1095 847 1136 non
867 1088 1015 1136 caste
1038 1078 1407 1147 annuntiasse,
1441 1095 1607 1150 quare
1634 1078 1831 1153 gaudet
1858 1080 2090 1151 Aposto-

490 1164 582 1226 lus
617 1184 725 1226 non
772 1169 918 1225 male
969 1167 1205 1235 illorum,
1253 1169 1348 1224 sed
1386 1170 1531 1224 bone
1579 1168 1813 1224 nominis
1865 1168 2087 1225 Christi.

490 1260 728 1335 (Ambr.)
757 1258 921 1317 Multa
944 1262 1300 1317 demiratione
1324 1260 1544 1334 dignum
1573 1269 1657 1316 est
1678 1261 1731 1316 id
1754 1263 1897 1333 quod
1925 1261 2090 1318 Paulo

490 1350 701 1407 dictum
727 1360 829 1418 est,
855 1351 981 1406 licet
1008 1351 1077 1406 sit
1099 1359 1154 1406 et
1176 1349 1377 1422 aliquid
1404 1351 1548 1407 aliud
1593 1351 1768 1407 simile
1796 1369 1811 1406 :
1837 1367 1965 1418 non,
2002 1352 2086 1407 in-

496 1447 633 1518 quit,
668 1446 899 1502 discutio
929 1446 1214 1503 arbitrium
1242 1445 1480 1513 illorum,
1505 1445 1633 1502 licet
1660 1446 1727 1501 ad
1743 1447 2089 1503 nocivitatem

494 1536 674 1595 ineam
715 1553 818 1609 per
851 1536 1108 1595 invidiam
1162 1536 1257 1594 ﬁat
1301 1538 1445 1609 quod
1487 1537 1569 1607 ﬁt,
1617 1547 1828 1595 tantum
1863 1548 2093 1597 cunctos

495 1631 722 1689 doceant
756 1629 978 1687 Christo
1016 1630 1258 1687 credere.
1302 1630 1412 1687 Nec
1445 1632 1588 1687 enim
1625 1640 1686 1687 ut
1720 1632 1941 1703 quidam
1978 1632 2089 1688 exi-

2188 623 2325 678 riam
2366 624 2595 697 pertinet
2616 624 2845 691 Christi;
2878 626 3003 683 licet
3028 628 3232 687 moriar
3252 644 3356 700 pro
3375 646 3442 689 eo
3462 648 3661 705 magna
3684 651 3781 694 me

2188 713 2453 770 lucratum
2482 730 2603 771 esse
2628 716 2860 773 conﬁdo.
2897 718 3047 785 Yado
3082 720 3231 779 enim
3258 728 3321 779 ut
3349 723 3455 779 sim
3497 738 3623 781 cum
3661 726 3780 795 illo,

2188 807 2331 863 unde
2364 815 2419 863 et
2451 822 2661 863 summa
2687 824 2810 864 cum
2842 809 3197 867 demiratione
3239 810 3424 882 adjicit
3453 831 3469 869 :
3504 812 3567 872 Si
3601 827 3782 873 autem

2188 902 2355 955 vivere
2380 901 2436 956 in
2458 916 2633 966 carne,
2661 902 2745 955 hic
2780 902 2908 956 mihi
2950 904 3153 973 [ructus
3199 906 3369 976 operis
3408 916 3513 974 est,
3559 918 3609 965 et
3649 910 3785 981 quid

2188 989 2377 1062 eligam
2402 992 2605 1062 ignoro.
2651 989 2905 1048 Coarctor
2931 994 3069 1048 enim
3102 1011 3168 1048 ea;
3190 995 3431 1065 μασθαι,
3459 997 3782 1057 desideriis.

2186 1080 2382 1135 habens
2419 1088 2477 1135 ut
2513 1081 2764 1151 resolvor,
2792 1093 2849 1157 _et
2877 1100 2997 1139 cum
3033 1082 3242 1142 Christo
3268 1087 3395 1155 sim,
3420 1088 3591 1145 multo
3613 1094 3784 1163 magis

2189 1168 2375 1225 melius
2409 1185 2426 1223 :
2459 1187 2762 1243 permanere
2800 1182 2978 1249 autem
3017 1174 3073 1229 in
3114 1192 3272 1233 carne
3312 1181 3667 1239 necessarium
3704 1194 3786 1239 ω

2188 1270 2398 1331 propter
2433 1278 2540 1318 vos.
2584 1261 2771 1335 Itaque
2796 1263 2930 1323 etin
2952 1263 3346 1325 dubitationem
3379 1277 3587 1338 vertor.
3622 1271 3785 1344 igno-

2182 1367 2339 1437 rans,
2362 1354 2491 1425 quid
2525 1369 2611 1411 me
2640 1355 2926 1413 conveniat
2962 1356 3161 1429 eligere
3191 1376 3203 1413 :
3234 1359 3472 1419 oblectat
3500 1364 3655 1423 enim
3696 1382 3788 1424 me

2190 1449 2352 1518 hujus
2378 1450 2503 1504 vine
2523 1451 2720 1517 exitus,
2758 1465 2824 1507 eo
2849 1450 2993 1522 quod
3017 1451 3237 1511 Christo
3262 1470 3350 1513 me
3376 1454 3511 1515 facit
3554 1458 3784 1518 adesse:

2186 1549 2407 1615 gratum
2436 1548 2619 1597 autem
2644 1540 2777 1595 mihi
2806 1548 2912 1605 est,
2935 1550 2990 1597 et
3018 1549 3081 1598 ut
3112 1545 3217 1601 sim
3257 1545 3310 1600 in
3353 1547 3484 1613 vita,
3526 1564 3599 1606 eo
3640 1553 3788 1621 quod

2191 1631 2376 1688 multis
2402 1646 2465 1687 ex
2494 1631 2600 1687 illis
2624 1632 2719 1701 qui
2747 1631 2963 1688 Christo
2987 1636 3233 1693 extranei
3268 1647 3401 1695 sunt
3434 1642 3505 1697 ad
3540 1642 3665 1712 ejus
3692 1659 3791 1716 po-

493 1723 1161 1780 etimaverunt-licentiam
1201 1722 1257 1778 in
1284 1723 1374 1779 his
1402 1723 1593 1779 beatus
1630 1723 1831 1779 Paulus
1870 1732 2091 1796 praestat
2193 1730 2310 1778 tero
2347 1722 2644 1792 perducere
2685 1722 2864 1779 ﬁdem.
2918 1724 3104 1796 Itaque
3142 1729 3247 1785 etsi
3282 1731 3477 1791 melius
3516 1744 3608 1793 est
3654 1738 3789 1794 mihi

491 1811 601 1868 illis
641 1813 733 1884 qui
776 1813 1136 1868 intervertere
1182 1814 1400 1884 pietatis
1444 1815 1670 1886 cupiunt
1726 1817 1940 1889 dogma,
1991 1817 2083 1888 qui
2116 1810 2163 1873 Β
2188 1813 2317 1869 hinc
2354 1813 2652 1879 discedere,
2686 1822 2745 1869 ut
2771 1816 2874 1869 sim
2895 1831 3019 1872 cum
3051 1817 3291 1889 Christo,
3320 1824 3416 1881 sed
3454 1832 3641 1884 tamen
3666 1829 3791 1899 plus

491 1908 704 1957 tantum
736 1917 840 1958 nos
862 1902 980 1956 vult
1014 1917 1143 1972 erga
1181 1903 1465 1960 haereticos
1485 1905 1667 1961 odium
1691 1906 1915 1973 habere,
1945 1909 2087 1963 sicut
2182 1907 2529 1983 praesentiam
2564 1922 2740 1962 meam
2762 1916 2985 1980 propter
3013 1924 3111 1967 vos
3148 1916 3517 1972 necessariam
3540 1933 3669 1977 esse
3702 1920 3792 1992 ju-

489 1988 608 2065 ipse
628 1992 874 2049 scribens
899 1990 1032 2048 dicit
1057 1990 1411 2048 :Hazreticum
1438 1995 1699 2051 hominem
1726 2008 1839 2069 post
1860 1999 2084 2068 primam
2187 1997 2329 2064 dico,
2373 2006 2432 2053 ut
2459 1999 2652 2055 ducam
2693 2014 2790 2055 vos
2829 2002 2920 2071 qui
2953 2002 3023 2058 ad
3060 2001 3219 2061 ﬁdem
3254 2009 3537 2069 acceditis.
3579 1988 3791 2087 (Grai)

490 2091 541 2138 et
591 2083 875 2138 secundam
928 2083 1306 2155 correptionem
1349 2085 1520 2141 devita
1565 2084 1692 2159 (Tit.
1734 2087 1849 2160 In);
1888 2090 1982 2144 sed
2021 2089 2087 2145 de
2187 2090 2255 2147 Et
2278 2097 2459 2145 tamen
2486 2089 2612 2146 alibi
2638 2090 2790 2160 dicit,
2826 2094 2915 2164 qui
2950 2110 3129 2153 sumus
3162 2096 3218 2152 in
3246 2097 3343 2152 hoc
3365 2099 3679 2159 habitacula

490 2175 598 2237 illis
628 2178 733 2233 hoc
758 2177 815 2231 in
844 2175 965 2233 loco
1006 2176 1263 2248 loquitur,
1302 2178 1394 2247 qui
1423 2193 1613 2235 sanam
1642 2180 1859 2250 quidem
1887 2181 2089 2237 doctri-
2182 2185 2517 2255 gemiscimus
2544 2185 2766 2256 gravati,
2795 2202 2854 2240 eo
2884 2188 3023 2257 quod
3064 2187 3328 2247 noluimus
3353 2193 3668 2263 exspoliari,
3696 2199 3791 2255 sed

491 2280 621 2324 nam
651 2268 852 2324 docent
891 2268 1224 2337 dogmatum,
1262 2268 1468 2324 faciunt
1510 2278 1689 2325 autem
1722 2269 1851 2327 illud
1887 2287 1993 2327 non
2017 2273 2087 2328 ob
2186 2275 2517 2345 supervestiri
2546 2284 2601 2329 ut
2623 2276 2964 2332 absorbeatur
2989 2279 3129 2350 quod
3156 2281 3379 2339 mortale
3400 2294 3477 2340 est
3506 2303 3543 2341 α
3570 2290 3683 2343 sita
3704 2291 3791 2362 (II

489 2355 666 2429 ipsam
696 2358 980 2429 pietatem,
1012 2358 1106 2415 sed
1134 2367 1195 2414 ut
1224 2370 1602 2416 commoveant
1628 2370 1819 2416 contra
1856 2376 1977 2417 eum
2008 2362 2090 2417 in-

492 2448 690 2516 sidias;
729 2458 785 2504 et
827 2451 1118 2506 ostendens
1162 2451 1421 2522 quoniam
1461 2452 1813 2523 consequenti
1856 2453 2087 2519 ratione,

493 2540 571 2597 ita
594 2536 841 2611 persistit
865 2541 932 2596 de
952 2539 1059 2596 illis
1085 2541 1178 2611 qui
1207 2556 1315 2596 non
1342 2540 1550 2613 integre
1580 2541 1709 2598 illud
1738 2542 1966 2610 faciunt,
1996 2544 2091 2600 sed

492 2626 722 2686 insidias
745 2629 797 2685 ei
822 2643 1169 2685 commovere
1198 2630 1441 2701 cupiunt,
1468 2640 1516 2685 et
1543 2632 1639 2687 hoc
1667 2631 1893 2704 gaudeo,
1918 2633 2008 2688 sed
2042 2642 2089 2687 et

494 2722 772 2795 gaudebo;
796 2723 910 2777 scio
929 2722 1067 2777 enim
1095 2724 1343 2794 quoniam
1368 2720 1465 2777 hoc
1488 2723 1615 2777 mihi
1635 2723 1869 2796 proﬁciet
1904 2726 1959 2778 in
1998 2742 2089 2780 sa-

493 2812 657 2868 lutem
691 2828 786 2884 per
829 2822 1052 2868 vestram
1086 2812 1376 2869 orationem
1402 2854 1418 2880 ,
1464 2823 1513 2869 et
1561 2814 2093 2870 subministrationem

495 2904 712 2975 spiritus
740 2902 869 2960 Iesu
891 2902 1108 2961 Christi.
1153 2904 1251 2962 His
1272 2906 1347 2961 ita
1371 2905 1580 2963 allectis
1609 2907 1804 2979 gaudio
1825 2888 2091 2977 cumulor,

492 2992 677 3050 sciens
723 2995 980 3066 quoniam
1025 2995 1080 3051 in
1132 2993 1314 3052 futuro
1368 2997 1566 3054 saeculo
1614 2998 1735 3069 plus
1782 2982 2095 3071 gratulabor

495 3085 709 3155 quando
727 3097 828 3157 pro
854 3085 943 3143 his
980 3087 1285 3142 mercedem
1317 3087 1577 3159 recipiam
1604 3088 1758 3144 vobis
1787 3089 2090 3159 orantibus,

2189 2364 2315 2423 Cor.
2350 2368 2428 2441 v).
2476 2369 2613 2427 Ecce
2635 2379 2690 2425 et
2712 2371 2849 2425 mori
2878 2372 3173 2441 desiderat,
3200 2384 3256 2431 et
3288 2385 3471 2435 tamen
3493 2394 3670 2438 carne
3696 2398 3794 2441 ex-

2188 2458 2410 2531 epoliari
2438 2459 2716 2528 formidat,
2744 2476 2843 2518 cur
2866 2464 3013 2521 hoc?
3041 2466 3167 2536 quia
3193 2468 3299 2525 etsi
3330 2469 3566 2529 victoria
3588 2473 3647 2528 in
3668 2484 3793 2545 per-

2188 2559 2411 2622 petuum
2435 2552 2694 2623 laetiﬁcat,
2728 2556 2846 2625 ipsa
2886 2557 3239 2619 nihﬂominus
3260 2562 3334 2619 ad
3358 2578 3604 2635 presens
3624 2582 3791 2638 pinna

2189 2644 2488 2715 perturbat,
2519 2654 2576 2701 et
2601 2648 2850 2719 quamvis
2878 2649 3062 2713 vincat
3080 2666 3239 2715 amor
3264 2654 3795 2727 subsequenu'smn-

2189 2728 2357 2803 neris,
2386 2738 2558 2809 tangit
2584 2746 2768 2797 tamen
2792 2756 2901 2801 non
2923 2742 3041 2803 sine
3073 2760 3308 2805 mterorc
3332 2749 3579 2807 animum
3601 2754 3798 2823 pd.

2193 2827 2416 2895 doloris,
2440 2830 2587 2887 sicut
2608 2832 2756 2889 enim
2791 2832 2877 2891 vir
2912 2833 3072 2893 fortis
3111 2852 3236 2893 cum
3285 2838 3468 2897 vicino
3498 2840 3615 2911 iam
3664 2844 3795 2902 belli

2193 2920 2491 2976 certamine
2515 2921 2689 2979 armis
2706 2922 3031 2995 accingitur,
3060 2926 3289 2999 palpitat
3315 2939 3374 2987 et
3401 2929 3651 3005 festinat,
3682 2943 3794 2994 tre-

2192 3007 2293 3063 mit
2315 3018 2371 3065 et
2398 3010 2571 3081 saevit,
2595 3013 2753 3083 quasi
2774 3027 2973 3087 pavere
2993 3031 3092 3087 per
3102 3019 3366 3088 pallorem
3395 3024 3671 3094 cernitur,
3702 3029 3797 3085 sed

2192 3114 2293 3171 per
2333 3100 2468 3156 iram
2504 3101 2856 3163 vehementer
2891 3116 3113 3179 urgetur
3142 3129 3156 3165 :
3186 3113 3261 3168 ita
3303 3114 3390 3171 vir
3417 3127 3645 3177 sanctus
3666 3135 3797 3177 am

494 3185 550 3232 et
574 3175 798 3233 Christo
837 3178 1066 3249 gratiam
1107 3179 1331 3249 spiritus
1364 3180 1641 3251 copiosam
1665 3181 1824 3237 nobis
1850 3197 1948 3254 pro
1971 3182 2092 3241 istis
2117 3172 2164 3247 (ζ
2192 3196 2435 3267 ρεεείοηί
2459 3198 2824 3271 propinquare
2851 3216 2911 3261 se
2936 3172 3227 3274 Mei"
3253 3215 3311 3263 et

493 3271 788 3341 praebente,
817 3284 884 3325 eo
912 3270 1057 3341 quod
1096 3280 1153 3325 et
1192 3273 1651 3327 resurrectionem
1686 3288 1786 3345 per
1828 3274 2090 3346 Spiritum

494 3366 745 3416 sanctum
778 3358 897 3414 ﬁeri
927 3361 1336 3431 exspectabant,
1367 3370 1423 3417 et
1448 3361 1760 3419 fruitionem
1789 3363 2093 3422 futurorum

493 3449 781 3517 bonorum,
822 3465 888 3507 eo
926 3452 1071 3522 quod
1100 3459 1226 3508 ante
1256 3455 1474 3524 assequi
1500 3456 1807 3525 sperabant.
1859 3456 2093 3515 Evidens

494 3548 678 3596 autem
723 3550 827 3609 est,
873 3543 1131 3613 quoniam
1176 3552 1232 3598 et
1276 3542 1472 3601 futurae
1512 3545 1698 3619 gloria:
1748 3547 2092 3619 splendorem

493 3648 594 3707 pro
618 3636 779 3694 modo
794 3634 924 3694 ﬁdei
953 3636 1039 3694 vel
1064 3637 1310 3695 laborum
1339 3656 1371 3695 a
1400 3641 1594 3713 spiritu
1622 3642 1725 3698 sibi
1756 3642 1939 3698 itidem
1973 3645 2093 3702 dari

494 3728 905 3798 exspectabant.
956 3730 1102 3787 Bene
1134 3747 1263 3803 ergo
1292 3733 1849 3790 subministrationem
1873 3734 2092 3806 spiritus

495 3817 655 3887 dixit,
681 3829 743 3876 ut
761 3820 966 3895 largam
996 3823 1307 3879 mercedem
1334 3824 1667 3897 signiﬁcaret
1696 3834 1752 3881 et
1782 3826 2093 3886 retributio-

495 3925 629 3967 num
662 3914 1091 3983 magnitudinem
1127 3913 1298 3981 illam,
1328 3930 1492 3986 quam
1532 3917 1686 3973 decet
1714 3917 1963 3989 spiritum
1992 3918 2090 3976 tri-

494 4001 685 4071 buere,
715 4011 770 4061 et
810 4006 1067 4076 quoniam
1096 4006 1226 4062 licet
1252 4022 1447 4078 magna
1487 4008 1597 4064 sint
1632 4007 1718 4063 illa
1745 4024 1865 4081 qua:
1895 4023 2090 4081 exspe-

492 4103 730 4163 ctantur,
765 4096 859 4153 sed
887 4106 944 4153 et
973 4098 1348 4155 tribulationes
1368 4108 1664 4170 praesentes
1686 4115 1894 4174 magna:
1912 4110 2089 4167 erant,

492 4184 762 4258 siquidem
789 4196 845 4243 et
878 4187 1011 4243 tales
1055 4188 1264 4245 insidiae
1303 4190 1563 4246 adversus
1600 4206 1725 4246 eum
1772 4194 1841 4247 ab
1874 4191 1959 4249 his
1998 4192 2091 4266 qui

494 4276 737 4349 ejusdem
766 4276 892 4333 ﬁdei
918 4286 1076 4335 erant
1102 4281 1568 4352 prmparabantur.

567 4386 868 4469 Secundum
898 4389 1337 4461 dispensationem
1378 4401 1427 4448 et
1462 4409 1606 4464 spem
1640 4410 1831 4461 meam,
1870 4396 1997 4468 quia
2034 4397 2092 4453 in

492 4472 655 4559 nullis
676 4479 1008 4555 confundar,
1048 4481 1137 4541 sed
1178 4481 1235 4535 in
1273 4483 1414 4538 omni
1434 4483 1632 4553 ﬁducia
1658 4475 1791 4541 sicut
1815 4503 2015 4559 semper
2042 4498 2091 4545 et

494 4554 630 4649 nunc
666 4554 1092 4644 magni/imbitur
1139 4568 1379 4629 Christus
1419 4574 1475 4628 in
1524 4591 1738 4647 corpore
1784 4593 1895 4633 meo
1920 4619 1937 4647 ,
1985 4580 2093 4635 sive

492 4678 586 4734 per
612 4662 791 4732 vitam,
816 4664 924 4720 sive
947 4680 1042 4736 per
1062 4676 1302 4721 mortem.
1344 4667 1789 4739 Desperationem
1811 4671 2093 4729 evidenter

494 4751 624 4807 illud
665 4753 817 4822 dicit,
865 4756 1011 4827 quod
1056 4771 1276 4828 sperare
1316 4772 1423 4815 non
1454 4759 1652 4831 possit,
1688 4761 1802 4818 vult
1829 4763 1974 4818 enim
2012 4765 2092 4820 di-

495 4856 662 4901 cere:
706 4846 964 4916 quoniam
995 4846 1121 4904 licet
1147 4849 1203 4904 in
1235 4851 1401 4907 tantis
1436 4853 1780 4925 constringar
1804 4854 1985 4922 malis,
2031 4864 2095 4912 ut

494 4933 777 5007 desperem
828 4937 896 4993 de
938 4941 1337 5011 praesentibus,
1382 4950 1438 4999 et
1481 4943 1685 5001 nullam
1743 4946 2091 5005 subrelictam

494 5039 648 5098 spem
663 5023 849 5085 salutis
864 5028 1171 5087 existimem
1191 5051 1202 5087 :
1222 5034 1315 5093 sed
1343 5043 1470 5093 tunc
1494 5051 1653 5107 spero
1675 5054 1783 5096 non
1808 5040 2086 5113 confundi,

494 5118 651 5175 valde
676 5120 922 5190 edoctus,
950 5125 1207 5199 quoniam
1232 5143 1464 5205 magnus
1501 5144 1600 5203 per
1649 5132 1741 5189 illa
1789 5148 1909 5205 qum
1958 5151 2089 5209 erga

496 5228 584 5269 me
603 5222 730 5271 sunt
754 5213 1024 5275 videbitur
1048 5216 1317 5287 Christus,
1346 5221 1460 5279 sive
1481 5224 1681 5293 vivam,
1706 5226 1823 5285 sive
1848 5229 2084 5287 moriar:

495 5319 671 5375 neque
708 5314 941 5361 mortem
973 5323 1149 5366 meam
1191 5308 1309 5367 ﬁeri
1352 5312 1570 5371 Christo
1615 5318 1860 5375 absolute
1895 5335 2089 5379 conce-

496 5392 657 5452 dente
685 5402 780 5449 aut
800 5410 959 5453 vane.
1008 5397 1076 5452 Et
1110 5402 1367 5471 quoniam
1406 5404 1566 5473 dixit,
1598 5408 1726 5479 quia
1770 5412 2084 5482 magniﬁca-

495 5485 636 5545 bitur
657 5485 914 5555 Christus,
944 5490 1049 5547 hoc
1075 5502 1257 5550 autem
1302 5497 1536 5555 necdum
1578 5501 1949 5575 probationem
1991 5508 2088 5563 ha-

493 5576 656 5637 bebat
676 5579 893 5639 illorum
920 5597 1041 5653 qua:
1064 5598 1192 5657 erga
1224 5602 1350 5644 eum
1399 5599 1575 5659 erant,
1617 5595 1910 5653 ostendens
1953 5613 2087 5668 quo-

494 5668 642 5729 niam
670 5680 725 5727 et
752 5671 855 5728 hoc
890 5673 1161 5734 sulliciens
1189 5679 1261 5736 sit
1286 5680 1389 5737 sibi
1418 5682 1465 5739 si
1501 5683 1753 5742 Christus
1777 5688 2088 5760 magniﬁca-

494 5761 661 5830 bitur,
689 5763 922 5837 adjecit:
957 5764 1082 5824 llihi
1101 5780 1276 5831 autem
1297 5774 1461 5833 vivere
1488 5783 1562 5831 est
1592 5773 1857 5848 Christus,
1881 5781 2085 5853 etmori

2191 3286 2451 3345 ﬁrmitate
2482 3291 2854 3359 contunditur,
2884 3299 2942 3349 et
2967 3295 3082 3366 spei
3116 3310 3229 3355 eum
3269 3297 3545 3359 soliditate
3572 3303 3799 3361 robora-

2193 3390 2301 3451 tur,
2330 3392 2388 3440 et
2416 3385 2483 3443 de
2514 3386 2693 3443 vicina
2722 3396 2901 3445 morte
2930 3390 3200 3462 trepidat,
3227 3400 3283 3450 et
3311 3402 3493 3452 tamen
3510 3398 3665 3467 quod
3682 3415 3799 3456 mo-

2192 3473 2383 3533 riendo
2407 3477 2589 3533 verius
2619 3477 2786 3547 vivat,
2813 3479 3069 3547 exsultat,
3101 3483 3171 3541 ad
3196 3499 3426 3556 regnum
3453 3487 3661 3559 quippe
3690 3504 3798 3546 non

2190 3573 2369 3635 potest
2405 3567 2508 3623 nisi
2546 3568 2868 3640 interposita
2907 3580 3084 3630 morte
3124 3576 3380 3644 tussire,
3412 3586 3473 3635 et
3500 3578 3719 3638 idcirco
3745 3590 3798 3638 et

2191 3656 2512 3717 conﬁdendo
2528 3660 2683 3731 quasi
2711 3661 2955 3735 asnbigit,
2980 3672 3037 3721 et
3052 3667 3211 3736 quasi
3228 3668 3521 3727 ambiendo
3540 3672 3796 3740 conﬁdit.

2193 3757 2248 3807 et
2293 3750 2533 3821 gaudens
2578 3752 2796 3820 metuit,
2844 3761 2903 3810 et
2943 3766 3191 3817 metuens
3238 3761 3461 3835 gaudet.
3508 3766 3647 3835 quia
3698 3767 3800 3824 scit

2191 3842 2339 3915 quod
2379 3844 2449 3901 ad
2478 3844 2730 3905 bravium
2770 3848 2969 3919 quietis
3006 3866 3116 3909 non
3148 3834 3463 3923 perveniat,
3667 3859 3797 3926 hoc,

2191 3936 2337 4006 quod
2378 3936 2662 4009 interiacet
2714 3955 2839 3995 cum
2884 3940 3073 4001 labore
3120 3947 3515 4005 transcendat:
3556 3949 3643 4007 sic
3698 3966 3798 4009 nos

2192 4041 2317 4083 cum
2366 4029 2589 4086 morbos
2628 4045 2664 4085 a
2707 4046 2939 4102 corpore
2981 4034 3244 4106 repellere
3282 4039 3557 4108 cupimus,
3611 4042 3797 4101 tristes

2192 4119 2412 4189 quidem
2464 4136 2712 4187 amarum
2764 4124 3104 4195 purgationis
3165 4128 3419 4198 poculum
3478 4133 3792 4203 sumimus,

2192 4220 2342 4267 certe
2365 4221 2547 4269 autem
2587 4213 2656 4273 de
2692 4216 3041 4287 subsequenti
3085 4219 3258 4277 salute
3300 4222 3624 4295 gaudemus,
3668 4228 3796 4300 quis

2192 4304 2339 4373 enim
2364 4307 2657 4376 pervenire
2696 4323 2896 4380 corpus
2937 4310 3100 4369 aliter
3132 4314 3202 4371 ad
3234 4314 3465 4373 salutem
3490 4334 3603 4379 noui
3622 4320 3794 4391 valet,

2192 4395 2249 4452 in
2284 4406 2416 4467 potu
2467 4397 2602 4454 libet
2656 4400 2822 4459 etiam
2864 4402 3011 4471 quod
3062 4403 3267 4473 taedet,
3313 4421 3547 4479 cumque
3590 4411 3795 4469 amari-

2116 4536 2171 4601 D
2197 4492 2571 4601 tudipilinesse
2592 4495 2757 4601 vitam
2778 4497 2993 4601 animus
3019 4500 3307 4572 conspicit,
3332 4518 3575 4562 merere
3606 4508 3793 4565 turba-

2196 4590 2284 4638 tus
2312 4583 2609 4641 hilarescit.
2665 4584 2863 4659 (Cass.)
2906 4589 3150 4662 Denique
3192 4593 3385 4652 beatus
3427 4595 3635 4656 Paulus
3664 4614 3792 4658 cum

2194 4687 2254 4733 se
2304 4674 2468 4731 tantis
2508 4690 2573 4730 ac
2616 4676 2815 4743 talibus
2864 4678 3033 4739 ditari
3078 4680 3348 4743 fructibus
3388 4701 3685 4758 cerneret,
3738 4701 3795 4750 α

2192 4773 2748 4833 θοοηιτθτίοιιιὶιοονίω
2772 4778 2977 4836 bonum
2991 4782 3156 4839 corde
3175 4796 3448 4855 pensaret,
3474 4802 3543 4846 ac
3562 4789 3718 4847 velut
3736 4790 3791 4847 ἣ

2192 4879 2303 4923 una
2345 4864 2500 4923 lance
2545 4875 2822 4927 tantorum
2866 4872 3113 4931 laborum
3158 4876 3485 4947 profectum,
3527 4881 3588 4937 in
3618 4882 3789 4939 altera

2193 4955 2607 5015 delectationem
2658 4960 2857 5019 divina
2904 4967 3376 5039 contemplationis
3420 4971 3785 5043 appellent,

2137 5104 2147 5115 _
2192 5048 2283 5105 diu
2304 5050 2557 5109 examine
2572 5053 2806 5123 pectoris
2820 5056 3317 5127 miqundammodo
3344 5063 3633 5135 castigato,
3661 5064 3787 5121 dn-

2191 5139 2342 5199 illum
2386 5142 2513 5201 hinc
2547 5143 2793 5203 laborum
2817 5147 3088 5219 stipendia
3114 5151 3381 5212 immensa
3408 5154 3788 5222 dilect-Mil?

2189 5232 2301 5291 line
2334 5234 2665 5295 desiderium
2709 5239 2932 5300 unitatis
2960 5253 3020 5301 et
3050 5245 3442 5319 inseparabil‘s
3460 5247 3673 5308 Christi
3695 5263 3787 5306 a-

2189 5326 2358 5383 cietas
2382 5328 2546 5383 etiam
2583 5330 2652 5387 ad
2690 5333 3073 5394 resolutionem
3107 5341 3291 5398 carnis
3332 5342 3549 5412 invitat,
3590 5344 3783 5401 anxia

2188 5417 2407 5508 tandem
2458 5420 2775 5490 proclamat,
2820 5434 2877 5481 et
2931 5427 3105 5484 dicit:
3147 5430 3289 5498 Quid
3342 5433 3536 5505 eligam
3581 5435 3782 5508 ignaro.

2188 5504 2442 5564 Coaretor
2465 5521 2640 5567 autem
2666 5514 2723 5570 in
2748 5514 2953 5574 duobus
2980 5520 3299 5580 desiderium
3321 5504 3518 5583 habens

2187 5608 2237 5654 et
2267 5616 2385 5654 cum
2419 5600 2629 5661 Christo
2658 5623 2805 5676 esse,
2838 5611 3006 5668 multo
3030 5616 3168 5670 enim
3207 5617 3397 5675 melius
3422 5633 3443 5673 :
3460 5634 3784 5692 permanere.

2108 5748 2124 5766 ο
2188 5700 2365 5746 autem
2402 5693 2459 5749 in
2503 5713 2663 5753 carne
2682 5717 2851 5773 magis
2887 5708 3237 5763 necessarium
3260 5720 3471 5782 propter
3494 5728 3607 5768 vos.
3652 5709 3783 5766 Cum

2188 5783 2353 5857 igitur
2392 5788 2577 5861 multis
2604 5793 2780 5851 modis
2813 5795 2943 5855 boni
2971 5798 3130 5873 hujus
3156 5801 3532 5861 excellentiam
3578 5802 3781 5861 cunctis
