3986 6338
237 336 355 395 485

713 333 1266 393 ENARRATIONUM
1300 333 1372 392 ΙΝ
1408 336 1561 394 ΕΡΡ.
1600 333 1810 393 PAULI
1839 332 1972 391 LIB.
2011 333 2155 393 XIX.
2190 321 2264 378 :-
2297 334 2373 392 IN
2404 335 2626 394 EPIST.
2661 336 2758 395 AD
2793 334 3082 396 PHILIPP.

3410 340 3524 411 J86

237 448 414 504 etiam
450 445 846 518 pmdicatiouis
888 460 999 500 sua:
1034 444 1300 501 fructibus
1341 446 1704 516 praetulisset,
1757 453 1835 499 ta-
1861 450 1917 512 Α
1938 444 2121 500 datum
2144 454 2219 501 est
2248 463 2342 518 pro
2367 445 2575 502 Christo
2609 463 2712 502 non
2744 445 2934 514 solum,
2958 458 3017 503 ut
3038 450 3092 505 in
3107 447 3257 509 illum
3275 450 3526 522 credatis,

240 554 375 593 men
415 537 718 601 charitatis,
755 536 871 591 sine
907 551 1012 606 qua
1052 551 1209 592 nemo
1242 536 1526 593 Dominum
1562 549 1838 608 promere-

238 640 341 685 tur
375 628 830 699 contemplatione
867 628 1225 697 submittitur,
1250 646 1314 686 ac
1335 640 1557 702 propter
1578 629 1697 685 illos
1724 629 1840 700 qui-

236 722 348 778 bus
397 720 574 776 adhuc
620 719 701 775 lac
749 704 895 775 velut
928 721 1199 777 nutricula
1227 724 1483 779 uberibus
1514 722 1841 793 evangelicis

236 814 601 886 immulgebat
631 812 986 869 divulsionem
1020 830 1051 869 a
1081 813 1298 871 Christo
1333 817 1436 872 sibi
1482 816 1699 887 quidem
1735 831 1839 873 no-

234 906 414 970 xiam,
438 905 533 960 sed
561 905 775 960 caeteris
796 906 1179 972 necessariam,
1212 921 1319 961 non
1348 916 1565 963 recusat
1595 924 1608 961 :
1641 907 1842 962 etenim

236 998 313 1053 ad
335 996 656 1053 electionem
677 995 835 1068 hujus
856 995 1194 1068 petissimum
1214 996 1293 1051 rei
1324 997 1412 1052 illa
1432 997 1597 1052 nimia
1624 996 1843 1069 pietatis

236 1088 453 1144 virtute
498 1087 868 1159 compellitur,
907 1102 1012 1159 qua
1066 1102 1165 1158 pro
1216 1088 1395 1144 salute
1439 1089 1671 1144 fratrum
1712 1104 1841 1145 suo-

238 1198 395 1247 rum,
421 1181 468 1236 si
496 1189 639 1236 esset
666 1178 943 1252 possibile,
985 1179 1149 1235 etiam
1184 1179 1435 1235 ultimum
1483 1181 1845 1237 anathematis

236 1272 455 1327 malum
492 1279 725 1342 optasset
768 1270 1066 1325 incurrere.
1106 1269 1333 1341 (Ambr.)
1364 1270 1433 1326 Et
1460 1271 1712 1341 quoniam
1738 1271 1843 1327 ista

237 1363 385 1418 dixit
414 1378 569 1418 suum
602 1361 885 1417 arbitrium
914 1360 1194 1431 publicans
1219 1403 1234 1429 ,
1264 1370 1323 1416 ut
1351 1377 1420 1418 ne
1445 1362 1692 1418 videatur
1716 1376 1846 1418 vera

238 1456 462 1512 ratione
501 1463 791 1528 apparatus
836 1469 935 1509 nec
983 1470 1047 1510 ea
1097 1456 1237 1511 scire
1275 1471 1395 1527 qua:
1441 1457 1736 1513 secundum
1787 1470 1846 1511 se

240 1560 404 1615 sunt,
439 1548 525 1603 vel
556 1549 609 1602 in
635 1546 831 1617 quibus
853 1545 945 1611 sit,
974 1544 1158 1616 adjicit
1182 1565 1194 1602 :
1229 1546 1299 1601 Et
1322 1548 1419 1602 hoc
1442 1548 1709 1618 conﬁdens
1736 1548 1846 1602 scio

237 1644 503 1716 quoniam
538 1641 754 1697 manebo
780 1649 829 1695 et
853 1641 1162 1712 permanebo
1189 1641 1427 1697 omnibus
1466 1641 1607 1697 vobis
1646 1640 1716 1695 ad
1766 1657 1848 1697 ve-

1938 537 2029 593 sed
2056 547 2104 592 et
2128 554 2222 609 pro
2242 536 2333 592 illo
2360 537 2657 609 patiamini.
2702 534 2802 595 Hic
2833 553 3047 609 quoque
3072 548 3128 595 et
3154 540 3364 597 initium
3394 556 3531 600 con-

1939 629 2202 687 versionis
2245 643 2310 683 ac
2351 628 2474 684 lidei
2513 638 2713 689 nostra:
2753 638 2810 686 et
2843 629 3153 701 passionum
3185 630 3528 689 tolerantiam

1938 721 2133 777 donari
2160 721 2313 776 vobis
2342 736 2373 775 a
2400 720 2627 776 Domino
2667 720 2997 788 declaravit,
3045 721 3189 793 quod
3226 721 3530 795 intelligens

1940 816 2111 872 David
2140 828 2353 886 quoque
2379 814 2625 870 similiter
2644 823 2765 869 orat
2793 812 2893 869 sibi
2925 814 3030 868 hoc
3059 812 3234 884 ipsum
3278 813 3334 868 in
3361 814 3528 870 mise-

1940 910 2153 967 ratione
2197 907 2423 964 concedi
2468 906 2696 964 dicens:
2728 905 3020 977 Confirma,
3062 904 3228 970 Deus,
3264 910 3362 961 hoc
3389 906 3530 978 quod

1942 1011 2186 1073 operatus
2230 1017 2283 1055 es
2321 1001 2377 1055 in
2426 999 2570 1055 nobis
2616 994 2788 1072 (Psal.
2836 995 3042 1069 van),
3091 997 3379 1053 ostendens
3420 1012 3532 1053 non

1941 1091 2189 1148 suiﬁcere
2229 1091 2333 1146 sibi
2377 1090 2565 1146 salutis
2611 1088 2872 1161 principia
2916 1088 3057 1143 dono
3104 1087 3198 1143 Dei
3250 1087 3534 1159 gratiaque

1942 1185 2160 1251 collata,
2197 1184 2244 1240 si
2283 1199 2389 1239 non
2430 1181 2633 1238 fuerint
2672 1181 2860 1237 eadem
2888 1181 3235 1237 miseratione
3272 1180 3445 1251 ipsius
3477 1188 3536 1237 et

1943 1277 2257 1349 quotidiana
2301 1276 2614 1348 operatione
2658 1274 2933 1347 perfecta:
2972 1290 3078 1331 non
3118 1276 3264 1331 enim
3300 1274 3533 1332 liberum

1945 1367 2248 1434 arbitrium,
2271 1368 2366 1423 sed
2387 1366 2644 1421 Dominus
2663 1366 2815 1421 solvit
2844 1367 3184 1439 compeditos,
3209 1383 3318 1424 non
3348 1377 3536 1424 noetra

1943 1462 2138 1528 virtus,
2174 1462 2269 1517 sed
2298 1461 2554 1516 Dominus
2584 1462 2735 1533 erigit
2763 1461 2941 1528 elisos,
2963 1477 3069 1517 non
3099 1462 3348 1519 lectionis
3374 1462 3534 1517 indu-

1946 1553 2103 1619 stria,
2133 1552 2228 1608 sed
2252 1552 2513 1607 Dominus
2538 1551 2803 1607 illuminat
2833 1570 3018 1620 arcos,
3050 1554 3193 1625 quod
3228 1554 3418 1611 Graec
3458 1554 3539 1609 di-

1947 1646 2089 1702 citur
2114 1664 2128 1700 :
2160 1665 2177 1698 ι
2202 1646 2463 1701 Dominus
2486 1645 2759 1717 sapientes
2784 1644 2917 1701 facit
2930 1661 3138 1713 caecos;
3170 1666 3189 1700 ι
3221 1663 3329 1703 non
3349 1654 3537 1702 nostra

239 1748 419 1791 atrum
446 1735 733 1807 profectum
756 1744 805 1789 et
832 1733 1083 1806 gaudium
1108 1733 1270 1803 ﬁdei:
1296 1744 1351 1789 ut
1397 1734 1641 1806 gloriatio
1678 1744 1847 1791 vestra
1947 1737 2158 1802 cautio,
2204 1734 2298 1791 sed
2336 1734 2592 1790 Dominus
2631 1734 2856 1790 custodit
2898 1735 3161 1801 advenas;
3200 1751 3307 1791 non
3352 1742 3542 1792 nostra

240 1826 482 1880 abundet
525 1826 580 1879 in
623 1823 828 1878 Christo
858 1822 988 1878 Jcsu
1029 1822 1085 1877 in
1125 1839 1204 1878 me
1242 1840 1334 1894 per
1366 1841 1537 1879 meum
1566 1825 1847 1881 adventum
1873 1838 1923 1899 Β
1950 1824 2231 1891 fortitudo,
2272 1824 2365 1881 sed
2395 1824 2654 1881 Dominus
2686 1825 2895 1893 allevat,
2941 1822 3054 1881 sive
3087 1824 3325 1881 suil‘uleit
3363 1841 3541 1880 omnes

240 1919 445 1972 iterum
493 1914 563 1970 ad
606 1932 711 1971 vos.
771 1914 877 1971 Sed
921 1914 1037 1970 haec
1084 1915 1299 1985 quidem
1346 1917 1641 1971 secundum
1665 1932 1847 1972 meum
1946 1919 2040 1989 gui
2076 1927 2349 1971 corruunt.
2400 1914 2526 1971 Haec
2573 1924 2754 1972 autem
2800 1916 3030 1973 dicimus
3065 1932 3174 1973 non
3202 1924 3265 1971 ut
3302 1915 3543 1972 studium

243 2010 509 2067 affectum
554 2010 766 2066 loeutus
806 2026 946 2075 sum,
995 2009 1109 2064 scio
1148 2018 1325 2063 autem
1370 2011 1625 2080 quoniam
1661 2025 1756 2067 ero
1794 2011 1847 2066 in

242 2106 353 2162 hac
394 2105 523 2170 vita,
556 2104 631 2159 ita
660 2112 717 2158 ut
745 2104 811 2159 ad
844 2104 1011 2158 vitam
1049 2103 1243 2159 iterum
1282 2104 1518 2170 veniam,
1568 2112 1622 2159 et
1665 2103 1850 2175 profe-

245 2207 404 2253 ctum
424 2212 581 2252 suum
612 2194 666 2251 in
702 2194 806 2250 lide
832 2195 995 2250 etiam
1023 2194 1114 2250 illa
1139 2211 1258 2265 qua:
1280 2196 1573 2251 secundum
1598 2210 1697 2250 vos
1724 2203 1848 2251 sunt

244 2292 513 2357 habeant,
558 2289 808 2359 adjuncta
852 2288 1005 2344 vobis
1051 2289 1399 2345 multitudine
1442 2289 1678 2360 copiosa,
1732 2302 1851 2359 quae

244 2402 351 2459 per
378 2402 465 2441 me
496 2384 563 2438 ad
592 2384 751 2439 ﬁdem
790 2382 1106 2448 deducetur,
1138 2382 1211 2436 ita
1234 2390 1293 2435 ut
1322 2388 1375 2437 et
1404 2381 1718 2452 ampliorem
1753 2380 1852 2435 ha-

244 2480 416 2537 beam
446 2478 787 2533 occasionem
810 2475 1073 2549 gloriandi
1104 2475 1169 2530 de
1194 2475 1348 2530 vobis
1382 2473 1673 2530 secundum
1697 2471 1852 2527 Chri-

246 2584 425 2630 stum.
482 2572 619 2627 Nam
666 2585 889 2628 vestrum
923 2571 1130 2635 dicens,
1161 2584 1272 2624 non
1299 2572 1366 2624 ad
1398 2568 1612 2638 plenum
1640 2567 1707 2622 de
1726 2581 1850 2638 per-

248 2682 391 2723 soaa
427 2665 851 2739 Philippensium
883 2664 1035 2731 dicit,
1067 2663 1162 2719 sed
1194 2671 1252 2718 ut
1298 2661 1443 2717 dicat
1468 2661 1588 2716 illos
1625 2660 1716 2730 qui
1754 2675 1852 2728 per

248 2774 385 2814 eum
420 2766 545 2813 sunt
574 2756 829 2811 credituri
861 2772 928 2811 es
958 2755 1207 2828 gentibus
1237 2769 1251 2808 :
1277 2770 1344 2809 ex
1379 2753 1590 2808 illorum
1618 2765 1854 2821 persona

248 2850 392 2906 illud
418 2850 623 2913 dicens,
651 2848 807 2921 quasi
828 2848 955 2921 quia
981 2856 1037 2903 et
1061 2846 1161 2917 ipsi
1187 2846 1267 2901 sic
1292 2843 1658 2901 crediderunt.
1714 2841 1857 2896 Tan-

250 2953 368 2995 tum
394 2940 546 3012 digne
581 2938 865 3010 Evangelia
907 2934 1103 2992 Christi
1146 2935 1544 2991 conversamini.
1596 2932 1734 2987 Hinc
1766 2931 1851 2986 in-

250 3033 397 3102 cipit
435 3031 501 3085 de
539 3031 829 3087 concordia
854 3037 909 3085 et
930 3029 1236 3084 humilitate
1266 3043 1392 3082 cum
1429 3026 1532 3081 illis
1579 3024 1855 3095 disputare

252 3130 466 3187 docens
495 3142 589 3183 eos
623 3142 732 3181 non
779 3126 843 3181 de
891 3125 1127 3196 primatu
1169 3131 1506 3179 concertare.
1553 3116 1724 3174 Valde
1760 3134 1855 3172 au-

252 3232 371 3278 tem
398 3220 519 3275 illos
548 3220 616 3273 ad
639 3216 1017 3274 verecundiam
1038 3217 1230 3271 invitat
1254 3215 1398 3270 dicto
1424 3213 1532 3278 illo,
1562 3227 1669 3282 quo
1690 3210 1847 3276 dixit,
1877 3203 1926 3267 C

254 3316 333 3371 ita
366 3324 425 3369 ut
456 3313 615 3384 digne
636 3311 926 3383 Evangelio
957 3309 1157 3365 Christi
1190 3305 1607 3365 eonversamini.
1659 3304 1717 3359 Si
1756 3303 1856 3374 igi-

258 3419 353 3463 tur
378 3409 485 3463 boc
518 3406 711 3477 quaerit
749 3406 817 3461 ab
856 3405 977 3470 illis,
1013 3403 1454 3474 uLpromissione
1483 3400 1596 3455 sive
1623 3402 1866 3455 consen-’

256 3514 427 3559 tanea
456 3510 638 3570 agant,
676 3499 828 3570 cujus
854 3497 1169 3555 demiranda
1194 3493 1425 3563 adjectio
1446 3508 1607 3564 quam
1636 3491 1851 3561 adjecit,

256 3605 323 3650 ut
366 3595 483 3650 sive
524 3592 745 3649 veniens
788 3601 843 3645 et
876 3590 1066 3645 videns
1106 3605 1200 3647 vos
1241 3588 1354 3643 sive
1402 3587 1596 3642 absens
1634 3584 1856 3640 audiero

256 3688 357 3743 illa
407 3701 525 3757 qua:
564 3686 629 3741 de
666 3683 817 3739 vobis
865 3690 1026 3748 sunt,
1079 3681 1206 3736 licet
1260 3694 1500 3751 praesens
1556 3678 1676 3742 sit,
1728 3675 1858 3731 licet

256 3779 485 3843 absens,
516 3775 768 3833 similiter
806 3772 1066 3829 sollicitus
1104 3778 1187 3826 est
1227 3771 1294 3825 de
1336 3769 1461 3833 illis,
1502 3776 1563 3822 ut
1601 3765 1691 3821 illa
1738 3780 1859 3834 quae

256 3850 496 3925 meliora
541 3875 667 3925 sunt
706 3872 1111 3937 recognoscant,
1152 3871 1210 3917 et
1244 3869 1465 3932 propter
1508 3860 1611 3914 hoc
1645 3872 1860 3928 semper

256 3973 426 4030 sequo
468 3958 646 4015 studio
687 3956 1021 4027 diligentiam
1069 3953 1292 4024 implere
1333 3950 1610 4006 meliorem
1650 3957 1854 4019 optent.

256 4056 427 4125 Quod
469 4063 553 4111 est
590 4062 772 4111 autem
810 4052 927 4123 eius
964 4050 1286 4129 consilium?
1324 4049 1573 4117 quoniam
1611 4048 1762 4105 statis
1803 4048 1860 4101 in

260 4168 373 4209 uno
404 4150 594 4225 spiritu
620 4150 915 4214 unanimes,
942 4147 1049 4203 hoc
1078 4153 1162 4203 est
1195 4143 1538 4202 concordatis
1579 4142 1757 4208 vobis,
1805 4149 1863 4199 et

257 4259 391 4317 quae
439 4242 512 4297 sit
556 4241 761 4297 utilitas
802 4239 1105 4297 concordia:
1139 4238 1451 4308 explicans,
1484 4242 1863 4292 concertantes

170 4350 185 4362 ·
258 4334 322 4389 in
346 4331 455 4387 ﬁde
474 4331 750 4402 Evangelii
778 4340 834 4385 et
870 4346 978 4385 non
1007 4328 1319 4386 terreamini
1350 4327 1403 4382 in
1431 4325 1542 4381 ullo
1571 4325 1639 4381 ab
1661 4324 1860 4380 adver-

262 4424 461 4489 sariis,
494 4437 616 4493 quae
650 4431 734 4477 est
762 4420 866 4477 illis
916 4435 1077 4476 causa
1106 4416 1445 4491 perditionis,
1480 4418 1633 4473 vobis
1677 4424 1862 4471 autem

263 4514 484 4573 Salutis.
534 4512 810 4579 Poteritis,
843 4511 1033 4585 inquit,
1074 4509 1462 4569 concordantes
1483 4508 1744 4565 auxilium
1771 4524 1864 4565 vo-

1950 2017 2195 2087 uo‘strum
2232 2008 2317 2064 vel
2352 2009 2590 2065 laborem
2625 2018 2788 2080 atque
2814 2009 3154 2078 industriam,
3181 2010 3336 2080 quasi
3364 2008 3543 2065 inani-

1950 2114 2037 2169 ter
2059 2112 2115 2159 et
2138 2102 2405 2174 superﬂue
2436 2102 2793 2174 impendendo
2818 2119 3134 2171 vacuemus,
3162 2103 3259 2160 sed
3284 2110 3346 2159 ut
3372 2118 3542 2159 nove-

1950 2197 2122 2254 rimus
2142 2212 2242 2252 nos
2262 2199 2378 2253 sine
2407 2197 2607 2254 auxilio
2634 2198 2730 2253 Dei
2755 2214 2857 2254 nec
2881 2199 3051 2255 anniti
3080 2213 3263 2270 posse,
3305 2212 3407 2254 nec
3432 2194 3546 2255 eiii-

1930 2270 2109 2348 “cacus
2148 2299 2362 2348 nostros
2395 2307 2516 2347 esse
2543 2300 2769 2348 conatus
2798 2292 2868 2349 ad
2889 2292 3278 2367 capessendum
3308 2300 3417 2349 tam
3444 2292 3548 2349 im-

1950 2397 2109 2437 mane
2132 2383 2415 2457 prazmium
2440 2383 2711 2454 puritatis,
2741 2383 2845 2439 nisn
2871 2384 3027 2439 nobis
3053 2382 3320 2453 adjutorio
3349 2384 3445 2440 Dei
3482 2398 3549 2439 ac

1950 2473 2323 2530 misericordia
2355 2474 2516 2530 luerit
2536 2474 2922 2531 contributum.
2967 2466 3168 2532 Deinde
3191 2474 3440 2549 exemplo
3462 2476 3548 2532 sui

1952 2565 2123 2635 magis
2145 2580 2239 2621 eos
2266 2566 2604 2621 adhortatur.
2641 2564 2792 2620 Idem
2821 2575 3080 2622 certamen
3108 2566 3371 2636 habentes,
3393 2564 3550 2643 quale

1952 2666 2001 2711 et
2023 2657 2225 2714 vidistis
2255 2658 2310 2713 in
2343 2675 2442 2725 me,
2466 2668 2515 2713 et
2543 2675 2681 2714 nunc
2703 2658 2928 2714 audistis
2954 2659 3019 2715 de
3048 2672 3147 2716 me.

2579 2810 2810 2869 CAPUT
2856 2811 2922 2867 ll.

1903 2919 1909 2923 ’
1954 2921 2180 2978 Instruit
2214 2939 2336 2978 suos
2374 2923 2430 2977 in
2465 2921 2591 2992 ﬁdei
2625 2923 2843 2989 unitate,
2881 2939 3001 2979 vera
3038 2924 3334 2981 humilitate
3355 2934 3405 2981 et
3424 2942 3551 2981 san-

2203 2993 2402 3060 ctitate,
2433 2994 2504 3048 ad
2537 3009 2668 3064 quos
2712 2995 2873 3049 mittit
2912 2996 3123 3050 nuntios
3163 3012 3305 3051 suos.

2026 3124 2230 3182 Deinde
2259 3124 2424 3179 sumit
2451 3124 2882 3180 exhortationem
2918 3124 3106 3182 dicens
3150 3144 3163 3182 :
3192 3123 3253 3183 Si
3287 3144 3393 3199 qua
3426 3143 3550 3202 ergo

1955 3216 2242 3272 consolatio
2270 3217 2325 3271 in
2352 3216 2580 3285 Christo,
2612 3217 2659 3272 si
2689 3216 2829 3291 quod
2868 3216 3115 3272 solatium
3158 3220 3464 3288 charitatis,
3504 3219 3556 3276 si

1954 3327 2057 3383 qua
2074 3310 2294 3365 societas
2318 3307 2569 3381 Spiritus,
2582 3309 2629 3363 si
2638 3326 2741 3381 qua
2753 3309 2949 3364 viscera
2963 3310 3332 3378 miserationis,
3350 3309 3556 3382 implete

1955 3401 2209 3474 gaudium
2262 3418 2454 3456 meum.
2498 3401 2734 3475 (Ambr.)
2776 3400 2924 3460 Bene
2968 3403 3094 3473 quia
3140 3398 3299 3470 dixit,
3349 3403 3398 3458 si
3445 3419 3553 3476 qua

1955 3512 2105 3568 ergo,
2130 3511 2195 3552 eo
2221 3496 2365 3567 quod
2390 3496 2713 3552 videbantur
2733 3511 2921 3552 curam
2949 3494 3065 3565 ejus
3102 3496 3305 3551 habere
3333 3506 3557 3568 propter
3596 3520 3615 3537 ι

1960 3588 2329 3644 imminentem
2358 3586 2475 3656 ejus
2505 3588 2904 3654 necessitatem,
2944 3587 3019 3641 ita
3066 3594 3125 3641 ut
3172 3587 3457 3642 mitterent
3497 3594 3554 3643 et

1958 3678 2047 3733 illa
2077 3695 2198 3750 quae
2222 3679 2342 3734 usui
2365 3679 2483 3750 ejus
2508 3678 2753 3734 sciebant
2791 3692 2912 3733 esse
2941 3677 3248 3733 necessaria
3273 3695 3287 3732 :
3310 3677 3554 3745 omnino,

1962 3768 2157 3841 inquit,
2185 3770 2231 3825 si
2256 3770 2410 3825 vobis
2440 3786 2570 3825 cura
2603 3777 2690 3825 est
2730 3769 2797 3825 de
2840 3778 3025 3824 nostra
3066 3768 3457 3835 consolatione,
3500 3778 3557 3824 et

1962 3860 2248 3935 diligentes
2280 3875 2402 3925 nos,
2426 3859 2725 3915 condoletis
2752 3859 2910 3915 nobis
2938 3859 3062 3917 talia
3084 3859 3435 3930 patientibus,
3464 3856 3557 3915 illa

1962 3950 2125 4006 facite
2154 3966 2274 4022 qua:
2292 3948 2592 4021 perlectum
2615 3945 2772 4006 nobis
2796 3950 3051 4023 gaudium
3071 3950 3138 4006 de
3156 3952 3311 4006 vobis
3330 3952 3558 4008 reddere

1962 4055 2237 4122 poterunt.
2290 4045 2422 4115 Quae
2457 4048 2547 4125 illa
2586 4048 2734 4103 varie
2763 4045 2920 4113 dixit,
2961 4054 3021 4100 ut
3046 4044 3193 4101 dicat
3221 4045 3558 4103 concordan-

1965 4152 2045 4196 tes
2081 4148 2136 4196 et
2172 4139 2455 4212 diligentes
2490 4138 2831 4204 alterutrum,
2861 4136 3053 4195 deinde
3078 4144 3135 4195 et
3161 4137 3417 4194 abdicans
3444 4134 3555 4205 illa,

1964 4248 2087 4306 qua:
2124 4233 2193 4289 ab
2233 4230 2339 4293 illis
2389 4232 2588 4289 fiebant
2625 4230 2833 4287 monuit
2882 4247 2897 4284 :
2943 4226 3095 4283 Nihil
3132 4245 3229 4305 per
3264 4231 3557 4285 contentio-

1965 4343 2102 4393 nem,
2133 4342 2294 4399 neque
2316 4342 2410 4397 per
2427 4326 2633 4380 inanem
2660 4321 2904 4394 gloriam.
2957 4318 3070 4378 Nec
3092 4321 3240 4378 enim
3264 4320 3562 4394 cupiditate

1966 4435 2119 4475 vanae
2157 4417 2341 4491 gloriae
2376 4431 2537 4488 super
2560 4415 2795 4488 primatu
2832 4412 3044 4469 debetis
3072 4413 3432 4478 contendere,
3463 4412 3561 4469 sed
3596 4468 3603 4473 .

1969 4512 2113 4583 quod
2144 4510 2313 4582 magis
2348 4508 2602 4565 convenit
2636 4522 2731 4563 eos
2773 4504 2952 4562 facere
2979 4519 2996 4559 :
3024 4502 3129 4560 Sed
3171 4506 3227 4559 in
3268 4502 3562 4561 humilitate

264 4610 357 4665 bis
388 4608 621 4664 invicem
656 4615 918 4679 praestare
948 4606 1002 4659 in
1040 4604 1162 4670 ﬁde,
1202 4604 1276 4659 ita
1315 4612 1374 4657 ut
1409 4618 1518 4658 non
1551 4601 1864 4659 concedatis
1887 4596 1943 4658 Β
1966 4603 2260 4673 superiores
2302 4598 2402 4661 sibi
2448 4600 2666 4654 invicem
2709 4597 3044 4652 arbitrantes.
3093 4593 3282 4651 Melius
3319 4603 3425 4663 est,
3477 4594 3563 4650 in-

263 4697 381 4755 illis
419 4712 538 4769 qua“:
575 4696 644 4751 ab
688 4695 1015 4751 adversariis
1054 4694 1208 4751 vobis
1248 4693 1570 4761 inferuntur,
1601 4692 1862 4765 quasillo-

266 4807 400 4847 rum
450 4790 668 4860 quidem
710 4789 1028 4860 perditionis
1076 4787 1275 4843 habent
1327 4787 1722 4859 probationem,
1772 4787 1864 4858 qui

212 4870 217 4874 ’
250 4882 416 4955 justa
448 4883 659 4939 ratione
685 4896 873 4954 poenas
902 4880 1071 4948 luent,
1101 4895 1200 4951 pro
1228 4880 1423 4951 quibus
1458 4881 1515 4939 in
1556 4880 1709 4936 vobis
1740 4881 1864 4936 talia

270 4983 447 5049 agunt
482 4993 495 5028 :
528 4974 679 5031 vobis
718 4990 849 5043 vero
878 4972 1022 5029 salus
1050 4988 1115 5029 ex
1139 4972 1242 5028 hoc
1273 4972 1396 5041 erit,
1437 4987 1598 5043 quam
1638 4971 1872 5043 acquiri-

272 5068 367 5135 tis,
391 5082 493 5138 pro
516 5068 712 5139 quibus
744 5068 802 5123 in
836 5066 1091 5141 messenii
1130 5065 1240 5120 vita
1271 5064 1724 5135 contemplatione
1762 5064 1872 5136 pie-

272 5160 412 5215 tatis
448 5159 788 5231 passionibus
829 5158 1192 5225 oblcetamini,
1230 5167 1286 5215 et
1320 5174 1620 5230 provocans
1661 5173 1757 5217 eos
1802 5156 1871 5213 ad

268 5256 591 5329 passionem
613 5257 942 5321 iucundam:
975 5254 1044 5310 Et
1082 5256 1178 5311 hoc
1222 5273 1258 5309 a
1291 5255 1395 5308 Deo
1434 5254 1687 5323 quoniam
1730 5253 1869 5311 vobis

271 5350 467 5403 datum
486 5358 560 5405 est
580 5365 674 5419 pro
699 5348 905 5404 Christo
930 5366 1033 5403 non
1064 5346 1255 5411 solum,
1288 5356 1342 5400 ut
1365 5346 1421 5400 in
1448 5346 1597 5403 illum
1623 5345 1867 5411 credatis,

274 5440 371 5496 sed
421 5449 469 5495 et
510 5456 606 5510 pro
652 5440 744 5495 illo
787 5441 1083 5513 patiamini.
1138 5437 1476 5494 SulIicicnter
1504 5438 1611 5493 illis
1638 5446 1695 5493 ct
1722 5437 1871 5493 hisce

278 5532 445 5589 dictis
491 5531 828 5589 alacritatem
876 5532 1129 5605 prazstitit
1158 5571 1173 5597 ,
1224 5531 1491 5602 siquidem
1540 5531 1619 5587 sic
1671 5532 1871 5587 bonum

278 5632 371 5680 est
396 5623 505 5693 pati
535 5638 634 5694 pro
658 5624 893 5692 Christo,
918 5627 990 5681 ita
1017 5634 1077 5680 ut
1103 5632 1159 5679 et
1184 5623 1403 5693 dignum
1438 5625 1510 5679 sit
1534 5623 1611 5678 illi
1640 5638 1738 5694 pro
1770 5623 1875 5678 hoc

280 5715 452 5771 etiam
479 5716 679 5786 gratias
707 5731 867 5791 agerc
894 5717 963 5772 ob
990 5716 1079 5771 illa
1108 5714 1252 5769 lucra
1288 5715 1533 5787 quasillis
1556 5713 1681 5769 hinc
1712 5714 1875 5769 adna-

283 5816 535 5867 scuntur.
580 5807 776 5882 (Cass.)
800 5807 869 5865 Et
894 5808 1013 5877 hoc,
1039 5810 1235 5881 inquit,
1263 5827 1295 5865 a
1324 5808 1435 5867 Deo
1460 5809 1711 5882 quoniam
1737 5807 1876 5865 vobis

1970 4708 2153 4763 quam,
2180 4707 2278 4763 per
2298 4689 2658 4745 humilitatem
2684 4687 2846 4743 etiam
2872 4685 2995 4741 illos
3019 4684 3112 4757 qui
3144 4684 3378 4763 aequales
3406 4686 3562 4743 nobis

1972 4796 2099 4842 sunt
2124 4785 2375 4841 meliores
2398 4783 2730 4849 existimare,
2769 4787 2826 4836 et
2864 4778 2943 4835 sic
2985 4793 3201 4835 omnem
3242 4778 3349 4835 illis
3390 4779 3556 4837 hono-

1975 4899 2088 4941 rem
2141 4882 2370 4953 impigre
2425 4878 2679 4934 tribuere.
2754 4874 2823 4930 Et
2873 4873 3015 4945 quod
3072 4874 3307 4931 maxime
3355 4873 3558 4931 sciebat

1970 4991 2134 5051 posse
2178 4972 2506 5042 intercipere
2539 4966 2839 5038 huiusmodi
2879 4965 3279 5023 contentionem
3310 5005 3326 5034 ,
3362 4962 3565 5036 adjecit

1976 5062 2262 5123 consilium
2297 5060 2431 5115 dans
2468 5057 2547 5112 eis
2569 5098 2585 5124 ,
2624 5063 2685 5113 ut
2717 5069 2822 5109 non
2861 5052 3033 5111 solum
3071 5070 3168 5108 sua
3206 5052 3564 5125 unusquisque

1974 5157 2312 5220 consideret,
2357 5151 2449 5208 sed
2495 5159 2545 5205 et
2588 5165 2704 5222 qua:
2746 5147 2961 5203 alterius
2992 5155 3113 5202 sunt
3151 5145 3364 5217 singuli.
3416 5144 3563 5213 Noli,

1976 5249 2171 5320 inquit,
2212 5244 2559 5303 considerare
2608 5237 3058 5312 quemadmodum
3103 5237 3217 5309 ipse
3269 5237 3566 5309 primatum

1980 5352 2198 5407 teneas,
2238 5338 2334 5396 sed
2370 5348 2561 5409 reputa
2617 5334 2869 5407 quoniam
2907 5332 2955 5389 si
2991 5331 3089 5388 tibi
3142 5330 3443 5404 jucundum
3481 5338 3567 5389 est

1977 5435 2188 5493 caeteris
2224 5437 2481 5507 praeesse,
2520 5431 2688 5487 multo
2722 5427 2891 5500 magis
2918 5425 3075 5482 alteri
3106 5414 3440 5483 intolerabile
3459 5432 3564 5493 est,

1979 5542 2041 5587 ut
2064 5530 2358 5587 secundum
2387 5528 2565 5585 locum
2596 5530 2796 5590 teneat,
2839 5520 3084 5594 cogitans
3123 5527 3305 5575 autem
3342 5517 3565 5586 similia,

1981 5633 2037 5681 et
2070 5625 2135 5681 de
2175 5621 2389 5680 ueteris
2425 5618 2753 5691 diligentiam
2783 5614 2953 5686 magis
2982 5627 3051 5669 ex
3076 5610 3386 5683 aequalitate
3408 5606 3569 5663 adhi-

1981 5714 2152 5771 bebis.
2206 5712 2358 5769 Nihil
2405 5728 2496 5784 per
2541 5707 2951 5772 contentionem,
3002 5704 3211 5777 inquit,
3262 5716 3423 5773 neque
3470 5716 3568 5772 per

1978 5807 2190 5864 inanem
2230 5805 2476 5879 gloriam,
2517 5804 2609 5862 sed
2640 5805 2693 5861 in
2730 5798 3021 5857 humilitate
3048 5797 3233 5855 mentis
3272 5791 3572 5857 superiora
