3986 6338
496 365 604 423 487
1136 363 1201 419 Β.
1241 361 1498 420 RABANI
1535 357 1759 419 MAURI
1790 358 2083 418 ARCHIEP

2183 361 2465 421 IOGUNT.
2508 363 2796 424 OPERUM
2833 365 3014 424 PARS
3045 363 3138 423 ΠΙ.
3675 367 3785 424 ι88

496 478 873 550 nobismetipsis
907 476 1221 533 alterutrum
1250 477 1587 543 arbitrantes,
1617 485 1673 531 et
1702 475 1858 542 illud,
1895 476 2093 530 honore
2118 510 2170 571 Α
2193 480 2310 552 ipse
2340 483 2411 538 sit
2441 481 2611 538 Filius
2649 481 2955 551 unigenitus
2993 472 3320 546 Dei'Patris,
3369 481 3424 536 in
3471 479 3646 536 forma
3681 483 3785 540 Dei

497 573 811 628 alterutrum
842 574 1228 644 ρτωυεηὶεηιεδ,
1270 581 1330 627 ιιι
1374 572 1496 644 plus
1543 571 1912 642 unusquisque
1951 585 2088 624 0011'
2191 577 2415 647 aequalis
2445 576 2612 640 Patri,
2645 576 2699 630 in
2731 574 2904 630 forma
2939 575 3078 630 servi
3115 575 3375 628 mediator
3395 573 3494 628 Dei
3519 584 3567 628 et
3613 575 3788 630 homi-

497 666 632 720 sorti
663 681 763 720 suo
791 665 1033 721 scientiae
1062 672 1118 720 et
1151 665 1456 719 sanctitatis
1504 663 1784 718 ascribens
1826 676 2091 717 summam
2192 684 2316 722 num
2339 668 2493 721 Ιιοηιο
2515 664 2754 720 Christus
2772 664 2929 720 Iesus
2958 664 3008 735 (I
3036 664 3172 718 Tim.
3198 664 3279 735 ιι),
3307 665 3430 736 quis
3455 679 3563 719 non
3587 664 3786 721 intelli-
3814 720 3824 736 ί,

497 755 840 812 discretionis
868 770 1010 810 verae
1036 755 1092 810 in
1117 755 1342 810 alterius
1372 753 1542 824 magis
1569 767 1731 824 quam
1759 751 1814 806 in
1841 766 1941 806 suo
1973 765 2094 806 cre-

497 846 592 902 dat
625 855 775 902 stare
806 847 1029 916 judicio.
1083 845 1238 917 Stepe
1279 853 1461 900 autem
1487 843 1685 900 accidit
1705 843 1818 899 sive
1843 842 2092 898 illusione

498 935 720 1002 diaboli,
751 937 864 992 sive
891 937 1192 992 intercessu
1221 936 1425 990 erroris
1462 933 1707 999 humani,
1739 933 1866 1004 quia
1916 931 2092 988 nullus

495 1035 581 1084 est
599 1028 656 1084 in
686 1028 790 1084 hac
813 1042 994 1095 carne,
1029 1028 1120 1098 qui
1141 1042 1248 1082 non
1273 1026 1384 1080 l'alli
1407 1025 1554 1081 velut
1577 1025 1740 1081 homo
1764 1038 1872 1078 non
1899 1023 2088 1092 possit,

495 1127 557 1172 ut
577 1126 634 1172 et
663 1117 751 1172 ille
790 1119 1082 1182 interdum,
1111 1118 1201 1189 qui
1231 1117 1458 1173 acrioris
1495 1115 1697 1188 ingenii
1744 1113 2093 1182 scientiaeque

495 1209 718 1280 majoris
762 1217 846 1266 est
894 1209 1096 1280 aliquid
1138 1209 1334 1265 falsum
1382 1217 1562 1264 mente
1603 1205 1894 1276 concipiat,
1921 1214 1975 1259 et
2003 1204 2092 1260 ille

495 1303 588 1372 qui
631 1301 886 1358 tardioris
926 1301 1124 1372 ingenii
1168 1314 1232 1354 ac
1274 1299 1502 1354 minoris
1537 1305 1621 1354 est
1653 1296 1854 1362 meriti,
1888 1294 2093 1350 rectius

2190 765 2281 828 gat
2329 757 2472 827 quod
2519 757 2572 811 in
2621 756 2791 811 forma
2850 755 2947 810 Dei
3003 757 3165 810 etiam
3221 756 3336 825 ipse
3383 757 3564 827 seipso
3609 755 3788 825 major

2191 848 2322 903 est?
2355 848 2408 902 in
2444 846 2616 902 forma
2651 853 2830 901 autem
2866 845 3008 900 servi
3043 845 3205 900 etiam
3247 846 3427 916 seipso
3465 846 3648 901 minor
3679 854 3785 913 est,

2191 939 2247 994 in
2285 939 2636 994 similitudine
2683 938 2960 994 hominum
3013 936 3192 993 factus
3243 948 3299 992 et
3354 937 3545 993 habitu
3598 938 3790 994 inven-

2191 1040 2281 1087 tus
2336 1041 2397 1087 ut
2457 1032 2620 1087 homo
2665 1029 2690 1084 ἲ
2748 1029 2846 1085 Est
2901 1043 3034 1101 ergo
3085 1027 3192 1092 Dei.
3243 1027 3414 1085 Filius
3478 1028 3579 1084 Dei
3638 1028 3793 1086 Patri

2193 1131 2385 1177 natura
2428 1121 2672 1193 aequalis,
2705 1121 2892 1176 habitu
2923 1120 3122 1186 minor,
3157 1119 3212 1175 in
3245 1117 3421 1175 forma
3464 1120 3613 1174 enim
3645 1121 3792 1176 servi

2191 1229 2353 1284 quam
2393 1212 2600 1284 accepit
2633 1211 2809 1267 minor
2845 1219 2929 1267 est
2955 1211 3138 1278 Patre,
3164 1211 3219 1266 in
3262 1211 3435 1267 forma
3475 1220 3664 1266 autem
3691 1211 3793 1268 Dei

2192 1305 2247 1359 in
2288 1319 2393 1374 qua
2417 1313 2557 1369 erat,
2589 1311 2877 1372 antequam
2917 1302 3060 1357 hanc
3107 1301 3406 1372 accepisset
3433 1301 3665 1372 aqualis
3709 1311 3796 1357 est

3816 809 3824 874 Ι

493 1393 698 1464 aliquid
731 1392 1018 1462 veriusque
1055 1391 1369 1462 praesentiat
1396 1409 1408 1444 ε
1441 1401 1497 1446 et
1531 1389 1735 1445 idcirco
1775 1387 1952 1442 nullus
1989 1386 2092 1442 Sibi
2192 1393 2363 1449 Patri.
2411 1392 2515 1459 Qui
2546 1410 2664 1448 cum
2694 1394 2751 1447 in
2777 1392 2948 1462 [arma
2973 1391 3071 1447 Dei
3107 1403 3258 1457 esset,
3297 1408 3402 1447 non
3434 1393 3684 1464 rapinam
3708 1409 3797 1448 ατ.

493 1482 745 1553 quamvis
780 1483 1003 1538 scientia
1043 1482 1302 1552 praeditus
1343 1481 1490 1535 inani
1529 1488 1739 1535 tumore
1767 1477 2094 1550 persuadeat
2195 1488 2416 1542 ωιταιιιε
2443 1495 2518 1541 εει
2543 1503 2653 1540 esse
2678 1503 2732 1540 εε
2755 1485 3008 1557 (aqualem
3031 1485 3161 1540 Deo.
3189 1485 3397 1558 (Gl-eg.)
3421 1486 3491 1543 Ει
3515 1487 3571 1542 ei
3594 1495 3796 1543 semet.

493 1575 638 1643 QUOd
700 1574 872 1644 Ροεεῖι
923 1572 1214 1629 θουθῐίοηθ
1261 1571 1486 1627 διιθΐίυθ
1543 1587 1650 1627 non
1709 1585 1891 1640 6881'8-
1955 1569 2090 1624 Nam
2194 1580 2370 1649 ipsum
2400 1577 2768 1633 exinanivisse
2797 1585 2881 1632 est
2907 1577 2974 1632 ab
3004 1576 3398 1633 invisibilitatis
3437 1593 3552 1634 suae
3583 1579 3796 1650 magni-

494 1667 706 1723 etiamsi
746 1665 1009 1737 judicium
1050 1664 1168 1734 ejus
1219 1663 1485 1720 diabolica
1537 1679 1646 1719 non
1696 1662 1846 1717 fallat
1889 1661 2088 1728 illusio,
2197 1666 2379 1722 tudine
2428 1667 2694 1723 visibilem
2754 1668 3198 1734 demonstrasse,
3245 1677 3307 1724 ut
3365 1669 3508 1725 servi
3562 1667 3795 1725 formam

492 1760 741 1818 elationis
771 1769 957 1816 tamen
1003 1768 1058 1815 et
1099 1759 1363 1829 superbia:
1403 1758 1679 1830 graviores
1724 1756 1947 1826 laqueos
1982 1769 2091 1809 non
2195 1766 2416 1828 tegeret,
2443 1757 2547 1814 hoc
2585 1758 2729 1828 quod
2773 1759 3240 1829 incircumscripte
3270 1759 3453 1814 omnia
3479 1774 3550 1814 ex
3590 1759 3795 1816 divini-

492 1853 702 1909 evadet.
753 1851 885 1920 Quis
923 1852 1070 1907 enim
1119 1851 1223 1906 hoc
1268 1850 1369 1906 sibi
1413 1850 1617 1921 absque
1653 1847 1858 1919 ingenti
1890 1845 2089 1917 poterit
2118 1887 2167 1948 Β
2195 1856 2306 1902 tate
2331 1855 2662 1918 penetraret.
2687 1846 2916 1920 (Ambr.)
2940 1847 3153 1918 Rapere
3182 1848 3494 1904 hominibus
3516 1858 3606 1904 est
3627 1850 3797 1906 moris

491 1959 753 2015 usurpare
776 1943 1054 2015 pernicie?
1079 1958 1204 1997 cum
1234 1958 1333 1998 vas
1372 1941 1653 1997 electionis
1696 1941 1750 1996 in
1797 1955 1904 2010 quo
1941 1938 2095 1994 Chri-

490 2042 628 2098 stus,
658 2041 720 2089 ut
748 2034 864 2104 ipse
889 2032 1168 2103 professus
1191 2041 1298 2097 est,
1322 2031 1646 2101 loquebatur
1669 2031 1740 2086 ob
1766 2031 1870 2086 hoc
1896 2028 2095 2085 solum-

491 2126 654 2184 modo
714 2142 773 2183 se
826 2135 1035 2184 asserat
1088 2126 1516 2197 Hierosolymam
1564 2125 1981 2191 conscendisse,
2033 2131 2096 2179 ut

492 2217 606 2274 suis
651 2217 978 2288 coapostolis
1022 2216 1373 2286 Evangelium
1416 2217 1561 2288 quod
1615 2215 1888 2288 gentibus,
1943 2229 2094 2270 reve-

489 2307 635 2363 lante
678 2318 736 2364 et
781 2317 1105 2380 cooperante
1147 2309 1407 2374 Domino,
1459 2307 1832 2378 praedicabat,
1880 2313 2091 2362 secreta

2194 1939 2284 1994 illa
2303 1980 2318 2005 ,
2350 1955 2417 1994 ex
2448 1939 2645 2008 quibus
2688 1938 2894 2008 aliquid
2924 1939 3210 2009 acquirere
3252 1954 3374 1995 sese
3401 1955 3564 2011 posse
3607 1941 3796 1996 existi-

2195 2037 2346 2085 mant
2373 2045 2389 2084 :
2416 2029 2648 2084 dicimus
2675 2029 2819 2084 enim
2849 2027 3183 2099 frequenter,
3208 2030 3467 2101 quoniam
3493 2030 3650 2085 illam
3681 2047 3795 2087 rem

2194 2119 2512 2190 rapiendam
2559 2134 2682 2175 esse
2717 2118 3071 2185 existimavit,
3100 2119 3205 2175 hoc
3239 2130 3325 2176 est
3354 2136 3480 2176 cum
3509 2121 3797 2179 celeritate

2193 2211 2324 2268 illud
2353 2212 2611 2284 suscepit,
2636 2211 2792 2283 quasi
2825 2211 2953 2282 quia
2980 2226 3237 2282 magnum
3267 2211 3344 2266 illi
3373 2211 3589 2268 lucrum
3621 2214 3799 2284 possit

2194 2302 2472 2368 conferre;
2500 2303 2603 2357 hoc
2626 2316 2755 2372 ergo
2781 2301 2914 2356 dicrt
2941 2300 3007 2356 de
3033 2300 3273 2367 Christo,
3298 2304 3554 2373 quoniam
3583 2321 3696 2359 non
3721 2322 3786 2359 ra

490 2400 888 2455 examinatione
911 2399 1203 2465 conferret,
1239 2417 1336 2470 per
1369 2400 1512 2469 quod
1539 2398 1844 2455 ostenditur
1871 2413 1980 2460 non
2010 2411 2097 2453 so-
2191 2394 2368 2462 pinam
2400 2392 2684 2445 arbitratus
2715 2399 2813 2457 est,
2845 2401 2903 2444 ut
2931 2392 2999 2446 sit
3030 2392 3249 2462 wquatis
3282 2391 3414 2458 Deo,
3440 2393 3546 2448 hoc
3575 2405 3665 2450 est
3694 2411 3796 2451 non

491 2491 600 2546 lum
635 2491 1044 2546 unanimitatem
1078 2501 1240 2562 atque
1265 2492 1610 2548 concordiam
1659 2507 1756 2561 per
1803 2492 1922 2546 btec
1959 2504 2094 2560 prte-

491 2593 649 2656 cepta
674 2584 904 2652 servari,
930 2600 1120 2642 verum
1143 2586 1306 2641 etiam
1333 2594 1558 2642 cunctas
1581 2584 1778 2641 diaboli
1801 2584 2092 2641 adversan-

491 2677 563 2732 tis
612 2677 838 2733 insidias
887 2685 944 2734 et
991 2678 1256 2734 illusionis
1305 2678 1423 2747 ejus
1467 2678 1694 2750 laqueos
1732 2693 1840 2734 non
1885 2679 2086 2733 timeri.

490 2767 718 2839 (Ambr.,
749 2768 911 2842 Aug.)
943 2769 1144 2826 Deinde
1172 2771 1423 2841 exemplo
1453 2771 1742 2828 admodum
1779 2771 2090 2828 necessario

489 2857 661 2914 utitur
694 2858 763 2913 ad
791 2859 1110 2916 humilitatis
1135 2860 1440 2916 doctrinam
1469 2861 1614 2916 illam
1641 2861 1827 2917 dicens
1855 2877 1976 2932 quae
2007 2875 2092 2918 st.L

490 2955 723 3007 cundum
770 2950 1049 3008 Christum
1094 2962 1240 3009 sunt.
1289 2952 1406 3007 Hoc
1445 2954 1580 3008 enim
1623 2955 1808 3008 sentite
1843 2953 1898 3007 in
1944 2953 2088 3007 vobis

487 3043 626 3113 quod
651 3052 699 3098 et
728 3044 784 3098 in
805 3042 1016 3124 Christo
1036 3043 1186 3100 Iesu.
1239 3044 1357 3100 Non
1387 3046 1491 3100 hoc
1521 3045 1594 3100 ita
1619 3046 1876 3101 debemus
1901 3045 2090 3101 existi-

489 3149 659 3200 mare,
683 3144 743 3188 ut
767 3149 874 3190 non
901 3135 1299 3200 existimemus,
1327 3135 1483 3204 quasi
1514 3150 1612 3190 nos
1642 3136 1957 3190 existimare
1987 3136 2090 3191 Iin-

2192 2504 2442 2560 magnam
2475 2490 2745 2560 reputavit
2771 2489 2919 2551 illam
2947 2505 3066 2560 quae
3098 2491 3166 2544 ad
3197 2489 3368 2545 Deum
3402 2498 3489 2546 est
3513 2491 3797 2561 aequalita-

2195 2589 2320 2644 tem,
2353 2589 2409 2636 et
2433 2580 2608 2635 elatus
2637 2581 2691 2634 in
2720 2595 2818 2635 sua
2845 2581 3146 2650 permansit
3181 2580 3466 2652 dignitate,
3493 2581 3594 2636 sed
3619 2582 3797 2654 magis

2191 2687 2290 2742 pro
2340 2673 2568 2728 aliorum
2613 2671 2847 2728 utilitate
2880 2672 3156 2744 praeelegit
3185 2672 3476 2728 humiliora
3520 2672 3797 2729 sustinere

2192 2764 2428 2834 negotia,
2457 2777 2618 2832 quam
2667 2761 2968 2818 secundum
2998 2776 3058 2818 se
3084 2770 3243 2817 erant
3272 2780 3284 2816 :
3310 2771 3364 2818 et
3407 2763 3632 2832 quidem
3674 2779 3796 2820 cum

2191 2853 2246 2908 in
2273 2853 2446 2909 forma
2479 2853 2573 2908 Dei
2601 2861 2867 2919 exstaret,
2898 2861 2959 2908 ut
2985 2851 3129 2909 dicat
3160 2853 3254 2908 Dei
3278 2853 3541 2920 existens,
3575 2855 3688 2910 hoc
3719 2864 3796 2910 est

2192 2943 2452 2998 Dominus
2486 2951 2544 2997 et
2575 2943 2883 2998 dominator
2914 2952 2972 2998 et
3007 2944 3379 2999 universitatis
3416 2953 3633 3011 auctor.
3671 2944 3794 3001 Hac

2190 3037 2335 3091 enim
2363 3035 2544 3090 omnia
2567 3050 2688 3105 quae
2717 3035 2862 3090 dicta
2893 3045 3022 3090 sunt
3049 3037 3510 3107 nuncupationem
3543 3037 3642 3091 Dei
3676 3037 3795 3092 sub-

2191 3128 2343 3198 sequi
2377 3127 2631 3182 videntur
2660 3127 2948 3182 veraciter.
2995 3126 3133 3194 Quid
3169 3135 3350 3182 autem
3377 3126 3542 3182 fecit?
3571 3127 3686 3183 Sed
3715 3145 3791 3184 ss-

489 3242 700 3298 gamus,
746 3229 841 3283 sed
877 3243 1003 3284 vere
1033 3229 1408 3286 existimemus
1436 3245 1596 3300 posse
1625 3245 1746 3285 esse
1769 3231 1969 3300 aliquid
1998 3247 2083 3287 oc-

2192 3219 2467 3288 metipsum
2488 3217 2774 3272 exinanivit
2805 3216 3032 3286 formam
3059 3217 3191 3272 servi
3213 3218 3497 3289 accipiens.
3523 3219 3791 3274 Exiuani-

491 3317 694 3372 cultum
725 3318 780 3372 in
809 3318 932 3383 alio,
966 3336 1074 3390 quo
1102 3321 1260 3376 nobis
1305 3322 1554 3391 superior
1595 3323 1684 3387 sit,
1725 3323 1936 3378 etiamsi
1991 3325 2088 3379 bo-

489 3423 621 3462 num
651 3416 922 3474 nostrum,
951 3425 1058 3480 quo
1081 3410 1169 3466 illo
1193 3412 1440 3467 videmur
1473 3413 1780 3484 superiores
1804 3429 1945 3480 esse,
1980 3431 2087 3471 non

491 3501 564 3556 sit
588 3500 882 3556 occultum.
927 3501 1048 3557 Istae
1093 3496 1448 3574 cogitationes
1489 3507 1853 3576 deprimentes
1900 3523 2088 3576 super-

493 3591 660 3655 biam,
679 3590 1033 3663 adjungentes
1057 3594 1402 3663 charitatem,
1425 3596 1630 3653 faciunt
1654 3613 1822 3654 onera
1849 3599 2087 3656 fraterna

489 3685 723 3741 invicem
761 3702 866 3741 non
893 3687 1066 3742 solum
1096 3703 1251 3759 aequo
1276 3691 1474 3755 animo,
1509 3691 1602 3747 sed
1633 3693 1797 3747 etiam
1837 3692 2082 3748 libentis-

487 3779 627 3834 sime
650 3778 925 3844 sustineri,
949 3793 1124 3848 neque
1151 3780 1260 3834 ulla
1289 3797 1379 3838 res
1414 3781 1714 3840 oﬂiciosum
1742 3785 1906 3840 istum
1936 3783 2087 3838 labo-

490 3885 606 3926 rem
646 3871 712 3927 ad
747 3873 1011 3942 portanda
1063 3887 1229 3927 onera
1273 3873 1503 3930 aliorum
1545 3875 1675 3931 facit
1711 3876 1942 3931 libenter
1983 3876 2086 3930 in-

487 3963 672 4034 pendi,
704 3963 808 4018 nisi
839 3977 963 4018 cum
996 3963 1295 4034 cogitamus
1323 3974 1524 4037 quanta
1545 3983 1645 4038 pro
1671 3967 1826 4023 nobis
1847 3967 2083 4038 pertule-

487 4057 562 4111 rit
596 4055 875 4112 Dominus.
933 4054 1071 4110 Hinc
1110 4057 1258 4111 enim
1297 4060 1594 4115 admonens
1640 4059 1932 4129 Apostolus
1973 4075 2081 4114 non

487 4161 610 4217 qua:
660 4163 757 4202 sua
799 4155 927 4204 sunt
975 4151 1348 4220 unusquisque
1396 4151 1767 4218 intendentes,
1813 4153 1909 4208 sed
1961 4167 2082 4222 quae

487 4237 716 4293 aliorum
742 4255 756 4291 :
782 4236 901 4292 Hoc
924 4239 1062 4293 enim
1093 4240 1275 4294 sentite
1301 4241 1357 4294 in
1383 4243 1525 4296 vobis
1557 4243 1693 4313 quod
1716 4253 1764 4296 et
1792 4243 1848 4295 in
1869 4241 2079 4298 Christo

486 4325 744 4399 Jesu,qui
764 4344 885 4382 cum
909 4328 1154 4397 informa
1170 4330 1267 4384 Dei
1288 4341 1440 4399 esset,
1469 4350 1571 4387 non
1595 4333 1834 4404 rapinam
1857 4335 2080 4389 arbitra-

488 4427 573 4473 tus
599 4428 674 4474 est
701 4436 812 4474 esse
840 4436 895 4474 se
927 4418 1181 4490 qualem
1223 4420 1333 4475 Deo
1358 4435 1377 4473 :
1407 4423 1496 4477 sed
1528 4425 1863 4496 semetipsum
1895 4425 2079 4479 exina-

488 4512 616 4566 nivit
646 4511 872 4582 formam
889 4513 1024 4566 servi
1047 4512 1332 4582 accipiens,
1358 4522 1414 4569 et
1438 4523 1655 4571 caetera.
1705 4516 1788 4571 Ad
1819 4517 1922 4571 hoc
1946 4516 2080 4570 dun-

2193 3319 2305 3364 tum
2335 3311 2516 3365 divina
2561 3309 2844 3380 Scriptura
2873 3325 2974 3380 pro
3002 3310 3229 3366 nihilum
3271 3319 3451 3376 vocat,
3480 3311 3627 3367 sicut
3663 3313 3792 3368 alibi

2189 3403 2450 3474 scriptum
2481 3411 2565 3458 est
2609 3401 2790 3474 (Rom.
2820 3403 2902 3476 ιιι)
2929 3418 2942 3456 :
2970 3401 3246 3457 Evacuata
3271 3412 3346 3457 est
3380 3403 3538 3471 ﬁdes,
3571 3404 3684 3459 hoc
3714 3413 3792 3460 est

2188 3495 2335 3549 nulla
2363 3511 2486 3551 esse
2512 3504 2731 3550 ostensa
2760 3503 2865 3551 est.
2900 3493 2971 3550 Ut
3001 3494 3232 3564 idipsum
3260 3496 3508 3565 sapiatis,
3535 3499 3790 3552 eamdem

2188 3586 2511 3642 cbaritatem
2534 3587 2799 3642 habentes
2821 3586 3108 3641 unanimes
3132 3603 3298 3642 unum
3324 3588 3622 3659 sapientes.
3659 3589 3790 3644 Eva-

2187 3687 2347 3733 cuata
2379 3686 2462 3733 est
2487 3691 2619 3750 ergo
2655 3679 2970 3749 praedicatio
2998 3687 3221 3746 nostra,
3250 3681 3356 3736 hoc
3398 3689 3482 3736 est
3525 3680 3680 3736 nulla
3711 3691 3790 3738 est

2185 3779 2240 3825 et
2263 3785 2423 3824 vana.
2453 3769 2588 3825 Nam
2615 3771 2760 3840 quod
2789 3771 2921 3826 dicit
2960 3770 3214 3841 seipsum,
3248 3769 3482 3826 formam
3513 3772 3666 3828 servi
3695 3787 3786 3828 ac-

2185 3863 2426 3934 cipiens,
2472 3862 2792 3934 dignitatem
2839 3861 2986 3916 illam
3036 3861 3348 3925 abscondit.
3397 3862 3506 3918 hoc
3550 3863 3784 3918 solum:

2182 3955 2490 4012 videntibus
2531 3970 2590 4010 se
2623 3969 2743 4011 esse
2783 3954 3200 4011 existimabatur
3233 3954 3378 4026 quod
3402 3963 3459 4010 et
3486 3955 3670 4012 videri
3693 3970 3784 4026 po-

2182 4053 2324 4101 terat
2361 4065 2374 4100 :
2410 4046 2590 4102 divina
2613 4046 2762 4102 enim
2783 4055 2976 4102 natura
2999 4047 3212 4102 cunctis
3244 4056 3364 4102 erat
3391 4046 3609 4104 occulta
3638 4065 3652 4102 :
3681 4047 3786 4104 for-

2183 4155 2325 4194 mam
2350 4142 2530 4195 autem
2553 4139 2716 4205 servi,
2740 4147 2801 4194 ut
2818 4139 2964 4196 dicat
2991 4149 3240 4196 naturam
3262 4141 3685 4207 servi,humana
3707 4143 3783 4197 sic

2180 4243 2404 4290 vocatur
2422 4245 2646 4302 natura;
2670 4234 2882 4291 servilis
2901 4235 3044 4290 enim
3067 4243 3154 4290 est
3174 4235 3410 4290 humana
3436 4243 3660 4300 natura,
3677 4236 3782 4292 sie-

2179 4337 2238 4382 ut
2263 4337 2320 4384 et
2347 4328 2475 4384 illud
2501 4329 2645 4400 quod
2678 4328 2907 4395 dixit,in
2938 4325 3113 4382 forma
3143 4328 3260 4394 Dei,
3290 4327 3344 4382 in
3374 4327 3562 4382 divina
3584 4336 3778 4384 natura

2179 4422 2330 4487 dicit,
2347 4422 2450 4478 hoc
2469 4431 2554 4478 est
2568 4422 2762 4477 divina:
2785 4430 2994 4476 natura:
3012 4420 3272 4486 existens,
3287 4429 3343 4476 et
3361 4420 3622 4491 quoniam
3641 4420 3778 4475 dixit

2177 4511 2408 4568 formam
2429 4513 2594 4578 servi,
2619 4527 2906 4568 commune
2927 4519 3107 4566 autem
3127 4521 3249 4567 erat
3262 4512 3366 4566 hoc
3389 4520 3444 4566 et
3464 4511 3776 4568 hominibus

489 4611 658 4667 taxat,
681 4611 741 4658 ut
760 4603 1214 4674 quemadmodum
1235 4604 1325 4660 ille
1349 4607 1404 4661 in
1428 4622 1495 4662 eo
1520 4609 1662 4678 quod
1686 4606 1923 4665 Verbum
1945 4624 2075 4666 caro
2097 4632 2153 4694 Β
2179 4614 2235 4660 et
2281 4605 2540 4674 iumentis
2569 4613 2624 4660 et
2661 4605 2892 4674 angelis,
2923 4603 3111 4660 forma:
3135 4605 3282 4660 enim
3309 4620 3596 4661 servorum
3622 4613 3771 4671 sunt,

489 4692 692 4749 factum
721 4704 804 4751 est
828 4705 884 4750 et
910 4696 1173 4752 habitavit
1201 4696 1254 4754 in
1275 4699 1451 4766 nobis,
1479 4708 1530 4756 et
1561 4701 1679 4756 sine
1701 4710 1927 4772 peccato
1950 4717 2073 4756 cum
2098 4690 2138 4694 ⁷
2177 4701 2232 4748 el
2263 4691 2337 4746 illi
2368 4691 2633 4760 siquidem
2658 4690 2787 4746 lacu
2815 4700 2961 4756 sum,
2993 4691 3192 4762 adice“
3221 4701 3279 4748 ει
3311 4691 3442 4748 ἱιιιιά
3471 4693 3618 4762 quod
3647 4709 3774 4765 pro-

487 4793 652 4850 esset,
679 4796 899 4856 peccata
929 4799 1113 4844 nostra
1143 4791 1398 4862 suscepit,
1425 4808 1529 4847 non
1565 4793 1795 4848 attendit
1837 4809 1936 4849 sua
1979 4794 2076 4851 sed

488 4885 698 4942 nostra,
731 4876 806 4931 ita
835 4886 890 4932 et
917 4895 1016 4934 nos
1045 4880 1272 4935 libenter
1300 4882 1368 4936 ad
1399 4881 1517 4951 ejus
1544 4881 1900 4939 imitationem
1931 4884 2072 4940 invi-

489 4985 609 5024 cem
652 4984 820 5023 onera
856 4979 1039 5025 nostra
1083 4980 1376 5040 portemus.
1421 4973 1490 5028 Et
1529 4973 1604 5028 illi
1643 4975 1861 5044 quidem
1889 4975 2075 5032 dicunt

487 5062 752 5116 minorem
777 5060 971 5116 Filium
999 5076 1120 5117 esse
1147 5079 1307 5132 quam
1347 5064 1511 5121 Pater
1529 5074 1634 5132 εει,
1659 5067 1783 5136 quia
1807 5069 2069 5138 scriptum

487 5161 571 5208 est
596 5153 712 5224 ipso
733 5152 962 5208 Domino
986 5153 1198 5208 dicente
1222 5170 1234 5206 :
1267 5152 1430 5209 Pater
1458 5157 1632 5227 major
1660 5173 1742 5212 me
1774 5167 1849 5212 est
1883 5157 2064 5230 (Joan.

487 5245 622 5318 xiv),
665 5246 866 5300 veritas
903 5251 1085 5298 autem
1123 5246 1360 5300 ostendit
1385 5247 1676 5304 secundum
1698 5247 1905 5318 justum
1953 5265 2068 5305 mo-

486 5337 614 5392 dum
647 5337 809 5394 etiam
843 5335 1024 5404 seipso
1058 5334 1320 5392 minorem
1359 5337 1573 5407 Filium,
1614 5341 1883 5412 quomodo
1921 5342 2068 5396 enim

487 5429 781 5485 nonetiam
815 5427 993 5497 seipso
1021 5425 1197 5481 minor
1222 5426 1394 5482 factus
1436 5439 1540 5495 est,
1583 5431 1673 5500 qui
1715 5432 2065 5501 semetipsum

484 5521 781 5576 exinanivit
804 5518 1032 5574 formam
1062 5518 1203 5573 servi
1238 5521 1551 5591 accipiens?
1583 5521 1768 5591 Neque
1806 5523 1950 5578 enim
1985 5524 2065 5578 sic

483 5618 691 5686 accepit
725 5616 955 5670 formam
986 5615 1148 5679 servi,
1191 5619 1249 5667 ut
1282 5615 1558 5670 amitteret
1592 5616 1819 5672 formam
1852 5615 1977 5682 Dei;
2019 5616 2065 5672 si

481 5723 612 5779 ergo
640 5708 710 5762 ita
740 5714 957 5777 accepta
993 5715 1078 5761 est
1111 5705 1279 5761 forma
1309 5707 1469 5771 servi,
1502 5717 1562 5762 ut
1591 5724 1696 5764 non
1725 5709 2066 5764 amitteretur

485 5797 654 5856 forma
692 5799 808 5860 Dei,
851 5815 972 5856 cum
1019 5809 1075 5858 et
1121 5797 1175 5856 in
1212 5797 1384 5854 forma
1413 5799 1578 5864 servi,
1609 5808 1664 5856 et
1689 5801 1741 5856 in
1771 5799 1942 5856 forma
1969 5800 2064 5856 Dei

2175 4783 2461 4854 prietatem
2478 4780 2832 4854 signiﬁcaret,
2852 4784 3125 4839 instruere
3147 4782 3357 4850 volens,
3379 4783 3526 4854 quod
3555 4784 3771 4840 dixerat

2174 4877 2406 4934 formam
2427 4879 2587 4945 servi,
2603 4878 2658 4933 in
2684 4877 3081 4932 similitudinem
3099 4878 3328 4932 hominis
3351 4877 3544 4934 factus.
3565 4876 3769 4935 Factus

2173 4971 2318 5042 quod
2355 4971 2510 5035 dixit,
2534 4985 2635 5040 pro
2676 4970 2884 5024 habitus
2931 4969 3130 5041 posuit.
3176 4968 3315 5024 Nam
3358 4971 3504 5042 quod
3541 4969 3688 5026 dixit
3713 4970 3766 5026 in

2171 5061 2579 5118 similitudinem
2608 5059 2864 5128 hominis,
2886 5069 2947 5115 ut
2968 5060 3114 5116 dicat
3134 5059 3190 5114 in
3211 5060 3765 5128 humine,similitudo

2169 5154 2314 5209 enim
2359 5153 2594 5209 hominis
2638 5154 2802 5209 homo
2839 5161 2956 5219 est,
2984 5153 3102 5208 haec
3144 5151 3326 5208 omnia
3372 5154 3656 5223 conjunxit
3697 5153 3763 5209 de

2171 5245 2266 5299 Dei
2288 5245 2453 5300 verbo
2481 5244 2703 5310 dicens;
2731 5245 2873 5298 unde
2896 5242 3131 5314 adjecit:
3158 5243 3226 5298 In
3255 5244 3520 5299 schemate
3541 5246 3616 5300 ret
3642 5261 3758 5315 spe-

2164 5338 2244 5392 cie
2293 5338 2531 5393 inventus
2575 5349 2650 5391 est
2695 5346 2752 5390 ut
2786 5337 2962 5391 homo.
3009 5336 3092 5391 Ad
3126 5337 3588 5406 comparationem
3619 5337 3758 5394 illius

2168 5439 2380 5485 naturae
2424 5446 2544 5500 quae
2579 5429 2634 5483 in
2675 5428 2817 5484 nulla
2860 5429 3042 5500 specie
3089 5428 3171 5483 vel
3205 5429 3485 5484 schemate
3526 5427 3756 5499 perspici

2166 5531 2364 5594 potest.
2396 5521 2625 5577 Schema
2653 5529 2707 5576 et
2733 5522 2968 5591 speciem
2997 5521 3200 5590 posuit,
3235 5530 3294 5576 ut
3320 5519 3464 5576 dicat
3501 5521 3754 5591 quoniam

2169 5613 2451 5668 invisibilis
2477 5622 2531 5667 et
2565 5615 2712 5668 omni
2749 5614 3023 5668 schemate
3060 5611 3199 5666 liber
3233 5611 3475 5668 existens
3505 5612 3647 5666 sicut
3670 5609 3754 5664 {as

2167 5716 2252 5763 est
2271 5705 2438 5760 voluit
2462 5705 2515 5759 in
2540 5704 2760 5760 homine
2781 5704 2972 5759 videri.
2998 5703 3054 5758 In
3077 5702 3400 5775 quibusdam
3424 5717 3556 5758 vero
3579 5712 3754 5756 exem-

2167 5796 2407 5866 plaribus
2433 5796 2512 5854 ita
2541 5795 2758 5869 legitur,
2784 5804 2833 5852 et
2869 5794 3053 5850 habitu
3090 5793 3328 5850 inventus
3359 5802 3436 5850 est
3471 5802 3528 5848 ut
3575 5793 3745 5846 homo.
