3986 6338
247 364 366 424 lI89

692 359 1241 420 ENARRATIONUM
1279 359 1347 417 IN
1384 362 1534 418 EPP.
1572 364 1777 420 PAULI
1811 365 1940 420 LIB.
1984 364 2124 421 XIX.
2163 393 2237 408 -σι
2275 363 2341 420 ΙΝ
2378 361 2594 420 EPIST.
2631 363 2725 418 AD
2759 361 3047 418 PHILIPP.

3426 365 3534 424 490

245 474 440 548 (Aug.)
472 473 700 531 Habitus
725 475 781 530 in
817 491 879 530 ea
903 491 962 530 re
989 476 1191 532 dicitur
1217 491 1338 547 quae
1371 477 1526 532 nobis
1554 485 1614 530 ut
1638 477 1838 532 habea-
1868 483 1919 542 Α
1944 477 2073 533 bum
2101 475 2441 545 susceptione
2482 473 2737 539 hominis,
2775 472 2934 529 sicuti
2982 488 3080 528 nec
3114 472 3355 528 membra
3391 482 3541 532 veste

242 577 342 624 tur
366 567 600 632 accidit;
631 574 1000 622 verumtamen
1027 568 1133 622 hoc
1155 567 1396 632 interest,
1427 567 1566 636 quod
1594 567 1842 637 quaedam

241 675 440 716 eorum
487 675 608 731 qua:
651 659 903 715 accidunt
927 660 1104 726 nobis,
1135 669 1196 714 ut
1229 660 1471 715 habitum
1503 659 1713 714 faciant
1734 675 1843 716 non

243 759 536 807 mutantur
564 766 594 806 a
619 751 776 807 nobis
800 765 815 805 :
839 751 934 806 sed
979 751 1092 821 ipsa
1139 767 1239 808 nos
1277 759 1487 806 mutant
1531 751 1586 806 in
1624 767 1684 808 se
1727 753 1843 822 ipsa

241 843 464 915 integra
491 850 545 898 et
567 843 886 898 inconcussa
909 842 1214 908 manentia;
1249 841 1409 897 sicuti
1431 841 1696 910 sapientia
1719 857 1843 896 cum

241 934 454 990 accidit
483 932 688 988 homini
721 947 828 987 non
861 933 1274 1004 ipsa-mutatur,
1300 933 1394 988 sed
1422 933 1700 990 hominem
1728 948 1845 988 mu—

240 1033 326 1080 tat
372 1039 535 1094 quem
581 1023 648 1079 de
698 1023 860 1078 stulto
899 1023 1202 1092 sapientem
1250 1023 1414 1089 facit;
1467 1024 1713 1094 quaedam
1767 1022 1846 1079 sic

239 1118 528 1182 accidunt,
557 1124 616 1171 ut
653 1123 709 1171 et
747 1123 960 1172 mutent
984 1124 1038 1171 et
1073 1125 1350 1172 mutentur
1389 1117 1548 1172 sicuti
1585 1117 1758 1184 cibus,
1791 1126 1847 1173 et

239 1211 364 1280 ipse
395 1210 652 1264 amittens
676 1209 914 1280 speciem
957 1224 1109 1263 suam
1137 1209 1192 1264 in
1220 1225 1416 1280 corpus
1442 1217 1686 1267 nostrum
1727 1226 1846 1266 ver-

241 1305 404 1369 titur,
420 1313 476 1358 et
501 1319 599 1358 nos
625 1301 813 1358 refecti
835 1302 958 1357 cibo
985 1303 1053 1357 ab
1075 1302 1318 1358 exilitate
1342 1314 1504 1375 atque
1527 1319 1557 1358 a
1585 1304 1849 1376 languore

197 1461 206 1468 ,
237 1399 300 1454 in
329 1399 500 1453 robur
520 1405 684 1468 atque
711 1397 1004 1452 valentiam
1025 1406 1442 1454 commutamur.
1482 1399 1725 1454 Tertium
1756 1414 1850 1470 ge-

237 1506 351 1546 nus
382 1500 470 1546 est
496 1507 618 1546 cum
655 1491 772 1561 ipsa
799 1506 919 1561 qua;
941 1490 1194 1546 accidunt
1222 1501 1502 1548 mutantur
1525 1501 1581 1548 et
1606 1493 1850 1548 habitum

237 1584 480 1646 faciunt,
505 1593 561 1639 et
587 1584 986 1654 quodammodo
1016 1592 1296 1639 mutantur
1321 1585 1390 1642 ab
1417 1585 1484 1640 iis
1519 1585 1716 1656 quibus
1748 1585 1847 1640 ha-

235 1676 424 1732 bitum
469 1675 678 1730 faciunt
718 1675 861 1732 sicut
893 1685 977 1732 est
1015 1677 1184 1732 vestis
1212 1695 1225 1730 :
1250 1692 1377 1731 nam
1420 1678 1608 1733 induta
1651 1677 1852 1747 accipit

233 1767 482 1822 formam
511 1783 672 1838 quam
700 1785 806 1824 non
829 1769 1061 1824 habebat
1085 1778 1266 1833 exuta,
1285 1785 1409 1825 cum
1438 1770 1554 1841 ipsa
1579 1770 1846 1837 membra,

1947 567 2136 622 induta
2174 573 2472 620 mutantur.
2518 563 2652 619 Cum
2693 561 2809 632 ejus
2861 557 3221 618 obedientiam
3265 580 3439 636 usque
3468 565 3540 620 ad

1948 668 2177 716 mortem
2225 658 2420 714 factam
2450 659 2856 714 commendaret
2882 657 3195 729 Apostolus,
3221 675 3413 730 parum
3457 659 3538 714 illi

1947 749 2051 804 fuit
2099 751 2300 816 dicere,
2337 750 2511 820 factus
2554 749 2795 804 obediens
2833 766 2994 821 usque
3033 750 3102 805 ad
3146 759 3364 805 mortem
3388 766 3406 804 :
3432 769 3540 808 non

1949 842 2094 898 enim
2143 840 2576 912 qualemcunque
2622 850 2877 906 mortem,
2926 840 3022 896 sed
3062 841 3289 906 addidit,
3321 853 3541 898 mortem

1949 945 2125 988 autent
2159 935 2353 999 crucis,
2384 933 2472 988 illa
2504 941 2676 987 morte
2719 931 2870 1002 pejus
2900 932 3034 987 nihil
3060 931 3160 987 fuit
3189 933 3330 987 inter
3359 933 3542 988 omnia

1951 1043 2150 1098 genera
2183 1026 2437 1082 mortium
2465 1043 2478 1092 ;
2513 1027 2744 1096 denique
2772 1025 2864 1100 ubi
2905 1025 3119 1082 dolores
3165 1025 3418 1081 acerrimi
3449 1041 3542 1081 ex-

1952 1118 2178 1190 agitant,
2209 1117 2480 1172 cruciatus
2513 1124 2768 1183 vocatur,
2803 1133 2835 1172 a
2863 1131 3024 1172 cruce
3053 1100 3381 1182 nominatus,
3411 1131 3544 1186 pen-

1953 1210 2144 1264 dentes
2179 1208 2321 1264 enim
2365 1208 2418 1262 in
2448 1206 2604 1278 ligno
2651 1208 2895 1264 cruciﬁxi
2931 1208 3174 1264 clavibus
3222 1208 3290 1264 ad
3337 1208 3545 1280 lignum

1952 1299 2180 1372 pedibus
2198 1299 2555 1370 manibusque
2581 1299 2776 1356 conﬁxi
2796 1301 3059 1370 producta
3075 1309 3250 1356 morte
3270 1301 3546 1356 necabanv

1955 1399 2072 1458 tur;
2098 1391 2190 1447 diu
2210 1391 2492 1447 vivebatur
2518 1392 2570 1446 in
2589 1407 2770 1460 cruce,
2800 1408 2906 1448 non
2934 1394 3059 1464 quia
3087 1393 3303 1465 longior
3321 1393 3431 1449 vita
3451 1392 3544 1449 eli-

1956 1484 2207 1554 gebatur,
2225 1484 2320 1540 sed
2342 1483 2468 1555 quia
2492 1500 2638 1540 mors
2671 1485 2788 1556 ipsa
2821 1486 3263 1555 protendebatur,
3296 1501 3365 1542 ne
3393 1486 3550 1542 dolor

1955 1578 2118 1634 citius
2144 1577 2411 1634 ﬁniretur.
2435 1578 2569 1634 Mori
2591 1567 2872 1651 voluitpro
2898 1581 3279 1652 nobis,parum
3295 1583 3545 1651 dicimus;

1957 1669 2198 1742 cruciﬁgi
2237 1671 2488 1743 dignatus
2516 1672 2582 1727 de
2616 1681 2790 1728 morte
2837 1673 3072 1742 pessima
3098 1674 3296 1730 occidit
3331 1689 3552 1730 omnem

1957 1770 2189 1818 mortem
2224 1781 2236 1816 :
2268 1763 2501 1832 pessima
2537 1763 2683 1818 enim
2708 1771 2826 1818 erat
2853 1780 2961 1818 non
3003 1763 3428 1835 intelligentihus
3458 1763 3554 1820 Ju-

235 1867 300 1914 et
347 1874 476 1913 cum
524 1859 824 1914 induuntur
873 1868 929 1915 et
959 1876 1082 1916 cum
1111 1869 1416 1925 exuuntur,
1454 1860 1508 1914 in
1553 1875 1650 1917 suo
1695 1869 1840 1916 statu
1869 1863 1918 1924 Β
1945 1856 2096 1922 daeis,
2125 1872 2252 1910 nam
2277 1870 2308 1910 a
2340 1855 2570 1912 Domino
2597 1855 2768 1911 electa
2791 1862 2932 1920 erat,
2965 1854 3137 1926 ipsam
3159 1859 3307 1910 enim
3330 1870 3550 1912 crucem

235 1961 526 2005 maneant.
577 1949 762 2006 Potest
799 1967 918 2006 esse
947 1952 1112 2006 etiam
1142 1959 1394 2021 quartum
1421 1965 1613 2024 genus,
1643 1968 1767 2006 cum
1790 1966 1855 2008 ea

237 2059 369 2114 quae
421 2043 675 2099 accidunt
724 2045 794 2100 ad
832 2043 1139 2100 faciendum
1173 2045 1453 2112 habitum,
1505 2061 1604 2102 nec
1644 2055 1856 2103 mutant

235 2135 447 2206 quibus
467 2135 743 2203 accidunt,
768 2152 869 2193 nec
884 2137 952 2192 ab
973 2137 1053 2192 eis
1073 2137 1188 2207 ipsa
1204 2147 1500 2206 mutantur,
1524 2139 1663 2195 sicut
1684 2155 1856 2194 annu-

233 2243 329 2301 lus
369 2227 557 2298 digito.
608 2225 742 2282 Cum
794 2227 958 2298 igitur
997 2225 1290 2298 Apostolus
1325 2229 1392 2284 de
1442 2229 1720 2300 unigenito
1757 2229 1854 2284 Dei

237 2319 360 2374 ﬁlio
383 2319 713 2389 loqueretur,
740 2329 1000 2391 quantum
1015 2322 1250 2391 pertinet
1265 2323 1332 2378 ad
1351 2323 1690 2379 divinitatem
1713 2323 1850 2394 ejus,

235 2411 550 2466 secundum
579 2409 634 2464 id
655 2411 798 2482 quod
819 2412 1102 2468 verissime
1129 2415 1272 2470 Deus
1297 2423 1400 2481 est,
1427 2415 1690 2485 aequalem
1717 2416 1854 2472 dixit

235 2518 372 2559 esse
415 2501 586 2568 Patri,
623 2503 766 2573 quod
797 2520 904 2558 non
929 2505 980 2560 ei
1025 2505 1125 2560 fuit
1154 2515 1410 2576 tanquam
1442 2507 1654 2576 rapina,
1691 2507 1748 2562 id
1769 2515 1855 2563 est

237 2594 408 2665 quasi
460 2595 702 2649 alienum
751 2605 1028 2667 appetere,
1058 2596 1103 2650 si
1148 2610 1363 2666 semper
1410 2612 1638 2652 manens
1680 2597 1738 2652 in
1785 2612 1851 2652 ea

237 2687 564 2758 aequalitate
599 2687 770 2745 nollet
801 2689 1074 2744 hominem
1115 2689 1340 2746 induere
1367 2698 1425 2746 et
1452 2691 1762 2748 hominibus
1795 2701 1854 2747 ut

238 2780 416 2836 homo
445 2796 732 2851 apparere,
757 2781 850 2836 sed
880 2781 1230 2852 semetipsum
1260 2782 1582 2848 exinanivit,
1605 2799 1712 2839 non
1742 2782 1854 2840 for—
1905 2842 1910 2846 ,

238 2887 398 2927 mam
447 2888 601 2927 suam
656 2882 904 2938 mutans,
937 2873 1030 2928 sed
1065 2873 1294 2928 formam
1345 2874 1488 2930 servi
1533 2875 1848 2946 accipiens:

239 2981 430 3036 neque
491 2981 787 3022 conversus
857 2974 952 3021 aut
1006 2975 1400 3023 transmutatus
1458 2967 1514 3022 in
1575 2968 1852 3024 hominem

239 3058 457 3112 amissa
487 3056 916 3112 incommutabili
949 3057 1268 3125 stabilitate,
1300 3058 1396 3114 sed
1422 3073 1732 3130 quanquam
1759 3073 1852 3114 ve-

242 3165 375 3205 rum
407 3151 678 3206 hominem
719 3150 1062 3221 suscipiendo
1104 3151 1219 3220 ipse
1266 3158 1548 3221 susceptor
1575 3151 1631 3205 in
1660 3151 1853 3207 simili-

1957 1965 2111 2006 suam
2141 1949 2357 2020 signum
2384 1949 2669 2006 habiturus
2691 1956 2840 2014 erat,
2883 1949 3055 2020 ipsam
3087 1963 3303 2004 crucem
3341 1948 3410 2003 de
3436 1948 3553 2003 dia-

1954 2038 2080 2094 bolo
2107 2047 2362 2108 superato
2380 2047 2638 2108 tanquam
2661 2046 2923 2108 tropaeum
2943 2037 2995 2092 in
3019 2036 3288 2094 frontibus
3313 2036 3552 2093 ﬁdelium

1953 2131 2248 2202 positurus,
2268 2138 2329 2185 ut
2343 2131 2547 2186 diceret
2570 2129 2862 2201 Apostolus
2887 2149 2900 2184 :
2926 2128 3060 2183 Mihi
3086 2140 3259 2184 autem
3282 2129 3413 2183 absit
3440 2128 3555 2200 glo-

1955 2221 2108 2285 riari,
2135 2220 2238 2275 nisi
2248 2220 2303 2274 in
2325 2236 2477 2275 cruce
2493 2219 2708 2275 Domini
2731 2221 2895 2274 nostri
2911 2220 3042 2274 Jesu
3069 2218 3265 2274 Christi
3291 2218 3433 2288 (Gal.
3451 2219 3548 2292 vr).

2027 2310 2345 2366 Humiliavit
2391 2315 2725 2383 semetipsum
2764 2310 2936 2382 factus
2985 2311 3225 2366 obediens
3273 2328 3438 2382 usque
3483 2311 3553 2364 ad

1953 2413 2193 2471 mortem,
2234 2414 2452 2459 mortem
2481 2413 2656 2458 autem
2692 2404 2882 2458 crucis.
2931 2403 3166 2476 (Ambr.)
3214 2402 3552 2470 llumiliavit,

1954 2493 2152 2564 inquit,
2167 2494 2402 2564 seipsum
2423 2512 2436 2548 :
2456 2509 2628 2565 usque
2652 2494 2706 2548 in
2731 2495 2875 2550 hunc
2890 2494 3088 2560 locum,
3108 2493 3198 2549 illa
3221 2510 3341 2564 quae
3359 2495 3556 2550 divina:

1953 2595 2162 2642 natura
2187 2586 2558 2642 condecebant
2596 2587 2744 2642 visus
2773 2595 2856 2642 est
2881 2585 3104 2652 dixisse,
3137 2585 3189 2639 in
3217 2586 3544 2656 subsequen-

1955 2680 2098 2736 tibus
2123 2695 2249 2735 vero
2275 2680 2343 2734 ad
2371 2679 2460 2734 illa
2487 2679 2682 2735 transit
2710 2695 2830 2750 qua:
2850 2679 3101 2734 humana:
3129 2687 3356 2749 possunt
3381 2678 3557 2750 aptari

1953 2783 2183 2829 naturae.
2229 2771 2428 2828 Factus
2466 2773 2710 2828 obediens
2751 2790 2916 2845 usque
2959 2773 3028 2828 ad
3065 2782 3286 2826 mortem
3336 2782 3556 2826 mortem

1954 2874 2131 2918 autem
2173 2864 2364 2919 crucis.
2415 2865 2494 2919 De
2537 2864 2758 2920 homine
2795 2864 3015 2933 quidem
3054 2863 3318 2918 condecet
3359 2870 3419 2917 ut
3453 2863 3556 2917 ista

1955 2957 2227 3023 dicantur,
2261 2957 2459 3012 divina:
2505 2965 2686 3012 autem
2729 2963 2940 3012 naturae
2988 2969 3329 3024 nequaquam
3379 2950 3559 3024 aptari

1954 3059 2181 3122 possunt
2213 3049 2315 3106 ista
2343 3067 2355 3103 :
2383 3065 2485 3104 nec
2519 3049 2665 3104 enim
2694 3056 2926 3104 mortem
2956 3049 3070 3120 pati
3117 3057 3313 3104 natura
3338 3047 3429 3102 illa
3457 3062 3556 3116 po-

1955 3148 2085 3207 test,
2116 3157 2237 3211 qua:
2265 3151 2322 3196 et
2361 3148 2636 3195 mortuum
2675 3139 2940 3196 suscitare
2970 3139 3243 3210 promisit,
3281 3139 3561 3194 evidenter

243 3248 497 3304 ιυαίηειη
537 3249 817 3305 hominum
846 3247 1026 3304 factus
1050 3263 1157 3305 uuu
1185 3247 1312 3312 sibi,
1344 3248 1439 3304 sed
1464 3247 1545 3303 eis
1570 3248 1769 3319 quibus
1795 3248 1850 3304 iu
1879 3251 1924 3315 ο
1956 3231 2184 3288 Domino
2215 3231 2332 3302 ipso
2360 3230 2574 3286 dicente
2602 3247 2616 3284 :
2643 3227 2841 3285 Solvite
2870 3228 3121 3298 templum
3148 3229 3266 3294 hoc,
3291 3229 3348 3281 in
3392 3227 3558 3282 tribus

241 3340 473 3396 homine
499 3339 767 3410 apparuit,
800 3346 856 3394 et
884 3339 1072 3394 habitu
1093 3339 1349 3394 inventus
1380 3347 1439 3394 ut
1473 3339 1661 3406 homo,
1687 3337 1742 3393 id
1767 3346 1852 3394 est

244 3432 506 3488 habendo
534 3431 832 3499 hominem,
860 3431 1113 3488 inventus
1141 3440 1203 3486 ut
1227 3433 1390 3488 homo
1418 3439 1519 3488 est.
1551 3431 1672 3488 Non
1705 3431 1850 3488 enim

245 3532 473 3596 poterat
500 3524 730 3581 inveniri
761 3533 822 3579 ut
846 3525 1009 3581 homo
1033 3525 1102 3580 ab
1145 3524 1231 3581 his
1261 3525 1353 3596 qui
1380 3539 1476 3580 cor
1514 3525 1851 3580 immundum

245 3611 552 3676 habebant,
597 3621 652 3668 et
682 3612 911 3668 verbum
936 3613 1078 3684 apud
1105 3611 1322 3669 Patrem
1349 3611 1532 3668 videre
1558 3627 1668 3667 non
1697 3620 1853 3683 pote-

247 3712 401 3768 rant,
452 3703 558 3759 nisi
591 3704 695 3759 hoc
747 3703 1089 3773 suscipiendo
1127 3704 1274 3775 quod
1317 3703 1529 3774 possint
1562 3703 1770 3769 videre,
1801 3711 1856 3758 et

247 3813 355 3867 per
382 3797 528 3867 quod
577 3797 646 3852 ad
685 3795 818 3853 illud
861 3796 1045 3852 lumen
1085 3796 1314 3852 interius
1352 3797 1704 3854 ducerentur.
1750 3797 1858 3852 Iste

249 3898 444 3945 autem
485 3889 704 3946 habitus
741 3905 849 3945 non
881 3898 965 3946 est
1001 3905 1068 3945 ex
1103 3889 1280 3959 primo
1306 3903 1506 3959 genere
1533 3906 1545 3942 :
1571 3903 1679 3944 non
1711 3891 1855 3944 enim

251 4002 488 4043 manens
533 3996 731 4043 natura
778 3987 1014 4044 hominis
1062 3998 1312 4044 naturam
1344 3988 1440 4044 Dei
1482 3988 1857 4043 commutavit.

251 4078 450 4150 Neque
473 4093 541 4134 ex
561 4079 820 4145 secundo‘,
849 4095 958 4135 non
989 4079 1135 4136 enim
1161 4079 1468 4134 immutavit
1498 4079 1659 4136 homo
1689 4078 1858 4134 Deum

252 4179 310 4226 et
359 4179 601 4227 mutatus
628 4171 698 4227 ab
725 4171 818 4226 illo
861 4179 966 4228 est.
1005 4171 1192 4243 Neque
1220 4188 1287 4228 ex
1318 4180 1538 4242 quarto,
1568 4188 1676 4228 non
1715 4171 1860 4227 enim

253 4263 338 4318 sic
391 4271 702 4334 assumptus
750 4270 836 4318 est
889 4264 1084 4330 homo,
1126 4273 1186 4320 ut
1239 4279 1414 4335 neque
1466 4267 1579 4336 ipse
1625 4271 1862 4319 mutaret

255 4353 456 4419 Deum,
482 4369 584 4409 nec
623 4355 690 4410 ab
729 4353 819 4410 illo
865 4362 1188 4422 mutaretur,
1217 4355 1312 4411 sed
1341 4356 1518 4426 potius
1544 4371 1611 4410 ex
1657 4353 1818 4410 tertio
1846 4373 1858 4409 :

256 4449 340 4503 sic
362 4447 508 4504 enim
530 4455 840 4519 assumptus
863 4457 1025 4504 estut
1046 4435 1475 4504 commutaretur
1496 4447 1857 4511 inelfabiliter,

255 4548 316 4594 et
339 4538 697 4594 excellentius
723 4548 888 4611 atque
932 4538 1294 4610 conjunctius,
1319 4543 1447 4613 quia
1473 4543 1641 4598 vestis
1667 4542 1736 4596 ab
1765 4541 1864 4596 ho—

1953 3331 2135 3386 diebus
2161 3329 2477 3385 resuscitabo
2503 3328 2638 3382 illud
2671 3327 2852 3398 (Joan.
2883 3328 2947 3396 ιι)
2965 3367 2978 3394 ,
3007 3335 3060 3382 et
3092 3325 3415 3382 solutionem
3439 3324 3560 3394 qui-

1955 3423 2077 3479 dem
2109 3421 2306 3492 tcmplo
2329 3421 2556 3493 aptavit,
2583 3420 2997 3476 resurrectionis
3034 3434 3158 3474 vero
3185 3417 3560 3488 operationem

1956 3516 2059 3572 sibi
2085 3515 2308 3586 aptavit,
2341 3515 2528 3571 statim
2556 3514 2612 3568 in
2638 3515 2756 3584 ipso
2781 3513 3050 3584 principio
3076 3511 3295 3567 dicens:
3327 3509 3386 3563 lu
3406 3507 3563 3564 Chri-

1957 3618 2042 3666 sto
2085 3607 2216 3664 Jesu
2258 3608 2607 3680 singulariter
2629 3649 2644 3674 ,
2672 3617 2728 3663 et
2756 3614 2815 3660 ut
2856 3607 3022 3662 moris
3057 3614 3176 3661 erat
3204 3606 3270 3660 de
3301 3620 3408 3660 una
3438 3619 3562 3675 per-

1958 3718 2091 3758 sona
2112 3701 2319 3768 dicens,
2365 3702 2592 3756 duarum
2621 3708 2677 3755 et
2704 3699 2968 3756 rationem
3009 3707 3344 3755 memoratus
3370 3707 3471 3761 cst,
3505 3708 3562 3753 ct

1957 3806 2211 3852 naturam
2241 3796 2447 3862 dicens,
2475 3795 2564 3866 qui
2611 3795 2666 3848 in
2712 3794 2885 3863 forma
2929 3793 3030 3848 Dei
3074 3803 3285 3849 exstans
3333 3793 3562 3863 formam

1958 3889 2093 3944 servi
2123 3889 2341 3958 accepit,
2367 3887 2648 3942 evidenter
2688 3885 2833 3939 aliud
2882 3884 3026 3955 quod
3073 3885 3260 3940 dicens
3306 3885 3400 3939 Dei
3446 3882 3562 3938 for-

1958 3994 2128 4045 mam,
2161 3975 2303 4031 aliud
2343 3977 2508 4031 etiam
2545 3975 2688 4031 servi
2715 3989 2728 4028 :
2753 3975 2884 4030 illud
2919 3973 3140 4045 quidem
3165 3983 3440 4045 sumptum
3472 3975 3559 4029 di-

1961 4087 2114 4138 cens,
2141 4074 2286 4128 hunc
2331 4087 2462 4128 vero
2505 4080 2831 4128 sumentem.
2866 4071 2937 4128 Ut
2979 4079 3160 4126 autem
3210 4071 3402 4126 divisio
3445 4071 3564 4126 haec

1963 4165 2230 4221 dictorum
2273 4180 2381 4219 non
2428 4163 2658 4220 alterum
2705 4164 2938 4235 aliquem
2981 4163 3048 4218 ad
3097 4163 3316 4234 plenum
3367 4171 3566 4233 printer

1963 4255 2238 4311 Christum
2273 4254 2438 4311 faciat
2489 4254 2739 4328 intelligi,
2789 4255 2932 4311 servi
2985 4255 3218 4312 formam
3272 4239 3566 4324 unicuique

1963 4350 2218 4406 reddidit.
2245 4348 2552 4406 Secundum
2582 4357 2641 4406 ut
2661 4356 2715 4405 et
2743 4349 2797 4404 in
2825 4358 3076 4420 promptu
3111 4348 3343 4420 perspici
3371 4346 3563 4417 possit,

1962 4442 2095 4498 illud
2120 4443 2338 4513 quidem
2363 4443 2508 4514 quod
2541 4443 2676 4499 dix-it
2703 4442 2795 4513 qui
2827 4443 2881 4497 in
2909 4442 3089 4498 forma
3123 4441 3364 4498 existens
3392 4449 3448 4495 et
3475 4455 3564 4496 re-

1965 4535 2110 4605 liqua
2152 4537 2331 4591 omnia
2379 4535 2470 4590 illa
2499 4535 2636 4590 dixit
2669 4551 2790 4607 quae
2830 4535 2884 4589 in
2917 4549 3150 4605 persona
3189 4533 3568 4603 intelliguntur

257 4635 413 4688 mine
459 4649 583 4688 cum
631 4633 907 4700 induitur,
955 4633 1185 4690 formam
1220 4635 1458 4691 hominis
1503 4635 1717 4706 accipit.
1753 4625 2473 4689 HocDChristizformam
2518 4642 2648 4682 vero
2691 4625 2837 4681 servi
2886 4639 2953 4679 ne
2997 4623 3144 4678 aliud
3187 4623 3317 4692 quid
3365 4630 3568 4692 praeter

257 4739 396 4796 ergo
448 4724 666 4779 nomine
723 4725 940 4780 habitus
995 4727 1128 4781 satis
1183 4726 1511 4798 signiﬁcavit
1572 4725 1864 4796 ApostOlus

261 4819 727 4889 quemadmodum
757 4820 975 4887 dixerit,
1005 4821 1062 4875 in
1092 4822 1436 4877 similitudine
1481 4823 1752 4876 hominum
1784 4823 1868 4893 fa-

261 4922 405 4975 ctus,
437 4911 565 4980 quia
593 4925 700 4966 non
732 4913 1211 4984 transﬁguratione
1234 4915 1290 4970 in
1318 4915 1614 4982 hominem,
1657 4917 1750 4971 sed
1770 4916 1867 4971 ha-

261 5001 384 5056 hitu
415 5001 592 5057 factus
621 5010 708 5058 est
743 5018 866 5058 cum
912 5004 1132 5060 indutus
1165 5013 1249 5061 est
1295 5006 1532 5072 homine,
1569 5022 1730 5076 quem
1761 5008 1864 5063 sibi

263 5095 469 5151 uniens
493 5095 890 5165 quodammodo
918 5106 1081 5168 atque
1100 5099 1451 5155 conformans
1474 5100 1867 5156 immortalitati

260 5189 673 5259 aeternitatique
709 5191 972 5258 sociaret;
1005 5193 1099 5249 sed
1129 5191 1279 5248 illum
1309 5193 1552 5249 habitum
1583 5195 1674 5265 qui
1705 5203 1789 5251 est
1813 5195 1867 5250 in

261 5281 622 5352 perceptione
666 5282 946 5352 sapientia:
980 5293 1034 5339 et
1061 5284 1360 5355 disciplina:
1405 5284 1578 5342 Graeci
1607 5287 1752 5342 nizin
1777 5303 1871 5342 vo-

265 5381 422 5436 cant,
451 5373 594 5430 hunc
633 5384 814 5430 autem
841 5377 1142 5433 secundum
1169 5393 1329 5448 quem
1357 5379 1588 5434 dicimus
1617 5380 1870 5434 vestitum

265 5466 359 5522 vel
387 5478 661 5522 armatum
692 5471 912 5525 schema
940 5472 1122 5541 potius
1146 5472 1415 5542 appellant
1439 5513 1454 5539 ,
1481 5488 1548 5527 ex
1577 5488 1684 5543 quo
1720 5472 1876 5528 intel-

269 5557 497 5629 ligimus
541 5561 607 5615 de
654 5561 758 5616 isto
783 5576 982 5633 genere
1012 5563 1229 5618 habitus
1267 5563 1507 5620 locutum
1533 5565 1870 5635 Apostolum,

272 5651 538 5721 quoniam
563 5652 780 5722 quidem
804 5653 860 5708 i'n
886 5653 1091 5710 Graecis
1111 5655 1514 5726 exemplaribus
1535 5665 1708 5734 σκῇμα
1735 5657 1873 5712 scri-

274 5740 430 5814 ptiirn
473 5751 574 5808 cst,
608 5746 752 5814 quod
791 5761 888 5802 nos
939 5747 991 5802 in
1038 5747 1246 5804 Latinis
1301 5749 1546 5803 habitum
1592 5747 1871 5816 habemus.

279 5837 401 5903 Quo
435 5839 653 5896 nomine
678 5849 891 5912 oportet
924 5842 1150 5915 intelligi
1177 5859 1284 5900 non
1311 5851 1575 5900 mutatum
1607 5859 1726 5899 csse
1756 5861 1875 5900 vcr-

696 5939 964 5998 l’AraoL.
1006 5939 1204 6002 CXII.

1971 4719 2245 4774 Christum
2283 4733 2404 4774 esse
2427 4718 2769 4773 existimetur
2801 4723 3081 4790 reputasse
3102 4754 3116 4780 ,
3145 4729 3212 4768 eo
3245 4713 3389 4784 quod
3418 4721 3472 4770 et
3497 4714 3566 4768 ab

1969 4829 2034 4869 eo
2064 4814 2136 4868 sit
2175 4823 2416 4884 accepta,
2447 4813 2635 4868 dicens
2677 4826 2804 4866 vero
2842 4823 3177 4881 quaecunque
3217 4809 3564 4879 oportebant,

1970 4905 2038 4960 dc
2075 4904 2252 4960 divina
2298 4904 2432 4960 dicit
2473 4913 2689 4971 natura,
2723 4903 2790 4959 ad
2835 4903 3158 4958 humilitatis
3207 4909 3563 4973 augmentum

1970 4996 2268 5066 conjunxit,
2283 5007 2340 5053 et
2361 4996 2448 5051 illa
2473 5013 2594 5068 quae
2613 4995 2970 5071 humanitatis
2993 5004 3118 5051 sunt
3141 4995 3356 5066 pr0pria
3379 4995 3432 5050 in
3462 5009 3568 5048 una

1973 5093 2270 5162 eademque
2299 5107 2528 5162 persona
2577 5092 2763 5146 dicens
2805 5091 2957 5146 illum
3006 5090 3270 5146 honorem
3305 5089 3398 5160 qui
3439 5103 3569 5160 erga

1974 5197 2099 5238 eum
2131 5191 2254 5252 post
2281 5183 2588 5254 passionem
2619 5182 2824 5249 existit,
2848 5179 3065 5251 adjecit,
3099 5181 3351 5252 quoniam
3387 5178 3572 5234 Domi-

1978 5292 2076 5329 nus
2101 5275 2256 5330 Jesus
2283 5275 2537 5342 Christus,
2571 5275 2848 5330 evidenter
2865 5275 3158 5330 ostendens
3179 5273 3433 5343 quoniam
3460 5285 3566 5326 non

1979 5367 2144 5423 alium
2164 5367 2396 5438 aliquem
2418 5376 2621 5437 praeter
2643 5366 2920 5423 Christum
2941 5367 3220 5422 existimat
3240 5381 3362 5422 esse
3380 5379 3538 5420 susce
3559 5392 3571 5401 -

1978 5473 2129 5533 ptum
2158 5463 2430 5520 hominem
2457 5472 2513 5518 et
2539 5463 2795 5518 virtutem
2827 5462 3042 5519 illorum
3063 5503 3078 5529 ,
3111 5477 3232 5533 quae
3260 5458 3569 5531 signiﬁcan-

1981 5562 2070 5610 tur
2116 5564 2430 5612 naturarum
2473 5555 2832 5613 diﬁ‘erentiam
2884 5554 3139 5612 ostendit.
3186 5553 3322 5607 Nam
3366 5565 3434 5606 ex
3477 5547 3573 5604 illo

1981 5666 2087 5722 quo
2113 5649 2293 5705 divina
2324 5665 2554 5720 persona
2587 5650 2769 5707 omnia
2801 5651 2959 5718 dixit,
2990 5647 3384 5720 copulationetn
3420 5640 3567 5697 sum-

1981 5744 2187 5801 cicnter
2205 5743 2462 5799 ostendit.
2483 5742 2678 5800 Omnia
2703 5743 2921 5814 quidem
2949 5743 3003 5797 in
3019 5742 3137 5798 loco
3154 5739 3247 5795 ubi
3266 5737 3333 5793 de
3353 5735 3572 5793 Christo

1981 5844 2219 5912 disputat
2246 5840 2403 5910 quasi
2432 5841 2498 5896 de
2534 5857 2640 5896 una
2675 5854 2905 5910 persona
2941 5838 3193 5894 universa
3217 5833 3378 5900 dicit,
3404 5839 3459 5889 ct
3485 5829 3569 5887 illa

3061 5932 3135 5992 16
