3986 6338
477 393 577 454 491

1088 378 1152 441 Β.
1188 376 1441 441 ansam
1474 376 1696 439 unum
1727 375 2048 437 anelusr.
2088 372 2401 436 noscar.
2438 371 2725 433 OPERUM
2780 356 2962 430 rans
2996 366 3085 430 ill.

3625 366 3737 428 Μ

476 521 597 581 qua:
636 499 838 558 virtute
882 500 1010 555 sunt
1051 492 1356 553 diil'erentia
1401 490 1695 553 secundum
1737 498 2058 581 naturarum
2085 496 2138 560 Α
2159 502 2378 581 nomen.
2413 482 2480 543 Ut
2506 488 2563 543 in
2590 486 2798 581 nomine
2819 483 2955 581 Iesu
2978 500 3129 540 omne
3152 496 3305 581 gerro,
3329 482 3739 581 ﬂectatur-cde-

476 580 793 654 divisionem
834 584 889 646 in
921 604 1087 645 unum
1124 588 1307 645 omnia
1346 586 1595 658 collegit,
1623 584 1698 641 ita
1736 588 1797 640 ut
1828 580 2058 638 divisam

478 682 746 746 custodiat
769 676 1013 754 pascuae
1036 677 1450 753 copulationem.
1486 678 1600 735 Hoc
1622 686 1755 734 vero
1782 675 1836 731 in
1864 672 1984 730 loco
2003 680 2062 731 et

478 774 715 837 ma'xime
754 774 858 832 hoc
905 756 1199 845 prudenter
1228 770 1389 828 simul
1434 778 1491 828 et
1537 767 1843 828 necessario
1882 766 2061 838 egisse

476 870 711 928 videtur.
747 850 883 921 Nam
910 864 1132 936 propter
1156 860 1595 920 consuetudinem
1626 858 1796 917 solam
1823 868 1929 930 qua
1959 856 2058 912 ab-

477 958 648 1019 utitur
674 956 1044 1030 scrupulosam
1071 946 1377 1013 doctrinam
1399 952 1686 1027 dogmatis,
1703 949 1798 1009 sed
1822 958 1877 1007 et
1894 958 2063 1021 quan-

480 1063 596 1111 tum
645 1049 713 1107 ad
753 1062 993 1125 praesens
1039 1052 1453 1120 argumentum,
1492 1040 1649 1102 valde
1692 1044 1808 1100 haic
1851 1041 2061 1114 species

476 1137 807 1201 narrationis
849 1132 926 1209 illi
968 1137 1321 1195 conveniebat
1343 1178 1359 1206 ,
1402 1135 1739 1209 propositum
1790 1132 1938 1191 enim
1983 1128 2062 1188 illi

473 1244 595 1292 erat
647 1240 708 1289 ut
748 1230 968 1289 doceret
994 1236 1050 1287 et
1079 1228 1483 1302 Philippenscs,
1517 1228 1771 1301 quoniam
1812 1224 1953 1283 bona
1979 1231 2064 1282 est

477 1318 783 1391 humilitas,
809 1330 865 1379 et
893 1304 1047 1379 valde
1081 1316 1349 1378 sufﬁciens
1374 1320 1555 1394 agenti
1591 1316 1721 1376 illud
1748 1319 1900 1375 lucra
1927 1331 2061 1373 con-

474 1404 644 1480 ferre,
672 1420 727 1469 et
751 1411 858 1469 hoc
890 1406 982 1468 illo
1021 1410 1268 1482 exemplo
1297 1410 1440 1481 quod
1467 1408 1761 1466 secundum
1786 1406 2063 1464 Christum

474 1496 562 1560 ‘est
589 1502 899 1560 continuat.
931 1490 1297 1558 Conveniebat
1316 1502 1463 1557 enim
1487 1501 1556 1558 ad
1579 1500 1840 1571 majorem
1863 1496 2063 1554 doctri-

472 1604 601 1652 nam
628 1594 774 1653 omni
812 1608 877 1653 ex
922 1602 1078 1665 parte
1123 1595 1309 1667 augeri
1339 1588 1663 1665 exemplum.
1699 1588 2059 1661 Quelnadmo-l

472 1680 603 1744 dum
624 1682 671 1743 sl
692 1676 916 1743 Deitatis
937 1684 1102 1743 solius
1124 1684 1342 1741 fecisset
1363 1685 1713 1748 mentionem,
1736 1680 2063 1748 suﬂicienter

2161 580 2317 635 stium
2361 586 2409 636 et
2449 578 2770 635 terrestrium
2793 588 2841 634 et
2869 578 3197 649 infernon
3221 591 3240 630 :
3263 580 3311 631 et
3345 574 3512 630 omnis
3556 572 3737 646 tingue

2162 670 2476 741 conﬁteatur
2493 670 2618 743 quia
2645 666 2901 725 Dominus
2933 666 3089 724 lem
3118 665 3363 723 Christus
3388 667 3448 721 iit
3469 664 3641 739 gloria
3662 674 3739 723 est

2162 760 2261 818 Dei
2302 759 2502 817 Putris.
2541 756 2656 818 Hoc
2692 762 2835 817 enim
2878 760 2955 817 illi
2997 759 3238 825 donavit,
3270 766 3333 814 ut
3367 768 3558 816 omnes
3586 759 3738 816 illum

2161 850 2410 922 adorent,
2442 861 2499 909 et
2516 862 2575 910 ut
2595 856 2782 910 omnes
2807 850 2975 909 Deum
3000 852 3362 908 conﬁteantur
3380 849 3566 908 Iesum
3590 850 3745 909 Chri-

2161 954 2304 1003 stum
2332 946 2387 1003 in
2414 944 2582 1018 gloria
2602 944 2696 1002 Dei
2718 945 2894 1001 Patris
2919 942 3191 1012 enectum,
3220 944 3325 1000 hoc
3347 948 3432 1000 est
3457 942 3622 1000 talem
3649 956 3748 1016 po-

2161 1038 2320 1095 titum
2345 1036 2604 1112 gloriam,
2632 1036 2847 1109 qualem
2875 1032 2956 1094 l‘as
2987 1045 3072 1093 est
3098 1034 3249 1092 illum
3277 1035 3371 1107 qui
3398 1035 3502 1092 sibi
3530 1042 3743 1107 patrem

2164 1128 2425 1189 adscribit
2473 1124 2643 1185 Deum
2684 1128 2866 1200 potiri,
2900 1136 3123 1201 propter
3149 1124 3297 1183 illam
3344 1127 3747 1198 copulatibuent

2163 1238 2327 1296 quam
2370 1220 2536 1280 habet
2577 1222 2645 1280 ad
2691 1222 3052 1296 unigenitum.
3096 1220 3368 1292 Quoniam
3417 1230 3604 1279 autem
3632 1221 3751 1280 hac

2159 1325 2282 1388 post
2310 1316 2617 1387 passionem
2636 1313 2904 1386 acquisita
2928 1322 3057 1371 sunt
3083 1312 3161 1370 illi
3182 1312 3274 1385 qui
3300 1322 3623 1385 assumptus
3642 1322 3748 1381 est,

2160 1420 2319 1464 nemo
2347 1407 2439 1478 qui
2472 1406 2711 1474 nesciat,
2742 1404 2852 1462 Deo
2877 1410 3060 1463 autem
3087 1405 3258 1462 verbo
3282 1405 3509 1461 aderant
3539 1414 3573 1460 a
3601 1405 3753 1478 prin-

2159 1497 2323 1570 cipio,
2351 1506 2539 1570 utpote
2561 1497 2805 1555 omnium
2827 1494 3038 1565 lactari,
3066 1498 3210 1569 quod
3238 1497 3512 1555 neminem
3538 1500 3753 1555 aestimo

2162 1589 2555 1657 contradicere,
2577 1589 2685 1647 nisi
2728 1590 2856 1646 forti
2901 1590 3057 1646 valde
3104 1590 3261 1647 cedat
3306 1590 3556 1648 insanim.
3589 1590 3755 1647 Colle-

2160 1682 2319 1738 stt'unt
2339 1680 2556 1755 quidem
2578 1682 2712 1739 dicit
2734 1682 3084 1740 invisibllium
3100 1685 3359 1740 virtutum
3387 1700 3401 1737 :
3426 1685 3753 1740 terrestrium

473 1778 758 1837 ostendere
791 1784 1004 1853 poterat
1028 1777 1174 1850 quod
1206 1776 1361 1833 valde
1403 1743 1946 1834 conveniatihumilia
1977 1743 2065 1829 sa-.
2120 1852 2125 1853 γ
2161 1786 2290 1831 vero
2339 1743 2584 1831 vivorum
2623 1775 2903 1831 hominum
2928 1793 2942 1831 :
2964 1776 3293 1847 infernarum
3324 1777 3490 1834 etiam
3536 1777 3755 1835 illorum

473 1870 605 1943 pere
628 1889 643 1925 :
668 1869 870 1927 etenim
908 1876 1141 1925 tantum
1163 1868 1398 1924 divinam
1446 1872 1694 1923 naturam
1717 1862 2054 1931 ostendebat,
2085 1852 2135 1922 Β
2161 1866 2254 1937 qui
2285 1867 2481 1923 mortui
2512 1875 2660 1934 sunt,
2688 1866 2781 1939 qui
2810 1875 2866 1924 et
2894 1867 2998 1939 ipsi
3027 1880 3126 1939 per
3159 1870 3617 1926 resurrectionem
3646 1869 3755 1926 Do-

472 1959 838 2017 bumilitatem
869 1976 985 2017 rem
1012 1957 1252 2016 elliciens
1286 1970 1406 2029 qua:
1437 1958 1662 2013 multum
1690 1972 1721 2013 a
1762 1968 1860 2012 sua
1886 1955 2062 2027 digni-

474 2056 587 2108 tate
613 2051 820 2108 distar‘e
846 2051 1146 2108 videbatur.
1180 2046 1313 2105 Nam
1341 2062 1461 2121 qua:
1487 2054 1605 2105 erat
1630 2063 1717 2104 res
1738 2044 1855 2120 ipsa
1879 2046 2061 2120 agenti

471 2140 736 2201 lucrativa
764 2144 1051 2201 'ostendere
1075 2142 1222 2199 nullo
1246 2141 1408 2199 modo
1433 2148 1669 2213 poterat,
1699 2155 1764 2197 eo
1793 2138 1938 2212 quod
1961 2150 2062 2197 nee

469 2242 687 2308 pcterat
721 2235 1076 2308 comprobare
1106 2230 1310 2305 aliquid
1349 2234 1477 2290 hinc
1512 2232 1660 2291 illam
1690 2240 1937 2289 naturam
1963 2244 2063 2304 po-

473 2329 641 2386 tuisse
684 2329 1003 2401 acquirere:
1031 2329 1285 2386 siautem
1328 2327 1623 2385 humanam
1666 2330 1915 2381 naturam
1943 2331 2062 2380 tan-

478 2406 769 2481 tummodo.
787 2424 979 2481 i‘ulsset
995 2428 1346 2490 memoratus,
1370 2421 1631 2479 lucrativa
1640 2432 1691 2475 ni
1718 2434 1834 2477 rem
1854 2434 1974 2476 esse
1992 2412 2060 2476 ab

476 2513 584 2572 illis
616 2532 737 2589 quae
759 2517 811 2574 ei
838 2516 1103 2587 acquisita
1145 2512 1361 2573 fuerant
1384 2512 1730 2581 ostendebat,
1761 2513 1905 2585 quod
1931 2526 2061 2570 vero

470 2606 761 2665 conveniat
794 2602 1019 2663 humilia
1045 2623 1236 2679 sapere
1263 2624 1388 2665 eum
1418 2605 1580 2664 simili
1608 2606 1902 2677 dignitate,
1932 2604 2061 2661 huic

470 2713 580 2755 non
619 2704 833 2770 poterat
884 2697 1227 2756 conﬁrmare.
1275 2694 1414 2754 Nam
1448 2705 1503 2754 et
1539 2697 1670 2755 illud
1709 2697 1853 2770 quod
1881 2696 2057 2754 dixit:

469 2792 641 2863 factus
665 2791 906 2847 obediens
932 2808 1096 2864 usque
1120 2791 1190 2847 ad
1212 2799 1451 2860 mortem,
1474 2788 1683 2846 homini
1705 2797 1888 2847 autem
1911 2796 2060 2861 apta-

470 2893 587 2940 tum
615 2878 751 2939 nihil
783 2892 996 2957 poterat
1020 2883 1236 2939 illorum
1259 2896 1380 2956 quae
1405 2878 1473 2940 ad
1499 2882 1860 2939 humilitatem
1890 2881 2058 2954 perti-

468 2976 603 3031 nent
629 2974 999 3046 comprobare.
1034 2973 1093 3031 Si
1123 2988 1229 3031 non
1256 2982 1313 3031 et
1342 2974 1523 3032 divina
1566 2978 1760 3031 natura
1802 2974 1982 3031 inesse
2006 2972 2058 3031 ei

468 3064 658 3125 luisset
685 3074 905 3125 ostensa
928 3083 1027 3140 per
1054 3082 1218 3140 quam
1252 3062 1453 3125 licebat
1485 3075 1541 3124 et
1577 3067 1705 3124 hinc
1729 3076 1838 3125 non
1864 3066 2057 3139 subjici

2159 1954 2368 2012 illinunt
2404 1955 2808 2013 conﬁtebuntur
2849 1958 3268 2016 resurrectionis
3307 1968 3425 2016 suae
3450 1967 3752 2016 auctorem.

2158 2045 2291 2104 illud
2320 2048 2460 2105 inter
2483 2058 2681 2106 caetera
2704 2057 2788 2106 est
2811 2040 3193 2123 explicandum
3213 2050 3358 2124 quod
3385 2053 3612 2125 quidam
3646 2053 3757 2110 hae-

2160 2138 2453 2195 reticOruln
2497 2139 2855 2197 interim-tere
2911 2142 3151 2200 volentes
3198 2143 3574 2201 testimonium
3625 2144 3756 2200 illud

2158 2228 2303 2299 quod
2342 2228 2545 2285 dictum
2570 2237 2675 2297 est,
2704 2244 2808 2286 non
2836 2233 3077 2304 rapinam
3109 2233 3398 2290 arbitratae
3427 2245 3505 2291 est
3550 2250 3668 2292 esse
3705 2252 3757 2292 se

2158 2319 2414 2392 aqualem
2441 2321 2574 2392 Deo,
2590 2323 2669 2381 sic
2699 2324 3100 2393 intellexerunt,
3115 2328 3369 2398 quoniam
3394 2328 3755 2397 existimabit,

2160 2410 2336 2483 inquit
2369 2411 2641 2484 Christus,
2672 2417 2964 2474 convenire
2990 2417 3115 2485 sibi,
3142 2424 3336 2476 utnon
3366 2428 3584 2491 raperet
3606 2420 3757 2477 illam

2158 2500 2520 2577 aequalitatem
2553 2518 2719 2578 quam
2766 2509 2910 2566 Deus
2954 2509 3157 2567 habere
3197 2510 3757 2571 videbutundictum

2159 2596 2336 2667 ipsum
2363 2597 2545 2654 multa:
2575 2599 2819 2656 stultitiae
2848 2601 3012 2658 habet
3037 2602 3435 2672 probationem,
3468 2603 3575 2661 hoc
3608 2606 3758 2661 enim

2158 2688 2376 2760 quando
2409 2691 2721 2763 excogitare
2752 2693 2932 2764 potuit
2958 2693 3225 2763 Christus,
3248 2695 3295 2753 sl
3332 2703 3515 2752 tamen
3553 2710 3758 2755 secun-

2158 2781 2286 2838 dum
2327 2781 2543 2841 illorum
2586 2786 2914 2843 sententiam
2950 2786 3067 2859 eius
3112 2786 3324 2845 factura
3362 2796 3447 2846 est
3482 2804 3551 2847 ex
3585 2792 3758 2848 nihilo

2157 2871 2352 2943 factus,
2380 2875 2473 2948 qui
2502 2884 2557 2934 et
2584 2888 2863 2936 auctorem
2911 2894 3069 2936 suum
3108 2880 3215 2937 scit
3248 2880 3399 2938 illum
3428 2894 3553 2941 esse
3580 2884 3758 2942 facto-

2159 2978 2277 3024 rem
2306 2978 2466 3025 suum
2494 2976 2550 3026 et
2570 2971 2909 3028 creatorem?
2935 2971 3042 3028 nisi
3070 2970 3209 3030 forte
3233 2973 3338 3029 hoc
3367 2973 3593 3030 dicant:
3621 2990 3759 3047 quo-

2156 3058 2307 3116 niam
2352 3061 2652 3118 secundum
2711 3063 2985 3121 daemones
3040 3076 3331 3136 exaequare
3375 3080 3436 3122 se
3483 3066 3602 3123 Deo
3644 3082 3755 3124 non

467 3158 653 3214 morti.
702 3154 840 3213 Nam
880 3154 1177 3214 secundam
1203 3172 1263 3215 se
1289 3170 1397 3215 non
1421 3154 1744 3215 obeditionis
1787 3172 1925 3231 opus
1960 3158 2058 3215 im-
2106 3230 2115 3231 ί
2159 3154 2472 3225 usurpavit?
2499 3154 2642 3225 quod
2682 3154 2968 3212 haereticos
3009 3156 3226 3227 quidem
3257 3158 3512 3214 convenit
3555 3157 3759 3214 intelli-

467 3250 654 3323 plebat
683 3251 847 3309 morti
892 3252 1250 3310 Succumbens
1273 3267 1287 3307 :
1312 3252 1614 3308 sustinebat
1649 3252 1793 3308 enim
1824 3230 2057 3308 mortem
2082 3230 2128 3296 Cl
2158 3258 2304 3316 gere,
2332 3245 2424 3316 qui
2449 3253 2505 3302 et
2537 3260 2753 3317 semper
2778 3245 2934 3318 plena
2960 3246 3186 3303 insania:
3214 3247 3380 3305 verba
3407 3246 3753 3320 loquuntur:

469 3349 527 3398 et
552 3344 745 3402 nolens
783 3342 1079 3401 secundum
1123 3344 1326 3400 dudum
1361 3345 1597 3415 positum
1640 3344 1932 3403 terminum
1962 3361 2059 3401 na—
2156 3332 2323 3391 Paulo
2369 3348 2498 3392 vero
2539 3348 2648 3392 non
2696 3336 3094 3393 conveniebant
3135 3338 3252 3393 hac
3292 3337 3457 3394 verba
3499 3340 3663 3411 quasi
3698 3348 3757 3396 ut

469 3446 625 3493 tum.
664 3434 964 3492 Prudenter
998 3450 1129 3493 vero
1167 3436 1309 3493 sicut
1348 3432 1485 3493 dixit
1525 3436 1679 3508 quasi
1707 3437 1764 3493 in
1801 3446 1910 3493 una
1935 3450 2059 3509 per-
2156 3433 2287 3504 quid
2309 3446 2561 3506 magnum
2591 3433 2797 3490 diceret
2820 3433 2889 3489 de
2913 3432 3155 3501 Christo,
3179 3433 3306 3490 licet
3330 3432 3459 3489 talia
3486 3435 3755 3506 essequis

469 3543 605 3586 sena
627 3526 811 3584 omnia
835 3522 1037 3596 retulit,
1061 3526 1319 3601 colligens
1341 3528 1397 3584 in
1418 3540 1587 3585 unum
1610 3526 1697 3584 illa
1720 3536 1839 3600 quae
1859 3528 2060 3585 virtute
2156 3526 2304 3582 dicat
2330 3525 2443 3594 illo,
2468 3538 2590 3597 quae
2616 3525 2917 3583 secundum
2945 3526 3117 3584 tilium
3144 3536 3290 3594 sunt,
3314 3525 3495 3600 qualia
3526 3527 3641 3585 illic
3672 3528 3756 3584 di-

470 3618 689 3676 diﬂ'erre
728 3616 1090 3687 videbantur,
1122 3618 1415 3676 secundum
1468 3627 1789 3676 naturarum
1833 3620 2056 3676 divisio—
2157 3625 2307 3673 cunt.
2351 3615 2615 3674 Videntur
2650 3624 2833 3675 autem
2860 3618 3036 3691 neque
3063 3622 3283 3677 sensum
3325 3617 3571 3691 Apostoii
3604 3632 3751 3694 prte-

469 3723 618 3778 nem,
648 3711 726 3766 ita
755 3714 813 3766 ut
842 3722 911 3767 ex
939 3716 1172 3782 utroque
1201 3712 1344 3783 quod
1369 3710 1501 3769 utile
1529 3719 1651 3768 erat
1673 3708 1965 3770 deduceret
1987 3713 2060 3770 ad

469 3805 923 3875 exhortationem,
948 3807 1015 3864 de
1043 3807 1149 3864 illis
1165 3806 1384 3880 quidem
1409 3806 1749 3865 sermonibus
1775 3807 1869 3880 qui
1900 3816 2059 3864 erant

468 3894 727 3964 Deitatis,
770 3897 1033 3956 suadebat
1076 3900 1233 3955 nobis
1285 3906 1347 3955 ut
1391 3900 1703 3956 necessario
1753 3898 1809 3955 in
1856 3900 2057 3958 nostris

469 3989 885 4064 cogitationibus
922 3988 1283 4049 humilitatem
1326 3991 1757 4059 ostenderemus,
1789 3991 2057 4064 siquidem

468 4078 614 4139 Deus
637 4083 861 4138 verbum
902 4081 1034 4139 talia
1079 4086 1271 4155 sponte
1321 4082 1515 4141 fecisse
1558 4082 1864 4151 videbatur,
1895 4084 1971 4141 ita
1997 4092 2059 4141 ut

2156 3709 2397 3783 epexisse
2416 3708 2647 3768 dicentis
2666 3730 2681 3769 :
2698 3706 3069 3770 Humilitatem
3088 3726 3186 3771 vos
3206 3715 3583 3774 existimantes
3593 3716 3754 3775 aiter-

2154 3812 2337 3861 utrum
2367 3805 2520 3863 vobis
2566 3806 2987 3878 supereminere.
3036 3806 3269 3865 Evidells
3304 3812 3388 3866 est
3418 3806 3566 3865 enim
3610 3820 3752 3882 quo-

2155 3897 2304 3953 niam
2344 3896 2399 3953 in
2437 3898 2588 3956 hisce
2633 3898 2816 3957 verbis
2861 3912 2970 3957 non
3016 3899 3255 3958 minores
3301 3902 3458 3959 docet
3501 3902 3749 3961 debitum
3848 3924 3855 3935 -

2155 3988 2416 4044 honorem
2436 3986 2730 4061 majoribus
2749 3990 3081 4060 persolvere,
3097 3992 3191 4048 sed
3212 3996 3522 4062 excalciatos
3540 3993 3750 4051 honore

2155 4079 2430 4146 admonet,
2461 4088 2517 4135 ut
2546 4092 2643 4151 per
2672 4078 3036 4138 humilitatem
3079 4082 3399 4140 alterutrum
3425 4094 3488 4141 se
3517 4086 3625 4142 sibi
3652 4100 3747 4144 su-

468 4188 570 4248 pro
593 4174 823 4232 aliorum
849 4176 1024 4233 salute
1047 4176 1536 4249 prmhonorandarn
1584 4177 1836 4235 omnibus
1860 4177 2054 4234 existi-
2152 4173 2493 4244 pcreminere
2534 4173 2864 4231 existiment.
2900 4176 3053 4233 Unde
3081 4182 3139 4232 et
3181 4176 3503 4234 alterutrum
3538 4180 3745 4250 puniit,

471 4274 648 4324 uiaret
673 4267 1071 4335 humilitatem;
1102 4270 1172 4325 de
1200 4268 1309 4325 illis
1330 4282 1461 4325 vero
1485 4284 1606 4340 quae
1632 4270 1925 4326 secundum
1954 4269 2056 4326 hu-
2152 4270 2214 4321 et
2241 4274 2297 4323 et
2332 4266 2426 4324 isti
2453 4278 2582 4340 erga
2611 4267 2762 4335 illos,
2788 4272 2844 4323 et
2869 4268 2944 4324 illi
2980 4280 3110 4341 erga
3138 4269 3273 4326 istos
3301 4270 3455 4341 paria
3500 4273 3740 4342 sapiant.

470 4358 786 4416 manitatem
812 4356 954 4414 facta
980 4366 1106 4415 sunt
1127 4358 1444 4416 ostendebat
1460 4358 1783 4416 lucrativam
1800 4373 1923 4418 esse
1938 4376 2054 4418 rem
2150 4355 2234 4413 Ad
2259 4358 2363 4414 hoc
2397 4359 2561 4414 etiam
2586 4367 2643 4415 et
2667 4359 2973 4431 exemplum
3002 4368 3219 4432 aptasse
3252 4363 3401 4419 ﬁalis
3427 4372 3544 4431 est,
3576 4366 3745 4438 siqui—

470 4462 632 4522 agere
659 4446 881 4514 volenti.
912 4460 981 4506 ex
1006 4449 1202 4521 quibus
1224 4446 1314 4505 ille
1343 4456 1466 4521 post
1489 4449 1795 4521 passionem
1820 4450 1877 4507 in
1903 4458 2055 4508 tanta
2149 4446 2275 4504 dem
2303 4447 2551 4506 Christus
2570 4451 2638 4506 ad
2655 4450 2871 4507 Patrem
2897 4453 3194 4513 secundum
3223 4452 3461 4511 divinam
3486 4464 3742 4514 naturam

469 4540 715 4596 constitit
746 4538 937 4612 gloria.
974 4534 1127 4597 Unde
1165 4540 1356 4596 dicens
1384 4558 1399 4595 :
1424 4540 1598 4611 facta:
1620 4540 1863 4599 obediens
1886 4558 2049 4617 usque
2074 4598 2125 4617 ἢ
2150 4539 2513 4610 aequalitatem
2533 4542 2812 4598 vindicans
2835 4544 3104 4614 acquievit
3137 4545 3192 4600 in
3223 4544 3440 4604 homine
3471 4549 3740 4617 habitare,

469 4632 540 4705 ad
564 4642 801 4699 mortem,
832 4638 1051 4688 mortem
1074 4641 1250 4689 autem
1281 4634 1469 4702 crucis,
1492 4635 1635 4706 quod
1670 4635 1887 4708 quidem
1928 4646 2048 4695 erat
2071 4632 2127 4660 ¹¹
2150 4642 2208 4688 et
2232 4632 2312 4689 sic
2338 4634 2587 4704 exiguam
2625 4634 2764 4706 apud
2795 4636 3042 4693 homines
3064 4638 3375 4708 opinionem
3411 4644 3737 4714 acquirere:

466 4720 819 4782 humanitatis
864 4726 1173 4797 proprium,
1233 4742 1353 4797 qua:
1412 4722 1719 4784 humanitas
1773 4730 1935 4786 etiam
1990 4739 2047 4787 et
2148 4725 2227 4781 ita
2254 4733 2315 4781 ut
2339 4740 2439 4784 nec
2463 4728 2795 4786 aestimarent
2817 4742 2941 4787 eum
2969 4730 3115 4788 aliud
3161 4733 3291 4805 quid
3324 4742 3452 4792 tunc
3482 4750 3584 4795 nec
3619 4754 3742 4797 esse

465 4815 775 4888 passionem
813 4816 1115 4887 suscepisse
1139 4814 1443 4874 videbatur.
1494 4816 1889 4876 Ostendebatur
1914 4836 2046 4878 vero
2149 4826 2373 4891 propter
2406 4819 2678 4877 hominem
2728 4822 2932 4890 solum,
2976 4823 3120 4894 quod
3164 4832 3223 4881 et
3260 4840 3381 4882 esse
3424 4828 3737 4898 videbatur,

465 4920 537 4965 ex
562 4906 858 4965 divinitatis
893 4908 1235 4967 sermonibus
1259 4911 1329 4966 ad
1360 4908 1792 4969 exhortationem
1829 4910 2047 4971 humili-
2148 4910 2293 4966 ultra
2319 4925 2449 4968 vero
2478 4926 2585 4968 non
2614 4922 2734 4970 erat
2758 4924 2943 4985 aptum
2977 4915 3024 4972 si
3059 4916 3261 4973 nullam
3290 4919 3499 4977 habens
3536 4923 3609 4978 ad
3630 4922 3738 4979 Pa-

464 4998 598 5055 tatis
624 5010 723 5069 per
745 5008 908 5069 quam
930 4997 1124 5056 licebat
1148 5014 1255 5056 non
1280 5000 1390 5071 pati
1420 5001 1466 5057 si
1491 5000 1771 5069 voluisset,
1800 5001 1996 5073 adjecit
2024 5022 2041 5061 :
2149 5009 2287 5061 trem
2313 5004 2699 5077 aequalitatem,
2728 5015 3055 5079 [inceptum
3098 5011 3434 5069 solummodo
3476 5010 3735 5086 implebat

536 5089 764 5163 Propter
780 5090 919 5162 quod
938 5096 988 5147 et
1013 5090 1155 5148 Delta
1178 5093 1329 5149 illum
1354 5092 1621 5150 exultavit.
1651 5094 1846 5151 Nescio
1874 5095 1922 5151 si
1947 5095 2046 5153 ali-
2146 5101 2341 5151 natura
2366 5095 2506 5167 ipsa,
2536 5106 2598 5153 ut
2622 5098 3021 5170 obtemperaret
3034 5100 3084 5157 ei
3105 5102 3430 5160 necessitate
3456 5103 3533 5161 illi
3560 5105 3734 5178 impo-

466 5179 588 5272 quis
615 5178 695 5236 sic
939 5179 1167 5272 inveniri
1190 5183 1381 5253 possit,
1409 5183 1485 5241 ita
1508 5188 1567 5241 ut
1590 5188 1712 5256 post
1736 5185 2043 5255 passionem
2146 5199 2327 5246 nente.
2363 5190 2551 5262 itaque
2600 5200 2658 5250 et
2704 5193 2993 5250 ridiculum
3022 5196 3141 5253 erat
3165 5198 3459 5254 secundum
3482 5197 3728 5272 Apostoii

464 5270 760 5327 exaltatum
786 5268 954 5329 fuisse
984 5270 1079 5330 Dei
1105 5273 1329 5330 verbum
1357 5275 1649 5333 existimet.
1680 5276 1812 5346 Quae
1836 5286 1921 5335 est
1948 5292 2045 5335 au-
2146 5282 2520 5349 illtentionem,
2566 5292 2628 5339 at
2669 5285 2894 5354 diceret,
2922 5289 3177 5359 quoniam
3223 5296 3280 5346 et
3326 5268 3577 5349 Christus
3622 5306 3728 5350 non

466 5368 578 5419 tem
606 5361 722 5433 ipsa
751 5362 1044 5421 exultatio?
1070 5361 1141 5456 Si
1173 5366 1383 5423 donauit
1426 5366 1507 5423 illi
1552 5382 1738 5426 nomen
1782 5372 1922 5444 quod
1965 5385 2042 5430 est
2145 5376 2439 5433 insurrexit
2460 5378 2719 5436 adversus
2732 5379 3161 5453 Patrem,neqoe
3181 5388 3406 5440 conatus
3428 5393 3511 5440 est
3535 5394 3727 5456 rapere

465 5464 791 5525 superamus
810 5464 1017 5513 nmen.
1048 5455 1258 5515 Nomen
1288 5458 1509 5517 evidens
1528 5468 1630 5528 est,
1646 5463 1904 5532 quoniam
1928 5480 2039 5521 non
2145 5469 2293 5526 illam
2343 5471 2726 5543 aequalitatem,
2754 5486 2917 5545 quam
2952 5486 3076 5531 cum
3105 5475 3269 5532 Patre
3303 5477 3555 5543 habebat,
3588 5455 3723 5534 emi-

464 5545 806 5644 Muiuln,
983 5560 1099 5644 rem
1127 5552 1417 5644 quamdam
1456 5550 1589 5608 dicit
1618 5553 1938 5624 acquisitam
1965 5557 2037 5624 ei,
2142 5563 2265 5620 silio
2310 5564 2416 5621 illis
2458 5565 2643 5635 dante,
2672 5570 2734 5623 tit
2772 5567 3015 5639 mqualea
3055 5568 3161 5625 sibi
3206 5566 3582 5626 existimarent
3624 5578 3723 5644 per

460 5634 871 5734 εἰωι
908 5642 1178 5734 scriptum
1308 5641 1418 5699 εει
1444 5654 1755 5716 cognoscant
1789 5650 2041 5721 quoniam
2142 5654 2409 5712 bonorum
2460 5634 2681 5714 actuum
2716 5634 3175 5732 conparationem,
3223 5672 3324 5734 per
3364 5634 3719 5720 humilitatem

462 5740 654 5826 mulieri
1092 5732 1181 5806 (ιι
1209 5732 1337 5790 Per.
1368 5734 1465 5809 νι),
1510 5739 1614 5793 hoc
1653 5746 1759 5806 est,
1784 5740 2039 5811 quoniam
2141 5746 2544 5817 supereminere
2561 5750 2665 5807 sibi
2689 5729 3086 5809 existimarent.
3112 5729 3299 5826 itaque
3318 5754 3508 5814 beatus
3528 5753 3721 5813 Paulus

460 5822 526 5875 ⁸⁸
565 5818 846 5883 Mill“
887 5824 1278 5897 ιιιιοφτοιιωι
1306 5842 1449 5889 diem
1488 5827 1603 5900 ipso
1639 5829 1771 5902 Quid
1809 5832 1879 5889 sit
1910 5831 2040 5893 illud
2140 5839 2221 5897 sic
2245 5856 2343 5914 per
2369 5843 2550 5903 omnia
2580 5844 3015 5908 exhortationem
3045 5818 3253 5910 facietis
3280 5849 3480 5919 adiicit.
