3986 6338
245 384 358 450 s95

750 390 1300 461 assummum
1333 386 1404 463 la
1439 402 1592 464 app.
1625 404 1833 467 rsum
1865 408 1995 467 un.
2033 411 2175 471 xxx.
2211 442 2284 459 -
2317 396 2387 475 in
2422 418 2640 479 EPIST.
2674 422 2773 480 an
2805 424 3089 503 plnupp.

3396 438 3505 496 ιθι

315 521 525 597 Itaque,
546 523 842 585 ιλιιὼείηή
866 530 991 599 mei,
1017 532 1153 589 sicut
1189 546 1389 608 semper
1430 537 1675 595 obedistis
1719 556 1784 597 no

1885 542 1904 587 ι
1998 521 2165 595 Spero
2212 536 2389 584 autem
2434 529 2490 585 in
2518 530 2747 589 Domino
2772 534 2900 593 Iesu
2935 539 3141 597 Christo
3172 539 3501 605 Timotheum

233 623 303 670 stt
325 615 384 672 in
408 619 690 687 prtesentis
718 621 820 675 mei
855 630 1082 692 tantum,
1109 626 1202 680 sed
1226 625 1391 683 ηιιιιιο
1414 630 1582 699 magis
1602 646 1739 686 nunc
1765 632 1784 686 i

1895 612 1907 632 ⁸
1926 629 2008 669 me
2032 616 2135 671 cito
2162 618 2363 674 mittere
2383 608 2455 675 ad
2483 639 2593 690 vos,
2615 635 2672 678 ut
2695 635 2744 680 et
2775 643 2869 699 ego
2892 628 3023 685 bono
3055 634 3230 687 animo
3257 635 3378 703 sim,
3410 655 3501 693 co-

231 705 480 763 nuentia
516 722 652 775 mea,
682 724 802 765 cum
842 722 984 768 metu
1012 723 1061 769 et
1086 724 1310 772 tremore
1336 728 1561 775 uestram
1597 720 1784 778 salutet

1922 704 2080 776 gnitis‘
2120 723 2237 779 qua:
2259 709 2398 765 circa
2444 728 2532 767 vos
2578 725 2718 782 sunt,
2742 717 2998 774 neminem
3031 721 3168 776 enim
3191 722 3353 793 habeo
3391 737 3496 782 tam

229 799 549 868 operamini.
597 798 810 872 Optime
837 813 895 861 et
918 809 1232 864 memoriam
1259 810 1659 881 prmseritorum
1691 829 1821 886 per-

1923 800 2221 858 unanimem
2261 807 2351 876 qui
2384 807 2587 865 sincera
2622 812 2900 883 affectione
2941 833 3037 887 pro
3071 818 3210 874 vobis
3241 820 3495 878 sollicitus

226 890 409 947 suasit
575 892 717 987 nihil
746 895 1023 970 indignum
1057 900 1164 957 sibi
1205 912 1415 974 sapere,
1443 904 1541 961 sed
1576 906 1705 963 talia
1740 905 1784 963 ia

1918 889 2007 945 sit.
2047 890 2238 987 omnes
2273 897 2415 953 enim
2456 916 2576 987 qua:
2616 920 2714 958 sua
2748 914 2871 960 sunt
2913 919 3177 979 quierunt,
3228 928 3334 968 non
3377 930 3496 984 qua:

226 989 363 1034 cere
379 982 559 1054 qualia
570 992 626 1042 et
638 985 891 1057 primitus
900 987 1188 1060 faciebant,
1202 1009 1385 1051 coram
1395 994 1514 1067 ipso
1533 997 1819 1057 etauimas-

219 1075 455 1148 quiores
498 1075 703 1137 faciens
749 1094 844 1139 eos
890 1096 1054 1155 super
1085 1086 1428 1144 convenienti
1478 1087 1589 1146 illis
1635 1090 1819 1148 studio

219 1167 611 1240 adjicit..Detts
633 1174 774 1230 enim
804 1185 883 1233 est
909 1178 1330 1251 quiinoperetur
1352 1181 1409 1237 in
1435 1182 1579 1238 vobis
1606 1190 1660 1240 et
1686 1183 1819 1241 reus

214 1269 269 1315 et
296 1261 572 1333 imperari
588 1282 683 1337 pro
704 1267 1044 1339 beneptaeito.
1075 1268 1169 1328 Sic
1184 1272 1333 1329 enim
1360 1271 1612 1332 alacritas
1632 1282 1814 1332 vestra

212 1354 598 1425 cooperariam
638 1355 907 1435 invenerit
937 1359 1043 1418 sibi
1070 1361 1166 1419 D‘ei
1211 1364 1474 1436 gratiam;
1506 1366 1819 1425 necessarie

210 1457 282 1499 eo
328 1455 664 1516 cooperante
711 1447 865 1507 vobis
888 1459 951 1508 ut
996 1454 1246 1526 cogitetis
1271 1463 1330 1512 et
1362 1456 1537 1529 agatis
1570 1456 1812 1529 illaque:

210 1543 347 1591 sunt
382 1536 495 1593 Deo
536 1536 770 1611 placita,
802 1541 883 1597 sic
912 1542 1058 1598 enim
1103 1543 1237 1601 dicit
1275 1558 1372 1618 pro
1415 1545 1552 1603 bono
1589 1547 1806 1618 placito.

208 1624 407 1698 (Διιε.)
437 1627 657 1701 Deinde,
687 1630 756 1687 ad
797 1631 1227 1699 exhortationem
1269 1637 1517 1707 perducit
1554 1640 1805 1696 verbum.

208 1717 418 1774 Mirum
459 1729 641 1777 autem
680 1730 765 1779 est
790 1724 936 1795 quod
969 1728 1261 1797 pradicato
1291 1728 1550 1787 crocitle
1574 1732 1805 1789 audiunt

204 1809 344 1876 duo,
384 1826 525 1867 unus
551 1814 878 1883 contemnit,
909 1815 1047 1873 alter
1080 1819 1360 1877 ascendit:
1386 1821 1478 1891 qui
1505 1824 1803 1879 contemnit

203 1900 448 1973 imputet
476 1903 595 1969 sibi,
627 1905 719 1976 qui
749 1877 993 1964 ascendit
1020 1925 1128 1967 non
1166 1921 1382 1985 arroget
1402 1877 1784 1988 .sibi,nevquo_t

1903 1877 2113 1962 servivit
2152 1908 2207 1963 in

200 1991 439 2049 humilis
488 1995 707 2063 meruit,
748 1997 1013 2067 superbus
1055 2000 1286 2059 amittat.
1334 2001 1469 2059 Nam
1498 2004 1665 2061 etiam
1706 2004 1800 2076 qui

191 2082 313 2156 jam
348 2086 410 2142 in
437 2086 523 2143 via
537 2085 687 2157 justa
707 2090 1052 2149 ambulabant
1073 2108 1181 2150 non
1206 2095 1308 2153 sibi
1338 2110 1459 2153 eam
1512 2097 1801 2155 tribuerint

199 2186 258 2234 et
281 2178 502 2237 viribus
535 2179 682 2248 suis,
705 2194 776 2239 ne
803 2191 1027 2255 pereant
1051 2184 1118 2241 de
1138 2184 1251 2241 illa.
1287 2184 1411 2244 ideo
1437 2187 1800 2246 humilitatem

195 2284 299 2326 nos
331 2268 540 2328 doceas
565 2280 751 2329 sancta
773 2270 1052 2348 Scriptura
1074 2289 1173 2347 per
1188 2275 1507 2349 Apostolum
1532 2277 1794 2350 loquitur,

195 2380 322 2420 aut
353 2364 545 2421 timore
580 2374 631 2423 et
659 2375 881 2425 tremore
916 2379 1143 2426 vestram
1185 2370 1537 2445 ipsorumque
1571 2372 1794 2430 salutem

190 2460 513 2531 operamini,
543 2466 599 2517 et
623 2476 694 2520 ne
735 2462 861 2520 inde
904 2465 1009 2522 sibi
1038 2466 1243 2537 aliquid
1281 2469 1474 2526 darent
1500 2470 1628 2542 quia
1658 2469 1794 2527 dixit

189 2553 516 2622 operamini,
561 2554 816 2612 continuo
858 2555 1133 2627 subiunxit
1166 2574 1182 2615 :
1218 2559 1359 2617 Deus
1404 2561 1542 2617 enim
1579 2571 1655 2618 est
1701 2562 1805 2634 qui.

187 2650 454 2713 operatur
475 2642 531 2699 in
552 2644 694 2701 vobis
712 2654 762 2702 et
788 2645 913 2703 velte
930 2644 981 2704 et
1001 2652 1208 2723 aperari
1226 2668 1322 2723 pro
1343 2650 1477 2709 bona
1498 2652 1786 2709 voluntate.

186 2732 342 2791 Deus
373 2745 461 2791 est
484 2736 577 2808 qui
605 2747 861 2810 operatur
883 2740 940 2798 in
967 2742 1140 2810 vobis,
1162 2742 1284 2801 ideo
1307 2759 1433 2803 cum
1463 2746 1657 2803 timore
1682 2747 1789 2803 val-

182 2825 293 2885 lem
351 2826 548 2897 facite,
576 2830 805 2891 imbrem
850 2835 1142 2907 suscipite,
1171 2837 1426 2910 depressa
1472 2839 1783 2911 implentur,

184 2919 299 2977 alta
349 2921 651 2992 siccantur,
679 2925 853 2997 gratia
890 2926 1068 2998 pluvia
1097 2937 1202 2985 est.
1243 2930 1383 2999 Quid
1408 2946 1540 3004 ergo
1566 2932 1786 2989 miraris

182 3014 229 3071 si
260 3016 419 3073 Dens
449 3016 698 3087 superbis
733 3018 938 3075 resistit
956 3054 973 3087 ,
1001 3019 1294 3079 humilibus
1334 3030 1517 3079 autem
1539 3022 1632 3079 dat
1655 3036 1784 3096 gra-

184 3109 319 3164 tiam
334 3109 363 3163 2
390 3107 515 3165 ideo
536 3118 665 3167 eum
692 3109 885 3169 timore
908 3120 967 3169 et
990 3121 1244 3181 tremore,
1266 3114 1319 3173 id
1343 3123 1427 3172 est
1444 3128 1574 3173 cum
1599 3116 1781 3175 humi-

182 3197 367 3303 litate,
398 3197 955 3312 :toiiettumnsapere,
987 3202 1079 3258 sed
1114 3203 1237 3259 time
1267 3201 1442 3308 (Rom.
1484 3191 1855 3312 '11).I‘Timelc

180 3298 243 3347 ut
275 3289 595 3361 implearis,
624 3291 734 3349 nell
772 3291 942 3349 altum
978 3308 1166 3365 sapere
1194 3310 1265 3351 ne
1304 3296 1547 3353 siceeris.
1586 3296 1781 3356 Omnia

181 3393 389 3450 utens,
416 3383 621 3455 inquit,
652 3384 812 3455 {deﬂe
850 3387 965 3443 sine
1008 3389 1507 3446 murmurationibus
1531 3399 1581 3446 et
1611 3391 1781 3448 disce-

180 3476 533 3547 ptationibus,
558 3486 615 3532 ut
645 3478 758 3535 sitis
786 3478 899 3535 sine
926 3479 1139 3555 querela
1179 3490 1228 3537 et
1263 3482 1523 3554 simplices
1550 3483 1652 3555 ﬁlii
1680 3484 1781 3541 Dei

180 3569 291 3624 sine
322 3569 726 3640 reprehensione
744 3570 799 3624 in
822 3571 991 3627 medio
1011 3573 1240 3629 nationis
1258 3586 1435 3644 praete
1455 3584 1504 3630 et
1524 3591 1779 3646 perversa

178 3661 319 3716 inter
348 3672 481 3733 quos
522 3660 705 3719 lucetis
741 3662 876 3721 sicut
911 3661 1193 3721 luminaria
1234 3664 1293 3720 in
1319 3666 1537 3733 munde,
1566 3667 1777 3723 uerbum

120 3806 133 3817 ,
176 3753 299 3809 sit:
336 3754 659 3813 continentes
682 3753 753 3808 ad
776 3752 995 3824 gloriam
1024 3770 1195 3809 meam
1224 3755 1281 3809 in
1308 3754 1393 3811 die
1419 3754 1634 3813 Christi.
1683 3756 1778 3815 Sic

175 3847 329 3902 enim
356 3845 503 3902 inter
533 3845 739 3905 medios
760 3846 1007 3903 homines
1036 3845 1156 3909 illos
1180 3846 1273 3918 qui
1303 3847 1627 3905 deteriorem
1651 3848 1775 3919 plu-

178 3936 387 3992 rimam
414 3936 617 3995 habent
636 3935 1049 3997 sollicitudinem
1071 3938 1398 4009 apparebitis
1422 3939 1771 4012 irrepreben-

176 4030 396 4098 sibiles,
427 4040 484 4087 et
507 4030 695 4102 quales
723 4031 878 4088 decet
921 4046 1182 4104 apparere
1219 4031 1340 4088 illos
1367 4032 1461 4104 qui
1498 4032 1553 4089 in
1581 4033 1774 4093 ordine

176 4133 305 4180 sunt
356 4123 594 4180 ﬁliorum
622 4123 717 4181 Dei
751 4122 949 4191 eﬂ'ecti,
977 4124 1053 4181 ita
1097 4133 1157 4180 ut
1186 4125 1475 4185 virtutibus
1515 4125 1773 4183 illustrsti

176 4216 451 4291 fulgentes
478 4215 623 4273 inter
646 4215 769 4274 illos
806 4216 876 4279 ad
917 4216 1329 4277 similitudinem
1356 4217 1770 4279 iuminariorum

173 4320 230 4369 et
250 4316 639 4383 exspectantes
682 4311 829 4369 illam
873 4320 1133 4375 aeternam
1160 4315 1329 4371 vitam
1368 4315 1428 4373 in
1462 4316 1647 4375 futuro
1679 4316 1771 4373 illo

173 4405 285 4472 die,
315 4405 379 4460 in
408 4414 518 4475 quo
542 4413 600 4461 et
624 4405 757 4462 mihi
802 4407 1083 4477 proveniet
1107 4407 1365 4480 gloriari,
1391 4417 1448 4469 et
1476 4409 1770 4467 ostendens

172 4499 319 4570 quod
348 4497 565 4554 illorum
583 4496 856 4570 proiectus
886 4500 1109 4557 multam
1148 4510 1206 4559 et
1231 4501 1307 4557 illi
1330 4502 1611 4573 praestabit
1636 4501 1771 4559 ﬁdu-

171 4592 315 4647 ciam
348 4592 445 4662 qui
473 4590 567 4647 ﬁet
591 4590 645 4647 in
671 4590 883 4649 melius.
905 4591 1045 4659 Quia
1068 4608 1173 4648 non
1200 4593 1256 4648 in
1279 4604 1503 4649 uacuum
1528 4591 1763 4659 cucurri,
1788 4618 1845 4682 Β

172 4700 341 4756 neque
381 4683 441 4738 in
486 4696 706 4739 uacuum
751 4682 1137 4740 laberaoi:sed
1182 4684 1279 4740 etsi
1321 4682 1565 4740 immolor
1602 4696 1763 4753 supra

172 4773 505 4844 sacriﬁcium
524 4775 585 4828 in
608 4775 913 4848 obsequium
939 4775 1065 4846 ﬁdei
1090 4785 1289 4843 vestrm,
1326 4775 1530 4847 gaudeo
1558 4784 1607 4830 et
1637 4790 1762 4830 con-

170 4866 417 4938 gratutor
451 4867 687 4922 omnibtts
729 4868 872 4925 vobis
906 4881 926 4921 :
960 4868 1188 4939 idipsum
1231 4877 1403 4924 autem
1431 4876 1481 4923 et
1514 4883 1599 4923 vos
1624 4883 1759 4938 gau-

172 4957 289 5014 dete
323 4969 375 5014 et
402 4958 843 5029 congrmtamini
870 4960 1019 5015 mihi.
1052 4958 1285 5031 (Ambr.)
1312 4957 1478 5015 Vobis
1507 4957 1763 5016 sollicitis

172 5048 241 5106 de
264 5051 475 5105 virtute
509 5049 862 5123 existentibus
892 5050 1135 5124 gratulor
1159 5060 1216 5109 et
1242 5050 1356 5121 ipse
1391 5065 1485 5122 spe
1512 5048 1622 5115 illa,
1655 5063 1760 5121 qua

172 5148 229 5195 et
250 5139 308 5195 in
338 5138 729 5196 futurosaaculo
741 5155 861 5197 sum
886 5140 951 5197 de
979 5141 1127 5198 vobis
1148 5140 1518 5199 exsultaturus
1545 5160 1559 5197 :
1583 5139 1764 5197 sciens

172 5231 305 5302 quia
349 5240 463 5287 non
488 5242 623 5288 vane
650 5246 749 5304 pro
788 5231 895 5291 ﬁde
933 5232 1207 5303 laboravi;
1240 5235 1335 5291 sed
1366 5232 1520 5304 justa
1550 5233 1764 5291 ratione

168 5324 361 5379 omnia
386 5323 647 5391 sustineo,
673 5324 803 5380 licet
828 5340 926 5395 pro
949 5324 1104 5383 vobis
1130 5326 1295 5385 etiam
1316 5333 1547 5381 mortem
1577 5324 1761 5383 subire

172 5417 279 5473 sim
319 5425 563 5488 paratus,
589 5414 742 5477 vobis
772 5417 927 5489 quasi
964 5416 1183 5487 aliquod
1228 5417 1558 5475 sacriﬁcium
1598 5414 1757 5471 iidem

172 5516 417 5566 vestram
452 5508 561 5564 Deo
594 5495 972 5576 oil‘ereutibus,
1001 5522 1092 5565 me
1119 5515 1300 5565 auum
1332 5507 1400 5564 ad
1432 5508 1605 5563 instar
1630 5506 1763 5563 liba—

174 5601 344 5657 tionis
379 5601 655 5674 proprium
697 5603 1011 5676 sanguinem
1039 5600 1193 5657 vobis
1236 5597 1569 5657 iniundente.
1616 5598 1761 5655 Bene

171 5700 362 5747 autem
396 5693 569 5749 dixit:
592 5690 691 5750 hoc
724 5694 897 5766 ipsum
924 5703 975 5750 et
1002 5709 1091 5750 eos
1122 5692 1300 5763 facite,
1330 5692 1435 5748 hoc
1461 5699 1518 5749 et
1552 5689 1761 5761 justum

172 5791 267 5842 est
288 5792 349 5841 et
374 5800 471 5842 vos
490 5801 559 5842 ex
581 5786 779 5857 quibus
796 5787 981 5861 agitis,
1001 5795 1062 5845 ut
1086 5784 1223 5845 socii
1252 5783 1556 5858 appareatis
1579 5781 1759 5856 gaudii

173 5878 313 5937 mei.
343 5878 544 5940 Deinde
567 5879 761 5951 adjecit
780 5898 800 5937 ε

1918 992 2040 1038 sunt
2062 980 2190 1040 Jesu
2213 984 2425 1046 Christi.
2463 980 2728 1060 Quoniam
2766 1011 2945 1067 spero,
2985 1000 3179 1071 inquit,
3219 1001 3330 1059 cito
3368 980 3496 1061 mit-

1918 1086 2035 1136 tere
2060 1078 2213 1138 vobis
2233 1083 2594 1156 Timotheum,
2624 1089 2699 1144 ita
2727 1098 2787 1144 ut
2814 1093 2986 1163 magis
3013 1095 3154 1151 bono
3179 1097 3361 1153 animo
3387 1098 3490 1154 sim

1914 1184 2014 1241 per
2039 1170 2189 1227 illum
2217 1175 2527 1235 cautissime
2553 1174 2707 1236 vobis
2739 1178 3033 1253 instructis,
3058 1182 3124 1243 eo
3145 1189 3289 1259 quod
3317 1205 3493 1262 neque

1913 1260 2088 1320 habeo
2136 1263 2302 1322 alium
2349 1268 2429 1326 sic
2470 1273 2781 1331 unanimem
2824 1285 2881 1332 et
2923 1278 3201 1339 ail‘ectiose
3245 1284 3310 1340 de
3338 1260 3491 1342 vobis

1912 1352 2202 1433 sollicitum
2259 1361 2510 1419 omnibus
2576 1364 2665 1419 illa
2715 1368 3180 1430 considerantibus
3228 1390 3349 1445 qua:
3391 1391 3489 1433 sua

1911 1455 2056 1511 sunt.
2104 1446 2313 1507 indicat
2354 1454 2498 1509 enim
2541 1453 2610 1512 de
2662 1450 2768 1514 illis
2818 1460 2911 1530 qui
2962 1477 3030 1519 ex
3077 1464 3489 1525 circumcisione

1909 1547 2058 1607 sunt,
2103 1549 2160 1598 et
2199 1545 2487 1603 ostendere
2536 1548 2757 1622 cupiens
2826 1554 3080 1624 quoniam
3127 1555 3232 1612 ista
3279 1574 3387 1614 non
3431 1562 3490 1616 in

1908 1633 2138 1705 gratiam
2161 1634 2428 1694 Timothei
2453 1639 2602 1708 dicit,
2653 1636 2890 1715 ipsorum
2936 1645 3110 1703 utitur
3152 1649 3484 1719 testimonio,

1908 1732 2095 1796 utpote
2123 1726 2422 1786 scientibus
2445 1745 2593 1797 eum,
2620 1740 2676 1786 et
2703 1724 2832 1789 dicit
2858 1750 2875 1789 :
2912 1730 3342 1807 Experimentum
3383 1732 3487 1795 au-

1908 1824 2012 1891 tem
2041 1818 2158 1889 ejus
2181 1821 2493 1899 cognoscite,
2524 1825 2775 1895 quantum
2802 1825 2936 1881 sicut
2958 1829 3099 1898 patri
3113 1829 3257 1899 ﬁlius
3283 1849 3483 1889 mecum

2212 1835 2493 1963 οέηοεαιε,
2524 1835 2775 1895 quantum
2802 1835 2936 1881 sicut
2958 1835 3099 1898 patri
3113 1835 3257 1899 ﬁlius
3283 1849 3483 1889 mecum

2286 1906 2540 1982 vangelio.
2574 1906 2645 1969 Et
2666 1908 2861 1970 iterum
2892 1912 3077 1988 adjicit
3102 1930 3115 1972 :
3142 1912 3299 1976 Hunc
3322 1920 3486 1994 igitur

1901 2015 2052 2069 spero
2083 2017 2164 2056 me
2188 2003 2399 2085 mittere
2423 2004 2492 2060 ad
2522 2023 2628 2072 vos,
2653 2024 2777 2063 mox
2805 2018 2864 2064 ut
2884 2008 3061 2067 videro
3080 2029 3197 2084 qua:
3229 2014 3370 2070 circa
3400 2034 3482 2072 me

1899 2102 2041 2148 sunt.
2057 2092 2352 2152 Confestim
2368 2099 2622 2168 quoniam
2642 2103 2852 2158 mittam
2865 2103 3013 2159 illum
3029 2100 3200 2174 vobis,
3218 2116 3274 2163 at
3286 2109 3375 2164 ubi
3390 2092 3481 2165 illa

1898 2200 2020 2257 quae
2055 2174 2352 2245 secundum
2384 2205 2472 2249 me
2499 2201 2625 2249 sunt
2656 2195 2844 2252 videro
2876 2205 2932 2253 et
2964 2199 3160 2265 sciero,
3189 2199 3243 2255 in
3285 2194 3480 2270 quibus

1896 2288 2056 2347 sunt,
2096 2276 2243 2338 omni
2290 2283 2544 2343 dilatione
2589 2287 2908 2359 postposita.
2955 2288 3175 2360 Con/ida
3206 2294 3380 2347 autem
3425 2294 3478 2347 in

1899 2370 2140 2442 Domino,
2170 2376 2415 2447 quoniam
2449 2388 2497 2434 et
2524 2378 2633 2450 ipse
2663 2380 2766 2437 cito
2801 2383 3004 2438 ueniam
3044 2384 3114 2439 ad
3146 2402 3251 2440 vos.
3279 2385 3479 2455 Adjicit

1894 2471 2076 2520 autem
2141 2466 2398 2536 quoniam
2434 2477 2488 2524 et
2537 2469 2653 2541 ipse
2691 2471 2844 2529 valde
2877 2473 3107 2530 credidit
3132 2460 3243 2531 Deo
3288 2475 3477 2534 venire

1892 2556 1961 2612 ad
1993 2562 2111 2625 ens,
2149 2556 2292 2614 unde
2318 2556 2504 2628 adjicit
2537 2578 2550 2615 :
2578 2560 2944 2619 Necessarium
2983 2573 3157 2620 autem
3181 2565 3476 2623 existimavi

1891 2647 2310 2719 Epaphroditum
2359 2651 2575 2721 fratrem
2615 2663 2666 2710 et
2700 2666 3089 2726 cooperatorem
3123 2666 3171 2713 et
3214 2659 3470 2716 commili-

1892 2748 2065 2795 tonem
2115 2757 2317 2807 meum,
2377 2754 2601 2800 vestrum
2664 2756 2835 2802 autem
2867 2746 3175 2818 Apostolum
3217 2762 3266 2804 et
3312 2750 3472 2806 mini-

1887 2841 2055 2887 strum
2100 2834 2418 2891 necessitatis
2475 2854 2633 2903 mete,
2690 2840 2893 2895 mittere
2935 2840 3006 2894 ad
3043 2856 3165 2906 vos,
3215 2842 3465 2913 quoniam

1886 2925 2098 2998 quidem
2118 2944 2295 2983 omnes
2314 2946 2401 2984 vos
2421 2929 2773 2997 desiderabat,
2796 2942 2845 2988 et
2863 2944 3072 2988 maestus
3090 2942 3202 2988 erat
3236 2943 3471 3004 propter-

1886 3032 1949 3073 ea
1980 3018 2123 3089 quod
2157 3019 2446 3076 audieratis
2485 3021 2635 3076 illum
2676 3022 3031 3093 infirmatam,
3077 3039 3199 3078 nam
3233 3032 3281 3078 et
3322 3023 3470 3093 inﬁr-

1884 3118 2060 3165 matus
2101 3119 2177 3167 est
2209 3127 2384 3184 usque
2420 3112 2490 3167 ad
2530 3118 2900 3169 mortem:sed
2939 3114 3079 3170 Deus
3111 3116 3353 3171 misertus
3391 3122 3467 3171 est

1884 3200 2036 3272 ejus;
2072 3217 2180 3258 non
2215 3201 2385 3258 solum
2419 3214 2595 3260 autem
2625 3204 2772 3276 ejus,
2804 3206 3139 3262 verumetiam
3170 3213 3218 3261 et
3250 3205 3370 3271 mei,
3404 3220 3467 3260 ne

1883 3279 2155 3351 tristitiam
2182 3293 2444 3352 haberem.
2477 3295 2745 3365 Quoniam
2779 3312 2923 3353 nunc
2954 3296 3173 3353 interim
3211 3312 3463 3353 necesse-

1884 3387 2027 3444 rium
2068 3388 2377 3447 existimavi
2403 3390 2828 3463 Epaphroditum
2856 3388 3073 3449 mittere
3118 3391 3185 3447 ad
3224 3407 3341 3457 vos,
3370 3390 3465 3462 qui

1879 3478 2164 3550 operarius
2207 3497 2361 3538 meus
2388 3489 2474 3539 est
2498 3480 2797 3540 secundum
2832 3482 3200 3559 Evangelium.
3230 3481 3462 3556 Aposto-

1879 3568 1965 3626 lus
1987 3582 2168 3628 autem
2197 3582 2380 3631 vester
2409 3583 2493 3632 est
2514 3583 2572 3632 et
2598 3575 2848 3632 minister
2888 3578 3270 3634 necessitatum
3316 3593 3463 3633 mea-

1878 3678 2022 3730 rum,
2050 3672 2111 3721 ut
2143 3663 2291 3721 dicat
2332 3681 2433 3737 per
2475 3681 2637 3739 quem
2689 3668 3066 3725 transmisistis
3103 3668 3192 3725 illa
3236 3684 3357 3740 qua:
3404 3669 3460 3724 in

1876 3766 2009 3808 usus
2041 3769 2195 3811 meos
2222 3770 2445 3812 necesse
2482 3756 2843 3826 habebantur,
2872 3759 3067 3815 deinde
3095 3768 3150 3816 et
3184 3772 3459 3816 commen-

1876 3841 2012 3898 dans
2049 3858 2173 3899 eum
2219 3844 2325 3901 illis
2364 3845 2530 3901 dicit:
2557 3848 2811 3917 quoniam
2852 3857 2908 3904 et
2954 3848 3070 3918 ipse
3113 3848 3459 3905 desiderabat

1874 3946 1990 3998 vos,
2016 3940 2071 3988 et
2091 3933 2326 3990 maxime
2360 3935 2450 3990 illa
2477 3952 2597 4006 quae
2621 3938 2689 3993 de
2710 3938 2861 3994 vobis
2884 3947 3028 3994 sunt.
3057 3928 3162 3994 Per
3186 3938 3456 3994 neminem

1874 4023 2020 4078 enim
2059 4039 2412 4096 cognoscens,
2451 4027 2704 4097 quoniam
2754 4029 2982 4085 audistis
3026 4029 3274 4085 eumdem
3306 4022 3457 4085 inﬁr-

1873 4123 2114 4171 mantem
2157 4132 2171 4170 :
2213 4112 2530 4174 tristabalur
2552 4118 2696 4174 enim
2727 4128 2986 4192 reputans
3034 4120 3310 4176 tristitiam
3364 4134 3457 4176 ve-

1872 4217 2065 4278 stram,
2098 4208 2264 4276 illam,
2296 4226 2457 4282 quam
2483 4227 2583 4283 pro
2612 4228 2678 4269 eo
2714 4212 2915 4270 habere
2947 4213 3298 4281 videbamini,
3327 4224 3454 4269 nam

1871 4311 1927 4359 et
1952 4317 2079 4359 vere
2114 4302 2420 4360 inﬁrmatus
2442 4312 2556 4372 est,
2584 4305 2659 4362 ita
2684 4313 2746 4362 ut
2769 4314 2824 4362 et
2846 4306 3235 4379 propinquaret
3268 4306 3450 4373 morti,

1871 4395 2127 4452 misertus
2154 4405 2239 4451 est
2264 4404 2445 4453 autem
2476 4394 2526 4452 ei
2554 4397 2717 4465 Deus,
2747 4399 2919 4471 magis
2952 4408 3127 4455 autem
3157 4406 3214 4454 et
3240 4398 3370 4453 mihi
3390 4407 3451 4453 ct

1869 4488 1972 4556 illi,
2009 4487 2246 4545 liberans
2274 4504 2397 4545 eum
2425 4489 2494 4546 ab
2526 4486 2859 4556 inﬁrmitate,
2888 4498 2950 4545 ut
2980 4505 3048 4546 ne
3077 4489 3451 4545 circumvalla-

1870 4589 1958 4637 tus
1998 4583 2164 4638 multa
2212 4582 2434 4638 tristitia
2467 4581 2822 4652 adjectioncm
2858 4583 3080 4639 alterius
3117 4581 3346 4637 tristitia:
3380 4597 3446 4637 ex

1872 4678 1992 4750 ejus
2022 4678 2346 4737 sustinerem
2377 4688 2581 4745 morte,
2611 4679 2805 4749 quibus
2835 4664 3053 4746 adjicit:
3087 4672 3446 4731 chtinantius

1869 4790 1992 4845 ergo
2032 4773 2153 4829 misi
2182 4789 2319 4837 eum,
2352 4780 2408 4827 ut
2438 4770 2663 4827 ridentes
2696 4787 2813 4825 eum
2847 4770 3030 4823 iterum
3065 4767 3316 4839 gaudium
3348 4768 3443 4822 ha-

1873 4866 2055 4922 beatis.
2105 4866 2181 4922 Dc
2210 4862 2327 4934 ejus
2364 4862 2673 4926 velocitate,
2714 4872 2776 4916 ut
2815 4868 2871 4916 et
2908 4876 3002 4916 vos
3027 4861 3269 4919 videntes
3319 4877 3441 4916 cum

1869 4954 2066 5028 gaudio
2118 4954 2465 5027 repleamini,
2508 4962 2563 5009 et
2608 4968 2707 5025 ego
2752 4952 2893 5007 ultra
2941 4967 3046 5008 non
3101 4952 3223 5039 sim.
3246 4952 3440 5020 tristis,

1870 5049 2050 5118 sciens
2109 5048 2364 5120 quoniam
2428 5046 2794 5103 consolabitur
2838 5061 2932 5102 vos
2969 5046 3112 5102 illius
3158 5047 3439 5104 adventus.

1873 5139 1971 5195 llis
1993 5156 2123 5211 ergo
2149 5138 2371 5210 adjicit:
2396 5137 2656 5210 Suscipite
2685 5155 2805 5210 ergo
2835 5155 2953 5195 eum
2990 5140 3046 5193 in
3071 5138 3297 5195 Domino
3325 5157 3440 5197 cum

1872 5232 2014 5286 omni
2052 5230 2279 5303 gaudio,
2321 5242 2368 5286 et
2403 5246 2491 5285 eos
2529 5229 2617 5302 qui
2654 5229 2954 5301 Itujusmodi
2992 5240 3113 5286 sunt
3155 5232 3209 5286 in
3247 5231 3442 5287 honore

1870 5323 2074 5392 habete,
2099 5324 2349 5395 quattiam
2365 5332 2578 5394 propter
2615 5340 2743 5395 opus
2770 5322 2976 5379 Domini
3012 5340 3173 5395 usque
3211 5324 3280 5378 ad
3302 5341 3443 5379 mor—

1870 5425 1973 5472 tem
2007 5414 2461 5487 appropinquavit,
2498 5415 2551 5469 iu
2574 5416 2824 5469 incertum
2856 5414 3066 5469 tradens
3100 5415 3351 5480 animum,
3385 5423 3440 5468 ut

1868 5509 2129 5579 suppleret
2143 5519 2360 5564 vestram
2382 5508 2778 5563 minorationem
2790 5506 2859 5562 ad
2879 5524 3047 5587 meum
3069 5508 3434 5562 ministerium.

1868 5598 2172 5655 Obsccrans
2213 5614 2308 5655 eos
2352 5606 2411 5653 ut
2452 5597 2747 5669 suscipiant
2791 5613 2911 5653 eum
2954 5597 3205 5661 libenter,
3234 5604 3439 5651 etcon-

1868 5691 2049 5749 silium
2078 5691 2185 5746 illis
2217 5691 2308 5746 dat
2340 5698 2398 5745 ut
2426 5690 2492 5746 ad
2518 5689 2733 5759 plenum
2764 5688 2817 5743 in
2850 5687 3053 5743 honore
3080 5686 3312 5742 habeant
3345 5699 3438 5739 eos
3506 5762 3515 5771 ‘

1868 5785 1960 5856 qui
1988 5783 2120 5840 tales
2146 5790 2290 5839 sunt.
2315 5782 2559 5839 Ostendit
2586 5790 2770 5839 autem
2794 5779 3046 5853 quoniam
3069 5794 3198 5835 vera
3228 5776 3438 5832 ratione

1869 5881 2061 5954 dignus
2088 5877 2160 5937 sit
2189 5878 2393 5938 honore
2430 5876 2569 5949 apud
2613 5892 2729 5945 eos,
2777 5889 2843 5933 ex
2882 5872 3078 5945 quibus
3121 5869 3252 5929 dicit
3293 5869 3435 5944 quod
