3986 6338
470 431 581 492 ωδ

1117 429 1179 487 Β.
1218 426 1473 487 RABANI
1511 424 1729 485 MAI)!“
1763 424 2083 483 ARCHIEP.
2122 422 2435 483 MOGUNT.
2478 421 2766 482 OPERUM
2801 420 2983 480 PARS
3014 422 3103 481 lli.

3649 420 3784 478 «I98

467 539 862 604 ministraverit
894 551 1091 601 vestra:
1128 543 1416 608 voluntati,
1468 549 1764 614 apportans
1806 539 1898 595 illa
1942 553 2064 611 quae
2090 546 2144 609 Α
2165 546 2224 596 ει
2249 538 2544 611 gloriamur
2568 537 2622 592 in
2644 535 2863 592 Christo
2886 534 2978 607 qui
3004 535 3201 590 horum
3240 532 3396 591 nobis
3428 540 3621 589 auctor
3658 546 3785 588 ex-

466 639 602 712 mibi
641 653 673 693 a
709 637 862 694 vobis
890 638 1058 694 missa
1100 645 1227 693 sunt
1264 637 1321 692 in
1355 643 1566 691 tantum
1608 630 1861 690 inciderit
1904 630 2055 703 peri-

464 729 668 787 eulum.
703 728 852 801 Opus
879 729 1098 800 quidem
1124 728 1338 785 Domini
1369 725 1732 782 ministerium
1757 722 1933 795 ipsum
1959 735 2057 777 vo-

464 839 597 880 cans
623 841 638 877 :
668 823 1101 895 supplementum
1146 835 1281 877 vero
1329 834 1517 876 eorum
1562 816 1941 874 minorationis
1987 812 2058 869 ad

464 932 627 973 suum
654 916 974 986 obsequium
998 914 1104 972 hoc
1142 913 1284 970 idem
1308 927 1532 980 vocans,
1571 911 1649 968 ita
1682 918 1744 966 ut
1775 911 2055 982 cupientes

466 1005 685 1062 mittere
723 1004 817 1061 illa
864 1020 987 1076 quae
1028 1004 1097 1060 ad
1124 1019 1253 1060 usus
1279 1012 1436 1060 erant
1470 1000 1803 1068 necessaria,
1833 1000 2057 1054 minime

463 1097 728 1163 valerent,
759 1112 825 1153 eo
853 1097 998 1168 quod
1036 1095 1407 1165 unusquisque
1440 1105 1774 1165 quaecunque
1806 1089 1885 1146 illi
1926 1090 2058 1145 dare

460 1189 764 1256 volnerant,
777 1204 877 1260 per
891 1203 950 1245 se
964 1187 1206 1260 perferre
1218 1203 1325 1243 non
1339 1194 1608 1258 poterant,
1624 1185 1730 1242 hoc
1740 1199 1871 1256 ergo
1882 1183 2019 1239 dixit
2039 1201 2054 1237 :

464 1281 583 1352 ipse
605 1279 878 1352 supplevit
909 1287 966 1336 et
992 1294 1113 1350 qua:
1138 1278 1293 1336 vobis
1327 1277 1568 1344 deerant,
1592 1275 1681 1332 ille
1711 1276 1780 1332 ab
1806 1274 2058 1333 omnibus

460 1371 764 1443 accipiens,
794 1378 851 1427 et
884 1371 1125 1426 omnium
1155 1369 1409 1443 suppleas
1441 1375 1599 1436 vota,
1629 1366 1937 1439 apportavit
1955 1407 1971 1433 ,
2004 1373 2059 1422 et

459 1464 578 1520 haec
599 1464 784 1521 dicens
804 1463 871 1520 de
894 1463 1182 1520 Timotheo
1206 1462 1427 1534 quidem
1452 1468 1787 1517 memoratus
1812 1466 1900 1515 est
1923 1473 2059 1530 quo-

463 1559 615 1615 niam
637 1558 903 1616 missurus
927 1558 1000 1614 sit
1016 1573 1140 1614 eum
1156 1575 1170 1612 :
1187 1557 1255 1613 de
1268 1554 1637 1627 Epaphrodito
1648 1568 1779 1610 vero
1799 1552 2058 1625 quoniam

458 1656 611 1713 misit
638 1670 763 1713 eum
792 1671 918 1711 cum
951 1654 1065 1712 suis
1095 1653 1335 1726 scriptis,
1365 1650 1566 1722 adiecit
1592 1665 1726 1707 vero
1753 1648 1825 1707 ad
1852 1645 2054 1705 omnia.

1083 1767 1311 1825 CAPUT
1356 1767 1444 1823 ill.

460 1858 707 1916 Ostendit
769 1859 1163 1916 evacuationem
1205 1855 1455 1929 legalium
1495 1856 1647 1912 verbo
1693 1824 1749 1911 et
1784 1850 2056 1925 exemplo:
2089 1896 2132 1929 _.

2160 632 2317 697 stitit,
2348 647 2455 687 non
2484 638 2666 686 tamen
2689 629 2744 684 in
2770 627 2876 684 illis
2897 640 3018 698 quae
3043 626 3343 682 secundum
3375 640 3596 681 carnem
3622 632 3795 681 sunt

2158 725 2418 797 pietatem
2432 737 2554 781 esse
2579 720 2890 787 deﬁnimus,
2907 721 2987 776 sic
3007 729 3063 777 et
3082 719 3346 776 Dominus
3370 718 3425 774 in
3442 716 3794 790 Evangeliis

2159 815 2292 872 dicit
2316 834 2330 870 :
2352 813 2562 870 Etenim
2585 809 2751 867 Pater
2784 810 2914 866 tales
2931 811 3121 883 qua’rit
3139 811 3229 881 qui
3251 827 3305 866 se
3331 809 3568 875 adorent,
3593 809 3798 879 spiri-

2160 914 2248 960 tus
2267 913 2343 960 est
2364 903 2533 971 Deus,
2557 911 2607 958 et
2626 903 2717 974 qui
2750 902 2978 957 adorant
2999 917 3140 970 eum,
3163 902 3222 955 in
3244 902 3435 972 spiritu
3463 910 3511 957 et
3534 902 3796 957 veritate

2159 996 2345 1051 debent
2386 995 2615 1050 adorare
2647 992 2969 1066 (Joan.1v);
3011 994 3103 1065 qui
3149 1001 3207 1050 et
3253 994 3327 1049 ad
3352 993 3796 1050 Samaritanam

2161 1087 2398 1155 dicebat,
2444 1101 2567 1159 qua:
2608 1086 2913 1143 aestimabat
2958 1086 3014 1140 in
3064 1085 3185 1141 loco
3228 1093 3476 1156 oportere
3522 1087 3797 1142 adorare

2161 1179 2512 1235 Divinitatem
2534 1179 2775 1237 docens:
2806 1179 3064 1250 quoniam
3094 1179 3409 1251 incorporea
3459 1188 3543 1236 est
3569 1180 3798 1235 divina

2160 1280 2359 1326 natura
2386 1276 2443 1325 et
2476 1268 2578 1324 tali
2624 1268 2853 1325 arbitrio
2881 1270 3168 1326 conveniet
3209 1283 3331 1327 eam
3373 1270 3607 1327 adorari.
3654 1271 3801 1326 lla-

2160 1362 2307 1419 xime
2330 1377 2462 1419 vero
2489 1362 2583 1418 illo
2619 1362 2740 1419 loco
2779 1362 2912 1419 satis
2954 1362 3145 1430 claret,
3180 1363 3327 1435 quod
3354 1362 3588 1435 Spiritus
3628 1379 3800 1420 san-

2161 1462 2281 1511 ctus
2311 1469 2419 1512 non
2444 1456 2516 1511 sit
2543 1462 2819 1521 creatura,
2846 1454 2936 1511 ubi
2953 1454 3207 1524 iubemur
3236 1469 3345 1511 non
3371 1460 3576 1511 servire
3601 1472 3798 1512 crea-

2162 1553 2299 1602 turae
2320 1547 2417 1603 sed
2446 1548 2700 1603 creatori.
2729 1546 2914 1620 (Aug)
2944 1546 3063 1604 Non
3083 1562 3150 1604 eo
3185 1548 3346 1605 modo
3370 1562 3475 1619 quo
3493 1546 3799 1619 iubemur

2159 1656 2259 1711 per
2304 1641 2631 1698 charitatem
2678 1642 2887 1699 servire
2934 1641 3195 1709 invicem,
3243 1640 3389 1713 quod
3441 1651 3527 1697 est
3564 1638 3795 1698 Grece

2161 1729 2437 1798 δουλεύειν,
2462 1731 2559 1787 sed
2587 1745 2655 1787 eo
2674 1730 2837 1787 modo
2856 1745 2966 1801 quo
2991 1738 3206 1786 tantum
3227 1728 3340 1785 Deo
3358 1730 3597 1785 servitur
3610 1730 3795 1801 quod

2164 1829 2250 1877 est
2282 1820 2470 1878 Graece
2500 1819 2782 1898 λατρεύειν.
2831 1820 2986 1878 Unde
3024 1819 3321 1878 idololau'a:
3363 1821 3619 1878 dicuntur
3678 1825 3791 1894 qui

508 1912 1029 1996 ᾱὸἱιάἑεεὶἐέάέάές
1046 1912 1103 1984 et
1124 1945 1213 1984 eos
1235 1912 1303 1983 add
1328 1928 1643 1983 imitandum
1663 1944 1719 1982 se
1738 1912 2007 1998 provocat.
2086 1927 2138 1990 B
2163 1912 2473 1970 δίωιιιπΐὶε
2516 1928 2642 1970 eam
2685 1913 3001 1970 εθΐνίῑυιθῐη
3051 1913 3316 1970 θιιὶίδθηῑ
3363 1928 3481 1984 quae
3527 1913 3795 1970 debet"?

531 2020 611 2077 De
632 2031 840 2088 caetero,
865 2021 1060 2092 fratres
1082 2020 1204 2087 mei,
1229 2019 1452 2091 gaudete
1470 2020 1527 2074 in
1546 2018 1797 2074 Domino.
1849 2016 2058 2090 (Amb.)

459 2116 636 2173 Orans
659 2131 760 2188 pro
788 2115 894 2172 illis
922 2115 1024 2171 ista
1048 2115 1197 2172 dicit.
1227 2114 1343 2171 Hoc
1366 2123 1468 2181 est,
1499 2113 1779 2187 contingat
1803 2113 1957 2169 vobis
1983 2112 2059 2168 ita

458 2208 640 2267 omnia
683 2209 796 2279 pati
840 2224 939 2282 per
969 2208 1211 2265 divinam
1255 2208 1488 2279 gratiam
1522 2216 1583 2263 ut
1621 2221 1837 2278 semper
1863 2205 2060 2278 gaudio

460 2298 584 2356 sitis
636 2299 827 2371 repleti
877 2301 931 2356 in
980 2300 1087 2357 illis
1130 2300 1291 2357 bonis
1358 2315 1479 2371 quae
1519 2299 1589 2355 ab
1630 2313 1696 2355 eo
1740 2298 1900 2354 nobis
1919 2301 2061 2353 'sunt

461 2388 730 2457 praestita.
769 2388 915 2445 Bene
941 2397 1122 2445 autem
1150 2389 1333 2460 posuit
1358 2390 1416 2443 in
1440 2387 1688 2453 Domino,
1712 2402 1779 2444 eo
1806 2388 1951 2458 quod
1978 2396 2062 2443 est

463 2477 703 2546 gaudere
729 2485 786 2532 et
813 2492 920 2533 non
950 2477 1109 2543 bene,
1138 2477 1357 2548 quando
1391 2478 1514 2549 quis
1551 2478 1607 2532 in
1635 2477 1793 2534 bonis
1820 2492 2062 2549 prtesen-

463 2567 608 2623 tibus
641 2566 901 2623 delectari
927 2567 1162 2635 videtur,
1192 2584 1321 2641 erga
1350 2567 1725 2641 possessiones
1755 2577 1812 2625 et
1848 2568 2062 2625 frui'tio-

462 2673 590 2714 nem
617 2672 809 2714 earum
836 2658 891 2714 id
920 2658 1025 2715 sibi
1053 2657 1255 2715 bonum
1287 2674 1409 2717 esse
1437 2659 1777 2716 existimans.
1809 2658 1942 2716 Haec
1971 2677 2063 2716 ea-

463 2748 583 2804 dem
630 2749 856 2806 scribere
898 2749 1060 2818 vobis,
1112 2748 1248 2806 mihi
1296 2749 1518 2822 quidem
1552 2751 1866 2823 impigrum,
1920 2750 2064 2806 vobis

465 2849 645 2895 autent
685 2849 920 2896 cautum.
968 2838 1109 2897 Hinc
1146 2839 1341 2914 incipit
1378 2839 1500 2897 illos
1537 2842 1943 2914 reprehendere
1970 2841 2064 2913 qui

463 2938 624 2987 erant
652 2946 721 2987 ex
750 2930 1181 2997 circumcisione,
1213 2929 1308 3002 qui
1343 2932 1574 2987 suadere
1604 2930 2065 2988 illis'conabantur

462 3029 525 3077 ut
556 3021 856 3079 secundum
884 3021 1060 3094 legem
1097 3021 1363 3078 viverent.
1404 3021 1540 3077 Nam
1569 3024 1716 3093 quod
1745 3023 1900 3088 dixit,
1944 3024 2063 3078 haec

462 3116 653 3172 eadem
679 3116 942 3183 scribere,
971 3130 1080 3171 non
1107 3115 1234 3187 quia
1256 3115 1371 3185 iam
1395 3116 1692 3187 scripserat
1715 3116 1885 3173 dicit:
1913 3116 2062 3173 nullo

461 3208 611 3264 enim
648 3208 703 3264 in
729 3207 850 3264 loco
887 3209 943 3262 in
971 3208 1213 3278 Epistula
1243 3210 1298 3265 id
1323 3207 1538 3265 videtur
1575 3210 1799 3277 dixisse,
1831 3209 2059 3266 alteram

2163 2008 2313 2065 Deo:
2347 2008 2647 2065 secundum
2689 2007 2832 2064 hanc
2861 2008 3009 2065 enim
3051 2006 3369 2097 servitutem
3404 2006 3608 2064 dictum
3644 2017 3785 2063 est:

2161 2096 2447 2154 Dominum
2494 2097 2660 2153 Deum
2706 2107 2856 2153 tuum
2901 2097 3174 2165 adorabis,
3215 2106 3265 2153 et
3290 2096 3386 2153 illi
3425 2097 3525 2153 soli
3564 2099 3791 2154 servies

2163 2188 2379 2264 (Matth.
2408 2189 2510 2263 tv).
2558 2190 2695 2246 Nam
2721 2189 2827 2246 hoc
2854 2189 3162 2247 distinctius
3179 2187 3371 2245 Graeca
3403 2188 3455 2243 in
3483 2188 3789 2261 scriptura

2162 2281 2456 2349 invenitur,
2478 2283 2749 2359 lui-pium:
2769 2281 2916 2338 enim
2930 2281 3114 2347 habet,
3128 2294 3294 2352 porro
3311 2279 3358 2336 si
3379 2278 3471 2335 tali
3489 2279 3789 2337 servitute

2162 2380 2431 2429 creatura:
2441 2374 2649 2430 servire
2661 2372 3036 2445 prohibemur,
3048 2370 3309 2442 quoniam
3319 2369 3537 2442 quidem
3551 2370 3787 2427 dictum

2163 2475 2249 2524 est
2278 2485 2291 2522 :
2316 2466 2605 2522 Dominum
2630 2465 2801 2522 Deum
2825 2475 2977 2521 tuum
3020 2464 3290 2531 adorabis,
3311 2472 3359 2518 et
3392 2462 3472 2518 illi
3508 2462 3615 2518 soli
3657 2480 3787 2518 ser—

2163 2561 2290 2616 vies.
2322 2559 2476 2616 Unde
2501 2566 2560 2614 et
2584 2558 2876 2630 Apostolus
2904 2558 3208 2615 detestatur
3232 2572 3328 2614 eos
3352 2556 3447 2628 qui
3473 2555 3789 2613 coluerunt

2162 2662 2221 2708 et
2266 2651 2575 2710 servierunt
2617 2662 2884 2709 creatura:
2925 2652 3107 2723 potius
3135 2666 3299 2722 quam
3325 2648 3595 2707 Creatori.
3642 2649 3782 2707 Non

2167 2753 2252 2801 est
2288 2745 2477 2816 utique
2504 2752 2755 2801 creatura
2797 2741 3039 2815 Spiritus
3081 2750 3327 2811 sanctus,
3351 2742 3438 2798 cui
3482 2742 3553 2798 ab
3582 2742 3785 2798 omni-

2163 2838 2267 2894 bus
2305 2836 2432 2895 talis
2465 2836 2701 2893 servitus
2731 2836 3021 2893 exhibetur
3057 2836 3270 2893 dicente
3291 2835 3552 2907 Apostolo
3586 2852 3601 2889 :
3648 2835 3783 2892 Νοε

2162 2929 2302 2984 enim
2326 2929 2614 2984 secundum
2638 2929 3089 2985 circumcisionem
3112 2929 3303 3001 spiritu
3324 2928 3422 2985 Dei
3452 2928 3781 2997 servientes,

2164 3020 2310 3091 quod
2345 3029 2431 3077 est
2457 3022 2511 3077 in
2553 3020 2744 3078 Graeco
2769 3022 3117 3100 λατρεύοντες,
3146 3023 3332 3095 plures
3363 3022 3505 3080 enim
3543 3024 3780 3082 codices

2163 3112 2329 3168 etiam
2368 3111 2550 3169 Latini
2598 3113 2680 3170 sic
2716 3114 2955 3182 habent,
2998 3116 3089 3188 qui
3128 3115 3316 3187 spiritu
3340 3114 3441 3171 Dei
3476 3115 3779 3171 servimus.
3828 3152 3847 3168 .

2164 3202 2340 3260 Graeci
2370 3213 2554 3261 autem
2598 3221 2811 3274 omnes,
2843 3216 2939 3263 aut
2980 3222 3120 3279 pene
3146 3224 3357 3275 omnes,
3388 3208 3444 3265 in
3485 3210 3783 3267 nonnullis

463 3309 647 3357 autem
684 3301 902 3372 quando
931 3302 1152 3373 scripsit
1180 3303 1249 3359 ad
1275 3317 1370 3358 eos
1400 3303 1700 3375 Epistolam
1726 3305 1875 3361 nullo
1901 3306 2064 3362 modo
2091 3296 2139 3361 C
2170 3302 2355 3351 amem
2388 3296 2788 3369 exemplaribus
2817 3297 3030 3356 Ῑλεῑίηίε
3070 3299 3376 3358 invenimus
3420 3315 3528 3356 non
3570 3300 3783 3372 φίτίη

463 3391 787 3461 didicimus,
830 3393 928 3448 sed
965 3393 1094 3463 quia
1135 3393 1394 3450 docuerat
1433 3409 1528 3451 eos
1563 3396 1959 3454 instantissime
1995 3397 2063 3455 de

465 3482 555 3538 his
584 3483 717 3554 ipsis
747 3483 978 3555 negotiis
1001 3484 1220 3554 quando
1257 3484 1351 3541 illo
1376 3484 1557 3542 fuerat
1581 3488 1685 3543 hoc
1713 3484 1850 3544 dicit
1875 3506 1887 3542 :
1919 3488 2063 3558 Quo-

464 3572 616 3628 niam
647 3572 783 3629 mihi
813 3574 879 3630 de
905 3574 1103 3646 quibus
1137 3572 1453 3645 frequenter
1481 3577 1635 3634 vobis
1674 3577 1889 3636 locutus
1917 3595 2058 3648 sum,

464 3664 533 3721 de
576 3663 684 3722 illis
724 3664 856 3737 ipsis
898 3665 1139 3723 scribere
1184 3667 1478 3740 impigrum
1519 3677 1623 3737 est,
1666 3685 1733 3726 eo
1766 3672 1910 3741 quod
1956 3671 2064 3729 fre-

466 3772 641 3827 quens
674 3757 1032 3815 commonitio
1074 3758 1344 3815 cautelam
1371 3761 1528 3817 vobis
1563 3761 1883 3832 ampliorem
1923 3781 2064 3835 prae-

466 3849 599 3906 bere
610 3848 851 3905 videtur.
871 3849 1003 3917 Quae
1023 3858 1152 3906 sunt
1173 3865 1303 3923 ergo
1328 3850 1468 3906 ista?
1489 3849 1673 3908 Videte
1690 3870 1869 3921 canes,
1898 3855 2063 3909 videte

466 3942 636 3999 mulos
679 3944 969 4015 operarios.
1011 3942 1189 4001 Canes
1221 3944 1438 4002 vocavit
1470 3958 1566 4002 eos
1590 3962 1657 4004 eo
1682 3949 1829 4019 quod
1859 3946 2062 4003 nullam

466 4036 732 4093 haberent
758 4037 1166 4112 verecundiam,
1192 4039 1288 4096 sed
1314 4047 1370 4094 et
1403 4038 1720 4111 frequenter
1747 4040 2063 4112 reprehensi

462 4145 564 4200 pro
600 4144 773 4200 prava
818 4108 1059 4186 et'vana
1107 4131 1377 4200 doctrina,
1430 4133 1486 4187 in
1534 4132 1726 4189 iisdem
1761 4134 2063 4205 persistere

465 4219 792 4286 videantur;
825 4221 996 4277 malos
1036 4232 1217 4278 autem
1261 4224 1542 4294 operarios
1586 4226 1756 4292 dicit,
1804 4240 1871 4282 eo
1917 4225 2063 4296 quod

474 4325 586 4365 non
629 4309 723 4364 illa
749 4309 946 4366 docere
998 4309 1254 4367 festinent
1303 4328 1425 4384 quae
1443 4314 1665 4384 pietatis
1706 4316 2058 4372 conveniunt.

470 4399 621 4472 Opus
669 4408 850 4457 autem
898 4410 1060 4458 vocat
1110 4403 1437 4471 doctrinam,
1483 4404 1644 4460 sicuti
1673 4412 1729 4461 et
1757 4405 1885 4461 alibi
1927 4405 2064 4462 dixit

468 4492 524 4566 (Ι
548 4492 671 4550 Cor.
697 4494 782 4568 ιιι)
808 4511 821 4549 :
852 4493 914 4551 Si
949 4495 1102 4565 cujus
1131 4513 1259 4568 opus
1282 4499 1552 4564 manserit,
1597 4497 1737 4572 quod
1770 4497 2059 4569 supertedi-

2163 3386 2264 3444 Dei
2303 3388 2576 3455 servimus,
2612 3389 2707 3446 sed
2741 3392 2932 3463 spiritu
2963 3391 3075 3447 Deo
3110 3393 3389 3460 servimus,
3436 3391 3533 3448 sed
3578 3393 3681 3463 qui
3716 3394 3779 3450 in

2164 3480 2270 3536 hoc
2307 3488 2512 3547 errant,
2560 3490 2617 3536 et
2654 3481 2965 3539 auctoritati
3021 3483 3258 3556 graviori
3307 3484 3533 3541 credere
3577 3485 3783 3542 detre-

2165 3580 2337 3642 ctant,
2382 3573 2631 3645 nunquid
2673 3583 2731 3632 et
2778 3576 2911 3633 illud
2936 3576 3150 3633 varium
3195 3576 3253 3633 in
3289 3575 3570 3633 codicibus
3598 3592 3777 3648 repe-

2165 3667 2314 3722 riunt
2339 3681 2355 3721 :
2391 3666 2621 3723 Nescitis
2649 3669 2777 3740 quia
2812 3686 3036 3742 corpora
3069 3679 3241 3739 vestra
3259 3669 3507 3749 templum
3538 3668 3599 3724 in
3620 3670 3779 3725 vobis

2162 3770 2241 3815 est
2269 3757 2502 3831 Spiritus
2532 3762 2722 3828 sancti,
2744 3778 2898 3834 quem
2920 3763 3129 3819 habetis
3159 3780 3194 3818 a
3218 3761 3371 3817 Deo?
3406 3759 3459 3834 (1
3494 3761 3625 3817 Cor.
3662 3764 3773 3834 vr.)

2165 3849 2404 3923 [Ambn]
2433 3851 2502 3906 Et
2525 3860 2587 3907 ut
2611 3868 2679 3909 ne
2698 3853 2949 3910 videatur
2976 3870 3047 3911 ex
3069 3851 3344 3927 superﬂuo
3388 3852 3478 3910 ille
3504 3851 3775 3910 incusare

2164 3942 2281 4014 ipse
2318 3943 2454 3999 nihil
2495 3944 2602 4000 tale
2638 3944 2843 4002 habens
2882 3944 2951 4001 ad
2976 3945 3061 4003 sui
3098 3944 3477 4017 probationem
3524 3943 3637 4000 illis
3668 3944 3773 4000 ha-

2163 4035 2420 4093 bentibus
2443 4035 2587 4093 unde
2604 4036 2893 4109 glorietur.

2235 4129 2307 4184 Et
2331 4130 2544 4199 quidem
2582 4147 2677 4204 ego
2711 4132 2907 4188 habens
2943 4132 3319 4203 conﬁdentiam
3354 4142 3404 4189 et
3436 4134 3494 4189 in
3524 4149 3694 4188 carne
3722 4134 3773 4188 si

2163 4221 2282 4292 quis
2314 4221 2521 4277 videtur
2554 4221 2690 4277 alter
2721 4223 2777 4279 in
2813 4240 2973 4280 carne
3004 4224 3271 4294 conﬁdere
3298 4241 3360 4280 eo
3388 4225 3583 4296 magis.
3606 4222 3673 4279 Si
3700 4224 3773 4280 de

2166 4313 2274 4380 bis,
2306 4313 2505 4385 inquit,
2543 4315 2744 4371 bonum
2773 4324 2894 4373 erat
2923 4331 3115 4390 magna
3156 4331 3383 4389 sapere,
3409 4315 3545 4373 nulli
3571 4332 3767 4373 eorum

2165 4404 2434 4462 infirmior
2467 4422 2587 4464 sum
2621 4408 2919 4465 secundum
2957 4411 3100 4467 hanc
3137 4409 3425 4467 rationem.
3474 4409 3687 4467 Deinde
3709 4420 3767 4467 et

2163 4513 2264 4569 per
2306 4506 2491 4569 partes
2543 4499 2675 4556 dicit
2729 4500 2916 4557 omnia
2964 4496 3055 4557 illa
3097 4516 3219 4572 qua:
3260 4501 3588 4559 videbantur
3639 4516 3767 4559 esse

358 4656 377 4671 .
468 4589 662 4661 ﬁcavit,
686 4590 1228 4664 mercedemaccipiet,
1252 4592 1299 4647 si
1320 4592 1470 4662 cujus
1506 4608 1635 4664 opus
1660 4592 1870 4658 arserit,
1892 4591 2061 4647 detri-
2086 4662 2132 4671 __
2167 4604 2363 4659 magna
2416 4589 2522 4646 illis
2570 4590 2663 4663 qui
2706 4592 3003 4648 secundum
3048 4591 3226 4664 legem
3275 4593 3762 4650 conversabantur.

470 4681 809 4749 mentabitur,
847 4683 912 4739 de
955 4662 1218 4740 doctrinis
1243 4684 1387 4741 enim
1420 4683 1510 4739 illa
1538 4662 1755 4739 dixisse
1784 4682 2062 4741 evidenter
2086 4662 2140 4723 Ῑ)
2165 4679 2522 4737 Circumcisus
2555 4662 2738 4738 octava
2768 4684 2873 4740 die.
2920 4684 3066 4741 Bene
3094 4662 3277 4756 posuit
3312 4696 3563 4744 octavam
3592 4686 3761 4750 diem.

470 4772 857 4841 cognoscitur:
891 4772 1073 4830 Videte
1093 4775 1460 4830 concisionem.
1500 4776 1641 4830 Bene
1669 4784 1853 4830 autem
1881 4777 2064 4831 conci—

471 4862 682 4919 sionem
716 4864 871 4931 dixit,
914 4882 979 4924 eo
1019 4868 1164 4938 quod
1197 4869 1414 4940 quando
1443 4868 1498 4924 id
1526 4868 1643 4925 ﬁeri
1675 4869 1785 4924 Deo
1822 4868 2062 4939 compla-

469 4957 629 5013 cebat
677 4957 1018 5016 circumcisio
1060 4968 1198 5027 erat,
1229 4961 1355 5031 quia
1385 4975 1513 5016 vero
1547 4976 1692 5016 nunc
1726 4976 1834 5016 non
1864 4976 2061 5017 secun-

468 5048 601 5103 dum
625 5047 722 5105 Dei
752 5048 815 5104 ﬁt
854 5049 1205 5118 voluntatem,
1247 5053 1343 5108 sed
1368 5052 1728 5108 conciduntur
1758 5059 1965 5106 tantum
1994 5051 2063 5107 ad

470 5142 719 5214 corporis
766 5144 1139 5212 nocivitatem,
1186 5145 1309 5201 ideo
1353 5145 1420 5200 ad
1462 5159 1617 5200 suam
1647 5143 1751 5199 illis
1777 5152 2056 5213 comparat

467 5247 759 5305 personam
787 5234 976 5291 dicens
1004 5251 1018 5290 :
1045 5233 1158 5291 Nos
1182 5235 1318 5291 enim
1339 5252 1521 5291 sumus
1542 5235 1892 5291 circumcisio.
1943 5232 2058 5290 Hoc

467 5334 579 5383 est.
606 5326 700 5396 qui
728 5325 817 5381 illa
843 5324 1053 5399 agimus
1074 5340 1193 5396 quae
1219 5327 1417 5396 placita
1456 5335 1583 5383 sunt
1612 5328 1723 5383 Deo
1748 5344 1763 5382 :
1791 5334 1845 5383 et
1871 5334 2057 5383 custo-

468 5419 566 5476 des
590 5419 905 5475 cautissime
930 5434 1118 5475 sumus
1142 5418 1357 5474 illorum
1382 5435 1501 5490 qua:
1522 5420 1635 5475 Deo
1658 5420 1890 5492 placent,
1915 5419 2057 5491 quod

466 5510 749 5582 proprium
778 5516 862 5565 est
903 5508 1118 5566 illorum
1148 5509 1239 5580 qui
1279 5524 1339 5565 se
1369 5508 1572 5565 habere
1601 5512 1925 5580 promittunt
1951 5511 2059 5568 cir-

469 5603 882 5669 cumcisionem,
911 5618 977 5660 ex
1021 5603 1154 5675 ipsis
1177 5604 1341 5659 rebus
1370 5602 1423 5658 id
1455 5601 1805 5671 conﬁrmans,
1830 5604 2016 5677 adjicit
2042 5621 2055 5658 :

470 5693 576 5761 Qui
623 5693 826 5767 Spiritu
866 5692 975 5750 Deo
1019 5694 1268 5751 servimus
1339 5703 1387 5751 et
1430 5692 1721 5767 gloriamur
1760 5696 1815 5751 in
1849 5694 2059 5769 Christo

466 5783 618 5855 Iesu,
650 5796 697 5842 et
729 5804 833 5843 non
879 5787 930 5841 in
960 5804 1116 5844 carne
1151 5788 1463 5859 conﬁdimus
1505 5789 1752 5861 quoniam
1791 5786 2055 5842 carnalem
2082 5770 2107 5867 ξ

462 5874 580 5931 Deo
618 5876 937 5946 [unctionem
986 5879 1270 5938 reddimus.
1304 5878 1409 5938 Sed
1440 5879 1583 5937 sicut
1612 5887 1695 5935 est
1724 5877 2056 5936 conveniens

2166 4782 2225 4828 ut
2246 4773 2559 4830 ostenderet
2582 4789 2690 4830 non
2720 4790 2781 4832 se
2810 4773 2979 4847 fuisse
3002 4777 3291 4845 advenam,
3323 4778 3380 4833 in
3402 4777 3602 4849 quibus
3626 4778 3765 4834 solet

2163 4873 2356 4936 postea
2390 4865 2657 4923 celebrari
2682 4866 3051 4923 circumcisio.
3084 4867 3272 4941 (Aug)
3303 4867 3411 4924 Sed
3436 4877 3493 4924 et
3514 4869 3585 4925 ab
3606 4868 3764 4923 initio

2164 4964 2221 5011 et
2257 4958 2555 5013 secundum
2592 4957 2787 5029 legem,
2830 4959 2885 5014 in
2923 4959 3200 5015 veteribus
3248 4964 3612 5018 sacramentis

2164 5051 2428 5108 cumcisio
2454 5051 2808 5123 parvulorum
2846 5060 3044 5110 octavo
3072 5053 3160 5110 die
3191 5053 3310 5110 ﬁeri
3344 5064 3619 5127 praecepta
3654 5064 3759 5119 est,

2166 5147 2422 5218 quoniam
2457 5145 2731 5213 Christus,
2769 5148 2825 5203 in
2872 5164 2981 5220 quo
3031 5148 3093 5204 iit
3139 5148 3328 5205 delicti
3383 5147 3623 5205 carnalis
3666 5162 3764 5204 ex-

2165 5237 2419 5309 spoliatio
2437 5279 2453 5305 ,
2487 5254 2649 5311 quam
2673 5239 2946 5312 signiﬁcat
2968 5240 3334 5307 circumcisio,
3364 5240 3453 5296 die
3480 5240 3764 5296 Dominico

2166 5331 2482 5397 resurrexit,
2506 5331 2599 5402 qui
2628 5339 2753 5403 post
2775 5333 3063 5403 septimum
3083 5338 3312 5389 octavus
3335 5341 3440 5387 est.
3466 5329 3552 5386 Ea:
3576 5344 3765 5403 genere

2164 5420 2356 5477 Israel.
2385 5422 2465 5476 Ex
2494 5423 2651 5494 cujus
2671 5438 2871 5495 genere
2905 5424 3234 5480 descendere
3257 5437 3452 5479 omnes
3478 5422 3760 5485 videntur,

2164 5510 2257 5581 qui
2297 5511 2351 5565 in
2380 5511 2620 5581 qualibet
2665 5520 2795 5569 sunt
2824 5512 2989 5568 tribu.
3022 5511 3102 5567 De
3136 5512 3275 5567 tribu
3300 5511 3607 5582 Benjamiu.
3654 5508 3770 5564 Νεμ

2165 5606 2401 5661 cessaria
2432 5603 2537 5662 fuit
2589 5605 2755 5662 etiam
2792 5606 2967 5663 tribus
3003 5604 3259 5677 adiectio,
3296 5604 3365 5660 ad
3391 5601 3773 5664 ostensionem

2162 5696 2305 5767 quod
2343 5710 2453 5752 non
2481 5696 2690 5752 advena
2723 5696 2922 5765 fuerit,
2959 5695 3056 5752 sed
3081 5711 3113 5750 a
3141 5693 3443 5768 primordio
3477 5693 3606 5749 inde
3654 5699 3774 5757 ori.

2161 5785 2343 5857 ginem
2371 5785 2619 5843 traxerit.
2664 5786 2815 5843 Unde
2860 5794 2915 5843 et
2953 5785 3258 5843 evidentius
3300 5783 3433 5840 illud
3470 5783 3771 5847 insinuans

2160 5878 2310 5937 dicit.
2349 5877 2606 5935 Hebra’us
2656 5895 2720 5934 ex
2762 5878 3016 5937 llebrtris.
3068 5877 3186 5935 Non
3232 5876 3371 5934 dixit
3401 5873 3666 5939 :Jud'eus
3696 5898 3769 5939 cx
