3986 6338
287 424 400 479 697

761 419 1310 480 ENARRATIONUM
1347 420 1416 478 IN
1453 421 1601 479 EPP.
1644 420 1850 479 PAULI
1888 422 2018 480 LIB.
2061 423 2201 480 XIX.
2244 453 2315 466 —
2350 423 2416 479 IN
2454 422 2672 480 EPIST.
2713 426 2806 480 AD
2843 425 3132 484 PHILIPP.

3453 432 3566 486 498

289 541 520 596 Ιυᾶωίε.
585 539 801 595 Novella
837 540 982 596 enim
1028 550 1147 596 erat
1195 541 1310 595 haec
1359 539 1687 610 nuncupatio
1713 579 1728 604 ,
1785 538 1880 594 sed
1906 548 1960 611 Α
1982 541 2199 602 bantur,
2239 540 2340 595 hos
2374 548 2535 611 atque
2577 541 2885 611 hujusmodi
2931 558 3147 599 errores
3174 551 3229 600 et
3263 545 3398 600 vitia
3431 544 3564 600 dicit

294 635 565 693 Hebraus
588 648 659 690 ex
679 634 940 699 Hebmis,
969 633 1036 689 de
1066 635 1291 705 antiqua
1316 634 1715 704 nuncupatione
1745 633 1886 688 auti-

293 726 566 797 quitatem
617 739 728 781 sua!
776 724 1000 796 originis
1037 724 1397 780 conﬁrmavit.
1450 724 1654 782 Deinde
1703 734 1758 781 et
1798 725 1887 780 illa

291 833 422 888 quae
438 826 566 873 sunt
583 815 700 886 ejus
720 816 1000 887 propositi.
1017 815 1317 871 Secundum
1329 817 1506 888 legem,
1526 817 1718 887 inquit,
1736 816 1884 872 Pha-

290 911 505 964 risazus.
538 908 614 964 Illi
647 909 791 963 enim
823 907 917 978 qui
961 908 1015 962 in
1055 908 1195 963 hanc
1221 907 1590 964 consistebant
1631 909 1885 964 haeresim

289 1002 444 1057 cauti
481 1001 804 1071 interpretes
848 999 982 1071 legis
1012 1016 1133 1056 esse
1161 1001 1564 1067 existimantur,
1586 1010 1642 1056 et
1674 1001 1762 1055 illa
1791 1002 1884 1058 do-

291 1107 426 1148 cere
467 1091 831 1162 properabant
868 1107 989 1161 quae
1030 1091 1085 1146 in
1125 1091 1241 1162 lege
1305 1092 1504 1147 habere
1541 1093 1880 1156 videbantur,

289 1185 430 1240 hinc
473 1183 732 1239 ostendit.
789 1182 1088 1238 Secundum
1141 1183 1527 1238 aemulationem
1577 1200 1884 1256 persequens

291 1277 589 1332 ecclesiam.
630 1277 696 1330 Et
723 1277 978 1346 quoniam
1020 1277 1074 1332 in
1101 1277 1474 1347 persecutione
1499 1277 1731 1332 habebat
1757 1291 1884 1348 per-

293 1369 499 1424 fectam
534 1369 930 1439 probationem,
971 1368 1089 1424 ﬁeri
1125 1370 1268 1424 enim
1307 1377 1541 1439 poterat,
1582 1379 1642 1423 ut
1666 1369 1770 1424 hoc
1803 1367 1882 1424 fe-

293 1461 530 1515 rocitate
566 1459 678 1515 sola
717 1458 922 1516 faceret
957 1460 1300 1516 simulatione
1346 1461 1437 1516 illa
1463 1477 1570 1532 qua
1596 1475 1695 1532 pro
1721 1475 1886 1515 aemu-

291 1553 499 1608 latione
527 1554 747 1624 pietatis
781 1553 836 1608 id
861 1553 1044 1609 facere
1080 1554 1384 1620 videbatur,
1426 1553 1639 1622 adjicit:
1680 1553 1884 1610 Secun-

292 1644 426 1696 dum
440 1645 709 1713 justitiam
725 1661 843 1716 qua:
862 1645 916 1697 in
935 1643 1044 1715 lege
1067 1654 1143 1698 est
1169 1645 1338 1715 factus
1355 1662 1467 1698 sine
1487 1644 1716 1715 querela.
1740 1643 1886 1700 Bene

293 1743 479 1788 autem
512 1735 647 1789 dixit
673 1752 792 1806 qua:
823 1735 879 1789 in
909 1734 1019 1806 lege
1046 1748 1144 1800 est,
1172 1751 1238 1790 eo
1263 1737 1406 1806 quod
1435 1751 1542 1790 non
1572 1747 1687 1791 erat
1713 1737 1888 1807 possi-

291 1824 402 1879 bile
429 1826 547 1880 sine
570 1825 792 1895 querela
821 1827 888 1880 ad
912 1827 1130 1896 plenum
1162 1843 1321 1897 posse
1349 1827 1585 1896 aliquem
1615 1828 1881 1884 invenire.

1987 648 2045 686 se
2080 633 2371 697 damnare,
2399 640 2455 687 et
2489 640 2732 688 stercora
2768 633 3047 699 arbitrari,
3079 643 3139 689 ut
3163 633 3442 689 Christum
3483 635 3568 690 lu-

1985 719 2293 788 crifaceret,
2323 730 2378 777 et
2409 737 2516 777 non
2546 723 2951 780 observationes
2978 723 3114 796 legis
3139 725 3185 780 si
3217 739 3367 781 more
3391 727 3571 796 patrio

1986 811 2414 878 celebrarentur,
2460 813 2600 867 sicut
2643 815 2712 869 ab
2759 813 2876 885 ipso
2924 814 3207 870 celebrata:
3253 823 3400 880 sunt,
3453 814 3571 871 sine

1987 905 2092 961 ulla
2133 905 2326 962 salutis
2350 907 2670 963 necessitate
2711 907 2852 963 sicut
2884 906 3053 963 Judaei
3090 907 3442 964 celebrandas
3465 923 3570 978 pu-

1987 1000 2197 1065 tabant,
2249 1007 2341 1054 aut
2392 998 2568 1056 fallaci
2624 1000 2966 1055 simulatione
2995 1000 3139 1071 quod
3177 999 3232 1054 in
3275 999 3438 1055 Petro
3483 1015 3570 1054 re-

1985 1090 2367 1160 prehenderat.
2414 1090 2516 1158 Qui
2563 1091 2706 1146 enim
2747 1100 3014 1163 praecepta
3066 1092 3199 1163 legis
3246 1091 3470 1162 implere
3513 1107 3573 1149 se

1984 1190 2138 1254 putat
2173 1199 2268 1252 per
2299 1183 2583 1238 arbitrium
2626 1184 2856 1254 propria:
2885 1183 3180 1238 voluntatis
3222 1183 3338 1239 sine
3374 1183 3569 1254 spiritu

1986 1277 2189 1348 gratiae,
2220 1293 2369 1333 suam
2389 1279 2654 1349 justitiam
2672 1278 2784 1332 vult
2805 1265 3156 1344 constituere,
3180 1292 3286 1332 non
3302 1275 3570 1346 justitiam

1984 1369 2078 1424 Dei
2113 1385 2348 1425 sumere.
2379 1370 2512 1425 Nam
2548 1371 2688 1426 unde
2714 1371 2843 1426 dicit
2874 1371 3016 1426 idem
3050 1369 3378 1442 Apostolus:
3405 1379 3462 1423 ut
3485 1370 3572 1423 in—

1985 1461 2166 1516 veniar
2188 1463 2240 1515 in
2273 1462 2365 1517 illo
2392 1478 2497 1516 non
2516 1462 2712 1516 habens
2737 1462 3003 1531 justitiam
3025 1477 3216 1525 meam,
3238 1475 3356 1532 qua:
3379 1475 3443 1514 ea:
3463 1458 3573 1530 lege

1985 1562 2080 1618 est,
2103 1553 2194 1608 sed
2205 1551 2468 1621 justitiam
2490 1569 2606 1623 qua:
2626 1569 2690 1606 ea:
2709 1553 2834 1621 ﬁde,
2859 1552 3122 1622 justitiam
3150 1567 3216 1608 ex
3240 1551 3371 1617 Deo,
3405 1566 3573 1620 quare

1986 1662 2142 1702 suam
2177 1646 2442 1717 justitiam
2488 1645 2621 1700 dicit
2648 1660 2768 1715 qua:
2795 1659 2862 1700 ex
2893 1645 3008 1715 lege
3037 1658 3266 1714 eamque
3301 1643 3570 1712 justitiam

1986 1739 2200 1808 probat,
2232 1752 2337 1792 non
2365 1744 2543 1791 autem
2573 1752 2744 1799 suam,
2773 1735 2867 1790 sed
2893 1750 2960 1790 ex
2991 1736 3102 1790 Deo
3127 1735 3418 1805 justitiam,
3451 1749 3572 1804 qua:
3631 1765 3642 1774 -

1987 1839 2072 1884 est
2098 1845 2165 1885 ex
2202 1830 2322 1885 fide.
2371 1828 2624 1899 Nunquid
2666 1827 2752 1883 lex
2787 1843 2894 1883 non
2921 1835 3006 1883 est
3039 1843 3102 1882 ex
3135 1827 3280 1882 Deo?
3310 1829 3432 1897 quis
3468 1828 3573 1882 nisi

292 1922 492 1978 Omnia
529 1937 660 1977 vero
689 1923 984 1977 decurrens
1024 1931 1080 1977 et
1113 1923 1403 1978 ostendens
1444 1923 1700 1992 quoniam
1748 1909 1884 1978 nihil
1911 1925 1960 1987 B
1991 1922 2224 1978 inﬁdelis
2268 1923 2372 1978 hoc
2416 1921 2652 1977 dixerit?
2707 1923 2802 1977 sed
2859 1937 2927 1978 ex
2974 1921 3090 1992 lege
3134 1921 3264 1976 dicit
3303 1921 3571 1992 justitiam

294 2015 483 2070 deerat
527 2016 578 2070 ei
634 2015 866 2080 bonum,
914 2030 982 2070 ex
1040 2014 1146 2070 illis
1199 2031 1319 2086 qua:
1367 2015 1661 2071 secundum
1711 2014 1885 2085 legem

292 2113 470 2160 erant.
503 2104 612 2161 Sed
636 2121 958 2176 quwcunque
991 2107 1116 2160 mihi
1145 2116 1292 2160 erant
1321 2105 1617 2171 lucra,htec
1645 2106 1884 2160 existimo

291 2211 505 2270 propter
539 2198 806 2254 Christum
853 2200 1162 2255 detrimenta
1189 2214 1208 2254 :
1247 2200 1398 2257 lucra
1425 2201 1641 2272 quidem
1675 2201 1882 2266 dicens,

293 2299 354 2345 ut
401 2292 656 2346 ostendat
701 2292 959 2361 quoniam
1008 2293 1314 2348 necessario
1369 2301 1498 2346 tunc
1541 2294 1879 2362 agebantur:

295 2381 567 2451 adjiciens
611 2397 744 2436 vero
794 2381 883 2435 illa
927 2397 1046 2452 qum
1088 2391 1246 2437 erant
1283 2384 1352 2437 ad
1392 2383 1881 2450 confirmationem,

292 2475 426 2529 dicit
482 2474 739 2544 quoniam
790 2475 938 2530 lucra
977 2475 1212 2530 habebat
1259 2476 1349 2530 illa
1410 2476 1713 2532 sollicitudo
1763 2491 1884 2546 qua:

292 2581 422 2636 erga
455 2566 577 2621 illos
614 2575 790 2621 erant.
834 2567 986 2623 Nunc
1012 2583 1142 2623 vero
1185 2570 1358 2639 magis
1397 2576 1523 2624 sunt
1556 2568 1884 2624 detrimenta

291 2658 349 2712 in
375 2660 786 2728 comparatione
800 2659 1000 2716 Christi
1031 2669 1297 2731 reputata.
1323 2661 1478 2718 Unde
1501 2663 1569 2716 ad
1596 2677 1881 2734 compara-

293 2750 504 2803 tionem
527 2749 762 2805 Christi:
795 2751 902 2807 Sed
923 2762 972 2806 et
994 2754 1233 2807 existimo
1257 2756 1428 2808 omnia
1445 2756 1753 2808 detrimenta
1774 2772 1884 2810 esse

290 2851 510 2912 propter
553 2845 1022 2913 supereminentem
1067 2847 1336 2901 scientiam
1372 2845 1502 2901 Jesu
1543 2846 1739 2902 Christi
1776 2849 1885 2904 Do-

293 2935 427 2987 mini
463 2936 587 2989 mei.
617 2935 762 2990 Bene
792 2937 972 3006 posuit
995 2937 1210 2992 Domini
1231 2939 1355 3004 mei,
1382 2939 1538 3009 quasi
1568 2955 1635 2994 ex
1667 2955 1885 3010 compa-

293 3025 515 3080 ratione
542 3041 876 3096 cognoscens
901 3028 1073 3098 ipsam
1100 3026 1481 3084 differentiam.
1510 3029 1661 3085 Unde
1686 3038 1740 3086 et
1768 3047 1885 3088 mo-

293 3125 385 3170 tus
413 3132 600 3172 amore
631 3118 914 3173 Dominum
946 3134 1100 3173 suum
1131 3119 1300 3174 Deum
1327 3118 1465 3174 dixit
1490 3137 1503 3173 :
1529 3129 1590 3174 ut
1619 3130 1741 3192 post
1768 3138 1882 3177 ma-

285 3206 476 3276 jorum
509 3209 773 3263 bonorum
805 3209 881 3264 illi
912 3225 1074 3265 causa
1109 3211 1392 3266 existente.
1429 3212 1633 3267 Deinde
1663 3212 1877 3282 adjicit:

293 3299 527 3370 Propter
555 3317 704 3371 quem
741 3303 916 3355 omnia
954 3302 1348 3358 detrimentatus
1390 3321 1530 3370 sum,
1564 3312 1612 3358 et
1640 3306 1881 3360 existimo
1909 3292 1956 3356 C

291 3401 354 3445 ut
398 3402 650 3446 stercora.
691 3393 760 3448 Et
797 3394 1052 3464 quoniam
1099 3395 1422 3450 videbantur
1469 3397 1878 3465 contumeliosa,

293 3491 357 3537 ut
406 3492 646 3538 stercora
691 3499 888 3540 vocare
941 3485 1034 3540 illa
1059 3485 1201 3556 'quae
1247 3487 1380 3558 legis
1427 3496 1570 3550 sunt,
1624 3488 1882 3544 velociter

293 3574 522 3644 adjicit:
556 3573 623 3629 Ut
645 3575 909 3631 Christum
932 3577 1282 3647 lucrifaciam.
1299 3577 1598 3634 Ostendens
1625 3581 1882 3650 quoniam

294 3669 641 3740 comparatio
680 3669 893 3724 illorum
939 3671 1031 3740 qui
1083 3671 1379 3726 secundum
1427 3672 1703 3728 Christum
1755 3683 1882 3729 sunt

293 3759 407 3814 ista
463 3759 590 3814 talia
651 3760 858 3816 faciunt
901 3761 1103 3828 videri,
1151 3763 1384 3833 qualiter
1438 3775 1531 3820 aut
1575 3767 1882 3836 quomodo?

293 3851 372 3905 Et
404 3852 640 3906 inveniar
671 3854 724 3906 in
765 3853 854 3907 illo
894 3870 996 3908 non
1027 3855 1222 3909 habens
1254 3872 1422 3909 meum
1453 3857 1738 3926 justitiam,
1762 3875 1881 3930 qua:

288 3959 363 3998 ea:
387 3943 497 4014 lege
522 3952 636 3998 est:
659 3944 747 3997 sed
774 3943 921 3997 illam
953 3961 1070 4015 qua:
1102 3961 1166 3998 ea:
1197 3945 1302 4013 ﬁde
1335 3956 1408 3999 est
1433 3945 1649 4013 Christi,
1687 3948 1777 4018 qui
1817 3965 1882 4003 ex

286 4038 407 4092 Deo
430 4047 506 4093 est
521 4038 732 4109 justitia
759 4055 822 4092 ea:
841 4038 965 4107 ﬁde.
995 4038 1182 4108 Cupio,
1213 4039 1410 4108 inquit,
1441 4039 1584 4094 illam
1613 4040 1880 4110 justitiam

285 4133 513 4202 assequi
559 4149 677 4202 qua:
725 4149 790 4187 ex
815 4133 925 4187 Deo
972 4141 1075 4198 est,
1129 4148 1290 4203 quam
1333 4134 1548 4204 assequi
1598 4150 1881 4204 possumus

285 4241 393 4296 per
421 4225 572 4281 illam
604 4226 763 4281 fidem
793 4242 912 4297 qua:
947 4229 1002 4282 in
1033 4227 1255 4285 Christo
1286 4239 1390 4295 est,
1418 4239 1473 4285 et
1507 4231 1629 4285 ideo
1652 4232 1880 4302 dispicio

285 4331 473 4372 meam
506 4317 773 4385 justitiam
814 4333 933 4387 qua:
960 4334 1027 4373 ex
1067 4317 1184 4390 lege
1209 4329 1313 4387 est,
1343 4321 1520 4377 sciens
1548 4337 1669 4376 eam
1717 4330 1773 4377 et
1801 4322 1878 4378 la-

287 4407 570 4461 boriosam
602 4423 744 4474 esse,
780 4416 836 4462 et
864 4407 1247 4477 impossibilem
1279 4411 1344 4466 ad
1371 4412 1726 4468 directionem
1753 4430 1765 4466 :
1794 4413 1876 4468 fa-

284 4497 452 4551 cilius
492 4498 636 4552 enim
677 4498 808 4554 mihi
840 4514 907 4552 ex
954 4499 1068 4569 lege
1108 4516 1336 4570 peccare
1358 4510 1462 4568 est,
1500 4519 1663 4572 quam
1694 4504 1875 4574 dirigi,

285 4602 346 4648 et
376 4591 713 4647 manifestius
753 4592 960 4647 faciens
1014 4609 1134 4663 qum
1172 4595 1244 4649 sit
1271 4595 1361 4652 illa
1398 4611 1467 4651 ex
1496 4595 1608 4650 Deo
1638 4595 1874 4666 justitia,

283 4700 412 4755 qua:
449 4699 549 4752 per
584 4683 732 4738 illam
760 4683 920 4738 ﬁdem
959 4659 1080 4755 quae
1118 4685 1173 4740 in
1203 4685 1419 4742 Christo
1449 4695 1534 4742 est
1572 4659 1876 4757 acquiritur
1899 4659 1953 4719 Β

283 4780 344 4834 in
390 4780 573 4834 ﬁdem.
627 4778 822 4851 (Aug.)
873 4779 986 4835 Hoc
1029 4795 1156 4852 ergo
1202 4779 1510 4837 Iudaeorum
1555 4780 1756 4836 Paulus
1799 4780 1876 4834 di-

283 4881 448 4926 xerat
507 4871 651 4941 quod
719 4871 920 4927 malum
990 4871 1263 4927 habebant
1321 4881 1377 4927 et
1429 4872 1696 4942 imprimis
1745 4871 1872 4927 illud

282 4965 434 5036 quod
468 4965 767 5035 ignorantes
800 4964 897 5018 Dei
918 4964 1185 5035 justitiam
1210 4973 1259 5019 et
1286 4980 1437 5018 suam
1484 4963 1706 5018 volentes
1750 4978 1874 5017 con-

279 5056 526 5119 stituere,
574 5055 802 5125 justitia:
843 5055 939 5110 Dei
997 5072 1099 5109 non
1129 5064 1250 5110 sunt
1301 5054 1522 5124 subjecti
1579 5053 1752 5125 (Rom.
1781 5053 1870 5123 x);

281 5146 484 5201 deinde
537 5145 679 5216 quod
745 5154 867 5216 post
925 5144 1230 5216 passionem
1302 5161 1365 5201 ac
1422 5145 1874 5201 resurrectionem

279 5239 490 5295 Christi
529 5239 656 5295 dato
704 5246 866 5309 atque
903 5238 1249 5294 manifestato
1300 5246 1641 5294 sacramento
1687 5237 1876 5306 gratiae

278 5333 585 5390 secundum
631 5333 878 5388 ordinem
924 5332 1350 5398 Melchisedech,
1396 5331 1572 5386 adhuc
1617 5331 1878 5402 putabant

280 5433 632 5481 sacramenta
678 5433 864 5480 vetera
933 5439 1042 5479 non
1115 5439 1183 5479 ex
1235 5422 1623 5478 consuetudine
1673 5422 1873 5478 solem-

280 5515 492 5579 uitatis,
527 5515 623 5571 sed
661 5531 729 5571 ex
756 5517 1081 5574 necessitate
1127 5514 1315 5570 salutis
1358 5529 1478 5570 esse
1508 5511 1867 5569 celebranda:

280 5624 409 5680 qua:
439 5616 622 5664 tamen
666 5609 713 5664 si
760 5625 1034 5680 nunquam
1084 5608 1310 5665 fuissent
1357 5608 1663 5663 necessaria
1705 5607 1872 5664 infru-

282 5709 477 5758 ctuose
524 5710 684 5770 atque
732 5701 965 5757 inaniter
1013 5717 1113 5772 pro
1158 5701 1238 5756 eis
1287 5699 1575 5754 Macbabaei
1603 5707 1872 5770 martyres

283 5794 503 5850 fierent.
551 5792 834 5849 Postremo
874 5793 1006 5850 illud
1051 5794 1196 5864 quod
1247 5792 1634 5865 praedicatores
1680 5792 1870 5862 gratiae

285 5885 634 5944 Christianos
663 5885 832 5942 Judaei
869 5895 1128 5956 tanquam
1173 5888 1357 5943 hostes
1394 5884 1531 5956 legis
1571 5898 1867 5954 perseque-

1987 2033 2163 2083 suam,
2211 2017 2266 2070 in
2308 2031 2413 2086 qua
2461 2015 2625 2071 homo
2665 2023 2820 2085 putat
2863 2013 3108 2069 suﬁicere
3144 2014 3247 2069 sibi
3289 2013 3460 2085 legem
3506 2013 3575 2068 ad

1986 2109 2233 2165 facienda
2277 2107 2460 2163 divina
2508 2108 2784 2173 mandata,
2815 2109 3093 2163 conlidens
3138 2107 3192 2162 in
3222 2107 3423 2162 virtute
3451 2123 3572 2162 sua.

1985 2209 2066 2264 Ex
2095 2209 2200 2264 ﬁde
2229 2217 2410 2264 autem
2441 2207 2711 2278 justitiam
2740 2208 2860 2263 ideo
2883 2209 3015 2264 dicit
3037 2223 3156 2264 esse
3185 2223 3253 2264 ex
3279 2208 3411 2275 Deo,
3441 2210 3570 2280 quia

1985 2302 2128 2358 Deus
2155 2301 2444 2372 unicuique
2466 2301 2700 2370 partitur
2726 2316 3034 2357 mensuram
3060 2301 3208 2366 ﬁdei,
3238 2309 3292 2356 et
3319 2303 3385 2357 ad
3410 2301 3572 2357 fidem

1983 2397 2284 2466 pertineret
2322 2395 2544 2450 credere
2581 2396 2725 2464 quod
2769 2396 2822 2450 in
2859 2395 3016 2451 nobis
3052 2396 3195 2450 Deus
3231 2404 3486 2465 operetur
3519 2405 3576 2452 et

1985 2486 2145 2548 velle.
2193 2487 2335 2541 sicut
2382 2485 2716 2555 operabatur
2766 2485 2822 2539 iu
2870 2485 2961 2539 illa
3010 2485 3373 2555 purpuraria,
3422 2486 3577 2556 cujus

1985 2585 2272 2648 aperuerat
2311 2576 2453 2630 Deus
2505 2585 2773 2640 mentem,
2825 2583 2885 2630 ut
2935 2576 3239 2631 intenderet
3285 2591 3348 2631 ea
3387 2591 3508 2648 quae
3545 2592 3576 2631 a

1982 2666 2150 2721 Paulo
2171 2667 2510 2720 dicebantur.
2542 2663 2620 2720 Ac
2642 2681 2738 2735 per
2761 2664 2865 2720 hoc
2885 2680 2988 2720 nec
3009 2665 3110 2734 ipsi
3136 2661 3310 2719 Judaei
3336 2665 3430 2737 qui
3455 2679 3576 2721 cre-

1984 2757 2235 2813 diderunt
2267 2757 2321 2810 in
2353 2755 2653 2819 Christum,
2697 2756 2754 2810 in
2794 2755 2992 2826 quibus
3025 2764 3082 2811 et
3107 2754 3308 2810 Paulus
3333 2754 3458 2820 fuit,
3505 2768 3575 2810 ex

1983 2849 2099 2920 lege
2151 2846 2393 2904 haeredes
2440 2846 2662 2902 omnino
2713 2845 2927 2900 dicendi
2971 2855 3119 2913 sunt,
3169 2847 3268 2916 sed.
3289 2847 3471 2916 potius
3505 2859 3588 2902 ex.

1983 2947 2360 3018 promissione.
2411 2945 2536 3001 Ideo
2571 2945 2716 3000 enim
2745 2944 2947 2999 dictum
2977 2952 3061 3000 est
3085 2963 3098 2997 :
3133 2943 3202 2999 In
3231 2945 3388 3000 Isaac
3415 2961 3573 3000 voca-

1985 3039 2123 3092 bitur
2159 3038 2252 3092 tibi
2273 3053 2445 3092 semen
2477 3034 2663 3109 (Hebr.
2689 3034 2789 3106 xt),
2814 3035 2940 3104 quia
2966 3051 3076 3091 non
3106 3035 3199 3105 qui
3230 3035 3324 3090 filii
3368 3037 3570 3102 carnis,

1984 3131 2037 3185 hi
2067 3129 2189 3184 Filii
2220 3129 2336 3194 Dei,
2380 3129 2475 3183 sed
2505 3127 2598 3181 ﬁlii
2634 3126 3011 3198 promissionis
3038 3127 3370 3199 deputantur
3401 3129 3456 3184 in
3486 3145 3574 3185 se-

1983 3222 2148 3277 mine.
2181 3218 2248 3273 Ut
2282 3235 2590 3290 cognoscam
2620 3235 2768 3283 eum,
2804 3227 2852 3272 et
2893 3200 3134 3273 virt'utem
3170 3221 3570 3276 resurrectionis

1985 3315 2120 3385 ejus.
2145 3311 2263 3368 Non
2304 3313 2442 3368 dixit
2471 3312 2960 3378 resurrectionem,
3002 3313 3093 3366 sed
3125 3312 3362 3368 virtutem
3393 3331 3574 3368 resur-

1987 3404 2250 3458 rectionis.
2279 3402 2410 3470 Qum
2438 3412 2523 3458 est
2551 3410 2729 3458 autem
2762 3403 3176 3458 resurrectionis
3204 3404 3321 3475 ejus
3365 3405 3574 3461 virtus?

1985 3496 2240 3566 quoniam
2283 3509 2383 3564 pro
2412 3494 2662 3550 omnibus
2699 3493 2840 3550 facta
2874 3504 2978 3561 est,
3008 3503 3064 3550 et
3102 3505 3162 3550 ut
3204 3512 3393 3552 omnes
3422 3498 3573 3553 simi-

1984 3589 2088 3642 lem
2111 3597 2436 3658 assequatur
2461 3589 2914 3645 resurrectionem
2941 3608 2954 3644 :
2988 3590 3216 3647 credens
3241 3592 3387 3646 enim
3414 3590 3572 3648 Chri-

1983 3689 2088 3745 sto,
2117 3679 2278 3735 credo
2313 3681 2477 3735 etiam
2515 3689 2571 3736 et
2603 3680 2861 3738 virtutem
2891 3683 3305 3738 resurrectionis
3332 3683 3450 3753 ejus
3473 3701 3568 3741 co-

1983 3786 2264 3842 gnoscere,
2310 3771 2414 3826 hoc
2452 3781 2536 3826 est
2577 3773 2792 3844 assequi
2836 3774 3323 3840 resurrectionem,
3365 3775 3419 3829 in
3463 3791 3570 3846 qua

1983 3860 2207 3916 effectus
2252 3860 2308 3914 in
2339 3861 2632 3916 immortali
2671 3870 2727 3916 et
2753 3862 3070 3932 impassibili
3102 3871 3296 3918 natura
3327 3863 3396 3919 ab
3419 3868 3569 3922 omni

1982 3961 2206 4022 peccato
2234 3951 2371 4006 liber
2398 3967 2513 4018 ero,
2539 3952 2680 4007 ultra
2709 3967 2815 4007 non
2847 3953 3093 4024 indigens
3121 3955 3258 4026 lege.
3283 3954 3396 4012 Nec
3419 3957 3566 4012 enim

1981 4052 2136 4098 erant
2157 4053 2519 4098 consentanea
2543 4043 2703 4098 simul
2728 4045 2893 4098 etiam
2921 4056 2975 4098 et
3004 4044 3228 4100 affectus
3255 4045 3374 4114 ejus
3402 4062 3565 4118 quam

1982 4150 2107 4206 erga
2137 4135 2311 4204 legem
2350 4150 2475 4189 cum
2504 4135 2688 4189 labore
2729 4144 2783 4190 et
2810 4136 3005 4190 sudore
3045 4137 3302 4192 virtutem
3331 4152 3448 4193 sum
3482 4140 3565 4194 di-

1983 4234 2258 4290 recturus,
2286 4226 2382 4281 sed
2425 4226 2602 4281 divina
2645 4229 2819 4300 gratia
2850 4229 3165 4286 custodibor
3206 4231 3261 4285 in
3301 4230 3458 4288 bonis
3502 4249 3569 4289 eo

1981 4322 2125 4392 quod
2153 4330 2281 4376 tunc
2307 4337 2408 4377 nec
2437 4337 2667 4392 peccare
2701 4323 2843 4379 ultra
2873 4332 3081 4394 potero.
3115 4323 3183 4378 Et
3213 4328 3570 4381 communica-

1979 4413 2168 4466 tionem
2195 4413 2495 4482 passionum
2520 4414 2632 4484 ejus
2660 4414 2942 4484 conformis
2968 4414 3139 4484 [actus
3168 4418 3326 4470 morti
3355 4417 3490 4487 ejus,
3523 4419 3569 4472 si

1976 4508 2236 4572 quomodo
2266 4518 2536 4556 occurram
2566 4505 2622 4557 in
2645 4521 2760 4558 eam
2789 4504 3215 4560 resurrectionem
3242 4523 3360 4576 qua:
3394 4516 3469 4560 est
3501 4525 3567 4562 ea:

1977 4595 2218 4649 mortuis.
2256 4594 2484 4665 Propter
2521 4598 2646 4662 hoc,
2688 4598 2882 4667 inquit,
2910 4607 2966 4653 et
2996 4599 3398 4654 communicare
3441 4615 3567 4670 pas-

1980 4689 2223 4744 sionibus
2250 4689 2367 4759 ejus
2398 4690 2574 4759 cupio,
2608 4689 2906 4745 consimilis
2935 4690 3110 4746 factus
3133 4691 3299 4746 morti
3333 4691 3473 4760 ejus,
3499 4709 3566 4750 eo

1980 4783 2125 4852 quod
2175 4783 2243 4836 ad
2279 4781 2685 4837 similitudinem
2717 4783 2833 4853 ejus
2885 4784 3340 4854 contemplatione
3393 4787 3568 4857 pieta-

1980 4873 2051 4928 tis
2076 4875 2145 4929 ab
2169 4874 2358 4928 alienis
2384 4874 2450 4929 ad
2479 4883 2705 4929 mortem
2731 4875 3038 4944 pertrahor,
3068 4890 3162 4946 spe
3192 4875 3282 4931 illa
3305 4893 3409 4947 qua
3435 4893 3564 4934 con-

1983 4962 2088 5018 fido
2136 4963 2402 5034 particeps
2445 4963 2561 5017 fieri
2608 4962 2724 5032 ejus
2772 4966 3188 5022 resurrectionis
3234 4983 3354 5037 quae
3400 4971 3565 5026 etiam

1981 5055 2147 5110 multa
2173 5063 2228 5110 et
2258 5056 2522 5110 immensa
2560 5055 2763 5125 repleta
2792 5065 2876 5111 est
2919 5056 3108 5128 gloria.
3141 5057 3265 5112 Non
3290 5059 3414 5130 quia
3446 5061 3568 5130 jam

1980 5147 2266 5217 acceperim
2286 5187 2300 5211 ,
2330 5155 2420 5199 aut
2442 5146 2560 5215 jam
2599 5145 2856 5216 perfectus
2897 5148 2995 5200 sim
3023 5160 3041 5198 :
3071 5164 3351 5220 persequor
3389 5159 3566 5204 autem

1978 5238 2023 5292 si
2065 5246 2114 5290 et
2142 5236 2602 5306 comprehendam,
2635 5238 2690 5290 in
2716 5254 2818 5307 quo
2849 5247 2896 5291 et
2937 5239 3335 5309 comprehensus
3379 5257 3496 5295 sum
3533 5260 3567 5296 a

1979 5327 2187 5382 Christo
2215 5325 2367 5381 Jesu.
2394 5326 2470 5381 Eo
2499 5328 2641 5396 quod
2669 5328 2734 5384 de
2763 5344 2978 5384 sursum
3009 5329 3082 5384 illi
3111 5331 3381 5400 apparuit,
3415 5340 3470 5387 et
3495 5333 3562 5388 de

1978 5420 2116 5476 coelo
2145 5418 2395 5475 Christus
2439 5436 2590 5475 suam
2620 5420 2695 5475 illi
2739 5422 2976 5478 ostendit
3015 5421 3263 5493 gloriam,
3293 5423 3396 5478 hoc
3433 5423 3560 5478 dicit

1977 5513 2033 5567 in
2075 5511 2205 5566 illud
2245 5513 2390 5581 quod
2429 5511 2728 5583 perfectum
2759 5521 2843 5569 est
2867 5512 3098 5568 necdum
3125 5512 3441 5578 constituto,
3473 5527 3540 5567 ex

1978 5609 2162 5673 specto
2185 5603 2328 5657 enim
2363 5601 2496 5678 illud
2530 5603 2724 5658 adhuc.
2757 5601 2949 5659 Omnia
2990 5613 3170 5657 autem
3216 5601 3356 5657 facio
3394 5603 3567 5657 enitet

1977 5712 2136 5752 scens
2192 5698 2407 5767 assequi
2461 5697 2931 5769 participationem
2977 5710 3199 5762 eorum,
3257 5696 3313 5750 in
3363 5696 3561 5766 quibus

1976 5789 2091 5858 ipse
2119 5787 2289 5843 oculis
2317 5789 2452 5844 meis
2479 5789 2728 5860 perspexi
2757 5803 2879 5844 esse
2907 5787 3203 5854 Christum,
3233 5785 3448 5856 quando
3475 5803 3564 5844 me

1974 5891 2388 5956 persequentem
2419 5899 2517 5955 per
2547 5899 2700 5939 suam
2729 5883 3110 5941 revelationem
3146 5880 3482 5952 praeveniens
3507 5880 3562 5935 in
