3986 6338
218 444 321 519 soi

670 440 1218 521 assummum
1250 462 1321 520 1N
1353 462 1504 522 EPP.
1538 463 1745 523 psum
1780 463 1909 523 Lm.
1946 465 2089 524 χιχ.
2113 495 2183 511 -
2219 446 2294 527 is
2324 467 2541 526 EPIST.
2579 466 2671 526 AD
2706 450 2989 526 natura.

3354 476 3459 533 503

218 577 497 642 revelavit,
538 560 883 655 pervenimus
919 585 1099 634 autem
1147 578 1206 634 in
1255 578 1399 635 viam
1453 578 1599 647 ﬁdei,
1643 580 1786 636 hanc
1814 587 1867 650 Α
1890 583 2006 640 sive
2033 583 2370 657 circumcisio
2417 586 2509 654 sit,
2553 586 2666 645 sive
2694 564 3039 657 sacrificium,
3070 589 3186 667 sive
3212 605 3459 650 escarum

216 669 752 744 perseverantissime
782 678 1078 735 teneamus,
1105 671 1219 742 ipsa
1240 672 1486 749 perducit
1521 672 1590 728 ad
1638 674 1793 729 cubia

217 762 401 820 Culum
426 762 592 837 regis,
618 762 675 817 in
694 779 797 834 quo
822 771 943 818 sunt
979 778 1154 818 omnes
1176 756 1407 819 thesauri
1432 765 1704 835 sapientiae
1743 772 1794 843 et

216 854 455 909 scientia
474 853 765 908 absconditi
785 852 1008 927 (Coloss.
1037 853 1120 927 ιι),
1145 854 1526 912 ambulandum
1548 864 1649 925 est,
1669 872 1796 930 pro-

216 944 513 1001 ﬁciendum
555 952 659 1012 est,
692 944 1021 1001 credendum
1050 952 1154 1012 est,
1200 952 1261 1000 ut
1289 945 1399 1001 sint
1418 947 1583 1002 corda
1608 954 1795 1004 nostra

216 1038 446 1113 capacia
467 1051 654 1094 carum
705 1051 889 1092 rerum
928 1034 1063 1108 quas
1092 1050 1284 1111 capere
1336 1037 1496 1094 modo
1531 1053 1636 1094 non
1667 1052 1801 1113 pos-I

215 1140 431 1195 sumus;
459 1127 602 1200 quod
620 1127 665 1183 si
693 1141 793 1183 nos
812 1127 1035 1184 ultimus
1048 1128 1164 1184 dies
1186 1128 1589 1200 proﬁciscentes
1612 1126 1799 1201 [proﬁ-

215 1217 451 1293 cientes]
466 1220 753 1286 invenerit,
768 1219 1272 1293 ibidiscemusquod
1286 1223 1373 1279 hic
1388 1237 1490 1278 non
1501 1222 1795 1294 potuimus.

224 1311 601 1370 Verumtamen
628 1311 700 1367 ad
727 1312 785 1366 id
816 1313 957 1384 quod
976 1314 1302 1384 pervenimus
1342 1322 1402 1367 ut
1446 1312 1587 1368 idem
1616 1304 1796 1384 sapia-

215 1422 341 1461 ntus
364 1414 425 1461 ,ει
452 1405 510 1459 in
533 1404 715 1460 eadem
758 1421 1159 1477 permaneamus
1187 1405 1385 1477 regula.
1413 1404 1618 1479 (Amb.)
1662 1405 1803 1481 lute-

213 1498 349 1561 rim,
373 1496 566 1570 inquit,
608 1492 913 1569 inquibus
944 1513 1131 1554 sumus
1177 1506 1234 1554 et
1270 1500 1323 1554 in
1376 1486 1589 1574 quibus
1621 1498 1799 1555 vocati

214 1600 413 1643 sumus
440 1600 760 1657 permanere
813 1585 1091 1651 debemus,
1137 1597 1557 1644 consentaneum
1582 1604 1707 1661 erga
1736 1587 1801 1643 il-

215 1677 301 1735 los
335 1678 590 1734 aﬂectum
658 1678 1027 1744 ostendentes,
1089 1685 1143 1735 et
1183 1693 1294 1736 non
1359 1679 1697 1736 discedentes
1732 1677 1800 1734 ab

212 1766 635 1844 exspectatione
675 1772 998 1837 futurorum,
1053 1773 1149 1829 sed
1196 1775 1486 1829 secundum
1537 1773 1681 1828 illam
1716 1771 1798 1828 vi-

1892 674 2271 747 observantiae,
2312 678 2425 734 sive
2454 678 2801 738 sabbatorum
2834 679 3125 748 custodite;
3161 682 3339 739 omnia
3365 698 3461 741 au-

1894 775 2003 824 tem
2050 768 2167 826 haec
2214 758 2271 825 in
2313 769 2495 827 futuro
2536 770 2736 843 saeculo
2779 772 2953 828 otiosa
2979 781 3162 842 erunt,
3196 774 3253 831 in
3300 774 3461 847 quem

1893 861 2174 917 constituti
2201 869 2577 934 exspectantes
2588 861 2701 932 jam
2715 864 3010 920 secundum
3033 854 3264 921 formam
3280 856 3334 921 in
3358 864 3465 922 illis

1894 943 2016 1008 esse
2040 952 2436 1009 existimantur.
2467 952 2665 1010 Nostra
2702 963 2877 1027 autem
2902 957 3223 1012 conversatio
3248 956 3303 1012 in
3324 956 3465 1013 caelis

1895 1053 1990 1100 est.
2021 1040 2170 1100 Unde
2193 1047 2351 1101 etiam
2368 1044 2689 1103 Salvatorem
2703 1057 3059 1120 exspectamus
3071 1047 3353 1105 Dominum
3368 1066 3467 1106 no-

1896 1141 2060 1191 strum
2073 1134 2255 1191 Iesum
2269 1135 2555 1202 Christum,
2571 1139 2662 1210 qui
2678 1138 2982 1213 reformabit
2997 1156 3185 1212 corpus
3198 1140 3468 1197 humilita-

1897 1220 1964 1281 tis
2000 1236 2211 1295 nostrte,
2242 1228 2625 1300 conﬁguratum
2640 1230 2847 1301 corpori
2858 1230 3116 1305 claritatis
3131 1248 3262 1297 suae,
3285 1240 3472 1288 secun-

1898 1319 2024 1391 dum
2073 1321 2458 1392 operationem,
2505 1339 2611 1395 qua
2658 1324 2820 1395 possit
2858 1325 3016 1380 etiam
3069 1325 3328 1397 subjicere
3368 1327 3469 1383 sibi

1898 1414 2094 1487 omnia.
2136 1411 2329 1470 Nostra
2357 1421 2537 1470 autem
2575 1417 2916 1481 conversatio
2953 1433 3062 1475 non
3113 1427 3200 1476 est
3222 1426 3464 1487 terrena,

1900 1503 1993 1559 sed
2023 1500 2259 1561 caelestis
2310 1520 2417 1579 quo
2446 1506 2525 1563 ire
2561 1516 2963 1578 exspectamus,
2992 1509 3136 1568 unde
3162 1522 3219 1568 et
3252 1521 3471 1569 nostras

1897 1592 2172 1675 primitias
2218 1605 2591 1668 exspectamus
2646 1600 2819 1670 ipsum
2883 1596 3179 1668 Christum,
3219 1603 3314 1674 qui
3365 1604 3470 1659 hoc

1900 1702 2114 1758 corpus,
2160 1688 2303 1758 quod
2338 1704 2484 1746 nunc
2525 1690 2867 1747 humiliatum
2908 1699 2993 1771 est
3041 1693 3142 1749 sub
3169 1702 3363 1767 morte,
3403 1692 3473 1749 ad

1900 1783 2357 1841 immortalitatem
2383 1784 2705 1853 transferet,
2744 1786 2919 1843 simile
2949 1786 3078 1843 illud
3114 1803 3214 1844 suo
3256 1789 3473 1859 corpori

214 1872 335 1920 tam
394 1874 640 1939 nostram
948 1863 1226 1932 debemus,
1271 1866 1401 1920 hinc
1432 1865 1575 1920 enim
1601 1877 1803 1935 preme.
1900 1874 2128 1943 faciens,
2162 1876 2287 1948 quia
2316 1891 2421 1932 non
2449 1876 2621 1934 solum
2654 1879 2754 1934 hoc
2790 1886 2968 1949 potest
3003 1877 3202 1946 facere,
3233 1879 3327 1935 sed
3358 1894 3476 1935 om.

214 1956 466 2027 dentium
510 1955 803 2011 verborum
835 1969 1027 2011 sensus
1085 1963 1192 2022 est,
1240 1955 1459 2026 quidam
1504 1967 1636 2009 vero
1687 1968 1794 2009 non

1905 1971 1989 2026 nia
2036 1985 2303 2027 renovans
2340 1970 2444 2026 sibi
2494 1968 2770 2042 coniungit
2803 1990 2816 2027 :
2844 1971 2920 2028 ita
2961 1980 3025 2027 ut
3067 1972 3245 2028 omnis
3283 1987 3472 2028 corru-

213 2050 571 2106 intendentes
617 2048 914 2125 sequentiae
962 2048 1119 2123 quasi
1186 2046 1444 2131 Apostolo
1486 2047 1552 2102 de
1588 2040 1797 2102 virtute

212 2144 534 2215 disputante
574 2142 657 2223 sic
701 2140 795 2197 illa
821 2149 1194 2211 susceperunt,
1246 2148 1301 2196 et
1349 2139 1493 2223 quod
1523 2138 1659 2194 dixit
1703 2137 1796 2193 illa

213 2251 345 2309 qua:
392 2220 693 2309 posteriora
743 2242 869 2290 sunt
903 2233 1247 2299 obliviscaris,
1292 2231 1359 2287 ad
1398 2220 1500 2315 illa
1524 2232 1657 2286 vero
1678 2243 1798 2300 quas

213 2324 410 2384 inante
456 2335 688 2383 suntme
709 2328 1026 2392 extendens,
1051 2335 1107 2381 et
1129 2332 1329 2381 caetera
1351 2323 1530 2380 omnia
1551 2322 1799 2378 similiter

212 2429 602 2492 susceperunt,
624 2420 828 2477 habent
846 2420 991 2476 enim
1015 2433 1073 2475 se
1101 2432 1208 2475 non
1238 2419 1317 2474 sic
1344 2417 1527 2473 abillo
1554 2416 1674 2473 ioco
1690 2430 1797 2488 quo

211 2514 383 2581 dixit,
417 2515 530 2569 Iure
560 2513 742 2570 eadem
765 2512 991 2570 scribere
1009 2512 1174 2579 vobis,
1218 2510 1349 2567 mihi
1383 2509 1590 2583 quidem
1635 2508 1796 2579 inspi-

210 2625 396 2680 grum,
426 2623 527 2679 per
552 2608 731 2663 omnia
762 2605 921 2662 docet
942 2620 1057 2673 eos,
1081 2619 1147 2661 eo
1186 2605 1328 2676 quod
1372 2618 1477 2659 non
1510 2601 1799 2657 conveniat

211 2694 601 2770 obtemperare
635 2697 740 2771 illis
789 2698 882 2769 qui
934 2690 1230 2753 secundum
1267 2695 1439 2766 legem
1485 2709 1581 2750 eos
1618 2694 1798 2748 vivere

211 2789 666 2857 suadent,sicuti
741 2798 797 2846 et
826 2790 900 2845 'in
960 2789 1410 2861 interpretatione
1463 2784 1799 2843 ostendimus

212 2891 273 2939 et
309 2883 620 2939 ostenditur
644 2882 699 2939 id
729 2881 892 2939 etiam
932 2896 998 2937 ex
1027 2878 1479 2951 subsequentibus
1512 2876 1724 2932 melius.

288 2973 603 3029 Imitatores
622 2974 725 3029 mei
743 2981 922 3043 estote,
948 2972 1162 3044 fratres.
1208 2970 1323 3026 Hoc
1360 2976 1443 3025 est
1488 2967 1658 3024 nolite
1700 2964 1802 3023 sub

211 3066 346 3141 iege
374 3067 586 3145 vivere,
627 3066 786 3123 sicuti
809 3082 911 3122 nec
955 3081 1056 3138 ego
1098 3066 1222 3121 vivo
1249 3064 1350 3120 sub
1370 3062 1505 3135 lege,
1534 3068 1590 3117 et
1613 3067 1798 3139 osten-

213 3162 363 3219 dens
385 3160 643 3233 quoniam
667 3175 776 3215 non
802 3159 885 3215 sui
911 3173 1075 3216 causa
1101 3157 1207 3214 ista
1238 3155 1384 3224 dicit,
1410 3153 1503 3210 sed
1534 3151 1696 3208 talem
1720 3149 1797 3205 vi.

214 3262 291 3311 ue
319 3252 797 3310 conversationem
842 3250 1058 3307 eosdem
1097 3251 1302 3306 habere
1335 3247 1504 3319 cupit,
1552 3244 1750 3316 adjecit
1780 3260 1795 3298 :

216 3346 289 3403 Et
321 3346 590 3401 observate
625 3360 713 3400 eos
741 3343 829 3417 qui
868 3343 945 3398 ita
973 3340 1274 3409 ambulant,
1301 3341 1437 3396 sicut
1464 3337 1663 3393 habetis
1691 3335 1802 3407 for-

218 3438 371 3496 mam
400 3448 651 3505 nostram.
684 3436 765 3494 Ad
784 3435 1022 3508 plenum,
1051 3435 1243 3507 inquit,
1301 3435 1369 3490 ad
1395 3431 1520 3489 illos
1551 3430 1805 3502 respicite

221 3531 321 3602 qui
369 3530 449 3586 sic
495 3529 684 3584 vivunt
708 3528 850 3584 sicut
882 3542 1006 3594 nos,
1033 3525 1139 3582 illis
1174 3525 1545 3596 obtemperate
1567 3564 1582 3590 ,
1609 3531 1666 3578 et
1686 3520 1805 3577 illos

220 3622 434 3679 imitari
465 3620 734 3678 festinate.
774 3619 982 3677 Deinde
1005 3633 1236 3692 arguens
1275 3616 1618 3674 adversarios
1642 3615 1807 3671 vehe-

220 3724 447 3773 menter
474 3712 580 3771 illis
602 3713 833 3770 insistit:
858 3711 1018 3769 Multi
1037 3712 1172 3767 enim
1194 3709 1486 3776 ambulant,
1514 3724 1641 3781 quos
1663 3722 1799 3777 sirpe

221 3807 471 3863 dicebam
520 3806 682 3873 vobis,
721 3820 859 3861 nunc
888 3812 1060 3860 autem
1104 3812 1151 3859 et
1198 3802 1330 3874 ﬂens
1379 3801 1520 3867 dico,
1568 3798 1805 3854 inimicos

220 3898 405 3955 crucis
436 3895 648 3965 Christi.
695 3892 975 3953 Suﬂiciens
1019 3902 1137 3969 erat
1175 3892 1408 3949 invitare
1436 3890 1806 3971 Philippenses

222 3993 295 4050 ad
342 3991 529 4049 odium
584 3990 819 4057 illorum,
873 3986 1141 4060 siquidem
1194 3986 1285 4042 illa
1355 4001 1474 4057 quae
1533 3982 1804 4040 contraria

218 4088 393 4142 erant
410 4082 564 4140 cruci
591 4082 788 4140 docere
814 4070 1119 4137 tentabant.
1165 4076 1319 4136 Unde
1346 4086 1402 4134 et
1423 4074 1632 4148 adjicit.
1662 4073 1808 4141 Quo-

222 4191 353 4231 rum
388 4174 513 4245 linis
551 4174 814 4229 interitus.
865 4171 1005 4240 Quid
1046 4171 1189 4243 enim
1228 4169 1373 4225 aliud
1405 4169 1510 4224 erit
1537 4166 1805 4238 suspicari

1897 2062 2044 2134 ptela
2091 2062 2351 2147 solvatur,
2383 2068 2437 2119 et
2489 2064 2670 2119 omnia
2697 2063 2765 2119 ad
2796 2062 2944 2119 illum
2974 2064 3282 2137 inspiciam,
3320 2065 3475 2134 quasi

1896 2155 2314 2226 principatorem
2344 2163 2401 2210 et
2442 2163 2720 2212 auctorem
2765 2155 3188 2228 ineorruptionis
3223 2155 3325 2213 sibi
3363 2155 3478 2213 exi-

1897 2254 2150 2311 stentem,
2193 2260 2318 2301 nam
2363 2244 2507 2317 quod
2536 2245 2589 2300 in
2618 2243 2723 2301 hoc
2742 2245 2864 2302 loco
2913 2246 3047 2301 dixit
3071 2246 3340 2327 subjicere
3368 2260 3474 2301 non
3564 2274 3571 2281 ο

1897 2336 2142 2393 servituti
2165 2336 2254 2391 illa
2285 2351 2403 2407 quae
2427 2351 2496 2391 ex
2514 2337 2840 2394 necessitate
2871 2344 2955 2393 est
2981 2335 3113 2393 dicit
3141 2355 3156 2391 :
3185 2353 3293 2393 non
3330 2336 3476 2393 enim

1896 2427 2001 2483 hoc
2026 2427 2221 2484 inloco
2246 2428 2578 2499 propositum
2601 2435 2717 2494 est,
2761 2428 2858 2485 sed
2895 2428 3151 2499 quoniam
3197 2427 3477 2500 coniungit

1899 2519 2001 2575 sibi
2023 2534 2120 2590 per
2136 2518 2227 2575 illa
2243 2518 2500 2575 beneﬁcia
2522 2534 2642 2589 quae
2661 2518 2767 2576 illis
2791 2520 3016 2591 praebet,
3033 2520 3110 2575 ita
3129 2529 3187 2575 ut
3206 2520 3387 2576 omnia
3409 2518 3475 2574 ad

1898 2609 2046 2665 illum
2076 2610 2362 2680 inspiciant
2377 2611 2530 2682 quasi
2549 2612 2965 2683 principatorem
2988 2619 3045 2668 et
3070 2616 3351 2668 auctorem
3375 2613 3476 2669 bo-

1901 2696 2113 2758 norum.
2141 2700 2268 2758 Tale
2289 2710 2371 2758 est
2390 2713 2444 2758 et
2468 2701 2597 2758 illud
2616 2702 2758 2773 quod
2787 2703 2856 2758 ad
2878 2700 3187 2760 Corinthios
3218 2703 3478 2773 scriptum

1899 2799 2021 2848 est:
2054 2789 2200 2846 Tunc
2228 2792 2335 2863 ipse
2358 2789 2531 2847 Filius
2564 2791 2803 2847 subditus
2832 2793 2950 2847 erit.
2989 2790 3177 2864 (ICor.
3211 2794 3339 2864 xv),
3369 2807 3475 2849 non

1900 2880 2027 2956 quia
2061 2882 2283 2949 serviet,
2305 2883 2398 2938 sed
2419 2882 2932 2953 manetconjunctus
2965 2882 3041 2938 illi
3071 2897 3169 2955 per
3192 2898 3251 2941 se
3294 2884 3477 2940 omnia

1898 2974 2156 3041 oﬂ‘erens,
2170 2974 2236 3029 de
2249 2986 2499 3045 suscepto
2509 2974 2725 3030 homine
2739 2974 2843 3030 ista
2859 2974 3065 3030 dicens.
3082 2972 3287 3030 Deinde
3298 2973 3481 3030 ﬁrmat

1901 3066 2334 3145 exhortationem
2357 3074 2412 3124 et
2434 3066 2853 3124 consolationem
2879 3067 2935 3122 in
2956 3066 3203 3139 sequenti
3233 3065 3429 3140 capite.

2514 3176 2745 3235 CAPUT
2780 3175 2871 3234 Ν.

1826 3299 1877 3366 6
1905 3248 2115 3366 φηςι
2134 3273 2440 3366 patientiam
2478 3258 2778 3366 AposLtolus,
2802 3288 2926 3328 suos
2968 3271 3040 3328 ad
3063 3270 3300 3366 (mitium
3324 3255 3482 3366 spiri-

1976 3342 2169 3399 ntalem
2194 3344 2457 3415 hortando
2498 3342 2561 3415 ac
2599 3342 2851 3415 bonorum
2870 3345 3328 3415 perseverantiam.
3351 3342 3481 3401 ⁷Ρο-

1974 3417 2120 3472 uitur
2138 3420 2233 3471 sub
2258 3414 2415 3485 linem
2434 3412 2700 3471 salutatio.

1975 3527 2185 3600 Itaque,
2226 3528 2416 3599 fratres
2448 3527 2551 3582 mei
2595 3526 2890 3583 charissimi
2930 3535 2981 3584 et
3026 3527 3479 3597 desideratissimi,

1906 3620 2159 3694 gaudium
2183 3635 2355 3674 meum
2379 3628 2429 3675 et
2465 3633 2659 3673 corona
2680 3634 2828 3683 mea,
2857 3618 2932 3674 sic
2966 3626 3099 3674 state
3134 3619 3189 3674 in
3217 3618 3442 3674 Domino
3461 3658 3479 3684 ,

1907 3713 2221 3769 charissimi.
2251 3709 2455 3783 (Amb.)
2476 3708 2590 3766 Hoc
2617 3717 2721 3777 est,
2747 3709 2840 3766 tali
2866 3710 3026 3768 modo
3059 3709 3480 3776 cunversamini,

1906 3804 2143 3861 ostendit
2166 3802 2221 3858 in
2258 3802 2345 3858 his
2377 3801 2631 3872 quoniam
2672 3798 2905 3859 multum
2944 3813 3040 3859 eos
3086 3798 3375 3872 diligebat,
3425 3807 3482 3855 et

1905 3895 2264 3951 venerabatur
2287 3891 2442 3963 quasi
2484 3890 2780 3948 industrios
2805 3888 3156 3948 cbarissimos
3181 3894 3237 3945 et
3262 3883 3476 3945 deside-

1906 3987 2249 4044 rantissimos
2295 3984 2494 4041 fratres
2555 3999 2873 4055 nuncupans
2926 3998 3057 4048 eos,
3114 3988 3170 4039 et
3222 3978 3477 4051 gaudium

1907 4092 2063 4136 suum
2106 4085 2161 4132 et
2209 4091 2464 4134 coronam
2521 4089 2617 4132 eos
2666 4090 2786 4135 esse
2836 4072 3214 4145 pronuntians,
3271 4076 3327 4127 et
3360 4083 3480 4129 0m-

1906 4171 2068 4229 nibus
2111 4171 2218 4227 illis
2261 4164 3159 4240 adjiciensiteravit:Charissimi.
3218 4160 3477 4221 [Suedium

223 4267 297 4324 de
326 4265 438 4322 illis
469 4264 564 4353 qui
600 4250 905 4357 repugnant
944 4260 1157 4319 Christo
1191 4268 1247 4318 et
1286 4260 1557 4357 minor-are
1609 4272 1807 4357 prope-
1907 4280 2033 4335 rogo
2068 4272 2116 4320 et
2169 4246 2467 4335 Syntqchen
2504 4261 2750 4357 deprecor
2791 4260 3023 4357 idipsuns
3070 4271 3251 4357 sapere
3285 4253 3343 4315 in
3368 4252 3480 4357 ρο-

222 4356 403 4415 rant?
442 4352 539 4412 Ilia
576 4343 697 4428 quae
733 4370 862 4428 erga
903 4352 1180 4411 Christum
1207 4359 1335 4408 sunt
1378 4349 1801 4409 sollicitudinem
1907 4356 2070 4412 mino.
2116 4354 2351 4412 Evidens
2373 4360 2458 4410 est
2500 4351 2753 4424 quoniam
2776 4359 2832 4407 et
2868 4350 2999 4421 ipsa:
3036 4347 3299 4407 adversus
3341 4343 3478 4403 alte-

223 4462 365 4520 erga
387 4446 563 4519 legem
590 4434 980 4521 impendentes.
1032 4442 1271 4510 Quorum
1319 4441 1458 4498 Deus
1491 4448 1671 4496 venter
1708 4447 1799 4495 est.

1908 4458 2119 4506 rutram
2176 4447 2526 4504 decertabant
2559 4444 2948 4503 contendentes
2987 4455 3155 4513 super
3182 4440 3479 4513 primatum

221 4539 350 4596 Hoc
400 4537 689 4607 manduca,
723 4534 853 4593 illud
889 4534 998 4613 noli
1039 4535 1384 4609 manducare,
1430 4540 1487 4589 et
1514 4533 1660 4589 circa
1691 4538 1808 4587 stu—
1908 4545 2095 4609 utpote
2121 4535 2413 4593 virtutibus
2446 4535 2742 4603 adornata,
2774 4541 2832 4590 et
2852 4541 2916 4591 ut
2954 4530 3075 4589 ﬁeri
3106 4528 3246 4589 solet.
3295 4527 3353 4587 in
3380 4527 3480 4585 hu-

223 4630 321 4687 dia
354 4643 453 4686 sua
484 4641 544 4685 se
568 4636 789 4684 vertunt
834 4627 988 4698 quasi
1030 4627 1131 4683 deo
1164 4625 1377 4681 cuidam
1402 4623 1581 4680 ventri
1607 4636 1706 4679 suo
1732 4621 1811 4678 in-
1835 4665 1886 4699 n
1906 4628 2144 4699 jusmodi
2184 4628 2528 4685 contentione
2555 4625 3009 4698 provoeahantur.
3043 4621 3200 4681 Unde
3221 4626 3280 4685 et
3304 4618 3480 4683 neuti-

225 4722 521 4797 tendentes
562 4728 619 4778 et
658 4721 725 4777 ad
765 4720 943 4792 ipsum
995 4720 1251 4791 pietatem
1291 4731 1411 4774 esse
1469 4716 1806 4783 existimant,
1833 4712 1884 4735 "’
1911 4720 2079 4775 natim
2097 4735 2283 4776 earum
2306 4726 2633 4775 memoratus
2654 4725 2758 4783 est,
2779 4716 2875 4773 sed
2898 4729 3024 4772 eum
3042 4712 3210 4773 multa
3232 4726 3484 4777 reveren-

224 4814 378 4889 qnqd
417 4814 522 4871 alia
571 4808 797 4885 quidem
827 4813 901 4869 illi
948 4808 1163 4878 offerre,
1200 4811 1304 4867 alia
1350 4810 1569 4867 minimc
1615 4807 1811 4865 offerre
1908 4813 2006 4879 tia,
2045 4813 2121 4868 ita
2174 4820 2235 4867 ut
2281 4813 2533 4868 suaderet
2559 4809 2642 4867 eis
2684 4807 2774 4864 illa
2800 4821 2921 4878 qua:
2963 4805 3102 4879 bona
3141 4811 3301 4871 eum
3323 4802 3483 4869 simul

226 4907 512 4985 studeant,
572 4904 704 4963 illud
753 4905 953 4962 etenim
1000 4905 1145 4977 quod
1187 4903 1326 4959 ultra
1369 4917 1475 4957 non
1511 4901 1805 4958 secundum
1910 4912 2054 4960 utet
2097 4904 2243 4976 quod
2277 4903 2502 4961 decebat
2534 4900 2785 4972 personis
2817 4912 3004 4955 earum
3050 4895 3319 4957 redderet.
3363 4893 3478 4953 Hoc

224 5000 569 5057 voluntatem
594 4997 691 5053 Dei
721 4996 802 5062 tit,
835 4995 1180 5052 observantia
1211 5003 1295 5050 est
1324 5007 1457 5064 pura
1502 4991 1638 5047 nihil
1680 5006 1811 5047 con-
1911 4997 1966 5054 in
1996 4997 2114 5054 ιοεο
2172 4997 2407 5055 maxime
2452 4995 2579 5051 illud
2611 4991 2869 5064 possibile
2889 4999 2975 5046 est
3011 4988 3325 5062 conspicere
3348 5002 3482 5060 quo.

228 5092 416 5149 tincns
460 5084 746 5154 bonitatis,
792 5087 1131 5158 iniquitatem
1171 5100 1302 5141 vero
1343 5083 1586 5154 perﬂeite
1621 5082 1810 5138 viden-

228 5194 369 5251 tem,
408 5183 555 5241 unde
602 5180 732 5257 illud
768 5190 824 5238 et
864 5197 930 5237 ex
958 5178 1282 5236 abundantia
1320 5183 1575 5233 extenuat
1603 5174 1810 5231 dicens.

228 5275 307 5332 Et
352 5274 523 5347 groria
558 5275 616 5329 in
664 5273 969 5345 confusione
1007 5271 1257 5343 ipsorum.
1304 5267 1555 5339 Magnum
1609 5265 1810 5336 aliquid

226 5383 357 5439 esse
385 5367 701 5423 existimant
740 5373 802 5421 ut
843 5365 948 5420 alia
990 5363 1208 5435 quidem
1254 5361 1671 5427 manducentur,
1705 5359 1810 5441 alia

225 5475 342 5518 non
376 5461 791 5537 manducentur,
819 5474 927 5514 non
967 5455 1375 5513 considerantes
1403 5452 1662 5525 quoniam
1691 5467 1808 5508 om-

224 5553 321 5609 nis
362 5566 489 5608 esca
532 5566 758 5624 quaeque
806 5550 896 5607 iila
934 5548 1099 5606 fuerit
1149 5540 1511 5621 insumpta'in
1570 5552 1808 5601 stercore

226 5643 470 5701 vertitur
497 5644 641 5716 quod
666 5651 723 5700 et
747 5643 1013 5714 inspicere
1056 5639 1472 5705 confundentur,
1519 5652 1647 5694 ecce
1693 5646 1808 5694 stu-

229 5739 452 5795 diorum
485 5753 672 5795 eorum
707 5738 908 5809 quiest
936 5734 1099 5793 ﬁnis?
1134 5742 1191 5790 et
1245 5733 1313 5790 ad
1341 5732 1558 5805 plenum
1585 5745 1680 5786 eos
1725 5730 1808 5786 in—

228 5847 434 5889 cusans
477 5831 678 5905 adjicit.
713 5830 817 5899 Qui
860 5841 1065 5887 terrena
1100 5827 1328 5899 sapiunt.
1379 5824 1513 5881 Nam
1556 5822 1808 5896 legitima:

230 5926 648 5988 observationes
687 5908 757 5985 ad
782 5931 1105 6001 praesentem
1123 5922 1289 5982 vitam
1320 5929 1447 5980 sunt
1484 5918 1807 5979 necessaria:

1910 5091 2058 5146 niam
2100 5090 2244 5149 nulla
2292 5103 2358 5144 eo
2406 5087 2463 5144 in
2505 5095 2749 5157 tempore
2777 5082 3035 5141 discretio
3081 5083 3323 5145 virorum
3365 5088 3485 5141 erat

1913 5197 1978 5239 ac
2006 5182 2310 5248 mulierum,
2358 5178 2573 5250 quando
2597 5176 2848 5233 similiter
2896 5175 3347 5246 contemplatione
3370 5172 3484 5245 pie;

1911 5277 2039 5333 tatis
2095 5272 2531 5339 accelerabatur,
2586 5268 2680 5331 ubi
2730 5278 2786 5326 et
2849 5268 2919 5326 ad
2982 5280 3205 5329 omnem
3271 5266 3482 5339 plebem

1911 5367 2152 5426 scribens
2199 5364 2519 5423 nominatim
2556 5376 2859 5419 memorare
2903 5361 3001 5419 has
3056 5376 3165 5421 non
3188 5360 3481 5423 dubitaret.

1909 5446 2197 5530 plurimam
2221 5454 2327 5512 illis
2354 5454 2714 5513 reverentiam
2756 5453 2813 5513 iu
2847 5453 2961 5511 suis
2984 5450 3327 5515 set-monitus
3348 5455 3483 5515 atte—

1913 5557 2089 5614 stans,
2118 5546 2251 5603 nihil
2279 5547 2687 5619 pertimescens,
2714 5558 2784 5605 ne
2809 5542 3041 5606 aliquam
3066 5540 3171 5601 sibi
3193 5538 3483 5609 reprehen-

1914 5642 2119 5701 sionem
2165 5641 2236 5697 ob
2282 5640 2455 5712 ipsam
2494 5653 2713 5696 causam
2758 5636 3088 5708 provideret.
3130 5633 3363 5691 Evidens
3397 5637 3481 5689 est

1911 5733 2099 5800 etiam,
2154 5732 2409 5805 quoniam
2444 5745 2623 5801 neque
2650 5730 2716 5785 de
2748 5726 3063 5783 mulieribus
3087 5721 3379 5785 dubitabat,
3410 5735 3481 5779 ne

1912 5824 2129 5896 quando
2166 5823 2250 5879 ha;
2289 5822 2523 5888 doleant,
2577 5834 2645 5877 eo
2679 5816 2823 5889 quod
2871 5830 3059 5873 coram
3100 5813 3351 5870 munibus
3372 5811 3484 5869 sint

1914 5917 2280 5992 reprehensas,
2312 5922 2463 5973 tanta
2490 5920 2611 5972 erat
2656 5907 3009 5967 commonitio
3038 5906 3182 5981 apud
3234 5904 3356 5964 illos
3388 5902 3482 5977 qui
