3986 6338
503 367 608 425 505

1136 367 1490 424 D.°RABAN[
1531 364 1752 425 MAURI
1796 366 2112 424 ARCHIEP.
2153 365 2461 426 MOGUNT.
2506 372 2790 431 OPERUM
2826 372 3006 431 PARS
3039 357 3130 430 illi.

3666 379 3758 436 504

500 491 630 540 tunc
659 491 834 547 erant,
864 491 920 538 et
942 483 1020 538 sic
1057 484 1239 538 omnia
1265 483 1406 552 apud
1433 482 1553 538 illos
1602 482 1656 536 in
1690 481 1954 538 charitate
1981 482 2078 537 ﬁe-
2107 485 2159 546 Α
2183 485 2250 537 sti
2274 484 2310 557 2;!
2329 483 2502 557 (Psal.
2533 490 2672 560 XXI),
2696 489 2910 562 aliaque
2957 490 3045 546 his
3069 490 3291 547 similia.
3323 494 3512 551 Oratio
3535 505 3621 552 est
3648 513 3758 556 cum

499 575 633 630 bant
689 583 750 629 ut
794 574 1194 630 delectarentur
1236 576 1416 644 potius
1473 589 1657 630 coram
1691 574 1944 630 omnibus
1996 590 2083 629 re-

499 667 784 737 prehensre
811 681 933 736 quae
959 673 1134 721 tamen
1167 682 1303 738 opus
1343 665 1610 720 habebant
1635 674 1694 719 ιιι
1726 667 2085 736 reprehende-

501 765 708 821 rentur,
751 765 805 812 et
857 773 1014 813 nemo
1055 758 1145 812 illa
1187 773 1306 827 quae
1333 756 1533 812 ﬁebant
1581 759 1876 812 secundum
1920 758 2082 812 ullam

446 867 454 877 κ
499 849 784 905 incusabat
826 851 1113 906 rationem.
1165 850 1344 904 Etiam
1420 866 1542 920 rogo
1602 859 1652 905 et
1713 859 1792 916 te,
1841 867 2084 921 germane

462 1009 466 1013 ι
498 956 732 1012 compar,
771 941 965 1011 adjuva
1007 941 1150 996 illas.
1198 941 1425 1010 Quidam
1469 943 1686 998 beatum
1720 942 1940 999 Paulum
1971 944 2086 999 exi-

499 1032 856 1088 stimaverunt
883 1033 1008 1089 hinc
1049 1050 1274 1090 uxorem
1303 1035 1559 1091 habuisse
1583 1046 1638 1091 et
1665 1035 1732 1090 ad
1768 1035 1913 1091 illam
1941 1037 2080 1093 scri-

497 1124 633 1179 bens
662 1139 903 1195 rogasse,
955 1126 1111 1194 quasi
1134 1125 1394 1198 Philippis
1427 1136 1872 1184 commorantem.
1899 1127 2084 1200 Neque

497 1216 564 1269 ad
596 1214 724 1270 illud
754 1216 1104 1287 inspicientes
1135 1218 1388 1286 quoniam
1419 1218 1556 1273 dixit
1583 1217 1857 1274 affectiose
1895 1227 1950 1274 et
1975 1236 2081 1275 non

497 1308 795 1373 aﬁ‘ectiosa,
844 1311 988 1379 quod
1017 1310 1132 1366 viro
1167 1310 1386 1381 quidem
1430 1312 1602 1381 aptari
1637 1319 1832 1391 potest,
1869 1312 2082 1367 mulieri

495 1407 673 1454 autem
728 1415 1114 1471 nequaquam;
1159 1417 1296 1472 quos
1343 1403 1702 1459 conveniebat
1743 1405 1906 1460 etiam
1953 1405 2084 1461 illud

493 1494 771 1563 cogitare,
843 1495 1095 1565 quoniam
1156 1493 1496 1565 coniugalem
1550 1496 1732 1551 divina
1796 1495 2078 1567 Scriptura

493 1586 639 1641 nullo
678 1587 730 1640 in
763 1587 881 1642 loco
909 1587 1055 1642 illum
1098 1589 1190 1658 qui
1211 1589 1414 1659 nuptiis
1440 1589 1678 1645 sociatus
1702 1597 1788 1644 est
1811 1589 1964 1654 dicit,
1987 1591 2082 1645 sed

489 1677 639 1732 illum
667 1677 759 1748 qui
789 1679 888 1734 sub
914 1681 1102 1736 eadem
1163 1679 1265 1734 ﬁde
1305 1695 1366 1735 es
1393 1699 1404 1734 :
1432 1696 1552 1735 nam
1590 1689 1646 1736 et
1689 1681 1950 1737 Dominus
1993 1683 2081 1752 ju~

487 1785 610 1839 gum
663 1780 821 1826 vocat
850 1772 993 1826 illam
1024 1774 1494 1828 conversationem
1524 1788 1644 1842 quae
1673 1774 1773 1829 sub
1799 1773 1918 1844 lege
1945 1782 2030 1829 est
2061 1789 2074 1828 :

2189 577 2323 633 dicit
2356 598 2368 633 :
2411 579 2715 651 ϐίαι-ἔβαινε
2754 594 2802 638 te
2823 601 2978 655 super
3002 594 3220 654 terram,
3251 604 3382 658 opus
3415 597 3758 650 consummaui

2186 672 2326 742 quod
2348 673 2538 728 dedisti
2558 676 2687 729 mihi
2706 684 2760 730 ut
2783 677 3009 747 facerem
3035 678 3218 750 (Joan.
3252 685 3422 754 Iv");
3461 685 3575 740 sive
3603 685 3754 742 illud:

2195 761 2266 816 Et
2291 780 2384 832 pro
2411 765 2486 819 eis
2517 767 2789 836 sancti/iro
2817 770 3095 840 meipsum,
3123 782 3178 826 ut
3204 774 3307 828 sint
3335 785 3382 829 et
3402 776 3504 846 ipsi
3534 780 3757 848 sanctiﬁ-

2187 855 2294 908 cati
2332 856 2386 910 in
2429 858 2640 912 veritate
2673 858 2882 931 (lbid.).
2939 860 3235 918 Postulatio
3281 874 3386 930 est,
3447 881 3571 923 cum
3596 868 3754 924 dicit:

2187 943 2371 1012 Pater,
2415 965 2543 1019 quos
2592 950 2781 1005 dedisti
2834 953 2984 1017 mihi,
3019 953 3131 1008 volo
3179 964 3234 1009 ut
3283 956 3372 1010 ubi
3424 975 3517 1027 ego
3552 976 3688 1026 sum,
3714 971 3757 1016 et

2182 1034 2284 1106 ipsi
2310 1037 2414 1092 sint
2440 1055 2640 1094 mecum
2661 1081 2676 1105 ,
2699 1051 2753 1095 ut
2788 1043 2994 1096 videant
3024 1043 3248 1114 gloriam
3282 1064 3453 1102 meam
3479 1066 3638 1120 quam
3674 1052 3758 1105 de-

2183 1125 2308 1181 disti
2344 1129 2471 1182 mihi
2494 1129 2544 1200 (1
2551 1130 2702 1198 bid.).
2735 1129 2831 1187 Vel
2855 1143 3022 1199 certe,
3050 1150 3176 1190 cum
3203 1137 3333 1192 dicit
3361 1153 3376 1192 :
3404 1136 3591 1205 Pater,
3622 1142 3760 1212 igno-

2182 1233 2268 1273 sce
2303 1219 2396 1282 eis,
2451 1237 2556 1274 non
2593 1224 2732 1276 enim
2776 1224 2945 1277 sciunt
2973 1226 3101 1296 quid
3143 1226 3347 1296 faciunt
3396 1227 3552 1300 (Luc.
3587 1234 3755 1304 mn).

2183 1310 2493 1368 Gratiarum
2519 1315 2662 1369 actio
2684 1323 2767 1372 est
2797 1334 2811 1370 :
2855 1313 3124 1386 Conﬁteor
3161 1319 3278 1385 tibi,
3308 1318 3496 1388 Pater,
3547 1323 3757 1380 Domine

2181 1402 2295 1458 caeli
2364 1413 2413 1459 et
2451 1415 2623 1473 terrm,
2670 1409 2797 1478 quia
2827 1409 3147 1464 abscondisti
3195 1411 3306 1465 haec
3361 1430 3393 1467 α
3446 1416 3756 1484 sapientibus

2180 1508 2230 1552 et
2277 1498 2513 1554 reuelasti
2539 1518 2599 1555 ea
2628 1500 2884 1570 parvulis,
2927 1503 3022 1566 ita,
3049 1500 3237 1568 Pater,
3265 1505 3391 1576 quia.
3419 1507 3494 1560 sic
3532 1507 3631 1576 fuit
3654 1509 3756 1580 pla—

2180 1587 2338 1642 citum
2361 1599 2483 1643 ante
2517 1601 2564 1643 te
2595 1589 2748 1661 (Luc.
2769 1590 2848 1662 Χ).
2889 1592 2984 1646 Vel
3022 1601 3172 1671 certe
3206 1610 3330 1649 cum
3361 1596 3495 1652 dicit
3523 1614 3537 1650 :
3581 1597 3752 1663 Pater,

2181 1683 2377 1751 gratias
2425 1699 2523 1753 ago
2554 1684 2647 1737 tibi
2674 1685 2920 1755 quoniam
2958 1687 3158 1740 audisti
3201 1704 3301 1751 me,
3339 1689 3569 1743 sciebam
3591 1699 3754 1745 autem

2179 1773 2303 1843 quia
2351 1790 2553 1846 semper
2585 1792 2664 1829 me
2710 1776 2862 1831 audis
2886 1777 3066 1848 (Joan.
3100 1779 3199 1850 ιιι).
3261 1780 3392 1847 Quae
3422 1789 3602 1837 tamen
3633 1797 3754 1852 qua-

486 1865 674 1929 (ollite,
740 1866 938 1936 inquit,
979 1867 1169 1938 jugum
1225 1885 1418 1934 meum,
1473 1869 1723 1938 quoniam
1779 1885 1939 1924 suave
1997 1880 2072 1924 est
2103 1856 2152 1918 Β
2181 1873 2303 1920 tuor
2338 1867 2790 1936 supplicationum
2841 1883 3042 1939 genera
3070 1869 3199 1925 licet
3243 1870 3562 1941 singillatim
3593 1889 3656 1928 ac
3680 1874 3754 1928 di-

488 1955 704 2026 (Matth.
735 1958 835 2030 χι).
870 1958 1095 2014 Videtur
1125 1974 1258 2028 ergo
1283 1960 1350 2013 ad
1385 1959 1621 2030 aliquem
1672 1961 1916 2016 scribere
1937 1960 2074 2017 alle-

485 2058 575 2104 ctu
626 2057 680 2104 et
725 2049 828 2105 ﬁde
877 2051 981 2108 illis
1014 2050 1363 2122 conjunctum
1418 2068 1580 2122 quem
1623 2061 1680 2108 et
1713 2054 1967 2108 hortatur
2013 2063 2074 2110 ut

484 2142 551 2196 ad
587 2145 934 2200 concordiam
967 2161 1062 2214 eas
1085 2162 1186 2201 suo
1212 2147 1435 2202 reducat
1465 2145 1663 2212 studio,
1695 2147 1764 2202 de
1802 2162 1909 2216 qua
1938 2162 2074 2218 pace

485 2235 723 2306 disputat
754 2236 880 2302 illis,
929 2243 990 2292 ut
1023 2247 1078 2292 et
1119 2237 1346 2293 consilia
1395 2237 1501 2292 illis
1560 2237 1763 2292 tribuat
1810 2238 1976 2303 bona,
2017 2244 2074 2291 et

483 2331 666 2386 omnia
693 2341 817 2404 agat
845 2315 970 2387 eum
1002 2348 1213 2388 summa
1239 2331 1539 2401 diligentia,
1569 2331 1642 2385 ita
1679 2339 1739 2385 ιιι
1781 2331 1848 2384 ad
1878 2331 2072 2384 unani-

485 2421 731 2476 mitatem
755 2422 874 2478 illas
902 2422 1066 2479 faciat
1087 2437 1388 2489 recurrere,
1417 2430 1473 2476 et
1496 2422 1785 2476 ostendens
1815 2421 2069 2490 quoniam

485 2514 658 2586 dignae
684 2522 811 2569 sunt
834 2515 1014 2570 multae
1043 2515 1334 2587 diligentiae
1359 2532 1372 2568 :
1403 2513 1534 2580 Qua:
1567 2530 1770 2567 mecum
1806 2512 2073 2568 laborave-

485 2615 606 2660 runt
639 2607 695 2660 in
723 2605 1033 2678 Evangelia.
1063 2607 1296 2662 Evidens
1321 2615 1403 2662 est
1437 2605 1694 2676 quoniam
1737 2605 1933 2660 alicubi
1964 2605 2068 2659 iter

484 2699 601 2769 ejus
627 2707 824 2755 secuta:
873 2707 998 2754 sunt
1037 2708 1093 2755 et
1120 2697 1566 2754 ministraverunt
1609 2695 1660 2752 ei
1692 2695 1935 2766 implenti
1973 2695 2069 2749 do-

484 2793 712 2849 ctrinam
743 2794 982 2864 pietatis,
1005 2801 1062 2849 et
1099 2801 1158 2847 ut
1187 2807 1253 2848 ne
1282 2792 1530 2848 videatur
1555 2805 1748 2862 puram
1777 2789 2067 2859 quamdam

485 2889 666 2944 dicere
695 2887 1117 2944 deccrtationem
1147 2885 1315 2941 addit.
1348 2881 1481 2938 Cum
1501 2880 1762 2937 Clemente
1788 2891 1835 2936 et
1865 2881 2066 2934 ca'teris

483 2981 737 3050 operariis
777 2981 926 3045 meis,
977 2994 1202 3050 quorum
1250 2975 1459 3031 nomina
1507 2983 1626 3028 sunt
1665 2975 1720 3027 in
1760 2971 1894 3026 libro
1926 2972 2062 3026 vitte.

483 3072 596 3126 l‘loc
647 3080 747 3136 est,
799 3071 1050 3126 similiter
1112 3070 1253 3124 sicut
1302 3067 1377 3122 illi
1407 3065 1881 3122 collaboraverunt
1931 3063 2063 3118 mihi

483 3165 551 3218 ad
602 3163 905 3218 doctrinam
972 3161 1230 3232 pietatis;
1291 3159 1524 3215 evidens
1574 3166 1657 3212 est
1722 3157 1868 3212 enim
1935 3155 2064 3212 hinc

2177 1973 2334 2014 verso
2385 1967 2628 2029 tempore
2685 1962 2982 2016 secundum
3041 1978 3200 2032 quem
3245 1964 3753 2033 comprehendimus

2175 2050 2394 2104 modum
2425 2051 2564 2107 idem
2595 2051 2854 2108 Dominus
2881 2053 3190 2108 distinxerit
3227 2053 3528 2120 offerenda,
3581 2063 3752 2110 tamen

2174 2142 2339 2198 etiam
2397 2143 2557 2199 simul
2605 2161 2672 2201 ea
2703 2145 2758 2200 in
2789 2145 3182 2216 supplicatione
3211 2146 3456 2218 perfecta
3509 2163 3752 2219 compre-

2173 2237 2334 2292 hendi
2360 2252 2520 2307 posse
2572 2238 2716 2294 idem
2751 2240 2864 2295 suis
2903 2241 3138 2295 ostendit
3168 2241 3453 2311 exemplis,
3492 2257 3590 2312 per
3616 2242 3752 2297 illam

2174 2330 2381 2386 scilicet
2406 2332 2731 2400 orationem,
2769 2348 2932 2402 quam
2967 2333 3035 2388 ad
3056 2331 3217 2388 ﬁnem
3246 2334 3529 2405 Evangelii
3560 2350 3749 2391 secun-

2173 2423 2300 2478 dum
2321 2421 2582 2480 Joannem
2613 2425 2838 2498 legimus
2865 2442 2988 2481 eum
3016 2427 3386 2497 copiosissime
3428 2428 3750 2500 profudisse,

2171 2530 2238 2570 ex
2267 2514 2419 2585 cujus
2449 2525 2598 2572 textu
2623 2520 2747 2587 quia
2778 2521 2994 2591 longum
3027 2521 3278 2577 universa
3308 2538 3654 2594 percurrere,
3681 2525 3754 2579 di-

2173 2604 2344 2676 ligens
2371 2605 2660 2676 inquisitor
2705 2608 2820 2664 haec
2851 2609 2926 2664 ita
2974 2625 3095 2665 esse
3139 2611 3388 2668 lectionis
3421 2613 3593 2683 ipsius
3618 2616 3752 2671 serie

2173 2695 2373 2766 poterit
2403 2697 2642 2763 edoceri,
2689 2713 2850 2768 quem
2881 2714 3100 2754 sensum
3125 2700 3416 2770 Apostolus
3464 2719 3680 2774 quoque
3703 2706 3749 2759 in

2170 2785 2408 2856 Epistola
2432 2789 2500 2843 ad
2524 2787 2898 2860 Philippenses
2930 2792 3027 2846 has
3044 2793 3286 2870 quatuor'
3301 2795 3752 2866 supplicationum

2170 2880 2381 2949 species
2416 2881 2752 2951 aliquantum
2775 2884 3061 2940 immutate
3089 2902 3297 2956 ponens
3317 2889 3510 2944 ordine
3540 2891 3753 2946 eviden-

2171 2977 2257 3026 ter
2298 2973 2584 3041 expressit,
2611 2975 2956 3046 ostenditque
2989 2976 3186 3034 debere
3234 2995 3329 3034 eas
3368 2995 3750 3053 nonnunquam

2168 3061 2326 3117 simul
2358 3063 2459 3117 sub
2485 3063 2682 3120 ardore
2704 3066 2861 3122 unius
2889 3067 3296 3137 supplicationis
3334 3070 3544 3136 oﬁ'erri,
3578 3073 3653 3127 ita
3674 3074 3751 3128 di-

2169 3169 2300 3209 cens
2334 3155 2466 3234 :sed
2495 3157 2550 3210 in
2573 3157 2716 3210 omni
2754 3159 2990 3212 oratione
3011 3168 3062 3214 et
3097 3161 3453 3218 obsecratione
3487 3181 3608 3218 cum
3632 3183 3750 3236 gra—

483 3260 647 3313 etiam
692 3258 820 3312 illud
854 3258 1109 3328 quoniam
1161 3255 1376 3326 quando
1417 3253 1549 3309 dicit
1581 3253 1648 3308 ad
1705 3251 2015 3308 Corinthios
2045 3269 2058 3306 :
2091 3245 2135 3308 C
2169 3261 2284 3298 rum
2310 3232 2514 3300 actione
2535 3247 2805 3316 petitiones
2834 3253 3355 3309 cestrwinnotescant
3382 3255 3528 3325 apud
3568 3232 3746 3309 Deum.

485 3349 742 3419 Nunquid
778 3366 883 3403 non
921 3349 1168 3402 habemus
1207 3355 1514 3418 potestatem
1535 3345 1806 3400 mulierem
1831 3346 2062 3422 circum-

483 3441 672 3496 ducere
700 3443 724 3495 ?
754 3441 804 3513 (I
823 3440 944 3497 Cor.
988 3440 1090 3512 ix.)
1121 3440 1238 3496 Non
1277 3439 1402 3509 quia
1435 3453 1710 3508 nunquam
1758 3437 2063 3492 circumdu-

482 3535 623 3588 xerit
674 3535 824 3600 dicit,
875 3535 968 3589 sed
999 3533 1125 3605 quia
1154 3549 1261 3589 non
1289 3547 1522 3602 semper,
1555 3531 1698 3600 quod
1743 3538 1799 3584 et
1851 3529 2062 3584 cautius

482 3629 640 3684 nobis
690 3635 932 3683 notatum
988 3635 1086 3691 est,
1143 3635 1198 3681 et
1244 3633 1522 3682 ostensum
1575 3633 1661 3680 est
1725 3624 1780 3678 in
1848 3623 2064 3692 exposi-

482 3719 628 3774 tione
691 3720 860 3788 ipsius
912 3718 1208 3788 Epislolae,
1254 3725 1310 3772 et
1365 3717 1562 3771 iterum
1611 3723 1744 3792 orat.
1787 3731 1887 3785 pro
1932 3714 2059 3769 illis.

481 3811 716 3866 Gaudete
765 3811 821 3864 in
863 3811 1085 3865 Domino
1125 3825 1345 3879 semper,
1388 3809 1575 3862 iterum
1621 3807 1760 3872 dico,
1816 3805 2058 3876 gaudete.

479 3903 592 3959 Hoc
621 3911 724 3969 est,
753 3917 968 3973 semper
995 3902 1149 3958 vobis
1177 3901 1304 3955 talia
1344 3900 1526 3956 adsint
1563 3914 1594 3952 a
1640 3899 1772 3963 Deo,
1802 3912 1900 3967 pro
1941 3895 2064 3966 qui-

477 3997 579 4052 bus
607 3995 802 4068 gaudio
849 3994 1067 4064 possitis
1115 3992 1352 4064 impleri.
1393 3991 1596 4046 Deinde
1646 3997 1701 4044 et
1749 3990 1816 4044 ad
1849 3989 2052 4044 exhor-

477 4089 738 4144 tationem
788 4087 1042 4152 vertitur,
1082 4099 1242 4156 quem
1273 4083 1445 4156 aptari
1484 4088 1697 4154 poterat
1741 4080 1818 4136 illi
1859 4079 2060 4136 exhor-

483 4179 671 4234 tationi
699 4193 819 4247 quae
843 4177 1151 4232 humilitate
1185 4174 1360 4230 fuerat
1389 4172 1551 4227 facta.
1583 4169 1844 4226 Modestia
1891 4177 2060 4224 vestra

481 4281 603 4324 nota
637 4270 706 4324 sit
732 4268 972 4323 omnibus
1013 4268 1332 4322 hominibus.
1365 4265 1518 4321 Sicut
1541 4272 1596 4319 et
1640 4278 1738 4319 vos
1798 4261 1919 4316 volo
1940 4276 2062 4316 esse

481 4361 778 4428 modestos,
807 4359 882 4414 ita
923 4367 983 4415 ut
1031 4373 1220 4414 omnes
1263 4371 1426 4426 super
1466 4364 1702 4411 vestram
1736 4351 2061 4408 modestiam

483 4455 552 4510 de
573 4454 724 4509 vobis
753 4452 1108 4522 gratulentur,
1139 4459 1193 4506 et
1215 4450 1471 4522 quoniam
1497 4447 1725 4502 modesti
1747 4444 2062 4516 frequenter

482 4548 656 4604 solent
681 4547 888 4612 noceri,
918 4545 1146 4617 adjicit:
1171 4544 1425 4598 Dominus
1459 4559 1617 4614 prape
1634 4550 1730 4606 est,
1759 4539 1890 4595 nihil
1912 4537 2060 4594 solli-

2168 3334 2354 3408 (Aug.)
2396 3337 2500 3392 Per
2534 3341 2678 3408 quod
2720 3339 2888 3394 voluit
2935 3357 3034 3399 nos
3059 3343 3114 3397 in
3141 3343 3244 3399 hac
3288 3346 3580 3415 specialius
3625 3363 3741 3402 eru-

2167 3428 2304 3495 dire,
2350 3432 2493 3499 quod
2528 3439 2583 3484 et
2630 3431 2683 3486 in
2735 3433 2980 3489 oratione
3027 3436 3321 3506 gratiarum
3372 3439 3518 3494 actio
3559 3440 3750 3496 debeat

2165 3538 2288 3579 cum
2340 3523 2698 3593 postulatione
2728 3526 2969 3582 misceri.
3002 3526 3153 3594 Quod
3182 3538 3363 3586 autem
3413 3531 3492 3586 ait
3520 3552 3533 3586 :
3566 3532 3752 3588 Postu-

2165 3614 2386 3670 laliones
2413 3625 2592 3671 vestra:
2633 3617 2958 3672 innotescant
3003 3620 3142 3688 apud
3180 3619 3374 3687 Deum,
3405 3638 3512 3678 non
3546 3623 3628 3678 sic
3657 3640 3744 3678 ac-

2164 3707 2472 3778 cipiendum
2503 3717 2758 3780 tanquam
2787 3711 2894 3766 Deo
2917 3711 3279 3778 innotescant,
3313 3715 3406 3783 qui
3428 3730 3547 3779 eas,
3574 3726 3632 3770 et
3651 3733 3742 3770 an-

2165 3811 2382 3872 tequam
2417 3813 2622 3870 essent,
2673 3811 2899 3859 noverat
2930 3806 3063 3860 :sed
3090 3821 3189 3877 pro
3222 3806 3380 3862 nobis
3402 3807 3748 3863 innotescant

2163 3892 2304 3962 apud
2332 3891 2500 3948 Deum
2531 3908 2628 3964 per
2665 3894 3029 3962 tolerantiam,
3063 3911 3169 3950 non
3201 3898 3340 3968 apud
3371 3897 3622 3953 homines
3652 3914 3747 3969 per

2155 3983 2508 4054 jactantiam,
2563 3995 2657 4039 aut
2685 3984 2823 4041 forte
2859 3986 3202 4044 innotescant
3250 3989 3415 4044 etiam
3449 3992 3594 4060 apud
3658 4009 3750 4046 an—

2161 4075 2330 4146 gelos,
2391 4076 2482 4146 qui
2517 4084 2644 4131 sunt
2682 4077 2824 4148 apud
2860 4077 3050 4141 Deum,
3094 4088 3154 4134 ut
3201 4077 3604 4150 quodammodo
3657 4097 3750 4139 cas

2161 4165 2390 4222 offerant
2420 4167 2552 4234 Deo,
2600 4177 2656 4224 et
2693 4169 2760 4224 de
2800 4170 2885 4225 his
2929 4171 3232 4238 consulant,
3267 4181 3322 4229 et
3348 4173 3492 4243 quod
3531 4173 3647 4229 Deo
3667 4175 3750 4245 ju-

2160 4259 2322 4313 bente
2348 4258 2680 4329 implendum
2710 4275 2832 4317 esse
2863 4264 3238 4334 cognoverint,
3283 4264 3388 4321 hoc
3427 4266 3588 4321 nobis
3631 4267 3747 4321 cvi-

2161 4349 2354 4404 dentcr
2399 4349 2483 4405 vel
2535 4349 2767 4406 latenter
2793 4362 3092 4424 reportent,
3119 4355 3283 4411 ‘dixit
3318 4357 3464 4412 enim
3518 4358 3749 4429 angelus

2161 4438 2362 4494 homini
2389 4453 2404 4494 :
2432 4437 2566 4494 Cum
2587 4441 2841 4508 orat-etis,
2861 4458 2962 4514 ego
2985 4444 3155 4499 obtuli
3185 4447 3484 4501 orationem
3503 4457 3746 4504 vestram

2162 4533 2216 4588 in
2237 4542 2530 4603 conspectu
2551 4535 2818 4592 claritatis
2840 4533 2935 4593 Dei
2959 4536 3114 4610 (Tob.
3139 4540 3262 4612 xu).
3287 4540 3356 4595 Et
3377 4559 3484 4611 pom
3505 4542 3605 4596 Dei
3632 4559 3750 4615 qua!

474 4641 564 4694 citi
612 4639 746 4693 sitis.
777 4607 929 4694 Licet
967 4607 1310 4692 riocivitatem
1355 4607 1686 4698 sustineatis,
1733 4629 1903 4688 nolite
1951 4629 2058 4686 sol-
2084 4607 2138 4668 Ῑ)
2160 4635 2434 4695 exsuperat
2449 4642 2877 4684 omnemsensum
2893 4607 3152 4685 custodiat
3175 4633 3335 4686 corda
3351 4643 3520 4688 vestra
3534 4645 3579 4690 et
3594 4635 3752 4690 intel-

479 4729 614 4785 liciti
667 4744 808 4792 esse,
858 4743 1027 4799 prope
1064 4735 1151 4784 est
1193 4727 1334 4782 Deus
1374 4726 1466 4796 qui
1497 4725 1651 4781 vobis
1692 4723 2058 4794 indigentibus

482 4823 622 4879 ferat
644 4823 925 4886 auxilium,
953 4823 1045 4892 qui
1070 4831 1126 4878 et
1145 4829 1337 4891 potens
1364 4827 1447 4876 est
1473 4835 1567 4876 eos
1592 4820 1684 4890 qui
1714 4827 1911 4874 nocent
1960 4831 2058 4873 vos

475 4919 692 4989 punire.
717 4916 854 4984 Quid
868 4932 996 4988 ergo
1011 4917 1265 4973 convenit
1277 4917 1456 4973 facere
1471 4932 1565 4971 eos
1586 4916 1780 4986 quibus
1795 4913 2058 4970 nocetur?

485 5009 593 5066 Sed
618 5011 675 5064 in
695 5009 837 5064 omni
862 5010 1095 5064 oratione
1121 5019 1167 5064 et
1204 5009 1560 5064 obsecratione
1606 5023 1725 5063 cum
1760 5007 2054 5076 gratiarum

478 5101 684 5156 actione
740 5101 1008 5171 petitiones
1075 5111 1258 5156 vestrm
1301 5102 1622 5156 innotescant
1661 5100 1800 5171 apud
1860 5099 2050 5153 Deum.

479 5192 699 5264 (lsaac.)
734 5190 846 5247 Has
883 5200 1117 5262 quatuor
1171 5191 1623 5262 supplicationum
1673 5190 1881 5261 species
1933 5188 2054 5243 illos

477 5287 635 5341 docet
657 5299 673 5338 :
694 5285 768 5339 ita
797 5285 962 5340 etiam
992 5283 1252 5338 Dominus
1272 5283 1518 5354 exemplo
1539 5299 1636 5339 suo
1665 5282 1820 5337 nobis
1841 5281 2054 5336 initiare

477 5377 730 5447 dignatus
759 5384 863 5443 est,
879 5376 1004 5430 utin
1019 5375 1122 5429 hoc
1134 5389 1348 5445 quoque
1369 5375 1618 5444 impleret
1639 5374 1768 5428 illud
1788 5374 1928 5444 quod
1943 5372 2046 5442 ipsi

475 5466 675 5521 dicitur
692 5483 705 5519 :
724 5464 856 5531 Qua:
875 5463 1194 5534 crepitJesus
1209 5464 1383 5534 facere
1407 5474 1454 5518 et
1468 5464 1650 5519 docere
1678 5463 1816 5536 (Act.
1839 5462 1901 5535 ι).
1919 5462 2053 5518 Nam

479 5554 878 5611 obsecrationis
891 5570 1062 5624 genus
1081 5555 1309 5609 assumit
1334 5570 1457 5609 cum
1474 5555 1606 5610 dicit
1627 5571 1642 5610 :
1667 5554 1847 5621 Pater,
1875 5557 1922 5609 si
1934 5573 2055 5625 pos-

476 5643 627 5696 sibile
647 5653 742 5707 est,
767 5653 998 5697 transeat
1029 5660 1062 5696 a
1101 5659 1182 5697 me
1213 5643 1352 5698 colis;
1386 5645 1482 5698 iste
1513 5643 1726 5715 (Matth.
1766 5644 1938 5712 xxvr),
1968 5645 2052 5700 vel

481 5731 610 5786 illud
651 5733 793 5801 quod
846 5749 913 5788 ex
956 5749 1187 5803 persona
1225 5734 1342 5804 ejus
1396 5741 1646 5789 cantatur
1693 5735 1745 5788 in
1795 5734 2048 5805 psalmo:

475 5818 638 5885 Deus,
665 5821 799 5875 Deus
828 5841 992 5888 meus,
1031 5826 1222 5894 respice
1247 5827 1301 5880 in
1323 5842 1424 5891 me,
1449 5842 1612 5895 quare
1657 5842 1738 5881 me
1764 5825 2041 5898 dereliqui-

2159 4715 2401 4787 ligentias
2415 4727 2610 4772 vestras
2624 4719 2680 4772 in
2693 4717 2899 4774 Christo
2910 4718 2948 4773 Ι
2949 4736 3060 4776 esu.
3079 4719 3193 4778 Hoc
3209 4731 3292 4778 est
3312 4723 3428 4794 ipse
3442 4725 3599 4780 vobis
3613 4741 3751 4796 pne-

2159 4819 2265 4866 stet
2277 4809 2572 4880 perfectam
2588 4825 2775 4880 pacem
2789 4813 2880 4881 qui
2898 4814 2965 4868 ab
2985 4815 3236 4872 omnibus
3255 4816 3379 4887 plus
3391 4825 3590 4888 potest.
3609 4817 3748 4872 Nam

2160 4917 2346 4972 pacem
2369 4903 2462 4957 Dei
2491 4904 2893 4973 supereminere
2919 4904 3055 4960 dixit
3082 4908 3261 4962 omnia
3291 4917 3351 4963 ut
3376 4909 3525 4965 dicat
3549 4909 3744 4965 Deum.

2235 4994 2312 5048 De
2337 5004 2524 5050 ca’tero
2543 5004 2715 5065 patres
2748 5012 3070 5066 quotcunque
3094 5007 3214 5052 sunt
3239 5015 3380 5066 uera,
3419 5016 3750 5071 qumcunque

2158 5089 2375 5158 pudica,
2429 5105 2749 5160 quacunque
2769 5090 2940 5160 justo,
2990 5109 3313 5165 quaecunque
3341 5105 3547 5161 sancta,
3600 5111 3752 5166 quic-

2159 5196 2358 5252 cunque
2389 5179 2658 5248 amabilia,
2686 5197 3006 5253 qumcunque
3047 5183 3196 5238 bonte
3219 5184 3397 5253 famw,
3425 5185 3470 5239 si
3501 5203 3610 5256 qua
3634 5186 3748 5239 eir-

2157 5279 2260 5334 tus,
2301 5269 2347 5324 si
2385 5287 2491 5342 qua
2513 5268 2630 5324 laus
2677 5270 2995 5340 disciplinw,
3039 5272 3152 5326 lucc
3183 5276 3405 5344 cogitate
3425 5292 3548 5346 quce
3574 5285 3626 5329 et
3661 5275 3749 5328 di-

2157 5361 2358 5417 dicistis
2377 5372 2425 5417 et
2452 5362 2744 5433 accepistis,
2786 5372 2834 5416 et
2872 5362 3094 5418 audistis
3117 5375 3166 5418 et
3191 5366 3392 5420 vidistis
3420 5367 3477 5420 in
3499 5385 3598 5429 me.
3627 5369 3747 5421 huic

2159 5456 2314 5525 agite,
2348 5463 2395 5509 et
2419 5453 2560 5510 Deus
2583 5453 2740 5509 Pacis
2760 5456 2856 5509 erit
2891 5455 3173 5510 vobiscum.
3216 5458 3420 5530 (Amb.)
3451 5458 3742 5525 Veritatis,

2159 5546 2355 5617 inquit,
2388 5546 2722 5617 diligentiam
2753 5547 3028 5613 adhibete,
3059 5549 3350 5619 pudicitiaz,
3379 5550 3634 5620 justitizn,
3658 5570 3752 5608 ca-

2158 5639 2376 5704 stitatis,
2405 5646 2466 5693 ut
2485 5639 2648 5704 dicat,
2679 5637 2960 5695 Abstinete
2983 5656 3080 5696 vos
3104 5657 3135 5696 a
3162 5643 3343 5713 pravis
3373 5645 3607 5715 negotiis
3640 5645 3752 5700 sic-

2155 5732 2233 5785 uti
2263 5740 2317 5786 et
2344 5731 2419 5785 ibi
2461 5730 2629 5796 dixit,
2656 5730 2709 5785 in
2736 5731 2988 5787 omnibus
3016 5748 3112 5788 vos
3133 5735 3530 5804 comprobastis
3559 5746 3750 5792 castos

2153 5838 2294 5889 esse,
2335 5823 2390 5877 in
2421 5822 2636 5895 negotio
2682 5829 2743 5877 ut
2790 5823 3026 5892 ageretis
3049 5823 3139 5880 illa
3173 5841 3293 5896 quae
3330 5827 3588 5884 omnibus
3617 5828 3742 5899 pla-
