3986 6338
367 434 474 490 505

830 431 1375 493 ENABHATIONU‘M
1412 438 1481 494 IN
1515 439 1662 495 E'PP.
1705 439 1910 496 PAULI
1947 440 2075 497 LIB.
2117 443 2259 499 XIX.
2291 435 2368 489 '—-
2404 447 2472 503 IN
2511 449 2728 506 EPIST.
2766 452 2860 507 AD
2898 454 3164 514 PHILIPP

3526 469 3629 523 506

363 556 509 613 cent,
557 547 659 601 hoc
696 553 803 640 est,
837 545 927 600 illa
975 562 1095 640 quas
1131 549 1200 602 ab
1231 551 1496 606 omnibus
1541 560 1940 622 cognoscuntur
1965 562 2020 621 Α
2044 564 2151 612 stat
2177 559 2310 613 mihi
2341 559 2420 616 sic
2439 577 2625 632 posse,
2651 576 2711 622 ut
2738 577 2794 624 et
2821 571 3062 640 requiem
3092 577 3435 635 convenienti
3481 584 3626 638 arbi-

359 654 484 695 esse
515 638 680 692 bona.
711 635 843 691 Nam
873 644 926 691 et
955 638 1096 708 apud
1126 654 1316 695 omnes
1336 641 1528 694 similis
1554 650 1638 696 est
1673 643 1939 699 bonorum

355 730 653 796 confessio,
688 746 754 785 ex
792 730 984 800 quibus
1014 732 1266 802 operibus
1303 734 1443 788 bona
1487 749 1580 789 vos
1603 735 1786 804 opinio
1813 738 1941 792 sub-

353 825 514 896 sequi
547 824 744 895 poterit
772 837 1106 894 quaecunque
1147 834 1273 880 sunt
1294 825 1548 881 virtutum
1571 842 1753 897 opera,
1785 845 1935 898 qure-

352 931 574 987 cunque
627 914 838 969 laudem
883 915 1034 970 vobis
1076 916 1143 970 ab
1190 917 1440 972 omnibus
1474 919 1758 988 providere
1809 937 1935 992 pos-

348 1014 502 1068 sunt,
535 1007 639 1061 hnc
675 1004 922 1060 videntes
945 1006 1000 1060 in
1040 1006 1213 1073 nobis,
1247 1008 1351 1063 hoc
1379 1009 1519 1064 docti
1551 1025 1581 1063 a
1606 1011 1778 1074 nobis,
1815 1013 1930 1069 haec

346 1101 522 1170 a-gite,
565 1108 622 1153 et
650 1098 918 1154 habebitis
952 1114 1164 1168 semper
1201 1101 1369 1155 Deum
1396 1103 1675 1157 vobiscum
1707 1104 1930 1174 profun-

343 1191 480 1244 dam
512 1191 666 1245 vobis
721 1206 873 1245 suam
922 1207 1110 1261 pacem
1139 1194 1488 1264 prtehentem.
1533 1195 1931 1256 Consummans

341 1295 484 1336 vero
523 1281 702 1336 omnia
741 1280 831 1336 illa
867 1297 985 1352 qua:
1023 1285 1418 1342 exhortationis
1469 1285 1707 1353 fuerunt,
1739 1291 1930 1345 scribit

341 1371 494 1426 ultra
525 1373 592 1426 de
646 1372 730 1427 his
778 1388 897 1442 qua:
948 1374 1106 1428 mista
1134 1374 1351 1430 fuerant
1383 1376 1486 1432 sibi
1533 1379 1600 1433 ab
1640 1375 1768 1435 illis.
1817 1378 1926 1436 Ga-

339 1465 488 1518 risus
543 1481 658 1519 sum
695 1475 869 1519 autem
913 1465 969 1519 in
1001 1466 1226 1522 Domino
1276 1469 1614 1535 vehementer,
1672 1473 1923 1542 quoniam

333 1555 558 1609 tandem
589 1555 872 1627 aliquando
909 1558 1217 1627 reﬂoruistis
1238 1575 1332 1629 pro
1362 1576 1443 1613 me
1464 1560 1684 1626 sentire,
1716 1562 1849 1616 sicut
1876 1572 1923 1617 et

331 1651 665 1714 sentiebatis,
708 1651 948 1720 occupati
985 1661 1160 1704 autem
1191 1654 1370 1707 eratis.
1404 1651 1566 1719 Bene,
1592 1655 1720 1725 quia
1761 1656 1917 1723 dixit,

329 1746 396 1799 in
438 1744 685 1809 Domino,
715 1752 774 1798 ut
803 1759 911 1798 non
953 1745 1223 1800 videretur
1247 1746 1316 1800 oh
1343 1746 1624 1815 pecuniam
1650 1748 1920 1803 directam

329 1838 444 1892 sibi
489 1837 684 1903 lattari,
713 1837 807 1892 sed
850 1839 1183 1908 propositum
1229 1839 1444 1894 illorum
1487 1839 1579 1910 qui
1630 1841 1918 1908 miserunt,

2048 647 2152 701 trio
2187 648 2380 704 abutar
2405 662 2461 706 et
2491 655 2737 713 tristitias
2779 660 2904 714 forti
2947 664 3128 720 animo
3167 665 3358 736 feram,
3380 683 3435 726 et
3468 683 3528 729 ut
3555 691 3624 734 ne

2043 736 2339 793 aestimetur
2361 751 2707 800 contemnere
2736 747 2824 803 illa
2855 765 2975 819 qua:
2999 751 3068 806 ab
3089 753 3192 810 illis
3214 757 3377 814 missa
3409 760 3621 824 fuerant

2043 827 2147 925 tale
2177 829 2380 886 habens
2410 832 2713 891 institutum
2745 841 2946 910 adjicit.
2991 842 3354 903 Verumtamen
3389 851 3512 907 bene
3536 855 3617 925 fe-

2039 919 2183 974 cistis
2218 926 2666 1012 communicantes
2713 931 3044 988 tribulationi
3086 953 3244 1004 mete,
3279 955 3372 996 vos
3401 919 3618 1012 quidem

2037 1025 2186 1066 omni
2213 1011 2373 1069 laude
2401 1017 2570 1088 digni,
2593 1035 2692 1089 pro
2715 1023 2908 1090 quibus
2931 1029 3370 1087 communicastis
3399 1011 3619 1092 tribula-

2036 1102 2276 1159 tionibus
2301 1107 2453 1172 meis,
2489 1110 2762 1168 mittentes
2785 1124 3031 1186 sumptus
3060 1120 3406 1179 sublevantes
3427 1141 3616 1184 neces-

2035 1191 2250 1248 sitatam
2285 1212 2480 1263 meam,
2513 1214 2578 1254 ex
2607 1203 2800 1272 quibus
2828 1221 3049 1265 necesse
3075 1220 3159 1267 est
3184 1221 3243 1268 ut
3267 1223 3322 1270 et
3350 1220 3616 1278 mercedis

2033 1283 2184 1338 vobis
2217 1286 2361 1341 adsit
2389 1295 2719 1349 communio.

2101 1373 2260 1474 Scitis
2272 1391 2456 1474 autem
2481 1393 2528 1437 et
2551 1402 2658 1450 vos,
2689 1385 3070 1462 Philippenses,
3093 1399 3231 1467 quod
3265 1399 3320 1454 in
3355 1403 3610 1474 principio

2028 1466 2300 1540 Evangelii
2326 1475 2534 1543 quando
2575 1479 2835 1548 profectus
2877 1500 2994 1538 sum
3024 1505 3056 1540 a
3085 1466 3418 1559 Macedonia,
3458 1466 3606 1551 nulla

2026 1562 2154 1615 mihi
2187 1561 2422 1621 Ecclesia
2453 1573 2852 1628 communicavit
2879 1576 2932 1630 in
2965 1581 3166 1636 ratione
3185 1582 3297 1637 dati
3317 1595 3366 1638 et
3389 1589 3607 1658 accepti,

2025 1651 2128 1704 nisi
2158 1670 2243 1708 vos
2289 1655 2420 1722 soli,
2449 1661 2572 1729 quia
2608 1671 2656 1714 et
2688 1661 3108 1723 Thessalonicam
3149 1673 3306 1727 semel
3345 1685 3392 1729 et
3440 1651 3518 1732 bis
3553 1651 3612 1734 in

2022 1758 2175 1842 usum
2217 1748 2344 1800 mihi
2387 1751 2620 1806 misistis.
2653 1753 2833 1828 (Aug)
2857 1757 2937 1812 Ad
2976 1761 3091 1816 hinc
3133 1761 3270 1819 bona
3298 1781 3460 1837 opera
3497 1772 3613 1842 ejus

2027 1836 2236 1932 redisse
2264 1856 2409 1896 nunc
2437 1845 2634 1913 gaudet
2657 1855 2710 1901 et
2733 1851 3088 1920 repullulasse
3117 1836 3607 1932 laetaturtanquam

329 1928 476 1984 dicit
523 1928 780 1998 quoniam
833 1928 1045 1985 laetatus
1090 1945 1210 1985 sum
1280 1945 1378 2001 pro
1420 1930 1616 2001 quibus
1663 1932 1923 2000 pertinuit
1952 1920 1996 1979 Β
2027 1929 2402 1997 requiescente
2453 1933 2736 1994 fertilitate
2774 1943 2908 2012 agri.
2944 1944 3194 2016 Nunquid
3235 1920 3611 2021 propter.usus

327 2024 496 2079 vobis
562 2025 628 2080 de
685 2039 825 2081 me:
865 2025 1102 2081 sciebam
1153 2027 1353 2082 etenim
1412 2028 1666 2098 quoniam
1718 2029 1920 2084 dudum

323 2114 492 2169 vobis
549 2115 884 2185 pertinebat,
935 2122 1146 2186 tempus
1196 2130 1327 2172 vero
1374 2132 1482 2172 non
1523 2116 1809 2174 habebatis
1860 2126 1920 2174 ut

325 2205 592 2263 faceretis
642 2206 772 2262 illud
829 2209 972 2277 quod
1031 2207 1313 2265 volebatis.
1375 2208 1510 2265 Nam
1567 2211 1711 2280 quod
1778 2211 1917 2266 dixit

325 2309 538 2366 tempus
607 2315 712 2353 non
773 2299 1061 2364 habuistis,
1123 2301 1226 2356 hoc
1283 2302 1412 2357 dicit
1468 2302 1724 2374 prohibiti
1787 2303 1920 2359 estis

329 2393 551 2456 tempus
608 2389 872 2446 habentes
951 2399 1011 2445 ut
1071 2390 1324 2448 faceretis
1381 2392 1510 2448 illud
1575 2393 1717 2463 quod
1772 2394 1919 2449 vole-

321 2473 500 2532 batis.
563 2477 748 2549 Neque
798 2480 940 2535 enim
981 2481 1128 2535 etin
1187 2481 1290 2536 illis
1338 2483 1431 2552 qui
1492 2483 1733 2552 prtebent
1788 2481 1914 2550 ista,

321 2584 397 2623 ea
437 2586 557 2640 quze
606 2571 736 2628 dant
787 2572 997 2630 fructus
1046 2584 1168 2643 est,
1224 2575 1317 2632 sed
1361 2592 1467 2647 quo
1525 2577 1705 2631 animo
1764 2578 1912 2632 dant.

321 2662 521 2734 Itaque
548 2664 638 2720 ille
664 2666 753 2736 qui
787 2667 896 2723 Deo
926 2669 1196 2724 serviebat
1233 2683 1342 2726 non
1382 2685 1478 2726 suo
1517 2671 1726 2736 ventri,
1759 2670 1918 2725 video

321 2755 492 2826 plane
520 2758 660 2814 unde
687 2760 986 2830 gaudebat,
1013 2761 1169 2817 video
1194 2771 1248 2817 et
1286 2762 1632 2834 congratulo‘r
1657 2763 1706 2817 ei
1737 2761 1912 2818 valde.

321 2846 630 2918 Acceperat
659 2850 802 2905 enim
833 2866 864 2905 a
890 2849 1322 2924 Philippensibus
1365 2868 1484 2924 quae
1519 2869 1616 2924 per
1639 2853 1918 2924 Epaphroo

323 2939 504 2994 ditnm
555 2941 848 3010 miserant,
882 2943 976 2999 sed
1006 2953 1186 3001 tamen
1229 2946 1371 3001 unde
1410 2945 1679 3018 gaudebat
1725 2945 1914 3011 video,

321 3034 474 3090 unde
498 3036 717 3105 gaudet,
743 3036 867 3090 inde
891 3037 1152 3106 pascitur,
1182 3037 1308 3108 quia
1343 3038 1398 3092 in
1425 3037 1652 3092 veritate
1691 3035 1915 3106 loquens

319 3128 537 3196 gavisus
569 3145 708 3194 sum,
740 3129 947 3198 inquit,
977 3129 1254 3200 magniﬁce
1282 3131 1338 3184 in
1364 3130 1588 3185 Domino
1606 3171 1621 3196 ,
1650 3130 1773 3200 quia
1799 3138 1916 3182 tan-

317 3218 446 3272 dem
487 3218 769 3289 aliquando
812 3221 1164 3291 repullulastis
1187 3239 1367 3293 sapere
1411 3239 1504 3293 pro
1529 3241 1609 3278 me
1649 3223 1704 3276 in
1729 3239 1829 3293 quo
1863 3229 1913 3275 et

2021 2035 2178 2088 suos,
2221 2025 2347 2094 quia
2375 2026 2511 2081 dixit
2535 2030 2721 2086 usibus
2743 2035 2879 2088 meis
2911 2036 3174 2094 misistis?
3197 2040 3449 2112 Nunquid
3476 2061 3605 2115 pro-

2019 2120 2206 2182 pterea
2232 2115 2466 2185 gaudet?
2502 2132 2609 2172 non
2635 2130 2919 2190 propterea
2938 2165 2954 2191 ,
2979 2135 3035 2180 et
3062 2128 3166 2184 hoc
3193 2130 3335 2186 unde
3369 2133 3606 2189 scimus?

2021 2204 2274 2272 quoniam
2308 2205 2424 2278 ipse
2451 2210 2695 2280 sequitur
2723 2213 2910 2270 dicens
2934 2231 2948 2270 :
2975 2217 3093 2274 Non
3137 2222 3264 2292 quia
3293 2238 3474 2293 quiero
3503 2226 3602 2281 da-

2023 2302 2155 2390 tum,
2189 2297 2284 2390 sed
2314 2300 2530 2370 requiro
2554 2301 2817 2371 fructum,
2853 2308 3013 2364 didici
3039 2326 3069 2366 a
3108 2320 3186 2381 te,
3231 2314 3372 2372 Deus
3415 2334 3598 2390 meus,

2022 2385 2164 2442 inter
2193 2388 2375 2444 datum
2410 2401 2466 2446 et
2494 2392 2730 2450 fructum
2777 2397 3116 2470 discernere,
3163 2406 3346 2462 datum
3392 2419 3477 2465 est
3514 2385 3602 2470 res

2018 2477 2134 2548 ipsa
2161 2495 2321 2550 quam
2351 2483 2441 2538 dat
2466 2485 2558 2555 qui
2586 2487 2911 2559 impertitur,
2943 2495 3058 2550 haec
3093 2500 3400 2555 necessaria
3429 2503 3597 2561 veluti

2015 2580 2386 2664 est‘nummus,
2401 2575 2576 2644 cibus,
2591 2589 2770 2649 potus,
2784 2584 3186 2653 vestimentum,
3212 2596 3433 2658 tectum,
3451 2594 3601 2664 adju-

2018 2661 2212 2716 torium
2229 2677 2243 2716 :
2258 2661 2285 2716 f
2283 2673 2465 2721 ructus
2488 2677 2670 2723 autem
2696 2671 2836 2727 bona
2864 2683 3009 2729 recta
3021 2676 3266 2733 voluntas
3279 2680 3480 2737 datoris
3493 2661 3596 2739 est.

2018 2750 2231 2819 Datum,
2259 2763 2344 2810 est
2375 2757 2648 2828 suscipere
2672 2763 2991 2833 prophetam
3009 2807 3023 2831 ,
3060 2769 3557 2840 susciperejustum
3577 2815 3592 2839 ,

2015 2844 2295 2914 porrigere
2321 2847 2544 2903 calicem
2560 2865 2713 2920 aqua:
2727 2851 2934 2924 frigidae
2962 2856 3249 2928 discipulo,
3274 2858 3478 2916 fructus
3504 2879 3598 2918 au-

2018 2941 2125 2989 tem
2140 2937 2191 2990 in
2207 2939 2422 2994 nomine
2441 2943 2731 3012 prophetae,
2750 2945 2803 3000 in
2815 2949 3031 3004 nomine
3046 2950 3201 3020 justi,
3218 2952 3271 3007 in
3288 2955 3506 3010 nomine
3522 2957 3596 3012 di-

2015 3027 2204 3098 scipuli
2227 3030 2326 3086 hoc
2351 3032 2549 3101 facere,
2566 3034 2740 3092 fructu
2765 3041 3008 3110 pascitur
3019 3043 3164 3100 Elias
3187 3063 3218 3101 a
3239 3047 3400 3103 vidua
3423 3051 3594 3106 scien-

2015 3128 2068 3175 te
2098 3124 2240 3192 quod
2266 3125 2537 3183 hominem
2566 3129 2660 3185 Dei
2691 3144 2938 3202 pasceret
2987 3134 3108 3207 (III
3136 3137 3261 3211 Reg.
3291 3142 3422 3215 xvn)
3456 3161 3469 3197 :
3497 3161 3595 3215 per

2013 3227 2234 3271 corvum
2253 3227 2430 3273 autem
2446 3221 2571 3277 dato
2584 3225 2925 3294 pascebatur,
2948 3243 3048 3284 nec
3067 3230 3296 3288 interior
3308 3233 3474 3302 Elias,
3498 3240 3591 3293 sed

317 3286 632 3383 εαρίεοαιέε,
659 3286 874 3369 mdia“,
899 3323 1078 3370 autem
1110 3286 1372 3372 habuistis
1394 3286 1420 3382 ς
1451 3317 1555 3372 is“,
1590 3332 1721 3386 ergo
1741 3286 1908 3370 ἰωάῖο
1937 3286 1982 3350 C
2014 3306 2602 3379 exteriorpascebatur,
2619 3315 2903 3384 quiposset
2923 3320 3086 3374 etiam
3102 3321 3340 3380 taliscibi
3354 3286 3591 3398 egestate

319 3407 585 3463 diuturno
632 3418 1004 3474 marcuerant,
1055 3419 1110 3466 et
1155 3411 1309 3480 quasi
1346 3422 1669 3466 exaruerant
1714 3411 1782 3465 ab
1809 3411 1912 3466 isto

321 3497 508 3554 fructu
531 3500 658 3554 boni
695 3501 874 3571 operis
903 3509 956 3555 et
981 3501 1177 3572 gaudet
1213 3501 1291 3556 eis
1332 3501 1459 3571 quia
1489 3501 1906 3572 repullularent,

318 3605 432 3644 non
455 3589 576 3655 sibi,
609 3591 751 3660 quod
777 3589 892 3659 ejus
923 3591 1231 3662 indigentiae
1268 3592 1638 3656 subvenerint,
1666 3591 1786 3646 ideo
1818 3605 1906 3646 se-

319 3691 485 3737 cutus
510 3683 614 3737 ait:
639 3682 762 3737 Non
781 3683 932 3754 quasi
951 3692 1159 3754 propter
1184 3683 1456 3755 penuriam
1476 3683 1628 3736 dico:
1657 3699 1750 3752 ego
1769 3682 1908 3736 enim

317 3773 484 3828 didici
510 3775 564 3828 in
589 3774 774 3846 quibus
793 3791 905 3829 sum
931 3775 1188 3844 sufﬁciens
1209 3791 1339 3840 esse,
1355 3775 1462 3828 scio
1481 3772 1774 3838 humiliari,
1797 3773 1905 3827 scio

314 3876 366 3920 et
400 3867 671 3922 abundare
693 3867 909 3939 ubique,
951 3876 998 3922 et
1033 3867 1087 3921 in
1129 3867 1366 3920 omnibus
1391 3866 1658 3919 institutus
1679 3881 1795 3919 sum
1814 3905 1829 3929 ,
1856 3873 1906 3918 et

312 3959 508 4012 satiari
535 3968 582 4012 et
612 3958 808 4012 esurire
827 3968 876 4013 et
906 3959 1174 4013 abundare
1195 3967 1242 4013 et
1264 3957 1534 4030 penuriam
1560 3957 1668 4028 pati
1689 3997 1704 4023 ,
1729 3957 1903 4014 omnia

311 4067 532 4120 possum
560 4051 620 4104 in
640 4066 697 4103 eo
725 4050 818 4120 qui
845 4066 924 4104 me
945 4050 1222 4118 conﬁrmat
1240 4089 1254 4114 ,
1280 4058 1632 4103 verumtamen
1674 4048 1798 4101 bene
1822 4047 1901 4116 fe-

312 4141 461 4194 cistis
502 4140 938 4195 communicantes
981 4139 1304 4194 tribulationi
1347 4155 1493 4194 mew.
1540 4137 1724 4210 (Aug.)
1751 4137 1903 4194 Unde

313 4248 449 4304 ergo
477 4234 692 4304 gaudes,
725 4248 758 4288 o
786 4231 949 4288 Paule
975 4250 1190 4304 magne,
1216 4234 1356 4290 unde
1379 4233 1581 4306 gaudes
1599 4274 1614 4300 ,
1641 4233 1783 4289 unde
1807 4248 1902 4304 pa-

313 4325 511 4390 sceris,
541 4326 670 4396 quid
700 4334 783 4380 est
803 4327 944 4395 quod
970 4334 1020 4381 te
1049 4326 1226 4396 pascit
1249 4326 1432 4382 lzetitia
1459 4345 1473 4381 :
1497 4326 1625 4396 quid
1654 4326 1900 4396 sequitur

315 4417 600 4472 audiamus
625 4435 637 4470 :
665 4426 1036 4480 verumtamen,
1063 4417 1257 4486 inquit,
1289 4417 1412 4471 bene
1436 4417 1632 4488 fecistis
1661 4432 1896 4471 commu-

314 4509 551 4561 nicantes
578 4506 902 4561 tribulationi
924 4524 1072 4574 mete,
1096 4507 1222 4562 hinc
1244 4507 1459 4577 gaudet,
1481 4507 1608 4563 hinc
1630 4508 1891 4577 pascitur,

312 4601 442 4671 quia
471 4599 545 4654 illi
578 4599 712 4654 bene
757 4597 1019 4664 fecerunt,
1051 4615 1157 4654 non
1197 4599 1320 4670 quia
1366 4598 1482 4668 ejus
1531 4600 1775 4669 angustia
1805 4616 1893 4654 re-

313 4693 495 4746 laxata
517 4699 621 4756 est,
644 4690 733 4760 qui
764 4690 890 4745 dicit
917 4691 1009 4745 tibi
1037 4709 1048 4744 :
1077 4691 1144 4745 In
1169 4688 1501 4744 tribulatione
1541 4690 1776 4744 dilatasti
1810 4707 1891 4744 me

313 4785 493 4858 (Psal.
523 4785 637 4856 xc),
670 4786 795 4856 quia
818 4794 873 4840 et
896 4786 1171 4840 abundare
1192 4790 1246 4839 et
1272 4785 1553 4854 penuriam
1577 4783 1688 4853 pati
1719 4783 1886 4850 novit,

311 4879 367 4932 in
407 4887 457 4931 te
484 4877 575 4946 qui
605 4875 882 4931 confertas
925 4889 1069 4932 eum.
1103 4874 1329 4946 (Ambr.)
1360 4873 1515 4939 Haec,
1542 4873 1750 4943 inquit,
1781 4889 1888 4928 non

311 4971 438 5041 quia
472 4970 703 5040 inopiam
727 4967 840 5024 fero
869 4970 1124 5041 graviter,
1171 4969 1224 5023 in
1253 4967 1700 5022 consuetudinem
1745 4968 1889 5021 enim

309 5061 576 5131 meipsum
624 5061 875 5116 constitui
921 5067 982 5114 ut
1023 5059 1290 5116 suﬂiciens
1316 5061 1418 5115 sim
1449 5058 1553 5114 illis
1583 5073 1702 5128 quae
1744 5059 1888 5115 inve-

308 5152 538 5208 ninntur
564 5152 617 5206 in
647 5152 920 5223 praesenti,
953 5161 1005 5206 et
1034 5153 1286 5222 quoniam
1317 5151 1462 5206 nulla
1491 5165 1557 5206 ex
1589 5159 1742 5221 parte
1761 5167 1891 5206 con-

310 5244 569 5298 turbatur
611 5258 676 5298 ex
715 5243 820 5299 illis
859 5259 980 5312 quae
1020 5243 1120 5298 sibi
1165 5244 1520 5298 accidebant:
1563 5242 1892 5312 suscipiebat

306 5348 440 5389 vero
467 5341 523 5388 et
560 5333 647 5389 illa
679 5349 798 5404 qua:
819 5334 1026 5404 requiei
1054 5343 1230 5400 erant,
1263 5345 1318 5388 et
1346 5334 1436 5388 illa
1467 5349 1585 5402 qua:
1617 5333 1884 5400 tristitiae,

306 5424 562 5495 prudenti
599 5441 662 5480 ac
688 5426 868 5480 sobrio
898 5424 1177 5480 intellectu
1199 5432 1255 5478 et
1282 5424 1334 5478 in
1357 5424 1506 5479 duris
1535 5424 1752 5494 quidem
1795 5439 1882 5478 re-

307 5516 411 5569 bus
441 5524 813 5583 consueverat,
845 5531 953 5571 non
979 5515 1066 5570 illa
1090 5514 1232 5570 ferre
1260 5516 1514 5587 graviter,
1537 5515 1592 5569 in
1613 5515 1887 5585 prosperis

306 5623 438 5662 vero
471 5623 576 5663 non
598 5609 766 5664 laxari
798 5609 1025 5675 deliciis,
1042 5609 1134 5664 sed
1160 5609 1245 5664 his
1271 5621 1472 5678 ponere
1498 5607 1584 5662 illa
1611 5623 1730 5678 quae
1757 5623 1885 5681 erga

309 5715 369 5752 se
403 5707 558 5753 erant
585 5714 683 5770 per
711 5701 892 5756 omnia
925 5701 1306 5756 convenienter
1351 5707 1407 5753 et
1446 5706 1506 5752 ut
1547 5715 1616 5754 ne
1640 5699 1886 5756 videatur

310 5804 504 5860 magna
525 5791 592 5846 de
619 5805 677 5846 se
701 5806 889 5860 sapere
921 5793 1035 5846 haec
1071 5792 1256 5848 dicens
1283 5809 1295 5845 :
1330 5789 1522 5846 Omnia
1546 5792 1802 5864 prazvideo
1829 5793 1885 5848 in

265 5868 268 5872 ’
309 5893 372 5930 eo
391 5879 481 5950 qui
503 5896 587 5938 me
612 5881 873 5951 confortat
894 5879 1124 5949 Christo,
1149 5883 1286 5954 ipse,
1309 5882 1503 5953 inquit,
1528 5891 1612 5940 est
1633 5883 1725 5954 qui
1748 5898 1886 5953 prat-

2014 3401 2306 3470 corrumpi.
2345 3401 2571 3476 (Λιηὺν.)
2619 3405 2818 3464 Deinde
2859 3410 2988 3465 dicit
3016 3414 3270 3483 quoniam
3299 3425 3354 3472 et
3377 3422 3591 3488 quando

2013 3489 2277 3560 imprimis
2304 3493 2457 3549 vobis
2487 3496 2771 3565 praedicavi
2798 3499 3052 3570 pietatem
3088 3519 3212 3560 cum
3245 3509 3455 3564 ceteris
3481 3509 3590 3566 Ma-

2011 3580 2304 3638 cedonibus
2326 3591 2381 3638 et
2405 3585 2600 3641 exinde
2624 3603 2743 3642 sum
2769 3605 3041 3660 egressus,
3079 3610 3255 3666 neque
3280 3597 3428 3653 dedit
3455 3599 3587 3657 mihi

2009 3669 2131 3738 quis
2183 3671 2402 3738 saltem,
2434 3689 2608 3744 neque
2655 3680 2868 3750 suscepi
2896 3681 2965 3736 ab
2984 3683 3175 3752 altero,
3225 3687 3329 3742 nisi
3368 3703 3400 3744 a
3434 3690 3587 3746 vobis

2007 3765 2161 3830 solis,
2204 3767 2401 3821 etenim
2447 3778 2502 3823 et
2543 3769 2939 3829 Thessalonica
2977 3779 3332 3834 commoranti
3371 3780 3501 3836 mihi
3532 3789 3587 3836 et

2006 3858 2170 3912 semel
2201 3860 2364 3915 cthis
2394 3860 2481 3915 illa
2525 3878 2643 3933 qua:
2686 3865 2752 3919 ad
2797 3882 2925 3922 usus
2977 3883 3198 3926 necesse
3245 3871 3586 3928 habebantur

2004 3949 2248 4005 misistis.
2291 3949 2542 4022 Nunquid
2582 3954 2717 4009 dixit
2754 3958 3192 4016 communicastis
3229 3960 3284 4015 in
3316 3963 3581 4019 rationem

2004 4040 2110 4095 dati
2141 4050 2197 4096 et
2223 4043 2468 4112 accepti,
2500 4044 2602 4099 hoc
2629 4045 2789 4111 dicit,
2831 4061 2940 4102 non
2977 4049 3102 4118 quia
3139 4049 3318 4121 aliqua
3363 4053 3579 4121 quidem

2003 4131 2118 4203 ipse
2145 4133 2313 4200 dedit,
2347 4134 2453 4190 alia
2475 4151 2605 4191 vero
2635 4137 2746 4203 illi,
2771 4139 2864 4194 sed
2889 4140 3031 4208 quod
3068 4140 3142 4195 illi
3173 4143 3391 4211 quidem
3419 4144 3579 4199 dede-

2001 4235 2128 4281 runt
2174 4228 2288 4298 ipse
2344 4244 2474 4284 vero
2519 4229 2829 4300 acciperet,
2888 4232 3320 4289 communionem
3368 4235 3477 4290 dati
3525 4244 3581 4291 et

2001 4321 2202 4390 accepti
2235 4321 2336 4376 hoc
2361 4322 2518 4385 dixit,
2540 4337 2605 4378 eo
2631 4323 2772 4392 quod
2790 4323 2866 4380 illi
2895 4326 3111 4396 quidem
3141 4326 3439 4382 dederunt:
3463 4327 3577 4399 ipse

1999 4431 2126 4471 vero
2141 4417 2351 4486 accepit
2371 4425 2425 4471 et
2445 4417 2642 4472 iterum
2655 4419 2947 4475 ostendens
2961 4420 3214 4490 quoniam
3230 4436 3336 4476 non
3359 4435 3458 4490 pro
3471 4420 3576 4477 illis

1996 4522 2116 4577 quae
2141 4508 2263 4562 data
2292 4507 2393 4563 sibi
2424 4508 2640 4564 fuerant
2666 4509 2768 4564 ista
2794 4509 2943 4565 dicit.
2970 4510 3094 4564 Non
3117 4512 3240 4582 quia
3277 4527 3454 4581 qurere
3478 4512 3577 4565 da-

1996 4607 2127 4663 tum,
2147 4598 2236 4652 sed
2250 4599 2455 4669 requiro
2475 4598 2701 4668 fructum
2725 4599 3074 4654 abundantem
3092 4601 3146 4653 in
3162 4599 3365 4654 ratione
3385 4610 3570 4656 vestra.

1997 4690 2111 4745 Hoc
2138 4690 2280 4756 dico,
2309 4690 2508 4762 inquit,
2534 4706 2640 4746 non
2663 4700 2881 4762 propter
2908 4691 2999 4746 illa
3025 4706 3144 4761 qua:
3171 4690 3298 4746 data
3326 4699 3452 4746 sunt
3479 4692 3572 4748 sed

1995 4782 2302 4835 institutum
2329 4789 2565 4836 vestrum
2585 4781 2848 4845 eollaudo,
2879 4781 3034 4851 cujus
3054 4781 3328 4837 evidentes
3348 4790 3495 4848 sunt,
3516 4792 3566 4838 et

1997 4872 2225 4938 fructus,
2254 4872 2442 4928 dantes
2472 4873 2612 4928 enim
2643 4873 2868 4927 multam
2895 4873 3046 4928 vobis
3071 4874 3374 4928 mercedem
3401 4882 3457 4929 et
3485 4889 3568 4929 re-

1998 4966 2340 5022 tributionem
2365 4965 2695 5036 providistis.
2727 4965 2772 5019 Α
2797 4966 2952 5022 bonis
2973 4981 3104 5038 ergo
3126 4965 3571 5037 praedicatoribus

1996 5074 2104 5113 non
2125 5074 2289 5114 causa
2327 5057 2504 5113 victus
2529 5057 2846 5128 prtedicatio
2893 5058 3240 5128 impenditur,
3281 5058 3374 5112 sed
3405 5072 3568 5114 causa

1991 5149 2390 5221 praedicationis
2414 5149 2680 5219 accipitur
2702 5150 2907 5216 vietus,
2949 5158 3003 5204 et
3025 5151 3238 5221 quoties
3270 5149 3570 5219 praedican-

1992 5242 2134 5298 tibus
2177 5241 2481 5297 necessaria
2528 5241 2595 5296 ah
2644 5241 2984 5296 audientibus
3032 5240 3403 5305 conferuntur,
3459 5255 3566 5294 non

1989 5332 2163 5387 solent
2191 5332 2258 5386 de
2290 5346 2472 5386 rerum
2502 5347 2753 5399 munere,
2781 5332 2876 5388 sed
2903 5332 2968 5387 de
3009 5330 3406 5388 conferentium
3432 5346 3564 5400 gau-

1989 5422 2118 5478 dere
2145 5422 2422 5488 mercede,
2449 5421 2589 5477 unde
2631 5430 2688 5478 et
2725 5439 2824 5494 per
2853 5423 3168 5493 Apostolum
3207 5423 3425 5488 dicitur,
3458 5438 3562 5475 non

1986 5533 2163 5589 qurere
2183 5517 2387 5580 datum,
2414 5515 2503 5570 sed
2534 5516 2738 5587 requiro
2767 5515 3014 5586 fructum.
3039 5517 3233 5572 Datum
3257 5530 3452 5585 quippe
3479 5522 3564 5569 est

1987 5623 2075 5664 res
2109 5607 2253 5677 ipsa,
2303 5622 2422 5676 quae
2467 5606 2812 5676 impenditur,
2841 5606 3051 5663 fructus
3074 5623 3204 5662 vero
3241 5606 3348 5662 dati
3383 5614 3487 5670 est,
3514 5605 3560 5661 si

1985 5699 2216 5770 benigna
2241 5708 2417 5752 mente
2440 5696 2630 5752 futurae
2650 5699 2915 5754 mercedis
2935 5700 3113 5754 studio
3135 5697 3335 5768 aliquid
3353 5699 3562 5767 impen-

1955 5793 2165 5847 datur.
2208 5789 2348 5860 Ergo
2383 5789 2568 5843 datum
2613 5789 2667 5844 in
2717 5805 2774 5844 re
2825 5790 3157 5859 accipimus,
3203 5789 3440 5844 fructum
3500 5788 3560 5846 in

1987 5881 2170 5948 corde,
2193 5889 2248 5935 et
2275 5880 2401 5951 quia
2430 5879 2813 5950 discipulorum
2849 5893 3070 5936 suorum
3096 5877 3383 5950 Apostolus
3407 5895 3553 5936 mer-
