3986 6338
253 427 361 486 509

777 415 1333 479 ENABIA’HOHUI
1366 415 1437 478 IN
1472 414 1626 477 EPP.
1661 413 1842 477 PAUL

1941 416 2039 477 ΔΒ.
2074 415 2198 477 XX.
2232 416 2411 476 --'IN
2444 414 2661 477 EPIST.
2702 416 2797 475 AD
2828 416 2984 479 COL.

3390 421 3496 478 510

249 553 385 610 ergo
400 536 479 597 illi
496 533 826 595 aestith
843 534 991 604 quod
1007 531 1469 604 Evangeiiumaon
1486 531 1556 587 ad
1575 545 1831 605 συμπαι-
1855 545 1904 607 Α
1930 541 2141 589 etot-nm
2161 512 2387 605 collegio
2416 545 2539 589 esse
2564 533 2954 604 pronuntiavit,
2977 548 3100 591 eum
3120 535 3313 595 essetis
3334 536 3494 595 alieni

248 641 367 691 tum
390 630 537 700 apud
562 640 753 685 omnes
783 625 1131 695 consequitur
1156 623 1374 694 adjicit:
1412 623 1565 680 Sicut
1591 630 1649 678 in
1681 624 1825 678 vobis

246 740 319 785 ac
344 739 410 781 ea
442 720 528 781 dis
561 735 668 793 atto
703 718 926 775 audistis
968 726 1017 773 st
1056 716 1365 789 cognouistis
1389 715 1614 785 gratiam
1646 711 1827 769 Beiin

246 816 486 877 gruem.
529 810 898 882 Gogaoyistis,
944 808 1147 880 inquit,
1186 821 1283 864 vos
1321 806 1573 877 pietatem
1609 805 1749 861 sicut
1771 810 1831 861 et

244 923 478 972 omnes,
524 910 871 974 augmentum
915 901 1079 957 etiam
1114 898 1353 969 suscepit
1393 897 1543 952 omni
1574 896 1631 951 in
1676 895 1824 961 loco,

240 1015 350 1070 per
378 996 619 1077 singulos
643 992 761 1059 dies
779 1011 797 1048 ι
818 993 961 1053 sicut
980 999 1037 1051 ct
1057 991 1199 1063 apud
1216 1004 1315 1045 vos
1342 989 1421 1047 sic
1447 986 1594 1045 omni
1622 986 1679 1042 in
1708 985 1827 1043 loco

245 1090 601 1162 Evangelium
644 1088 754 1163 vim
795 1100 950 1149 suam
988 1083 1199 1141 obtinet
1240 1091 1298 1138 et
1347 1088 1694 1152 augmentum
1732 1092 1829 1149 per

243 1184 496 1256 sicaniae
521 1182 721 1254 accipit
748 1180 885 1245 dies,
912 1187 969 1237 et
994 1178 1137 1249 apud
1157 1191 1255 1235 vos
1279 1182 1337 1232 et
1357 1176 1498 1247 apud
1524 1189 1713 1231 omnes
1736 1171 1829 1242 qui

242 1287 381 1345 Sunt
400 1279 458 1338 in
483 1278 617 1339 urbe
648 1285 943 1340 “mrum,
966 1274 1071 1329 hoc
1096 1278 1278 1329 autem
1299 1268 1570 1325 suﬁciens
1593 1274 1712 1325 erat
1732 1267 1828 1323 hos

239 1379 302 1433 et
322 1368 605 1433 adhortari
622 1374 680 1427 et
699 1367 929 1427 suadere
952 1372 1015 1423 ut
1036 1364 1092 1421 in
1118 1363 1222 1423 ﬁde
1246 1369 1550 1429 manerent,
1571 1360 1618 1418 si
1650 1367 1829 1415 tamen

239 1477 378 1521 eum
404 1474 671 1521 conamen
696 1470 889 1519 omnes
929 1456 1047 1513 haec
1087 1467 1217 1511 sera
1266 1468 1387 1509 esse
1429 1450 1827 1524 cognovissent.

243 1553 457 1611 Deinde
480 1550 685 1611 indicat
722 1558 778 1609 et
817 1565 850 1605 a
886 1562 994 1620 quo
1021 1546 1131 1603 sint
1172 1545 1336 1601 docti.
1379 1543 1529 1601 Sicut
1571 1542 1829 1598 didicistis

240 1645 311 1703 ab
334 1644 609 1716 Epapho
629 1643 937 1703 charissima
958 1656 1202 1697 conservo
1228 1646 1405 1694 nostro
1442 1637 1630 1710 quiest
1657 1633 1829 1706 ﬁdelis

238 1752 343 1807 pro
371 1735 510 1795 nobis
528 1734 763 1793 minister
784 1730 983 1791 Christi
1003 1730 1162 1796 Iesu;
1189 1729 1279 1800 qui
1301 1728 1459 1785 etiam
1479 1724 1831 1795 manifestanit

241 1826 401 1889 nobis
423 1825 749 1885 dilectionem
770 1832 995 1885 uestram
1032 1823 1086 1879 in
1127 1820 1334 1891 spiritu.
1364 1818 1657 1875 Evidenter
1683 1814 1829 1873 enim

1927 640 1957 680 a
1987 627 2187 696 pietate
2214 633 2275 682 et
2310 622 2579 681 idolorum
2617 625 2789 682 eratis
2830 632 3151 683 sectatores.
3177 626 3311 684 Nam
3354 630 3497 699 quod

1924 710 2063 773 dixit
2086 715 2145 771 i-n
2168 714 2404 783 lumine,
2432 724 2495 771 ut
2521 713 2667 771 dicat
2690 726 2793 788 per
2828 731 2980 773 suam
3008 715 3368 789 cognitionem
3390 758 3406 786 ,
3445 726 3500 774 et

1925 808 2068 879 quad
2090 808 2227 865 dixit
2244 806 2338 880 qui
2361 808 2551 881 dignos
2568 823 2667 865 vos
2686 808 2895 877 habuit,
2909 809 3015 865 hoc
3039 816 3144 876 est,
3169 808 3356 882 dignos
3377 824 3500 866 esse

1924 892 2313 972 pronuntiavit,
2347 906 2403 957 et
2424 900 2567 971 quod
2591 899 2721 956 illud
2748 908 2833 957 est
2859 900 3071 957 lucrum
3100 908 3162 957 ut
3189 908 3501 975 sanctorum

1922 984 2216 1063 iungantur
2239 991 2481 1064 collegio.
2520 990 2627 1059 Qui
2647 992 2840 1064 eripuit
2863 1008 2958 1048 nos
2992 993 3057 1048 de
3076 1002 3329 1060 potestate
3362 1002 3503 1048 tene-

1929 1083 2141 1141 brarum
2171 1092 2219 1139 et
2262 1082 2531 1139 transtulit
2574 1085 2632 1140 in
2667 1100 2883 1157 regnum
2903 1083 3011 1156 ﬁlii
3047 1083 3339 1141 dilectionis
3370 1100 3500 1142 sate.

1928 1174 2045 1231 Non
2074 1174 2269 1240 solum,
2296 1175 2497 1247 inquit,
2524 1175 2749 1233 abstulit
2766 1191 2864 1234 vos
2891 1175 2962 1233 ab
2988 1190 3177 1232 errore
3205 1183 3260 1232 et
3298 1177 3502 1232 daemo-

1928 1282 2057 1324 num
2105 1268 2387 1338 potentia,
2434 1267 2531 1324 sed
2573 1274 2630 1324 et
2671 1267 2966 1339 participes
3012 1281 3113 1324 vos
3137 1265 3505 1337 pronuntiavit

1928 1363 2083 1433 regni
2110 1374 2231 1417 esse
2259 1359 2481 1415 Christi.
2503 1358 2639 1415 Nam
2665 1358 2809 1429 quod
2840 1357 2990 1423 dicit,
3026 1357 3292 1433 transtulit
3332 1358 3389 1412 in
3427 1372 3509 1411 re-

1928 1468 2087 1524 gnum
2112 1450 2212 1522 ﬁlii
2230 1450 2503 1506 charitatis
2524 1465 2656 1516 sua,
2676 1450 2782 1506 hoc
2805 1449 2954 1512 dicit,
2978 1449 3121 1506 sicut
3148 1459 3204 1505 et
3227 1447 3333 1523 alio
3355 1447 3504 1503 loco:

1931 1541 1999 1599 Si
2020 1542 2333 1601 sustinemus
2354 1580 2370 1608 ,
2404 1549 2455 1597 et
2478 1541 2906 1613 eonregnabimus
2942 1539 3027 1612 (II
3055 1539 3098 1595 Τ
3098 1542 3190 1595 im.
3230 1539 3314 1613 rt).
3358 1539 3511 1596 Unde

1928 1636 2069 1694 bene
2096 1636 2222 1707 quia
2243 1648 2351 1691 non
2379 1634 2532 1700 dixit,
2563 1634 2658 1690 ﬁlii
2692 1640 2904 1690 tantum
2927 1673 2943 1701 ,
2988 1633 3082 1690 sed
3111 1632 3210 1705 ﬁlii
3240 1631 3511 1689 charitatis

1929 1744 2085 1797 sum;
2117 1743 2222 1784 nec
2250 1724 2397 1784 enim
2424 1725 2716 1798 participes
2745 1725 2898 1801 regni
2920 1723 3019 1782 Dei
3048 1725 3198 1781 verbi
3226 1724 3509 1790 efﬁcimur,

1930 1835 2039 1892 quo
2064 1822 2209 1876 enim
2241 1819 2359 1878 ﬁeri
2386 1808 2568 1893 potest
2599 1824 2661 1874 ut
2695 1817 3067 1874 universitatis
3100 1816 3281 1888 opiﬁci
3317 1816 3512 1888 junga-

240 1919 303 1979 in
332 1919 487 1981 hisce
509 1917 775 1984 ostendit,
814 1915 1070 1990 quoniam
1100 1912 1171 1971 ab
1195 1911 1447 1983 Epaphra
1486 1908 1830 1983 Evangelium
1858 1909 1910 1972 Β
1934 1912 2091 1967 muri
2119 1912 2215 1973 sed
2247 1918 2495 1984 suscepto
2520 1908 2725 1966 homini
2763 1909 2925 1975 dicit,
2954 1908 3109 1980 cujus
3137 1915 3193 1964 et
3224 1908 3515 1981 participa-

238 2015 630 2081 “accperam.
654 2012 814 2079 quem
844 2015 900 2065 et
918 2008 1063 2080 iusta
1084 2007 1296 2063 ratione
1317 2003 1572 2068 laudavit,
1604 2016 1833 2061 venera-

238 2102 416 2163 bilem
439 2103 550 2163 illis
576 2102 857 2165 exhibens,
887 2116 1047 2172 quem
1077 2099 1243 2157 etiam
1267 2096 1665 2156 commendavit
1692 2095 1830 2162 illis,

238 2211 313 2259 eo
339 2195 489 2269 quod
538 2202 663 2259 nota
699 2193 802 2253 sibi
843 2192 1062 2251 fecisset
1106 2192 1198 2257 illa
1241 2206 1363 2262 qua
1406 2192 1472 2247 de
1507 2189 1613 2246 illis
1640 2188 1831 2255 erant,

240 2291 431 2353 sciens
451 2290 708 2362 quoniam
732 2288 1099 2347 necessarimn
1124 2288 1341 2359 quidem
1376 2295 1433 2343 et
1477 2287 1610 2343 utile
1649 2293 1733 2342 est
1767 2286 1833 2340 ad

240 2383 493 2455 plenum,
521 2388 580 2439 ut
604 2381 926 2439 uenerabilis
957 2388 1012 2437 et
1037 2379 1414 2441 desiderabilis
1457 2380 1530 2445 sit
1561 2378 1836 2450 discipulis

244 2475 555 2547 magister:
578 2473 815 2535 maxime
839 2481 1022 2531 autem
1051 2486 1180 2544 erga
1220 2473 1364 2527 hunc
1399 2471 1678 2543 aptissime
1708 2470 1837 2526 illud

242 2568 454 2625 fecisse
477 2567 711 2631 videtur,
736 2566 811 2622 ita
836 2573 901 2621 ut
932 2565 1120 2627 deceat
1150 2580 1247 2622 eos
1280 2581 1405 2622 eum
1441 2564 1613 2621 multo
1639 2562 1837 2620 ab‘eetu

238 2660 547 2734 persistere
568 2660 625 2721 iu
653 2657 772 2728 eius
804 2656 1049 2714 doctrina
1071 2656 1128 2712 in
1152 2657 1259 2723 his,
1283 2665 1338 2712 et
1359 2660 1693 2727 sequestrata
1720 2654 1839 2724 lege

242 2752 555 2815 tradiderat
602 2750 709 2807 illis
757 2749 1109 2823 Evangeiium
1140 2747 1365 2818 :itaque
1406 2762 1513 2803 non
1566 2746 1839 2802 laudasset

238 2845 373 2917 eius
397 2843 723 2912 doctrinam,
746 2842 799 2899 si
816 2858 923 2899 non
940 2840 1050 2898 hoc
1077 2842 1238 2898 modo
1264 2838 1456 2896 fuisset
1481 2838 1701 2894 aﬂ‘ecta:
1731 2854 1838 2911 quo

240 2939 403 2999 enim
428 2936 549 2995 ﬂaui
570 2944 788 3008 poterat
809 2935 865 2992 in
892 2934 980 2993 bis
1007 2935 1099 3007 qui
1128 2933 1360 2991 docebat
1385 2932 1478 2989 illa
1502 2948 1611 2988 non
1641 2932 1840 2988 debere

240 3029 553 3093 custodire.
578 3027 781 3085 Deinde
806 3028 955 3100 quod
976 3027 1115 3083 dixit
1138 3043 1339 3097 seraper
1369 3042 1463 3099 pro
1498 3024 1641 3080 vobis
1680 3040 1839 3097 oran-

241 3138 355 3192 tes,
380 3134 515 3190 etc,
542 3138 825 3181 resumens
850 3122 982 3179 dicit
1004 3138 1020 3179 :
1048 3119 1179 3177 Ideo
1202 3128 1251 3175 et
1282 3136 1375 3175 nos
1401 3136 1467 3175 ea:
1489 3136 1592 3191 qua
1620 3119 1705 3174 die
1741 3134 1838 3172 au-

1930 2004 2110 2061 bimus
2138 2003 2326 2061 honori
2352 2012 2575 2076 propter
2620 2009 2828 2058 natura:
2862 2000 3269 2058 similitudinem
3297 1999 3513 2079 quando

1930 2097 2181 2154 eiectum
2211 2111 2341 2169 erga
2370 2111 2493 2152 eum
2522 2094 2654 2165 ipsis
2683 2093 2939 2165 operibus
2967 2093 3254 2149 ostendere
3285 2091 3516 2147 valueri-

1932 2207 2071 2253 mus.
2111 2190 2293 2264 (Ang.)
2340 2187 2492 2260 Quod
2532 2188 2735 2246 dictum
2790 2194 2875 2243 est
2911 2185 3013 2256 ﬁlii
3051 2185 3323 2239 charitatis
3368 2201 3515 2253 suae,

1934 2283 2069 2339 nihil
2097 2282 2448 2354 intelligatur,
2479 2295 2643 2351 quam
2666 2279 2760 2335 ﬁlii
2784 2279 2865 2335 sui
2897 2277 3103 2343 dilecti,
3133 2276 3259 2348 quia
3294 2274 3390 2331 lilii
3419 2290 3490 2348 po

1935 2383 2139 2432 strcmo
2161 2358 2475 2431 substantiae
2505 2388 2636 2430 sum.
2668 2370 2920 2428 Charitas
2956 2371 3155 2445 quippe
3191 2369 3363 2441 patris
3396 2383 3518 2441 quae

1933 2469 1989 2525 in
2018 2475 2211 2524 natura
2253 2470 2338 2523 est
2382 2465 2727 2523 ineifabiliter
2769 2463 3031 2534 simplici,
3075 2456 3212 2518 nihil
3253 2468 3337 2518 est
3372 2460 3518 2521 aliud

1935 2559 2245 2633 quamlejus
2270 2560 2387 2632 ipsa
2427 2567 2644 2624 natura,
2673 2570 2740 2614 ac
2775 2570 2873 2629 per
2916 2554 3021 2611 hoc
3051 2552 3194 2629 illius
3235 2550 3521 2609 charitatis

1935 2651 2075 2723 ejus,
2101 2652 2277 2708 nullus
2301 2658 2388 2708 est
2414 2650 2551 2707 alius
2577 2663 2738 2719 quam
2767 2647 2860 2719 qui
2888 2646 2955 2701 de
2976 2643 3275 2702 substantia
3299 2643 3416 2714 ejus
3436 2648 3522 2697 est

1937 2747 2171 2820 genitus,
2198 2746 2342 2801 unde
2382 2752 2440 2802 et
2484 2742 2652 2798 tilium
2684 2741 2971 2799 charitatis
3011 2753 3135 2795 eum
3177 2737 3419 2802 vocavit,
3456 2749 3523 2791 co

1938 2839 2079 2910 quod
2109 2853 2215 2893 non
2244 2835 2540 2893 secundum
2570 2842 2820 2890 naturam
2846 2841 2932 2889 est
2953 2830 3124 2894 ﬁlius,
3153 2829 3249 2886 sed
3287 2827 3524 2883 charita-

1933 2938 2050 2985 tem
2082 2927 2318 2983 ﬁliorum
2347 2924 2654 2996 adoptionis
2681 2933 2767 2979 est
2798 2930 3103 2978 assecutus.
3146 2917 3375 2995 (Ambr.)
3419 2916 3525 2974 Per

1935 3021 2117 3078 omnia
2164 3020 2310 3076 enim
2347 3017 2685 3091 propositum
2734 3014 2898 3072 habet
2947 3014 3036 3073 illa
3072 3028 3192 3085 quas
3228 3012 3523 3068 secundum

1934 3113 2212 3172 Christum
2258 3120 2385 3168 sunt
2430 3110 2721 3167 ostendere
2758 3122 2986 3180 magna,
3029 3106 3170 3163 sicut
3195 3104 3330 3162 etin
3360 3119 3526 3177 argu-

244 3218 485 3285 disimu
512 3233 621 3273 non
644 3230 905 3273 cessamus
924 3228 1021 3286 pro
1040 3212 1185 3269 vobis
1205 3220 1412 3267 orantes
1440 3219 1488 3265 et
1511 3208 1836 3278 postulantes
1870 3277 1908 3286 _
1935 3214 2121 3263 mento
2156 3203 2507 3277 praediximus
2537 3209 2594 3258 et
2632 3199 2987 3274 comprobare
3019 3205 3280 3285 properat
3313 3195 3527 3269 illorum

222 3320 309 3369 ιιι
336 3277 665 3380 ἱιιιριιωιὶιιί
687 3277 953 3380 agnitione
994 3304 1279 3360 uoluntatis
1315 3302 1430 3373 ejus
1468 3277 1525 3358 in
1565 3302 1706 3357 omni
1743 3318 1834 3357 sa-
1859 3277 1909 3344 ϐ
1940 3299 2366 3372 magnitudinem
2389 3311 2509 3367 quae
2536 3294 2606 3351 ab
2635 3308 2700 3367 ep
2729 3300 2975 3349 correcta
3010 3277 3154 3369 sunt,
3180 3289 3334 3365 Unde
3374 3295 3429 3343 et
3462 3288 3529 3345 dc

244 3402 457 3474 pientis
483 3410 535 3458 at
560 3398 825 3457 intellectu
861 3395 1117 3469 spiritali,
1149 3404 1207 3450 ut
1241 3393 1517 3450 ambuletis
1544 3394 1699 3465 digne
1727 3392 1838 3448 Deo

247 3508 351 3563 nec
374 3492 555 3563 omnia
576 3491 923 3563 placemus
952 3489 1095 3544 omni
1121 3504 1272 3560 opere
1298 3488 1433 3542 bono
1461 3485 1839 3556 fructificantes

247 3593 302 3645 ll
330 3591 621 3643 meum
642 3583 703 3639 in
724 3582 940 3638 scientia
962 3581 1078 3647 Dei,
1099 3582 1157 3636 in
1179 3580 1319 3636 omni
1350 3581 1540 3635 virtute
1563 3578 1841 3649 confortati

250 3674 859 3746 accidunt-potentiam
882 3672 1282 3745 claritatis‘ej-us
1309 3673 1365 3726 in
1407 3672 1549 3727 omni
1590 3669 1842 3743 patientia

248 3776 304 3833 ει
339 3764 735 3838 longanimitate
765 3780 887 3823 cum
910 3764 1123 3837 gaudio.
1155 3763 1263 3824 Per
1280 3763 1462 3819 omnia
1492 3769 1708 3834 optasse
1738 3760 1844 3817 illis

234 3868 409 3927 bona
454 3863 671 3931 videtur
695 3863 798 3919 sub
825 3862 1007 3935 specie
1042 3861 1339 3928 orationis,
1366 3860 1599 3916 edocens
1630 3872 1727 3915 eos
1752 3857 1844 3913 illa

242 3972 385 4029 una
411 3956 495 4015 cis
518 3955 915 4013 conveniebant
940 3971 956 4011 :
982 3954 1111 4010 dicit
1140 3938 1335 4010 autem.
1355 3952 1611 4024 quoniam
1641 3965 1709 4005 ex
1737 3963 1868 4021 quo,

254 4049 358 4113 illa
374 4062 504 4120 qua
522 4048 589 4105 de
606 4046 761 4105 vobis
784 4055 912 4104 sunt
947 4046 1250 4103 audivimus
1285 4045 1402 4102 sine
1430 4043 1686 4100 dilatione
1724 4057 1848 4098 ora-

252 4142 494 4206 bamua,
520 4147 586 4197 ut
606 4140 755 4196 omni
799 4153 965 4194 sonu
1006 4136 1237 4208 spiritali
1284 4136 1474 4209 repleti
1523 4148 1847 4206 cognoscere

252 4234 487 4309 possitis
512 4233 609 4290 Dei
628 4232 988 4297 voluntatem,
1009 4230 1167 4302 digne
1187 4230 1239 4287 ei
1268 4237 1650 4286 conversantes
1670 4236 1726 4283 et
1751 4242 1850 4299 per

253 4326 449 4390 omnia
493 4324 709 4397 placare
748 4322 803 4379 ei
850 4330 1245 4393 properantes-
1284 4320 1361 4377 ita
1409 4328 1464 4377 et
1509 4319 1636 4375 boni
1694 4326 1850 4375 actus

244 4416 696 4489 multiplicantur
738 4416 795 4473 in
837 4414 993 4481 vobis
1014 4428 1116 4485 per
1155 4412 1394 4484 singulos
1422 4411 1539 4467 dies
1580 4424 1704 4467 cum
1755 4408 1849 4464 Del

255 4511 577 4583 cognition;
597 4550 615 4577 ,
638 4509 737 4580 qui
771 4508 971 4579 poterit
994 4520 1090 4563 vos
1117 4506 1413 4563 secundum
1458 4519 1614 4561 suam
1658 4512 1851 4574 poten-

260 4605 401 4667 tiam
433 4601 783 4677 respicientes
806 4600 875 4656 ad
899 4613 1085 4661 sesua
1108 4597 1318 4669 replere
1341 4596 1602 4668 patientia
1623 4636 1638 4661 ,
1680 4595 1755 4650 ita
1789 4601 1851 4649 ut

248 4695 491 4766 milia
538 4692 683 4753 ferte
730 4692 1002 4763 patienter
1033 4690 1285 4745 uniuersa
1337 4688 1428 4744 illa
1466 4702 1587 4759 quae
1616 4686 1851 4743 tristitiae

262 4794 420 4853 aunt.
442 4786 521 4849 ita
549 4792 607 4845 ut
631 4785 889 4857 gaudium
913 4781 1161 4839 habeatis
1198 4780 1254 4835 in
1297 4779 1407 4836 illis
1440 4787 1663 4849 propter
1703 4777 1850 4832 illam

264 4879 579 4953 mercedem
603 4893 727 4950 qum
746 4875 905 4933 vobis
944 4876 998 4930 in
1043 4872 1223 4929 futuro
1265 4869 1464 4928 saeculo
1503 4883 1602 4940 pro
1643 4869 1728 4925 his
1772 4878 1857 4924 est

264 4971 635 5037 mtribnunth.
666 4969 771 5027 hoc
793 4966 1031 5040 quidem,
1057 4974 1122 5021 ut
1147 4965 1281 5031 dixi,
1311 4970 1527 5035 optasse
1548 4977 1608 5018 se
1629 4960 1679 5017 ei
1693 4961 1852 5029 dixit,

264 5072 326 5123 et
354 5062 411 5127 in
437 5076 507 5119 ea
529 5062 659 5121 dum
678 5059 811 5117 dicit
837 5058 927 5115 illa
949 5073 1071 5129 qum
1095 5056 1361 5118 orationis
1396 5063 1526 5112 sunt
1568 5054 1723 5109 docet
1759 5067 1854 5109 eos

267 5151 611 5223 diligentiam
631 5149 1068 5212 conuenientium
1094 5148 1371 5209 adhibere,
1402 5158 1625 5200 sumens
1649 5157 1778 5198 vero
1800 5148 1855 5197 et

268 5244 573 5313 gratiarum
600 5242 865 5305 actionem
887 5255 1049 5312 quam
1077 5253 1178 5310 pro
1203 5238 1282 5294 eis
1304 5233 1620 5306 impleverat
1640 5232 1855 5289 initium

273 5335 445 5405 sumit
471 5334 731 5399 doctrinae
760 5335 901 5393 sicut
942 5331 1003 5389 iu
1036 5329 1394 5400 Ephesiorum
1428 5323 1561 5382 fecit
1595 5322 1850 5395 epistola,

272 5426 373 5489 ubi
400 5426 505 5493 Stth
528 5427 707 5499 specie
732 5427 1035 5498 gratiarum
1062 5420 1295 5477 actionis
1322 5418 1411 5472 illa
1446 5430 1568 5488 quae
1606 5424 1733 5471 sunt
1761 5416 1858 5471 do-

274 5526 523 5595 amatum
550 5532 649 5581 eos
678 5517 831 5577 tristia
853 5524 939 5575 est
966 5511 1316 5574 instruxisse,
1344 5517 1570 5580 propter
1596 5506 1743 5578 quod
1778 5505 1860 5561 dic

278 5612 357 5681 cit
378 5631 393 5679 ς
418 5610 630 5677 Gratias
663 5619 869 5682 agentes
890 5608 1001 5667 Hea
1038 5605 1190 5662 Patri
1217 5604 1307 5676 qui
1335 5603 1518 5672 dignos
1538 5616 1631 5655 nos
1657 5598 1776 5670 fecit
1808 5598 1863 5652 in

283 5714 487 5776 partem
524 5703 680 5763 sortis
726 5709 1031 5761 mactarunt
1071 5699 1127 5753 ia
1163 5695 1359 5752 lumine
1387 5707 1407 5747 :
1439 5691 1598 5756 llaec,
1648 5691 1864 5761 inquit,

286 5796 623 5870 postulamus
640 5802 773 5857 ante
797 5791 982 5865 omnia,
1007 5790 1211 5863 gratias
1243 5791 1463 5858 agentes
1495 5782 1607 5839 Deo
1643 5797 1745 5853 pro
1769 5796 1865 5838 vo-

290 5889 393 5961 bis.
424 5888 681 5964 quoniam
708 5886 904 5965 dianae
918 5898 1019 5958 sos
1035 5894 1313 5957 pessum
1332 5877 1700 5953 cognitionem
1742 5890 1868 5934 aan-

1938 3400 2193 3460 suscepto
2223 3388 2441 3444 homine
2466 3386 2703 3457 disputat
2727 3382 2881 3459 quasi
2911 3383 2979 3458 de
3012 3380 3269 3461 primitiis
3306 3377 3526 3461 nostris,

1940 3491 1994 3541 et
2021 3481 2146 3554 quia
2173 3472 2420 3552 provisOr
2442 3477 2601 3549 nobis
2623 3477 2886 3533 bonorum
2913 3472 3187 3533 exstiterit
3205 3469 3525 3528 multorum.

1939 3568 2097 3651 [inde
2142 3566 2199 3630 et
2247 3571 2472 3644 adjicit:
2513 3570 2568 3624 in
2610 3585 2710 3651 quo
2750 3567 2999 3639 habemus
3041 3563 3440 3636 redemptionem
3478 3568 3531 3617 et

1942 3666 2300 3724 remissionem
2342 3672 2692 3735 peccatorum.
2735 3657 2841 3735 Per
2887 3658 3062 3733 ipsum
3111 3656 3254 3711 enim
3309 3666 3527 3708 omnem

1941 3767 2289 3834 peccatorum
2311 3755 2658 3827 securitatem
2684 3765 2873 3809 sumus
2904 3747 3159 3805 assecuti.
3188 3745 3329 3802 Dicit
3349 3753 3529 3803 autem

1944 3842 2187 3908 futurum
2217 3857 2418 3907 statum
2437 3888 2453 3916 ,
2484 3846 2540 3903 in
2571 3859 2678 3916 quo
2712 3859 2812 3915 per
2854 3838 3307 3917 resurrectionem
3355 3834 3533 3915 etl'eeti

1944 3950 2141 3999 natura
2160 3948 2345 3996 nostra
2367 3936 2655 3993 immortali
2671 3942 2921 3999 exstante
2934 3945 3162 4007 peccare
3182 3927 3409 3987 ulterius
3424 3940 3533 4001 non

1944 4031 2273 4105 poterimus,
2299 4028 2408 4085 tale
2433 4035 2517 4085 est
2543 4035 2599 4097 et
2620 4025 2745 4081 illud
2768 4025 2913 4107 quod
2944 4014 3011 4077 ad
3039 4020 3299 4093 Ephesios
3328 4019 3535 4107 dictum

1949 4132 2068 4187 est,
2114 4123 2191 4177 ita
2225 4130 2282 4176 ut
2321 4120 2486 4176 simus
2525 4117 2693 4173 sancti
2715 4125 2763 4171 et
2790 4105 3143 4170 immaculati.
3172 4108 3374 4183 Deinde
3404 4105 3537 4162 dicit

1949 4225 2006 4276 et
2059 4215 2203 4272 illam
2252 4213 2567 4286 dignitatem
2624 4222 2746 4291 quze
2793 4221 2922 4279 erga
2975 4219 3100 4263 eum
3147 4208 3248 4261 est.
3307 4197 3411 4266 Qui
3459 4205 3536 4263 est

1949 4312 2124 4380 imago
2185 4306 2283 4361 Dei
2355 4300 2630 4359 invisibilis
2697 4298 3070 4375 primogenitae
3147 4291 3313 4367 omnis
3384 4306 3535 4351 creas

1950 4410 2102 4457 tum.
2145 4398 2309 4473 Fides
2361 4411 2493 4452 vero
2551 4391 2818 4450 catholica
2874 4403 2996 4481 quae
3044 4387 3186 4443 inter
3234 4389 3533 4481 creatorem

1952 4470 2372 4559 creaturamque
2409 4483 2688 4556 distinguit
2725 4470 2925 4545 nullam
2960 4477 3166 4569 patitur
3191 4474 3245 4529 in
3281 4472 3378 4569 his.
3401 4470 3537 4569 duo:

1951 4585 2055 4643 bus
2106 4558 2414 4639 nominibus
2470 4572 2801 4645 intelligendi
2843 4558 3239 4637 difficultatem,
3286 4558 3537 4637 unigeni-

1953 4684 2067 4731 tum
2096 4688 2219 4730 eum
2248 4669 2519 4741 accipiens
2540 4663 2835 4723 secundum
2867 4660 2918 4717 id
2945 4656 3088 4730 quod
3119 4655 3378 4733 scriptum
3406 4658 3492 4706 est
3517 4668 3532 4705 :

1953 4768 2022 4825 In
2077 4765 2334 4839 principio
2379 4768 2493 4817 erat
2546 4756 2774 4814 Verbum
2829 4763 2877 4809 et
2936 4746 3163 4807 Verbum
3219 4754 3333 4803 erat
3389 4743 3535 4816 apud

1952 4837 2146 4924 Deum,
2173 4865 2222 4911 et
2245 4855 2387 4910 Beas
2410 4858 2523 4907 erat
2560 4846 2780 4903 Verbum
2805 4842 2989 4919 (Joan.
3016 4841 3077 4919 ι).
3107 4837 3537 4917 Primogenitum

1953 4962 2133 5012 autem
2157 4950 2421 5005 universae
2445 4951 2708 4998 creaturae
2732 4936 3026 4994 secundum
3055 4936 3109 4991 id
3135 4933 3278 5007 quod
3306 4932 3541 5000 Aposto-

1955 5048 2039 5104 lus
2064 5047 2141 5101 ait
2183 5062 2196 5099 :
2230 5038 2299 5095 Ut
2321 5042 2391 5096 sit
2419 5039 2528 5109 ipse
2562 5032 2936 5103 primogenitae
2972 5030 3047 5084 in
3070 5026 3252 5083 multis
3285 5024 3539 5097 fratribus

1959 5139 2133 5214 (liam<
2161 5135 2300 5207 vni),
2331 5147 2466 5205 quos
2508 5129 2557 5184 ei
2595 5127 2758 5182 Pater
2794 5124 2861 5181 ad
2892 5115 3185 5179 fraternam
3225 5119 3540 5176 societatem

1958 5246 2064 5287 non
2092 5211 2403 5300 aequalitate
2428 5219 2765 5284 substantiae,
2794 5218 2891 5274 sed
2913 5215 3198 5287 adoptione
3237 5211 3426 5286 gratiae
3451 5225 3541 5283 ge—

1958 5321 2207 5377 neravit:
2238 5327 2298 5371 ut
2322 5314 2479 5370 .lesus
2519 5311 2767 5368 Christus
2792 5318 2847 5365 et
2888 5306 3212 5376 Unigeuitus
3250 5304 3323 5360 sit
3343 5318 3542 5359 secun-

1960 5414 2087 5469 dum
2116 5411 2170 5466 id
2200 5407 2344 5479 quod
2374 5404 2609 5460 Verbum
2642 5401 2740 5458 Dei
2768 5408 2870 5465 est,
2911 5399 3055 5454 Deus
3085 5396 3223 5469 apud
3251 5395 3419 5450 Deum
3444 5408 3541 5464 pa-

1962 5505 2096 5560 riter
2116 5496 2571 5557 incommutabilis
2592 5503 2644 5550 et
2667 5492 2878 5564 pariter
2894 5499 3152 5556 internus,
3174 5504 3279 5545 non
3296 5487 3542 5556 rapinam

1964 5594 2236 5651 arbitrans
2259 5605 2380 5647 esse
2414 5603 2473 5645 se
2495 5586 2755 5658 aequalem
2787 5585 2916 5648 Deo,
2950 5591 3006 5637 et
3022 5578 3409 5653 primogenitae
3432 5590 3548 5628 om.

1965 5691 2052 5745 nis
2108 5693 2375 5741 creaturae
2421 5680 2715 5737 secundum
2768 5677 2821 5732 id
2866 5673 3011 5748 quod
3060 5675 3112 5728 in
3162 5672 3284 5742 ipso
3329 5666 3543 5729 condita

1966 5787 2091 5839 sunt
2128 5777 2307 5834 omnia
2342 5775 2395 5830 in
2435 5772 2587 5829 caelis
2651 5778 2708 5827 et
2742 5769 2797 5825 in
2835 5774 3014 5833 terra,
3048 5759 3279 5818 visibilia
3315 5766 3370 5815 et
3404 5755 3549 5813 invi-

1968 5870 2167 5933 sibilia.
2201 5867 2353 5925 Bene
2382 5860 2657 5924 invisibilis
2694 5858 2917 5936 adjicit,
2938 5870 3046 5913 non
3084 5850 3229 5939 quod
3261 5850 3335 5910 sit
3365 5847 3552 5907 et~vi-
