3986 6338
440 371 540 428 511
1081 359 1144 414 Β.
1187 353 1442 412 RABANl
1481 352 1700 411 MAURI
1735 346 2050 406 ARCHIEP.

2165 340 2399 401 )GUNT.
2438 335 2724 396 OPERUM
2757 331 2934 389 PARS
2971 330 3056 387 lli.
3611 322 3732 378 512

441 484 614 544 sibilis
648 483 814 548 Deus,
852 478 949 536 sed
987 479 1056 532 ad
1090 473 1457 532 ostensionem
1493 465 1880 539 magnitudinis
1905 504 1919 528 ,
1975 460 2022 517 si
2047 463 2102 525 Α
2127 457 2450 549 Scriptum.
2482 452 2579 549 Est
2597 448 2836 549 quidem
2869 444 3090 549 quando
3127 451 3182 498 et
3239 442 3295 495 in
3333 448 3584 549 tempore

787 531 892 629 isto
921 571 1080 642 quasi
1128 570 1184 625 in
1220 565 1455 636 imagine
1501 531 1824 617 invisibilem
1877 554 2027 610 illam
2130 560 2219 607 tur
2250 546 2487 605 nominis
2520 543 2679 642 hujus
2703 537 3094 642 translatione,
3133 541 3494 642 autem
3514 531 3732 642 Aet,

445 622 732 727 ;faiinui-
1115 622 1184 716 e3
1230 622 1377 729 quod
1432 653 1716 725 copulatus
1767 656 1851 705 est
1917 647 2030 703 Deo
2130 643 2280 698 noris
2334 653 2518 696 causa.
2558 634 2774 692 Etenim
2801 632 2990 734 beatus
3021 627 3185 734 David
3215 639 3337 697 quae
3358 624 3443 734 ad
3475 639 3540 734 se.
3577 622 3736 728 facta.

444 715 708 816 verbo—ct
1043 715 1266 808 omnem
1301 715 1829 806 orbem-terrarum,
1867 752 2032 809 appa-
2131 733 2806 825 fuerantcommiemorans
2877 722 2933 825 in
2971 719 3167 825 quibus
3193 717 3450 825 promisit
3484 715 3608 771 illos
3629 715 3736 825 qui

32 4365 36 4456 ί

32 4557 42 4632 i

39 4825 70 4962 iii

32 5029 36 5036 .
51 4965 80 5040 ii

446 865 576 908 rens
612 848 730 920 ipse
768 843 1066 902 secundum
1105 827 1280 905 suam,
1323 845 1381 892 ut
1418 835 1500 890 fas
1537 842 1645 898 est,
1683 839 1936 886 naturam
1973 827 2033 920 in

449 918 867 997 futuro'szeculo
903 949 1026 992 cum
1065 945 1260 1003 magna
1295 927 1487 1000 gloria,
1521 923 1746 980 veniens
1784 922 1851 978 de
1895 918 2034 976 caelo

452 1033 507 1088 in
543 1029 756 1102 magnis
790 1027 1039 1084 ordinem
1073 1023 1230 1080 nobis
1263 1021 1485 1083 retinet,
1524 1017 1802 1072 evidenter
1830 1055 1845 1080 ,
1903 1025 2038 1082 quo-

452 1124 601 1180 niam
640 1135 830 1176 omnes
882 1119 939 1173 in
971 1132 1095 1173 eum
1131 1114 1284 1186 quasi
1324 1112 1378 1167 in
1417 1110 1705 1180 imaginem
1745 1105 2038 1178 quamdam

454 1215 692 1271 divinam
728 1211 1049 1282 conjicimus
1083 1215 1356 1270 naturam,
1397 1204 1453 1259 in
1505 1217 1610 1272 qua
1648 1199 1884 1255 refertur
1918 1212 2037 1252 ma-

455 1305 680 1377 gnitudo
717 1302 954 1366 illorum,
981 1314 1100 1370 qua:
1126 1296 1434 1354 efﬁciuntur
1458 1309 1568 1350 non
1596 1291 1796 1348 visibili
1833 1298 2041 1345 natura:

452 1393 616 1464 judici
654 1392 1034 1447 auctoritatem
1074 1396 1406 1460 reputantes.
1444 1385 1754 1440 Demiratus
1792 1398 1912 1438 sum
1948 1397 2044 1437 au-

457 1495 565 1542 tem
604 1484 724 1540 illos
757 1484 848 1555 qui
883 1485 938 1538 iu
973 1482 1208 1538 divinam
1249 1489 1501 1535 naturam
1531 1479 1635 1534 hoc
1664 1483 2042 1546 susceperunt,

458 1576 551 1646 qui
580 1576 816 1646 primum
851 1574 1068 1644 quidem
1101 1587 1208 1628 non
1235 1572 1506 1637 viderunt,
1544 1571 1800 1641 quoniam
1831 1578 1888 1625 et
1923 1569 2048 1625 bea-

460 1677 546 1723 tus
581 1668 792 1738 Moyses
827 1666 894 1721 de
932 1666 1151 1721 homine
1189 1665 1353 1731 dicit,
1380 1663 1634 1734 quoniam
1667 1665 1722 1717 in
1766 1663 2047 1734 imaginem

464 1755 557 1810 Dei
580 1756 703 1826 fecit
750 1773 868 1810 eum
897 1754 1052 1827 (Gen.
1080 1755 1164 1826 ιι),
1204 1763 1260 1808 et
1287 1755 1480 1810 beatus
1507 1753 1737 1809 Paulus:
1778 1753 1875 1808 Vir
1925 1751 2047 1824 qni-

2134 824 2478 882 successione
2509 818 2627 889 ejus
2663 825 2824 882 sunt,
2863 813 2931 868 ad
2969 811 3396 866 familiaritatem
3433 825 3589 865 suam
3641 822 3739 864 re-

2135 918 2339 988 cipere,
2381 914 2534 986 quasi
2574 913 2693 984 ipso
2728 912 2839 966 Deo
2877 911 3091 966 dicente
3128 919 3205 964 ita
3240 909 3319 964 ait
3367 922 3383 961 :
3416 905 3540 976 Ipse
3577 906 3737 960 ineo-

2137 1008 2270 1062 cavit
2307 1022 2408 1069 me,
2440 1004 2602 1059 Pater
2639 1019 2782 1056 meus
2818 1018 2870 1056 es
2901 1009 2978 1067 tu,
3017 1009 3065 1055 et
3085 1016 3178 1070 ego
3207 997 3616 1070 primogenitum
3639 1012 3740 1065 po-

2139 1117 2258 1155 nam
2298 1116 2416 1154 eum
2451 1097 2642 1169 (Psal.
2680 1094 2976 1166 Lxxxviu).
3019 1093 3136 1148 Non
3177 1095 3282 1149 hoc
3318 1091 3535 1146 dicente
3573 1091 3690 1144 Deo
3719 1128 3739 1154 ,

2140 1193 2393 1262 quoniam
2418 1203 2858 1260 unumquemque
2877 1201 3066 1243 eorum
3085 1185 3298 1241 caeteris
3321 1192 3570 1252 tempore
3587 1181 3743 1250 prio-

2142 1300 2257 1340 rem
2309 1283 2506 1338 faciam
2556 1283 2704 1338 :sed
2740 1281 2994 1351 quoniam
3046 1278 3344 1348 plurimum
3399 1274 3506 1330 illis
3566 1273 3745 1328 feram

2143 1376 2423 1431 auxilium.
2457 1373 2748 1446 Apostolus
2775 1388 2902 1428 vero
2931 1371 2999 1426 ad
3028 1369 3288 1426 Hebraeos
3317 1365 3609 1423 manifeste
3635 1365 3746 1420 hoc

2110 1466 2288 1524 'idem
2316 1466 2552 1522 ostendit
2599 1467 2678 1520 sic
2713 1465 2900 1519 dicens
2955 1481 2966 1516 :
3009 1460 3111 1516 Sed
3148 1459 3438 1515 accessistis
3486 1457 3557 1510 ad
3608 1456 3746 1511 Sion

2145 1572 2404 1626 montem,
2444 1570 2492 1614 et
2531 1559 2599 1614 ad
2640 1559 2898 1613 civitatem
2936 1555 3034 1610 Dei
3071 1554 3203 1620 vivi,
3245 1550 3548 1608 Jerusalem
3593 1550 3749 1604 caele-

2147 1664 2317 1719 stem,
2356 1662 2405 1708 et
2445 1651 2733 1707 multorum
2775 1648 2998 1704 millium
3037 1645 3347 1718 angelorum
3393 1641 3750 1712 frequentiam

2150 1757 2198 1802 et
2255 1745 2547 1800 Ecclesium
2605 1743 2990 1814 primitivorum
3049 1739 3438 1809 adscriptorum
3506 1733 3561 1786 in
3621 1729 3750 1785 ccio

458 1821 590 1902 dem.
619 1863 726 1902 non
766 1821 924 1903 debet
960 1821 1142 1903 velare
1178 1854 1364 1917 caput,
1423 1846 1600 1918 imago
1638 1856 1692 1902 ei
1730 1846 1900 1918 gloria
1940 1821 2047 1902 hei
2075 1834 2124 1896 B
2155 1834 2343 1908 (Hebr.
2369 1833 2491 1905 xu),
2535 1841 2596 1887 ut
2636 1832 2800 1898 dicat,
2841 1830 3055 1886 illorum
3085 1829 3180 1898 qui
3217 1825 3390 1882 multo
3428 1825 3644 1918 honore
3670 1821 3756 1875 di-

458 1947 679 1993 exstans
707 1937 759 2009 (I
783 1935 907 1993 Cor.
935 1939 1035 2007 ιιι),
1059 1940 1202 2008 quod
1232 1953 1506 2008 nunquam
1534 1937 1600 1992 de
1637 1938 1946 1994 hominibus
1971 1937 2052 1993 di-

461 2036 606 2083 ctum
633 2027 842 2094 fuisset,
870 2027 916 2083 si
939 2027 1134 2082 divina:
1156 2035 1365 2082 natura:
1386 2026 1665 2098 pr0prium
1687 2037 1823 2083 erat.
1849 2027 2052 2082 Deinde

465 2136 640 2190 neque
679 2119 810 2174 illud
866 2129 1300 2190 prospexerunt,
1344 2120 1599 2190 quoniam
1637 2121 1816 2176 omnis
1873 2120 2052 2192 imago

465 2213 593 2268 dum
633 2213 747 2282 ipsa
777 2212 1025 2278 videtur,
1064 2212 1194 2266 illud
1231 2213 1472 2268 ostendit
1507 2215 1653 2284 quod
1679 2229 1788 2269 non
1815 2214 2050 2270 videtur.

461 2303 609 2359 Fieri
650 2318 780 2374 ergo
809 2311 988 2373 potest
1018 2311 1079 2357 ut
1118 2302 1240 2358 talis
1281 2303 1376 2357 fiat
1405 2303 1602 2374 imago,
1631 2319 1752 2375 qua:
1777 2320 1886 2360 non.
1907 2303 2056 2359 vide-

469 2403 575 2459 tur,
606 2408 728 2448 cum
756 2393 828 2448 sit
877 2393 1100 2448 evidens
1125 2393 1382 2464 quoniam
1414 2393 1678 2465 imagines
1704 2403 1925 2464 propter
1953 2394 2057 2449 hoc

464 2484 582 2541 fieri
632 2495 902 2540 consueta:
933 2494 1059 2540 sunt
1099 2485 1242 2555 apud
1290 2485 1409 2540 illos
1443 2485 1537 2556 qui
1579 2494 1675 2540 aut
1714 2486 1936 2541 honoris
1965 2493 2058 2540 aut

465 2573 661 2629 all‘ectu
697 2575 884 2646 gratiae
921 2575 1138 2631 easdem
1174 2571 1400 2644 faciunt,
1443 2576 1520 2630 ita
1557 2583 1616 2630 ut
1651 2576 1958 2632 recordatio
1987 2576 2060 2632 sit

463 2686 653 2727 eorum
685 2672 776 2743 qui
813 2687 922 2728 non
950 2673 1202 2728 videntur
1254 2672 1359 2728 illis
1389 2672 1482 2743 qui
1519 2679 1698 2726 tamen
1727 2670 1910 2725 videre
1933 2684 2060 2740 pos-

467 2771 612 2820 sunt.
654 2763 858 2819 Deinde
886 2763 1074 2834 adjicit
1105 2781 1117 2818 :
1152 2763 1542 2835 Primogenitus
1577 2763 1746 2817 omnis
1777 2770 2055 2817 creaturw.

468 2853 606 2909 Hinc
643 2854 879 2910 maxime
915 2854 1136 2926 quidam
1176 2854 1332 2910 valde
1369 2853 1716 2925 prudentium
1767 2853 1834 2909 de
1874 2852 2059 2909 divina

468 2955 662 3002 natura
700 2946 807 3002 dici
844 2947 996 3014 illud,
1037 2947 1180 3017 quod
1210 2947 1383 3013 dixit,
1422 2947 1594 3018 imago
1625 2945 1724 3001 Dei
1757 2944 2056 3010 invisibilis,

471 3047 821 3095 astruxerunt
845 3080 861 3105 ,
899 3041 1055 3110 quasi
1095 3038 1220 3108 quia
1259 3053 1366 3092 non
1419 3037 1620 3107 possit,
1663 3035 2061 3106 primogenitus

469 3148 598 3202 erga
638 3133 1032 3187 humanitatem
1070 3139 1164 3184 aut
1200 3129 1371 3184 videri
1405 3138 1497 3183 aut
1534 3129 1723 3198 recipi,
1763 3143 1888 3182 cum
1927 3143 2059 3182 con-

2153 1931 2242 2002 gni
2280 1928 2452 1984 habiti
2495 1937 2638 1982 sunt.
2679 1925 2796 1980 Non
2829 1925 2974 1980 enim
3009 1922 3124 1977 vult
3165 1921 3367 1985 dicere,
3415 1917 3632 1986 aliquos
3656 1929 3753 1968 an-

2153 2023 2381 2080 teriores
2405 2035 2525 2077 esse
2551 2020 2782 2075 aliorum
2813 2017 3068 2072 filiorum.
3098 2015 3166 2070 Et
3191 2013 3319 2092 alibi
3346 2030 3360 2066 :
3397 2009 3576 2064 Filius
3607 2023 3756 2061 meus

2152 2116 2526 2186 primogenitus
2583 2111 2753 2167 Israel
2805 2108 3028 2181 (Exod.
3089 2125 3144 2162 tv
3175 2107 3230 2180 ),
3289 2107 3394 2161 hoc
3437 2112 3524 2159 est
3578 2102 3758 2156 bono-

2156 2205 2342 2260 rabilis
2369 2205 2523 2260 mihi.
2552 2203 2688 2258 Nam
2717 2209 2874 2258 erant
2913 2209 2968 2256 et
3001 2199 3094 2254 alii
3122 2207 3248 2253 ante
3277 2195 3460 2259 Israel,
3495 2194 3590 2264 qui
3626 2192 3759 2246 ﬁlio-

2155 2311 2277 2350 rum
2307 2295 2398 2350 Dei
2441 2293 2840 2362 nuncupatione
2865 2289 3013 2360 digni
3048 2288 3264 2343 fuerant
3297 2285 3490 2341 habiti.
3521 2283 3602 2338 De
3633 2281 3758 2352 qui-

2155 2385 2258 2440 bus
2285 2383 2500 2456 Moyses
2543 2384 2714 2438 dicit:
2764 2379 3006 2435 Videntes
3045 2378 3144 2448 ﬁlii
3180 2377 3279 2431 Dei
3315 2375 3456 2445 ﬁlias
3484 2373 3761 2428 hominum

2155 2477 2293 2547 quod
2319 2485 2485 2530 essent
2510 2474 2764 2546 pulchrw,
2793 2479 3103 2543 acceperunt
3130 2469 3230 2524 sibi
3256 2485 3322 2523 ex
3355 2465 3602 2522 omnibus
3631 2480 3761 2536 quas

2157 2565 2422 2637 elegerunt
2451 2563 2607 2636 (Gen.
2649 2564 2747 2636 vi),
2779 2561 2858 2619 sic
2902 2570 2959 2618 et
3000 2562 3055 2617 in
3101 2561 3206 2616 hoc
3245 2559 3389 2625 loco,
3432 2557 3580 2628 quod
3611 2556 3749 2611 dixe

2161 2667 2268 2724 rat,
2316 2659 2694 2730 primogenitus
2748 2657 2907 2711 totius
2959 2664 3238 2719 creatum,
3295 2654 3400 2709 hoc
3445 2660 3553 2718 est,
3601 2665 3765 2721 super

2160 2767 2378 2807 omnem
2417 2761 2724 2806 creaturam
2762 2747 3121 2804 honorabilis.
3180 2745 3467 2816 Siquidem
3528 2744 3764 2799 dixisset

2163 2843 2407 2900 absolute
2425 2841 2840 2914 primogenitus,
2863 2837 3240 2896 honorabilem
3270 2835 3656 2901 tantummodo
3680 2835 3762 2890 di-

2162 2938 2342 2993 cebat.
2380 2934 2516 2990 Nam
2553 2934 2680 3005 quia
2725 2933 2926 3003 adjecit
2963 2931 3132 2986 omnis
3161 2939 3445 2997 creatur-te,
3477 2929 3635 2984 illum
3674 2927 3768 2986 do-

2163 3029 2399 3104 signavit
2451 3028 2544 3098 qui
2586 3026 2655 3082 ab
2683 3026 2832 3082 omni
2877 3026 3180 3081 honoratur
3216 3032 3490 3080 creatura.
3520 3021 3662 3077 Nam
3697 3020 3763 3087 is,

2169 3123 2262 3194 qui
2313 3121 2610 3176 secundum
2673 3133 2897 3174 carnem
2945 3125 3032 3172 est
3079 3117 3330 3172 Christus
3366 3125 3421 3172 et
3471 3124 3762 3187 tempore,

472 3239 696 3278 vemens
733 3233 880 3279 esset
927 3237 1020 3276 eos
1058 3222 1395 3292 perspicere,
1436 3220 1692 3290 quoniam
1737 3235 1844 3274 non
1885 3228 2064 3290 potest
2090 3205 2136 3270 C
2165 3213 2561 3285 primogenitus
2595 3212 2794 3267 dicitur
2831 3211 3100 3266 veraciter
3130 3210 3297 3264 totius
3324 3218 3615 3276 creaturae,
3648 3225 3764 3280 qua:

473 3312 612 3377 hoc,
668 3309 755 3364 vel
790 3309 1025 3364 maxime
1077 3308 1253 3378 aptari
1290 3304 1487 3362 divinae
1522 3314 1766 3372 naturte;
1835 3307 1881 3361 si
1920 3306 2066 3361 enim

474 3400 614 3455 sicut
650 3407 901 3454 creatura
935 3396 1329 3468 primogenitus
1352 3405 1494 3452 esset
1519 3397 1695 3466 primo
1721 3405 1938 3452 creatus
1971 3396 2067 3451 de-

476 3490 668 3545 buerat
705 3489 891 3557 utique
927 3487 1034 3541 dici
1070 3505 1082 3540 :
1124 3487 1168 3542 si
1206 3497 1384 3542 autem
1424 3488 1664 3559 genitum
1697 3489 1868 3554 aiunt,
1896 3487 2070 3543 multa

477 3578 608 3634 dicti
671 3577 838 3649 ipsius
878 3566 1165 3632 div'ersitas
1203 3591 1324 3631 esse
1363 3576 1654 3642 videbitur,
1695 3577 1742 3633 si
1797 3586 1979 3632 tamen
2025 3576 2071 3632 is

479 3669 571 3741 qui
611 3685 718 3725 non
756 3675 840 3723 est
877 3676 1092 3723 creatus
1121 3676 1496 3723 creaturarum
1521 3669 1914 3740 primogenitus
1948 3682 2071 3723 esse

480 3762 710 3818 dicatur.
731 3758 865 3814 Nam
887 3761 1280 3830 primogenitus
1305 3761 1398 3830 qui
1419 3761 1619 3816 dicitur
1645 3759 1859 3816 illorum
1883 3761 2074 3831 utique

480 3855 586 3910 dici
625 3855 824 3926 poterit
859 3854 1274 3926 primogenitus,
1316 3855 1408 3926 qui
1459 3854 1868 3910 similitudinem
1926 3855 2073 3910 illam

481 3963 600 4019 qua:
621 3947 687 4002 ad
719 3963 843 4003 eum
871 3955 955 4002 est
990 3948 1299 4003 necessario
1336 3961 1556 4003 servare
1581 3948 1835 4004 videntur
1851 3988 1867 4014 ,
1891 3956 1948 4004 et
1972 3949 2076 4004 hoc

481 4041 718 4097 ostendit
751 4040 1042 4112 Apostolus
1076 4040 1360 4096 evidenter
1405 4039 1591 4096 dicens
1628 4040 1695 4094 ad
1733 4040 2008 4096 Romanos
2058 4058 2072 4096 :

484 4133 747 4200 Quoniam
801 4150 931 4204 quos
967 4135 1226 4204 prtcscivit
1275 4142 1324 4188 et
1371 4133 1744 4204 prwordinavit
1784 4135 2076 4204 conformes

483 4225 598 4292 ﬁeri
621 4223 866 4293 imaginis
889 4221 1021 4276 Filii
1036 4225 1118 4276 sui
1136 4264 1152 4290 ,
1179 4232 1235 4277 ut
1259 4224 1328 4277 sit
1349 4223 1458 4293 ipse
1479 4224 1855 4294 primogenitus
1880 4226 1935 4280 in
1947 4223 2079 4278 mul-

485 4315 551 4368 tis
583 4313 836 4383 fratribus
864 4311 1044 4382 (Rom.
1081 4313 1226 4385 vui),
1255 4314 1536 4369 evidenter
1562 4305 1790 4370 fratrem
1818 4330 1943 4370 eum
1967 4315 2078 4386 pri-

491 4405 826 4476 mogenitum
865 4419 986 4460 esse
1022 4404 1210 4462 dicens
1247 4421 1438 4462 eorum
1461 4446 1478 4473 ,
1537 4414 1594 4461 et
1644 4407 1738 4477 qui
1774 4406 2081 4463 conformes

488 4495 562 4550 illi
600 4504 725 4551 sunt
762 4505 986 4568 propter
1021 4496 1433 4552 similitudinem
1473 4495 1639 4563 illam,
1680 4513 1848 4570 quam
1886 4513 1918 4554 a
1965 4499 2079 4556 Deo

2169 3307 2223 3361 in
2259 3305 2406 3360 illum
2437 3304 2582 3360 facta
2607 3314 2710 3370 est,
2738 3303 2806 3358 de
2829 3318 2934 3373 qua
2967 3303 3159 3359 beatus
3184 3303 3384 3359 Paulus
3424 3304 3532 3358 hoc
3559 3304 3617 3357 iu
3651 3302 3764 3358 loco

2169 3397 2382 3452 videtur
2412 3396 2632 3454 dixisse.
2672 3393 2823 3450 Unde
2867 3401 2923 3451 et
2959 3393 3090 3449 illud
3118 3393 3266 3465 quod
3307 3391 3448 3448 dixit
3488 3393 3762 3464 primoge-

2169 3487 2318 3542 nitus
2355 3487 2524 3542 totius
2558 3495 2842 3550 creaturae,
2880 3486 3246 3556 interpretans
3286 3484 3438 3540 addit
3481 3483 3666 3550 :Quia
3713 3485 3763 3537 in

2169 3579 2284 3650 ipso
2322 3579 2533 3633 condita
2571 3578 2836 3634 universa.
2876 3577 2993 3634 Non
3028 3580 3164 3634 dixit
3198 3595 3296 3651 per
3336 3580 3534 3650 ipsum,
3586 3580 3680 3635 sed
3715 3580 3763 3632 in

2172 3670 2306 3740 ipso.
2353 3667 2465 3725 Nec
2507 3669 2652 3724 enim
2684 3670 2751 3726 de
2784 3672 2960 3742 prima
3004 3673 3136 3730 dicit
3171 3682 3447 3738 creatura,
3487 3674 3586 3730 sed
3627 3672 3762 3727 illam

2174 3768 2438 3816 creaturae
2467 3761 2888 3832 separationem,
2921 3780 3041 3834 quae
3071 3766 3126 3820 in
3159 3781 3226 3821 eo
3267 3764 3411 3820 facta
3439 3776 3547 3831 est,
3581 3781 3762 3820 secun-

2175 3853 2303 3908 dum
2332 3868 2497 3924 quam
2543 3854 2726 3910 omnia
2775 3855 2978 3911 dudum
3021 3856 3284 3912 dissoluta
3324 3858 3379 3912 in
3420 3873 3594 3912 unum
3642 3865 3762 3911 sunt

2177 3961 2446 4001 consensu
2473 3947 2756 4017 perducta,
2811 3947 2972 4003 sicuti
3013 3957 3070 4003 et
3109 3950 3239 4005 alibi
3288 3950 3442 4005 dicit.
3487 3951 3763 4022 Recapitu-

2176 4037 2281 4092 lari
2318 4039 2501 4093 omnia
2531 4039 2586 4093 in
2613 4038 2850 4094 Christo.
2884 4039 3017 4106 Quia
3045 4040 3102 4094 in
3127 4039 3269 4096 cmlis
3300 4051 3421 4096 sunt
3458 4054 3510 4096 et
3541 4059 3662 4114 qua:
3685 4060 3764 4096 su-

2178 4147 2272 4202 per
2302 4140 2517 4186 terram.
2572 4131 2800 4201 Pr0ptcr
2822 4133 3106 4188 hominum
3137 4135 3339 4189 etenim
3362 4134 3634 4190 malitiam
3659 4152 3762 4191 om-

2135 4297 2138 4300 .
2179 4225 2264 4280 nis
2315 4232 2377 4279 ut
2434 4224 2508 4279 ita
2561 4225 2794 4281 dixerim
2845 4235 3096 4282 creatura
3150 4228 3418 4300 disrumpi
3460 4229 3760 4284 videbatur.

2178 4317 2514 4373 Avertebant
2538 4318 2684 4373 enim
2713 4334 2772 4375 se
2793 4320 2952 4376 nobis
2973 4320 3150 4393 angeli
3173 4331 3230 4377 et
3253 4338 3446 4378 omnes
3475 4322 3764 4379 invisibiles

2179 4408 2430 4473 virtutes,
2462 4419 2682 4478 propter
2710 4409 3112 4466 indevotionem
3155 4421 3425 4480 nostram,
3455 4429 3625 4484 quam
3648 4428 3765 4485 erga

2182 4498 2354 4554 Deum
2376 4501 2786 4556 exercebamus.
2813 4500 3043 4573 insuper
3062 4503 3226 4558 etiam
3251 4512 3306 4558 et
3337 4520 3436 4560 nos
3463 4505 3564 4576 ipsi
3605 4516 3767 4560 morte

489 4587 708 4654 habent,
742 4590 888 4660 justa
927 4589 1137 4645 ratione
1157 4603 1282 4643 eum
1322 4587 1425 4644 sibi
1463 4589 1779 4644 adscribunt
1809 4591 2080 4662 primoge-
2103 4575 2158 4636 Ῑ)
2183 4591 2465 4660 solvimur,
2493 4609 2561 4650 ex
2587 4610 2692 4664 qua
2732 4595 3024 4652 accedebat
3057 4598 3297 4653 animam
3321 4575 3578 4670 separare
3603 4618 3634 4655 a
3658 4616 3768 4657 cor—

489 4679 660 4732 nitum
687 4719 702 4746 ,
742 4688 928 4750 utpote
963 4677 1459 4752 superemineutem
1497 4683 1791 4738 secundum
1825 4683 1966 4737 hanc
1993 4700 2078 4737 ra-

491 4771 688 4827 tionem
724 4789 737 4825 :
777 4774 978 4829 etenim
1017 4775 1127 4830 illic
1168 4790 1276 4831 non
1314 4774 1451 4830 dixit
1483 4775 1776 4846 conformes
1809 4774 1950 4841 Filii,
1983 4775 2078 4832 sed

491 4863 736 4934 imaginis
775 4862 925 4919 Filii.
985 4865 1281 4939 imaginem
1336 4867 1459 4925 Filii
1510 4869 1775 4925 visibilem
1826 4878 2079 4926 naturam

491 4961 770 5017 evidenter
827 4963 1034 5032 dicens,
1077 4968 1172 5021 sed
1227 4967 1564 5039 interrogant
1621 4968 2078 5038 quemadmodum

493 5063 778 5125 susceptus
826 5055 988 5110 homo
1038 5057 1430 5128 primogenitus
1467 5067 1647 5129 potest
1693 5059 1862 5115 videri
1917 5061 2081 5114 totius

494 5156 773 5208 creatura},
816 5163 940 5203 cum
976 5164 1084 5204 non
1121 5150 1193 5204 sit
1220 5159 1346 5204 ante
1370 5166 1587 5205 omnem
1627 5160 1954 5215 creaturam,
1987 5151 2081 5206 sed

493 5248 557 5296 ut
581 5249 746 5306 esset,
783 5240 837 5295 in
869 5240 1179 5296 novissimis
1209 5241 1418 5312 accepit
1457 5242 1808 5311 temporibus.
1851 5240 1966 5296 Non
2000 5241 2082 5296 in-

411 5405 418 5412 .
497 5334 798 5406 telligentes
836 5333 1090 5404 quoniam
1131 5333 1521 5405 primogenitus
1575 5350 1684 5390 non
1721 5343 1965 5405 tempore
2001 5334 2083 5389 di-

495 5426 638 5482 citur
673 5425 865 5491 solum,
907 5425 1002 5480 sed
1039 5432 1094 5482 et
1117 5441 1228 5496 prae
1266 5425 1624 5480 lionoratione
1657 5423 1992 5496 frequenter,
2017 5441 2084 5482 eo

497 5521 642 5593 quod
690 5519 1081 5592 primogenitus
1119 5519 1320 5574 dicitur
1376 5518 1650 5574 veraciter
1707 5518 1925 5574 illorum
1991 5518 2084 5589 qui

498 5625 622 5686 post
658 5615 806 5670 illum
847 5615 1013 5686 geniti
1051 5613 1273 5678 fuerint,
1312 5612 1401 5669 ille
1439 5622 1618 5668 tamen
1656 5615 1748 5684 qui
1789 5613 1937 5684 prior
1976 5612 2085 5669 fue-

499 5706 572 5762 rit
599 5715 758 5762 uatus
800 5707 944 5762 hunc
972 5706 1216 5776 sequitur
1256 5704 1567 5761 necessario
1596 5715 1657 5760 ut
1696 5713 1752 5761 et
1796 5705 2081 5776 prtehono-

502 5808 670 5865 retur,
722 5797 878 5854 sicuti
935 5806 990 5854 et
1026 5805 1234 5852 naturae
1285 5795 1426 5852 ratio
1462 5804 1518 5852 et
1578 5795 1666 5853 lex
1721 5797 1916 5854 divina:
1974 5797 2085 5868 egit

2185 4701 2335 4757 pore,
2381 4687 2580 4741 etenim
2617 4699 2672 4744 et
2710 4689 2888 4745 omnis
2915 4691 3183 4746 connexio
3222 4700 3486 4747 creaturae
3517 4693 3646 4748 hinc
3674 4694 3770 4748 sol-

2186 4776 2460 4832 vebatur:
2515 4776 2672 4834 (ictus
2709 4787 2794 4835 est
2831 4780 2976 4835 enim
3025 4781 3189 4837 homo
3229 4799 3261 4836 a
3303 4783 3576 4854 principio
3626 4785 3770 4856 quasi

2187 4868 2404 4939 aliquod
2464 4870 2666 4926 animal
2709 4873 3032 4944 cognatione
3075 4875 3328 4932 omnibus
3383 4874 3660 4944 junctum,
3716 4892 3770 4931 eo

2187 4960 2333 5030 quod
2359 4976 2556 5033 corpus
2600 4963 2817 5033 quidem
2843 4965 3170 5034 generaliter
3195 4981 3263 5020 ex
3303 4968 3558 5023 omnibus
3605 4968 3768 5024 consi-

2187 5054 2387 5119 stebat,
2419 5054 2598 5121 idest,
2644 5071 2710 5111 ex
2769 5064 3001 5125 quatuor
3039 5057 3325 5115 elementis
3375 5079 3388 5114 :
3431 5060 3613 5115 anima
3655 5073 3771 5115 vero

2185 5146 2254 5202 ad
2283 5148 2580 5204 invisibiles
2607 5149 2838 5206 virtutes
2877 5153 3338 5223 propinquitatem
3381 5153 3583 5209 habere
3628 5155 3768 5211 vide-

2185 5239 2366 5304 batur,
2401 5257 2505 5295 uua
2535 5257 2664 5298 vero
2699 5243 2945 5313 quaedam
2989 5245 3368 5301 universorum
3410 5245 3683 5316 copulatio
3711 5262 3767 5302 ex

2192 5331 2320 5386 hinc
2349 5331 2467 5387 ﬁeri
2491 5333 2778 5389 videbatur
2807 5337 3059 5394 omnibus
3090 5338 3147 5393 in
3190 5339 3420 5408 idipsum
3450 5354 3767 5394 concurren-

2191 5421 2356 5489 tibus,
2383 5422 2458 5477 ita
2483 5431 2542 5478 ut
2568 5433 2621 5478 et
2646 5441 2756 5480 uno
2786 5441 3055 5484 consensu
3082 5428 3194 5483 Deo
3229 5429 3522 5484 redderent
3549 5429 3768 5484 debitam

2189 5514 2456 5570 culturam
2487 5532 2612 5572 cum
2643 5526 2802 5574 cauta
2823 5520 3204 5587 sollicitudine,
3231 5537 3421 5578 omnes
3451 5521 3619 5577 etiam
3663 5521 3768 5576 illas

2191 5624 2312 5681 qua:
2343 5608 2488 5665 illius
2531 5609 2741 5682 legibus
2784 5622 3150 5668 consentanea
3193 5621 3350 5668 erant
3400 5615 3766 5683 obtemperare

2191 5703 2575 5773 prOperabant,
2627 5704 2752 5773 quia
2805 5711 3029 5774 propter
3075 5714 3358 5776 peccatum
3411 5703 3540 5760 facti
3593 5719 3766 5760 smnus

2193 5795 2472 5860 mortales,
2503 5797 2684 5854 anima
2723 5797 2888 5854 etiam
2914 5813 2946 5853 a
2984 5813 3214 5870 corpore
3248 5798 3624 5870 separabatur.
3656 5797 3763 5855 Sol-
