  <div class='ocr_page' id='page_1' title='image "/cluster/home/n/w/nwhite01/storage/ocr_20150623/112/hvd.32044015685407/262.png"; bbox 0 0 3986 6338; ppageno 0'>
   <div class='ocr_carea' id='block_1_1' title="bbox 320 388 3603 465">
    <p class='ocr_par' dir='ltr' id='par_1_1' title="bbox 320 388 3603 465">
     <span class='ocr_line' id='line_1_1' title="bbox 320 388 3603 465; baseline 0.004 -19"><span class='ocrx_word' id='word_1_1' title='bbox 320 390 437 450; x_wconf 77' lang='grc'><strong>515</strong></span> <span class='ocrx_word' id='word_1_2' title='bbox 850 388 1400 449; x_wconf 75' lang='lat' dir='ltr'><strong>ENARBATIONU‘M</strong></span> <span class='ocrx_word' id='word_1_3' title='bbox 1435 390 1506 447; x_wconf 77' lang='lat' dir='ltr'><strong>IN</strong></span> <span class='ocrx_word' id='word_1_4' title='bbox 1542 389 1696 449; x_wconf 84' lang='lat' dir='ltr'><strong>EPP.</strong></span> <span class='ocrx_word' id='word_1_5' title='bbox 1728 388 1940 450; x_wconf 84' lang='lat' dir='ltr'><strong>PAULI</strong></span> <span class='ocrx_word' id='word_1_6' title='bbox 1972 388 2103 447; x_wconf 76' lang='lat' dir='ltr'><strong>LIB.</strong></span> <span class='ocrx_word' id='word_1_7' title='bbox 2144 391 2263 449; x_wconf 77' lang='lat' dir='ltr'><strong>XX.</strong></span> <span class='ocrx_word' id='word_1_8' title='bbox 2298 422 2370 436; x_wconf 92' lang='lat'><strong>--</strong></span> <span class='ocrx_word' id='word_1_9' title='bbox 2402 391 2474 453; x_wconf 79' lang='lat' dir='ltr'><strong>IN</strong></span> <span class='ocrx_word' id='word_1_10' title='bbox 2506 392 2727 454; x_wconf 80' lang='lat' dir='ltr'><strong>EPIST.</strong></span> <span class='ocrx_word' id='word_1_11' title='bbox 2761 396 2857 454; x_wconf 76' lang='lat' dir='ltr'><strong>AD</strong></span> <span class='ocrx_word' id='word_1_12' title='bbox 2892 395 3063 465; x_wconf 54' lang='grc' dir='ltr'>σωκ,</span> <span class='ocrx_word' id='word_1_13' title='bbox 3495 402 3603 460; x_wconf 73' lang='grc' dir='ltr'><strong>δη</strong></span> 
     </span>
    </p>
   </div>
   <div class='ocr_carea' id='block_1_2' title="bbox 318 503 3597 586">
    <p class='ocr_par' dir='ltr' id='par_1_2' title="bbox 318 503 3597 586">
     <span class='ocr_line' id='line_1_2' title="bbox 318 503 3597 586; baseline 0.002 -20"><span class='ocrx_word' id='word_1_14' title='bbox 318 509 564 566; x_wconf 86' lang='lat' dir='ltr'><strong>vehatur</strong></span> <span class='ocrx_word' id='word_1_15' title='bbox 589 507 716 564; x_wconf 85' lang='lat' dir='ltr'><strong>hinc</strong></span> <span class='ocrx_word' id='word_1_16' title='bbox 736 506 1156 579; x_wconf 75' lang='lat' dir='ltr'><strong>propinquitatis</strong></span> <span class='ocrx_word' id='word_1_17' title='bbox 1182 505 1474 578; x_wconf 78' lang='lat' dir='ltr'><strong>copulatio,</strong></span> <span class='ocrx_word' id='word_1_18' title='bbox 1506 506 1581 562; x_wconf 88' lang='lat' dir='ltr'><strong>ita</strong></span> <span class='ocrx_word' id='word_1_19' title='bbox 1609 512 1669 561; x_wconf 92' lang='lat' dir='ltr'><strong>ut</strong></span> <span class='ocrx_word' id='word_1_20' title='bbox 1691 519 1793 561; x_wconf 91' lang='lat' dir='ltr'><strong>nec</strong></span> <span class='ocrx_word' id='word_1_21' title='bbox 1828 503 1914 560; x_wconf 54' lang='lat' dir='ltr'><strong>ulc</strong></span> <span class='ocrx_word' id='word_1_22' title='bbox 1941 509 1997 569; x_wconf 72' lang='grc' dir='ltr'><strong>Α</strong></span> <span class='ocrx_word' id='word_1_23' title='bbox 2019 520 2182 576; x_wconf 88' lang='lat' dir='ltr'><strong>quam</strong></span> <span class='ocrx_word' id='word_1_24' title='bbox 2232 506 2455 578; x_wconf 91' lang='lat' dir='ltr'><strong>implere</strong></span> <span class='ocrx_word' id='word_1_25' title='bbox 2480 508 2733 565; x_wconf 89' lang='lat' dir='ltr'><strong>videntur</strong></span> <span class='ocrx_word' id='word_1_26' title='bbox 2762 528 2776 563; x_wconf 89' lang='lat'>:</span> <span class='ocrx_word' id='word_1_27' title='bbox 2808 509 3011 565; x_wconf 85' lang='lat' dir='ltr'><strong>habent</strong></span> <span class='ocrx_word' id='word_1_28' title='bbox 3054 520 3236 566; x_wconf 90' lang='lat' dir='ltr'><strong>autem</strong></span> <span class='ocrx_word' id='word_1_29' title='bbox 3278 519 3335 568; x_wconf 90' lang='lat' dir='ltr'><strong>et</strong></span> <span class='ocrx_word' id='word_1_30' title='bbox 3362 512 3597 586; x_wconf 82' lang='lat' dir='ltr'><strong>aliquam</strong></span> 
     </span>
    </p>
   </div>
   <div class='ocr_carea' id='block_1_3' title="bbox 321 597 1915 669">
    <p class='ocr_par' dir='ltr' id='par_1_3' title="bbox 321 597 1915 669">
     <span class='ocr_line' id='line_1_3' title="bbox 321 597 1915 669; baseline -0.003 -12"><span class='ocrx_word' id='word_1_31' title='bbox 321 609 414 657; x_wconf 89' lang='lat' dir='ltr'><strong>tra</strong></span> <span class='ocrx_word' id='word_1_32' title='bbox 448 600 827 656; x_wconf 79' lang='lat' dir='ltr'><strong>existimarent</strong></span> <span class='ocrx_word' id='word_1_33' title='bbox 848 598 1147 655; x_wconf 79' lang='lat' dir='ltr'><strong>invisibiles</strong></span> <span class='ocrx_word' id='word_1_34' title='bbox 1173 599 1404 655; x_wconf 82' lang='lat' dir='ltr'><strong>virtutes</strong></span> <span class='ocrx_word' id='word_1_35' title='bbox 1430 598 1664 669; x_wconf 84' lang='lat' dir='ltr'><strong>aliquam</strong></span> <span class='ocrx_word' id='word_1_36' title='bbox 1691 597 1796 653; x_wconf 84' lang='lat' dir='ltr'><strong>sibi</strong></span> <span class='ocrx_word' id='word_1_37' title='bbox 1819 611 1915 653; x_wconf 90' lang='lat' dir='ltr'><strong>no-</strong></span> 
     </span>
    </p>
   </div>
   <div class='ocr_carea' id='block_1_4' title="bbox 319 690 1920 761">
    <p class='ocr_par' dir='ltr' id='par_1_4' title="bbox 319 690 1920 761">
     <span class='ocr_line' id='line_1_4' title="bbox 319 690 1920 761; baseline -0.001 -13"><span class='ocrx_word' id='word_1_38' title='bbox 319 692 541 748; x_wconf 83' lang='lat' dir='ltr'><strong>biscum</strong></span> <span class='ocrx_word' id='word_1_39' title='bbox 571 706 693 748; x_wconf 89' lang='lat' dir='ltr'><strong>esse</strong></span> <span class='ocrx_word' id='word_1_40' title='bbox 740 691 1171 747; x_wconf 87' lang='lat' dir='ltr'><strong>communionem</strong></span> <span class='ocrx_word' id='word_1_41' title='bbox 1206 690 1501 747; x_wconf 88' lang='lat' dir='ltr'><strong>secundum</strong></span> <span class='ocrx_word' id='word_1_42' title='bbox 1531 690 1776 761; x_wconf 90' lang='lat' dir='ltr'><strong>corporis</strong></span> <span class='ocrx_word' id='word_1_43' title='bbox 1821 705 1920 746; x_wconf 84' lang='lat' dir='ltr'><strong>no-</strong></span> 
     </span>
    </p>
   </div>
   <div class='ocr_carea' id='block_1_5' title="bbox 320 780 1917 854">
    <p class='ocr_par' dir='ltr' id='par_1_5' title="bbox 320 780 1917 854">
     <span class='ocr_line' id='line_1_5' title="bbox 320 780 1917 854; baseline -0.001 -16"><span class='ocrx_word' id='word_1_44' title='bbox 320 782 431 838; x_wconf 89' lang='lat' dir='ltr'><strong>stri</strong></span> <span class='ocrx_word' id='word_1_45' title='bbox 479 780 838 854; x_wconf 68' lang='lat' dir='ltr'><strong>diligentiam,</strong></span> <span class='ocrx_word' id='word_1_46' title='bbox 881 780 1091 851; x_wconf 86' lang='lat' dir='ltr'><strong>adjecto</strong></span> <span class='ocrx_word' id='word_1_47' title='bbox 1131 780 1225 836; x_wconf 89' lang='lat' dir='ltr'><strong>illo</strong></span> <span class='ocrx_word' id='word_1_48' title='bbox 1258 781 1401 852; x_wconf 92' lang='lat' dir='ltr'><strong>quod</strong></span> <span class='ocrx_word' id='word_1_49' title='bbox 1438 789 1494 837; x_wconf 92' lang='lat' dir='ltr'><strong>et</strong></span> <span class='ocrx_word' id='word_1_50' title='bbox 1541 780 1769 837; x_wconf 89' lang='lat' dir='ltr'><strong>odibiles</strong></span> <span class='ocrx_word' id='word_1_51' title='bbox 1806 782 1917 837; x_wconf 87' lang='lat' dir='ltr'><strong>Deo</strong></span> 
     </span>
    </p>
   </div>
   <div class='ocr_carea' id='block_1_6' title="bbox 318 866 1919 943">
    <p class='ocr_par' dir='ltr' id='par_1_6' title="bbox 318 866 1919 943">
     <span class='ocr_line' id='line_1_6' title="bbox 318 866 1919 943; baseline -0.003 -13"><span class='ocrx_word' id='word_1_52' title='bbox 318 888 551 930; x_wconf 80' lang='lat' dir='ltr'><strong>eramus</strong></span> <span class='ocrx_word' id='word_1_53' title='bbox 594 870 1047 943; x_wconf 80' lang='lat' dir='ltr'><strong>contemplatione</strong></span> <span class='ocrx_word' id='word_1_54' title='bbox 1074 870 1307 941; x_wconf 86' lang='lat' dir='ltr'><strong>peccati,</strong></span> <span class='ocrx_word' id='word_1_55' title='bbox 1350 870 1443 942; x_wconf 89' lang='lat' dir='ltr'><strong>qui</strong></span> <span class='ocrx_word' id='word_1_56' title='bbox 1481 866 1646 926; x_wconf 73' lang='lat' dir='ltr'><strong>etiam</strong></span> <span class='ocrx_word' id='word_1_57' title='bbox 1671 878 1727 925; x_wconf 90' lang='lat' dir='ltr'><strong>et</strong></span> <span class='ocrx_word' id='word_1_58' title='bbox 1762 885 1919 926; x_wconf 85' lang='lat' dir='ltr'><strong>aver-</strong></span> 
     </span>
    </p>
   </div>
   <div class='ocr_carea' id='block_1_7' title="bbox 318 960 1918 1034">
    <p class='ocr_par' dir='ltr' id='par_1_7' title="bbox 318 960 1918 1034">
     <span class='ocr_line' id='line_1_7' title="bbox 318 960 1918 1034; baseline -0.003 -13"><span class='ocrx_word' id='word_1_59' title='bbox 318 965 479 1021; x_wconf 87' lang='lat' dir='ltr'><strong>tebat</strong></span> <span class='ocrx_word' id='word_1_60' title='bbox 502 980 563 1021; x_wconf 89' lang='lat' dir='ltr'><strong>se</strong></span> <span class='ocrx_word' id='word_1_61' title='bbox 583 980 616 1020; x_wconf 89' lang='lat' dir='ltr'><strong>a</strong></span> <span class='ocrx_word' id='word_1_62' title='bbox 642 964 817 1020; x_wconf 84' lang='lat' dir='ltr'><strong>nobis.</strong></span> <span class='ocrx_word' id='word_1_63' title='bbox 852 962 1001 1020; x_wconf 88' lang='lat' dir='ltr'><strong>Unde</strong></span> <span class='ocrx_word' id='word_1_64' title='bbox 1035 972 1091 1019; x_wconf 91' lang='lat' dir='ltr'><strong>et</strong></span> <span class='ocrx_word' id='word_1_65' title='bbox 1127 963 1207 1031; x_wconf 91' lang='lat' dir='ltr'><strong>hi,</strong></span> <span class='ocrx_word' id='word_1_66' title='bbox 1241 962 1335 1034; x_wconf 90' lang='lat' dir='ltr'><strong>qui</strong></span> <span class='ocrx_word' id='word_1_67' title='bbox 1377 962 1699 1019; x_wconf 86' lang='lat' dir='ltr'><strong>insistebant</strong></span> <span class='ocrx_word' id='word_1_68' title='bbox 1731 960 1918 1018; x_wconf 84' lang='lat' dir='ltr'><strong>visibi-</strong></span> 
     </span>
    </p>
   </div>
   <div class='ocr_carea' id='block_1_8' title="bbox 318 1053 1917 1129">
    <p class='ocr_par' dir='ltr' id='par_1_8' title="bbox 318 1053 1917 1129">
     <span class='ocr_line' id='line_1_8' title="bbox 318 1053 1917 1129; baseline -0.003 -16"><span class='ocrx_word' id='word_1_69' title='bbox 318 1056 469 1113; x_wconf 89' lang='lat' dir='ltr'><strong>lihus</strong></span> <span class='ocrx_word' id='word_1_70' title='bbox 490 1056 724 1121; x_wconf 90' lang='lat' dir='ltr'><strong>naturis,</strong></span> <span class='ocrx_word' id='word_1_71' title='bbox 737 1064 795 1112; x_wconf 92' lang='lat' dir='ltr'><strong>et</strong></span> <span class='ocrx_word' id='word_1_72' title='bbox 821 1055 1234 1112; x_wconf 76' lang='lat' dir='ltr'><strong>commovebant</strong></span> <span class='ocrx_word' id='word_1_73' title='bbox 1251 1069 1346 1111; x_wconf 91' lang='lat' dir='ltr'><strong>eas</strong></span> <span class='ocrx_word' id='word_1_74' title='bbox 1356 1069 1457 1129; x_wconf 90' lang='lat' dir='ltr'><strong>pro</strong></span> <span class='ocrx_word' id='word_1_75' title='bbox 1474 1062 1663 1111; x_wconf 88' lang='lat' dir='ltr'><strong>nostra</strong></span> <span class='ocrx_word' id='word_1_76' title='bbox 1684 1053 1917 1109; x_wconf 85' lang='lat' dir='ltr'><strong>utilitate</strong></span> 
     </span>
    </p>
   </div>
   <div class='ocr_carea' id='block_1_9' title="bbox 319 1132 1918 1218">
    <p class='ocr_par' dir='ltr' id='par_1_9' title="bbox 319 1132 1918 1218">
     <span class='ocr_line' id='line_1_9' title="bbox 319 1132 1918 1218; baseline -0.003 -13"><span class='ocrx_word' id='word_1_77' title='bbox 319 1148 624 1205; x_wconf 87' lang='lat' dir='ltr'><strong>secundum</strong></span> <span class='ocrx_word' id='word_1_78' title='bbox 667 1146 904 1218; x_wconf 89' lang='lat' dir='ltr'><strong>positum</strong></span> <span class='ocrx_word' id='word_1_79' title='bbox 943 1146 1045 1202; x_wconf 87' lang='lat' dir='ltr'><strong>sibi</strong></span> <span class='ocrx_word' id='word_1_80' title='bbox 1080 1132 1394 1212; x_wconf 46' lang='lat' dir='ltr'><strong>terminum}</strong></span> <span class='ocrx_word' id='word_1_81' title='bbox 1423 1144 1639 1201; x_wconf 85' lang='lat' dir='ltr'><strong>nolebat</strong></span> <span class='ocrx_word' id='word_1_82' title='bbox 1667 1144 1811 1200; x_wconf 90' lang='lat' dir='ltr'><strong>ultra</strong></span> <span class='ocrx_word' id='word_1_83' title='bbox 1851 1157 1918 1200; x_wconf 86' lang='lat' dir='ltr'><strong>ea</strong></span> 
     </span>
    </p>
   </div>
   <div class='ocr_carea' id='block_1_10' title="bbox 321 1236 1915 1310">
    <p class='ocr_par' dir='ltr' id='par_1_10' title="bbox 321 1236 1915 1310">
     <span class='ocr_line' id='line_1_10' title="bbox 321 1236 1915 1310; baseline -0.003 -15"><span class='ocrx_word' id='word_1_84' title='bbox 321 1239 578 1310; x_wconf 88' lang='lat' dir='ltr'><strong>implere,</strong></span> <span class='ocrx_word' id='word_1_85' title='bbox 608 1237 657 1294; x_wconf 89' lang='lat' dir='ltr'><strong>si</strong></span> <span class='ocrx_word' id='word_1_86' title='bbox 700 1253 809 1293; x_wconf 92' lang='lat' dir='ltr'><strong>non</strong></span> <span class='ocrx_word' id='word_1_87' title='bbox 836 1236 1197 1309; x_wconf 85' lang='lat' dir='ltr'><strong>promissione</strong></span> <span class='ocrx_word' id='word_1_88' title='bbox 1218 1237 1587 1309; x_wconf 87' lang='lat' dir='ltr'><strong>percepissent</strong></span> <span class='ocrx_word' id='word_1_89' title='bbox 1626 1236 1771 1306; x_wconf 91' lang='lat' dir='ltr'><strong>quod</strong></span> <span class='ocrx_word' id='word_1_90' title='bbox 1793 1250 1915 1291; x_wconf 78' lang='lat' dir='ltr'><strong>om-</strong></span> 
     </span>
    </p>
   </div>
   <div class='ocr_carea' id='block_1_11' title="bbox 318 1329 1914 1403">
    <p class='ocr_par' dir='ltr' id='par_1_11' title="bbox 318 1329 1914 1403">
     <span class='ocr_line' id='line_1_11' title="bbox 318 1329 1914 1403; baseline -0.003 -14"><span class='ocrx_word' id='word_1_91' title='bbox 318 1333 413 1389; x_wconf 89' lang='lat' dir='ltr'><strong>nia</strong></span> <span class='ocrx_word' id='word_1_92' title='bbox 442 1346 636 1403; x_wconf 87' lang='lat' dir='ltr'><strong>aspera</strong></span> <span class='ocrx_word' id='word_1_93' title='bbox 664 1330 1023 1389; x_wconf 80' lang='lat' dir='ltr'><strong>solverentur.</strong></span> <span class='ocrx_word' id='word_1_94' title='bbox 1053 1329 1299 1387; x_wconf 85' lang='lat' dir='ltr'><strong>Cessavit</strong></span> <span class='ocrx_word' id='word_1_95' title='bbox 1326 1331 1492 1386; x_wconf 89' lang='lat' dir='ltr'><strong>etiam</strong></span> <span class='ocrx_word' id='word_1_96' title='bbox 1532 1345 1681 1386; x_wconf 88' lang='lat' dir='ltr'><strong>mors</strong></span> <span class='ocrx_word' id='word_1_97' title='bbox 1707 1338 1765 1385; x_wconf 92' lang='lat' dir='ltr'><strong>et</strong></span> <span class='ocrx_word' id='word_1_98' title='bbox 1789 1343 1914 1385; x_wconf 90' lang='lat' dir='ltr'><strong>cor-</strong></span> 
     </span>
    </p>
   </div>
   <div class='ocr_carea' id='block_1_12' title="bbox 316 1418 1911 1494">
    <p class='ocr_par' dir='ltr' id='par_1_12' title="bbox 316 1418 1911 1494">
     <span class='ocr_line' id='line_1_12' title="bbox 316 1418 1911 1494; baseline -0.001 -17"><span class='ocrx_word' id='word_1_99' title='bbox 316 1423 505 1494; x_wconf 90' lang='lat' dir='ltr'><strong>ruptio</strong></span> <span class='ocrx_word' id='word_1_100' title='bbox 529 1420 782 1478; x_wconf 86' lang='lat' dir='ltr'><strong>omnibus</strong></span> <span class='ocrx_word' id='word_1_101' title='bbox 830 1422 899 1477; x_wconf 90' lang='lat' dir='ltr'><strong>ad</strong></span> <span class='ocrx_word' id='word_1_102' title='bbox 933 1436 1096 1476; x_wconf 92' lang='lat' dir='ltr'><strong>unum</strong></span> <span class='ocrx_word' id='word_1_103' title='bbox 1137 1418 1457 1477; x_wconf 84' lang='lat' dir='ltr'><strong>consensum</strong></span> <span class='ocrx_word' id='word_1_104' title='bbox 1501 1420 1911 1492; x_wconf 74' lang='lat' dir='ltr'><strong>redintegratis,</strong></span> 
     </span>
    </p>
   </div>
   <div class='ocr_carea' id='block_1_13' title="bbox 317 1511 1916 1571">
    <p class='ocr_par' dir='ltr' id='par_1_13' title="bbox 317 1511 1916 1571">
     <span class='ocr_line' id='line_1_13' title="bbox 317 1511 1916 1571; baseline -0.001 -1"><span class='ocrx_word' id='word_1_105' title='bbox 317 1513 485 1571; x_wconf 90' lang='lat' dir='ltr'><strong>sicuti</strong></span> <span class='ocrx_word' id='word_1_106' title='bbox 531 1513 601 1568; x_wconf 90' lang='lat' dir='ltr'><strong>ad</strong></span> <span class='ocrx_word' id='word_1_107' title='bbox 624 1511 899 1568; x_wconf 80' lang='lat' dir='ltr'><strong>Romanos</strong></span> <span class='ocrx_word' id='word_1_108' title='bbox 922 1512 1114 1569; x_wconf 83' lang='lat' dir='ltr'><strong>scribit</strong></span> <span class='ocrx_word' id='word_1_109' title='bbox 1154 1530 1168 1567; x_wconf 91' lang='lat'><strong>:</strong></span> <span class='ocrx_word' id='word_1_110' title='bbox 1210 1511 1447 1567; x_wconf 85' lang='lat' dir='ltr'><strong>Vanitati</strong></span> <span class='ocrx_word' id='word_1_111' title='bbox 1488 1513 1629 1567; x_wconf 84' lang='lat' dir='ltr'><strong>enim</strong></span> <span class='ocrx_word' id='word_1_112' title='bbox 1674 1522 1916 1568; x_wconf 82' lang='lat' dir='ltr'><strong>creatura</strong></span> 
     </span>
    </p>
   </div>
   <div class='ocr_carea' id='block_1_14' title="bbox 314 1603 1916 1677">
    <p class='ocr_par' dir='ltr' id='par_1_14' title="bbox 314 1603 1916 1677">
     <span class='ocr_line' id='line_1_14' title="bbox 314 1603 1916 1677; baseline -0.002 -16"><span class='ocrx_word' id='word_1_113' title='bbox 314 1605 561 1677; x_wconf 78' lang='lat' dir='ltr'><strong>subjecta</strong></span> <span class='ocrx_word' id='word_1_114' title='bbox 585 1613 661 1661; x_wconf 89' lang='lat' dir='ltr'><strong>est</strong></span> <span class='ocrx_word' id='word_1_115' title='bbox 689 1620 795 1659; x_wconf 89' lang='lat' dir='ltr'><strong>non</strong></span> <span class='ocrx_word' id='word_1_116' title='bbox 822 1603 1021 1671; x_wconf 83' lang='lat' dir='ltr'><strong>volens,</strong></span> <span class='ocrx_word' id='word_1_117' title='bbox 1064 1604 1156 1659; x_wconf 83' lang='lat' dir='ltr'><strong>sed</strong></span> <span class='ocrx_word' id='word_1_118' title='bbox 1194 1612 1406 1676; x_wconf 77' lang='lat' dir='ltr'><strong>propter</strong></span> <span class='ocrx_word' id='word_1_119' title='bbox 1427 1620 1549 1659; x_wconf 84' lang='lat' dir='ltr'><strong>eum</strong></span> <span class='ocrx_word' id='word_1_120' title='bbox 1572 1604 1662 1675; x_wconf 82' lang='lat' dir='ltr'><strong>qui</strong></span> <span class='ocrx_word' id='word_1_121' title='bbox 1696 1603 1916 1674; x_wconf 85' lang='lat' dir='ltr'><strong>subjecit</strong></span> 
     </span>
    </p>
   </div>
   <div class='ocr_carea' id='block_1_15' title="bbox 315 1692 1916 1778">
    <p class='ocr_par' dir='ltr' id='par_1_15' title="bbox 315 1692 1916 1778">
     <span class='ocr_line' id='line_1_15' title="bbox 315 1692 1916 1778; baseline 0 -28"><span class='ocrx_word' id='word_1_122' title='bbox 315 1712 438 1750; x_wconf 85' lang='lat' dir='ltr'><strong>eam</strong></span> <span class='ocrx_word' id='word_1_123' title='bbox 484 1696 542 1750; x_wconf 85' lang='lat' dir='ltr'><strong>in</strong></span> <span class='ocrx_word' id='word_1_124' title='bbox 585 1712 695 1766; x_wconf 88' lang='lat' dir='ltr'><strong>spe,</strong></span> <span class='ocrx_word' id='word_1_125' title='bbox 734 1695 983 1778; x_wconf 73' lang='lat' dir='ltr'><strong>quoniam</strong></span> <span class='ocrx_word' id='word_1_126' title='bbox 1026 1704 1077 1751; x_wconf 87' lang='lat' dir='ltr'><strong>et</strong></span> <span class='ocrx_word' id='word_1_127' title='bbox 1119 1696 1233 1766; x_wconf 90' lang='lat' dir='ltr'><strong>ipsa</strong></span> <span class='ocrx_word' id='word_1_128' title='bbox 1272 1706 1515 1750; x_wconf 75' lang='lat' dir='ltr'><strong>creatura</strong></span> <span class='ocrx_word' id='word_1_129' title='bbox 1555 1692 1859 1750; x_wconf 80' lang='lat' dir='ltr'><strong>liberabitur</strong></span> <span class='ocrx_word' id='word_1_130' title='bbox 1882 1712 1916 1750; x_wconf 90' lang='lat' dir='ltr'><strong>a</strong></span> 
     </span>
    </p>
   </div>
   <div class='ocr_carea' id='block_1_16' title="bbox 313 1784 1916 1858">
    <p class='ocr_par' dir='ltr' id='par_1_16' title="bbox 313 1784 1916 1858">
     <span class='ocr_line' id='line_1_16' title="bbox 313 1784 1916 1858; baseline -0.001 -16"><span class='ocrx_word' id='word_1_131' title='bbox 313 1788 570 1842; x_wconf 71' lang='lat' dir='ltr'><strong>servitute</strong></span> <span class='ocrx_word' id='word_1_132' title='bbox 597 1789 949 1857; x_wconf 73' lang='lat' dir='ltr'><strong>corruptionis</strong></span> <span class='ocrx_word' id='word_1_133' title='bbox 972 1787 1030 1842; x_wconf 88' lang='lat' dir='ltr'><strong>in</strong></span> <span class='ocrx_word' id='word_1_134' title='bbox 1049 1786 1339 1842; x_wconf 78' lang='lat' dir='ltr'><strong>libertatem</strong></span> <span class='ocrx_word' id='word_1_135' title='bbox 1362 1785 1547 1858; x_wconf 72' lang='lat' dir='ltr'><strong>gloria:</strong></span> <span class='ocrx_word' id='word_1_136' title='bbox 1569 1785 1805 1856; x_wconf 77' lang='lat' dir='ltr'><strong>ﬁliorum</strong></span> <span class='ocrx_word' id='word_1_137' title='bbox 1819 1784 1916 1841; x_wconf 81' lang='lat' dir='ltr'><strong>Dei</strong></span> 
     </span>
    </p>
   </div>
   <div class='ocr_carea' id='block_1_17' title="bbox 2017 598 3600 674">
    <p class='ocr_par' dir='ltr' id='par_1_17' title="bbox 2017 598 3600 674">
     <span class='ocr_line' id='line_1_17' title="bbox 2017 598 3600 674; baseline 0.008 -22"><span class='ocrx_word' id='word_1_138' title='bbox 2017 598 2465 672; x_wconf 75' lang='lat' dir='ltr'><strong>significationem</strong></span> <span class='ocrx_word' id='word_1_139' title='bbox 2492 598 2776 672; x_wconf 79' lang='lat' dir='ltr'><strong>dignitatis</strong></span> <span class='ocrx_word' id='word_1_140' title='bbox 2800 600 2963 666; x_wconf 88' lang='lat' dir='ltr'><strong>illius,</strong></span> <span class='ocrx_word' id='word_1_141' title='bbox 2992 616 3114 672; x_wconf 74' lang='lat' dir='ltr'><strong>qua:</strong></span> <span class='ocrx_word' id='word_1_142' title='bbox 3143 610 3228 658; x_wconf 90' lang='lat' dir='ltr'><strong>est</strong></span> <span class='ocrx_word' id='word_1_143' title='bbox 3254 603 3324 660; x_wconf 88' lang='lat' dir='ltr'><strong>ad</strong></span> <span class='ocrx_word' id='word_1_144' title='bbox 3347 604 3469 662; x_wconf 85' lang='lat' dir='ltr'><strong>illos</strong></span> <span class='ocrx_word' id='word_1_145' title='bbox 3491 647 3508 674; x_wconf 97' lang='lat'><strong>,</strong></span> <span class='ocrx_word' id='word_1_146' title='bbox 3530 621 3600 663; x_wconf 88' lang='lat' dir='ltr'><strong>eo</strong></span> 
     </span>
    </p>
   </div>
   <div class='ocr_carea' id='block_1_18' title="bbox 2018 688 3600 761">
    <p class='ocr_par' dir='ltr' id='par_1_18' title="bbox 2018 688 3600 761">
     <span class='ocr_line' id='line_1_18' title="bbox 2018 688 3600 761; baseline 0.005 -18"><span class='ocrx_word' id='word_1_147' title='bbox 2018 689 2164 761; x_wconf 89' lang='lat' dir='ltr'><strong>quod</strong></span> <span class='ocrx_word' id='word_1_148' title='bbox 2209 697 2584 759; x_wconf 86' lang='lat' dir='ltr'><strong>susceperunt,</strong></span> <span class='ocrx_word' id='word_1_149' title='bbox 2635 696 2697 745; x_wconf 91' lang='lat' dir='ltr'><strong>ut</strong></span> <span class='ocrx_word' id='word_1_150' title='bbox 2741 688 3039 746; x_wconf 85' lang='lat' dir='ltr'><strong>invisibiles</strong></span> <span class='ocrx_word' id='word_1_151' title='bbox 3071 691 3368 748; x_wconf 86' lang='lat' dir='ltr'><strong>emineant.</strong></span> <span class='ocrx_word' id='word_1_152' title='bbox 3405 693 3473 749; x_wconf 87' lang='lat' dir='ltr'><strong>Et</strong></span> <span class='ocrx_word' id='word_1_153' title='bbox 3505 693 3600 751; x_wconf 87' lang='lat' dir='ltr'><strong>alii</strong></span> 
     </span>
    </p>
   </div>
   <div class='ocr_carea' id='block_1_19' title="bbox 2016 779 3597 855">
    <p class='ocr_par' dir='ltr' id='par_1_19' title="bbox 2016 779 3597 855">
     <span class='ocr_line' id='line_1_19' title="bbox 2016 779 3597 855; baseline 0.006 -21"><span class='ocrx_word' id='word_1_154' title='bbox 2016 780 2236 852; x_wconf 88' lang='lat' dir='ltr'><strong>quidem</strong></span> <span class='ocrx_word' id='word_1_155' title='bbox 2274 780 2514 836; x_wconf 84' lang='lat' dir='ltr'><strong>eminent</strong></span> <span class='ocrx_word' id='word_1_156' title='bbox 2535 779 2674 847; x_wconf 89' lang='lat' dir='ltr'><strong>aeri,</strong></span> <span class='ocrx_word' id='word_1_157' title='bbox 2698 780 2790 836; x_wconf 89' lang='lat' dir='ltr'><strong>alii</strong></span> <span class='ocrx_word' id='word_1_158' title='bbox 2811 796 2942 837; x_wconf 85' lang='lat' dir='ltr'><strong>vero</strong></span> <span class='ocrx_word' id='word_1_159' title='bbox 2964 781 3085 846; x_wconf 89' lang='lat' dir='ltr'><strong>soli,</strong></span> <span class='ocrx_word' id='word_1_160' title='bbox 3111 782 3205 838; x_wconf 89' lang='lat' dir='ltr'><strong>alii</strong></span> <span class='ocrx_word' id='word_1_161' title='bbox 3229 792 3410 839; x_wconf 90' lang='lat' dir='ltr'><strong>autem</strong></span> <span class='ocrx_word' id='word_1_162' title='bbox 3432 783 3597 855; x_wconf 74' lang='lat' dir='ltr'><strong>luam,</strong></span> 
     </span>
    </p>
   </div>
   <div class='ocr_carea' id='block_1_20' title="bbox 2018 869 3598 943">
    <p class='ocr_par' dir='ltr' id='par_1_20' title="bbox 2018 869 3598 943">
     <span class='ocr_line' id='line_1_20' title="bbox 2018 869 3598 943; baseline 0.003 -16"><span class='ocrx_word' id='word_1_163' title='bbox 2018 869 2110 927; x_wconf 88' lang='lat' dir='ltr'><strong>alii</strong></span> <span class='ocrx_word' id='word_1_164' title='bbox 2138 885 2269 928; x_wconf 86' lang='lat' dir='ltr'><strong>vero</strong></span> <span class='ocrx_word' id='word_1_165' title='bbox 2293 870 2501 927; x_wconf 87' lang='lat' dir='ltr'><strong>stellis:</strong></span> <span class='ocrx_word' id='word_1_166' title='bbox 2538 871 2631 927; x_wconf 88' lang='lat' dir='ltr'><strong>alii</strong></span> <span class='ocrx_word' id='word_1_167' title='bbox 2655 871 2823 929; x_wconf 89' lang='lat' dir='ltr'><strong>etiam</strong></span> <span class='ocrx_word' id='word_1_168' title='bbox 2851 871 3022 929; x_wconf 86' lang='lat' dir='ltr'><strong>stellis</strong></span> <span class='ocrx_word' id='word_1_169' title='bbox 3046 872 3341 943; x_wconf 86' lang='lat' dir='ltr'><strong>aliquibus,</strong></span> <span class='ocrx_word' id='word_1_170' title='bbox 3366 883 3427 930; x_wconf 88' lang='lat' dir='ltr'><strong>ut</strong></span> <span class='ocrx_word' id='word_1_171' title='bbox 3447 890 3598 932; x_wconf 88' lang='lat' dir='ltr'><strong>com-</strong></span> 
     </span>
    </p>
   </div>
   <div class='ocr_carea' id='block_1_21' title="bbox 2017 963 3597 1036">
    <p class='ocr_par' dir='ltr' id='par_1_21' title="bbox 2017 963 3597 1036">
     <span class='ocr_line' id='line_1_21' title="bbox 2017 963 3597 1036; baseline 0.004 -17"><span class='ocrx_word' id='word_1_172' title='bbox 2017 971 2273 1021; x_wconf 84' lang='lat' dir='ltr'><strong>moveant</strong></span> <span class='ocrx_word' id='word_1_173' title='bbox 2292 964 2475 1020; x_wconf 90' lang='lat' dir='ltr'><strong>omnia</strong></span> <span class='ocrx_word' id='word_1_174' title='bbox 2499 965 2798 1021; x_wconf 88' lang='lat' dir='ltr'><strong>sccundum</strong></span> <span class='ocrx_word' id='word_1_175' title='bbox 2824 963 3138 1036; x_wconf 86' lang='lat' dir='ltr'><strong>impositum</strong></span> <span class='ocrx_word' id='word_1_176' title='bbox 3162 965 3264 1024; x_wconf 90' lang='lat' dir='ltr'><strong>sibi</strong></span> <span class='ocrx_word' id='word_1_177' title='bbox 3292 982 3324 1022; x_wconf 90' lang='lat' dir='ltr'><strong>a</strong></span> <span class='ocrx_word' id='word_1_178' title='bbox 3348 966 3462 1025; x_wconf 90' lang='lat' dir='ltr'><strong>Deo</strong></span> <span class='ocrx_word' id='word_1_179' title='bbox 3482 975 3597 1025; x_wconf 89' lang='lat' dir='ltr'><strong>ter-</strong></span> 
     </span>
    </p>
   </div>
   <div class='ocr_carea' id='block_1_22' title="bbox 2018 1055 3597 1129">
    <p class='ocr_par' dir='ltr' id='par_1_22' title="bbox 2018 1055 3597 1129">
     <span class='ocr_line' id='line_1_22' title="bbox 2018 1055 3597 1129; baseline 0.005 -18"><span class='ocrx_word' id='word_1_180' title='bbox 2018 1055 2226 1112; x_wconf 89' lang='lat' dir='ltr'><strong>minum</strong></span> <span class='ocrx_word' id='word_1_181' title='bbox 2251 1056 2321 1112; x_wconf 89' lang='lat' dir='ltr'><strong>ad</strong></span> <span class='ocrx_word' id='word_1_182' title='bbox 2345 1058 2449 1112; x_wconf 90' lang='lat' dir='ltr'><strong>hoc</strong></span> <span class='ocrx_word' id='word_1_183' title='bbox 2473 1064 2535 1112; x_wconf 93' lang='lat' dir='ltr'><strong>ut</strong></span> <span class='ocrx_word' id='word_1_184' title='bbox 2571 1056 2752 1114; x_wconf 86' lang='lat' dir='ltr'><strong>omnia</strong></span> <span class='ocrx_word' id='word_1_185' title='bbox 2785 1057 3087 1114; x_wconf 86' lang='lat' dir='ltr'><strong>consistere</strong></span> <span class='ocrx_word' id='word_1_186' title='bbox 3130 1058 3359 1129; x_wconf 86' lang='lat' dir='ltr'><strong>possint.</strong></span> <span class='ocrx_word' id='word_1_187' title='bbox 3386 1060 3597 1119; x_wconf 87' lang='lat' dir='ltr'><strong>Princi-</strong></span> 
     </span>
    </p>
   </div>
   <div class='ocr_carea' id='block_1_23' title="bbox 2016 1145 3600 1221">
    <p class='ocr_par' dir='ltr' id='par_1_23' title="bbox 2016 1145 3600 1221">
     <span class='ocr_line' id='line_1_23' title="bbox 2016 1145 3600 1221; baseline 0.005 -21"><span class='ocrx_word' id='word_1_188' title='bbox 2016 1153 2177 1218; x_wconf 89' lang='lat' dir='ltr'><strong>patus</strong></span> <span class='ocrx_word' id='word_1_189' title='bbox 2208 1153 2264 1202; x_wconf 89' lang='lat' dir='ltr'><strong>et</strong></span> <span class='ocrx_word' id='word_1_190' title='bbox 2285 1155 2585 1218; x_wconf 86' lang='lat' dir='ltr'><strong>potestates</strong></span> <span class='ocrx_word' id='word_1_191' title='bbox 2610 1146 2739 1203; x_wconf 80' lang='lat' dir='ltr'><strong>hinc</strong></span> <span class='ocrx_word' id='word_1_192' title='bbox 2764 1145 3085 1204; x_wconf 88' lang='lat' dir='ltr'><strong>dicebantur</strong></span> <span class='ocrx_word' id='word_1_193' title='bbox 3120 1163 3191 1205; x_wconf 90' lang='lat' dir='ltr'><strong>eo</strong></span> <span class='ocrx_word' id='word_1_194' title='bbox 3221 1150 3366 1221; x_wconf 91' lang='lat' dir='ltr'><strong>quod</strong></span> <span class='ocrx_word' id='word_1_195' title='bbox 3396 1149 3600 1221; x_wconf 84' lang='lat' dir='ltr'><strong>princi-</strong></span> 
     </span>
    </p>
   </div>
   <div class='ocr_carea' id='block_1_24' title="bbox 2014 1236 3598 1312">
    <p class='ocr_par' dir='ltr' id='par_1_24' title="bbox 2014 1236 3598 1312">
     <span class='ocr_line' id='line_1_24' title="bbox 2014 1236 3598 1312; baseline 0.001 -18"><span class='ocrx_word' id='word_1_196' title='bbox 2014 1252 2149 1309; x_wconf 89' lang='lat' dir='ltr'><strong>pare</strong></span> <span class='ocrx_word' id='word_1_197' title='bbox 2173 1245 2230 1293; x_wconf 90' lang='lat' dir='ltr'><strong>et</strong></span> <span class='ocrx_word' id='word_1_198' title='bbox 2253 1245 2577 1308; x_wconf 89' lang='lat' dir='ltr'><strong>potestatem</strong></span> <span class='ocrx_word' id='word_1_199' title='bbox 2604 1250 2864 1294; x_wconf 83' lang='lat' dir='ltr'><strong>exercere</strong></span> <span class='ocrx_word' id='word_1_200' title='bbox 2897 1236 3348 1311; x_wconf 84' lang='lat' dir='ltr'><strong>alicujusnegotii</strong></span> <span class='ocrx_word' id='word_1_201' title='bbox 3374 1254 3598 1312; x_wconf 87' lang='lat' dir='ltr'><strong>accepe-</strong></span> 
     </span>
    </p>
   </div>
   <div class='ocr_carea' id='block_1_25' title="bbox 2017 1327 3601 1400">
    <p class='ocr_par' dir='ltr' id='par_1_25' title="bbox 2017 1327 3601 1400">
     <span class='ocr_line' id='line_1_25' title="bbox 2017 1327 3601 1400; baseline 0.002 -16"><span class='ocrx_word' id='word_1_202' title='bbox 2017 1338 2143 1385; x_wconf 90' lang='lat' dir='ltr'><strong>rant</strong></span> <span class='ocrx_word' id='word_1_203' title='bbox 2180 1337 2526 1400; x_wconf 86' lang='lat' dir='ltr'><strong>potestatem,</strong></span> <span class='ocrx_word' id='word_1_204' title='bbox 2572 1329 2714 1385; x_wconf 85' lang='lat' dir='ltr'><strong>sicut</strong></span> <span class='ocrx_word' id='word_1_205' title='bbox 2752 1337 2809 1384; x_wconf 91' lang='lat' dir='ltr'><strong>et</strong></span> <span class='ocrx_word' id='word_1_206' title='bbox 2837 1327 3087 1399; x_wconf 86' lang='lat' dir='ltr'><strong>Ephesiis</strong></span> <span class='ocrx_word' id='word_1_207' title='bbox 3111 1329 3355 1386; x_wconf 87' lang='lat' dir='ltr'><strong>scribens</strong></span> <span class='ocrx_word' id='word_1_208' title='bbox 3378 1330 3445 1386; x_wconf 90' lang='lat' dir='ltr'><strong>de</strong></span> <span class='ocrx_word' id='word_1_209' title='bbox 3488 1330 3601 1387; x_wconf 87' lang='lat' dir='ltr'><strong>dia-</strong></span> 
     </span>
    </p>
   </div>
   <div class='ocr_carea' id='block_1_26' title="bbox 2015 1418 3697 1494">
    <p class='ocr_par' dir='ltr' id='par_1_26' title="bbox 2015 1418 3697 1494">
     <span class='ocr_line' id='line_1_26' title="bbox 2015 1418 3697 1494; baseline 0.001 -17"><span class='ocrx_word' id='word_1_210' title='bbox 2015 1420 2142 1477; x_wconf 85' lang='lat' dir='ltr'><strong>bolo</strong></span> <span class='ocrx_word' id='word_1_211' title='bbox 2160 1420 2334 1477; x_wconf 87' lang='lat' dir='ltr'><strong>dicit:</strong></span> <span class='ocrx_word' id='word_1_212' title='bbox 2369 1418 2672 1476; x_wconf 80' lang='lat' dir='ltr'><strong>Secundum</strong></span> <span class='ocrx_word' id='word_1_213' title='bbox 2710 1420 2997 1492; x_wconf 79' lang='lat' dir='ltr'><strong>principem</strong></span> <span class='ocrx_word' id='word_1_214' title='bbox 3020 1421 3290 1491; x_wconf 79' lang='lat' dir='ltr'><strong>potestatis</strong></span> <span class='ocrx_word' id='word_1_215' title='bbox 3331 1423 3472 1477; x_wconf 87' lang='lat' dir='ltr'><strong>aeris</strong></span> <span class='ocrx_word' id='word_1_216' title='bbox 3492 1423 3602 1494; x_wconf 84' lang='lat' dir='ltr'><strong>spi-</strong></span> <span class='ocrx_word' id='word_1_217' title='bbox 3689 1444 3697 1452; x_wconf 93' lang='grc'><strong>·</strong></span> 
     </span>
    </p>
   </div>
   <div class='ocr_carea' id='block_1_27' title="bbox 2016 1510 3599 1586">
    <p class='ocr_par' dir='ltr' id='par_1_27' title="bbox 2016 1510 3599 1586">
     <span class='ocr_line' id='line_1_27' title="bbox 2016 1510 3599 1586; baseline 0.003 -20"><span class='ocrx_word' id='word_1_218' title='bbox 2016 1512 2189 1568; x_wconf 84' lang='lat' dir='ltr'><strong>ritalis</strong></span> <span class='ocrx_word' id='word_1_219' title='bbox 2219 1512 2436 1584; x_wconf 79' lang='lat' dir='ltr'><strong>(Eplies.</strong></span> <span class='ocrx_word' id='word_1_220' title='bbox 2464 1528 2506 1580; x_wconf 80' lang='grc' dir='ltr'><strong>ι,</strong></span> <span class='ocrx_word' id='word_1_221' title='bbox 2532 1510 2647 1586; x_wconf 87' lang='lat' dir='ltr'><strong>in);</strong></span> <span class='ocrx_word' id='word_1_222' title='bbox 2674 1521 2732 1569; x_wconf 91' lang='lat' dir='ltr'><strong>et</strong></span> <span class='ocrx_word' id='word_1_223' title='bbox 2753 1513 2893 1583; x_wconf 88' lang='lat' dir='ltr'><strong>apud</strong></span> <span class='ocrx_word' id='word_1_224' title='bbox 2921 1511 3108 1567; x_wconf 85' lang='lat' dir='ltr'><strong>Daniel</strong></span> <span class='ocrx_word' id='word_1_225' title='bbox 3132 1530 3147 1567; x_wconf 89' lang='lat'><strong>:</strong></span> <span class='ocrx_word' id='word_1_226' title='bbox 3180 1511 3434 1585; x_wconf 83' lang='lat' dir='ltr'><strong>Princeps</strong></span> <span class='ocrx_word' id='word_1_227' title='bbox 3461 1513 3599 1571; x_wconf 87' lang='lat' dir='ltr'><strong>Per-</strong></span> 
     </span>
    </p>
   </div>
   <div class='ocr_carea' id='block_1_28' title="bbox 2014 1603 3595 1677">
    <p class='ocr_par' dir='ltr' id='par_1_28' title="bbox 2014 1603 3595 1677">
     <span class='ocr_line' id='line_1_28' title="bbox 2014 1603 3595 1677; baseline 0.001 -17"><span class='ocrx_word' id='word_1_228' title='bbox 2014 1605 2148 1660; x_wconf 84' lang='lat' dir='ltr'><strong>sidis</strong></span> <span class='ocrx_word' id='word_1_229' title='bbox 2173 1605 2361 1659; x_wconf 87' lang='lat' dir='ltr'><strong>restitit</strong></span> <span class='ocrx_word' id='word_1_230' title='bbox 2407 1605 2558 1670; x_wconf 79' lang='lat' dir='ltr'><strong>mihi,</strong></span> <span class='ocrx_word' id='word_1_231' title='bbox 2600 1612 2656 1660; x_wconf 92' lang='lat' dir='ltr'><strong>et</strong></span> <span class='ocrx_word' id='word_1_232' title='bbox 2685 1606 2921 1676; x_wconf 86' lang='lat' dir='ltr'><strong>princeps</strong></span> <span class='ocrx_word' id='word_1_233' title='bbox 2948 1614 3114 1659; x_wconf 81' lang='lat' dir='ltr'><strong>vester</strong></span> <span class='ocrx_word' id='word_1_234' title='bbox 3137 1603 3300 1676; x_wconf 85' lang='lat' dir='ltr'><strong>(Dan.</strong></span> <span class='ocrx_word' id='word_1_235' title='bbox 3335 1604 3411 1677; x_wconf 70' lang='grc' dir='ltr'><strong>κ),</strong></span> <span class='ocrx_word' id='word_1_236' title='bbox 3444 1605 3595 1662; x_wconf 87' lang='lat' dir='ltr'><strong>illum</strong></span> 
     </span>
    </p>
   </div>
   <div class='ocr_carea' id='block_1_29' title="bbox 2014 1695 3598 1769">
    <p class='ocr_par' dir='ltr' id='par_1_29' title="bbox 2014 1695 3598 1769">
     <span class='ocr_line' id='line_1_29' title="bbox 2014 1695 3598 1769; baseline 0 -15"><span class='ocrx_word' id='word_1_237' title='bbox 2014 1697 2268 1767; x_wconf 80' lang='lat' dir='ltr'><strong>angelum</strong></span> <span class='ocrx_word' id='word_1_238' title='bbox 2303 1696 2396 1769; x_wconf 92' lang='lat' dir='ltr'><strong>qui</strong></span> <span class='ocrx_word' id='word_1_239' title='bbox 2446 1711 2546 1768; x_wconf 90' lang='lat' dir='ltr'><strong>pro</strong></span> <span class='ocrx_word' id='word_1_240' title='bbox 2588 1696 2696 1752; x_wconf 86' lang='lat' dir='ltr'><strong>illis</strong></span> <span class='ocrx_word' id='word_1_241' title='bbox 2749 1695 3168 1752; x_wconf 87' lang='lat' dir='ltr'><strong>sollicitudinem</strong></span> <span class='ocrx_word' id='word_1_242' title='bbox 3214 1697 3470 1767; x_wconf 82' lang='lat' dir='ltr'><strong>expendit</strong></span> <span class='ocrx_word' id='word_1_243' title='bbox 3515 1697 3598 1754; x_wconf 88' lang='lat' dir='ltr'><strong>sic</strong></span> 
     </span>
    </p>
   </div>
   <div class='ocr_carea' id='block_1_30' title="bbox 2014 1787 3595 1854">
    <p class='ocr_par' dir='ltr' id='par_1_30' title="bbox 2014 1787 3595 1854">
     <span class='ocr_line' id='line_1_30' title="bbox 2014 1787 3595 1854; baseline -0.002 -8"><span class='ocrx_word' id='word_1_244' title='bbox 2014 1803 2269 1846; x_wconf 89' lang='lat' dir='ltr'><strong>evocans.</strong></span> <span class='ocrx_word' id='word_1_245' title='bbox 2310 1788 2464 1846; x_wconf 88' lang='lat' dir='ltr'><strong>Unde</strong></span> <span class='ocrx_word' id='word_1_246' title='bbox 2497 1788 2746 1844; x_wconf 83' lang='lat' dir='ltr'><strong>dilatavit</strong></span> <span class='ocrx_word' id='word_1_247' title='bbox 2785 1803 3027 1854; x_wconf 87' lang='lat' dir='ltr'><strong>sensum,</strong></span> <span class='ocrx_word' id='word_1_248' title='bbox 3055 1787 3234 1854; x_wconf 91' lang='lat' dir='ltr'><strong>sedes,</strong></span> <span class='ocrx_word' id='word_1_249' title='bbox 3272 1787 3595 1843; x_wconf 87' lang='lat' dir='ltr'><strong>dominatio-</strong></span> 
     </span>
    </p>
   </div>
   <div class='ocr_carea' id='block_1_31' title="bbox 315 1875 3593 1977">
    <p class='ocr_par' dir='ltr' id='par_1_31' title="bbox 315 1875 3593 1977">
     <span class='ocr_line' id='line_1_31' title="bbox 315 1875 3593 1977; baseline 0 -46"><span class='ocrx_word' id='word_1_250' title='bbox 315 1876 503 1949; x_wconf 83' lang='lat' dir='ltr'><strong>(Rom.</strong></span> <span class='ocrx_word' id='word_1_251' title='bbox 531 1876 676 1949; x_wconf 86' lang='lat' dir='ltr'><strong>vin).</strong></span> <span class='ocrx_word' id='word_1_252' title='bbox 725 1875 787 1934; x_wconf 94' lang='lat' dir='ltr'><strong>ln</strong></span> <span class='ocrx_word' id='word_1_253' title='bbox 822 1886 1007 1935; x_wconf 91' lang='lat' dir='ltr'><strong>nostra</strong></span> <span class='ocrx_word' id='word_1_254' title='bbox 1036 1878 1201 1950; x_wconf 85' lang='lat' dir='ltr'><strong>igitur</strong></span> <span class='ocrx_word' id='word_1_255' title='bbox 1227 1886 1578 1933; x_wconf 87' lang='lat' dir='ltr'><strong>renovatione</strong></span> <span class='ocrx_word' id='word_1_256' title='bbox 1617 1876 1912 1932; x_wconf 87' lang='lat' dir='ltr'><strong>secundum</strong></span> <span class='ocrx_word' id='word_1_257' title='bbox 1940 1916 1989 1977; x_wconf 73' lang='grc' dir='ltr'><strong>Β</strong></span> <span class='ocrx_word' id='word_1_258' title='bbox 2015 1896 2113 1936; x_wconf 90' lang='lat' dir='ltr'><strong>nes</strong></span> <span class='ocrx_word' id='word_1_259' title='bbox 2146 1890 2202 1937; x_wconf 88' lang='lat' dir='ltr'><strong>et</strong></span> <span class='ocrx_word' id='word_1_260' title='bbox 2231 1880 2586 1953; x_wconf 84' lang='lat' dir='ltr'><strong>principatus,</strong></span> <span class='ocrx_word' id='word_1_261' title='bbox 2624 1888 2680 1935; x_wconf 89' lang='lat' dir='ltr'><strong>et</strong></span> <span class='ocrx_word' id='word_1_262' title='bbox 2706 1886 3004 1950; x_wconf 86' lang='lat' dir='ltr'><strong>potestates</strong></span> <span class='ocrx_word' id='word_1_263' title='bbox 3037 1878 3251 1945; x_wconf 85' lang='lat' dir='ltr'><strong>dicens,</strong></span> <span class='ocrx_word' id='word_1_264' title='bbox 3288 1877 3344 1932; x_wconf 93' lang='lat' dir='ltr'><strong>id</strong></span> <span class='ocrx_word' id='word_1_265' title='bbox 3371 1888 3476 1945; x_wconf 84' lang='lat' dir='ltr'><strong>est,</strong></span> <span class='ocrx_word' id='word_1_266' title='bbox 3509 1879 3593 1950; x_wconf 74' lang='lat' dir='ltr'><strong>ip—</strong></span> 
     </span>
    </p>
   </div>
   <div class='ocr_carea' id='block_1_32' title="bbox 312 1965 1913 2043">
    <p class='ocr_par' dir='ltr' id='par_1_32' title="bbox 312 1965 1913 2043">
     <span class='ocr_line' id='line_1_32' title="bbox 312 1965 1913 2043; baseline -0.001 -19"><span class='ocrx_word' id='word_1_267' title='bbox 312 1985 484 2039; x_wconf 89' lang='lat' dir='ltr'><strong>quam</strong></span> <span class='ocrx_word' id='word_1_268' title='bbox 510 1977 569 2025; x_wconf 91' lang='lat' dir='ltr'><strong>et</strong></span> <span class='ocrx_word' id='word_1_269' title='bbox 593 1969 834 2025; x_wconf 87' lang='lat' dir='ltr'><strong>omnium</strong></span> <span class='ocrx_word' id='word_1_270' title='bbox 859 1970 1259 2043; x_wconf 84' lang='lat' dir='ltr'><strong>redintegratur</strong></span> <span class='ocrx_word' id='word_1_271' title='bbox 1295 1968 1590 2034; x_wconf 78' lang='lat' dir='ltr'><strong>connexio,</strong></span> <span class='ocrx_word' id='word_1_272' title='bbox 1620 1965 1774 2037; x_wconf 85' lang='lat' dir='ltr'><strong>cujus</strong></span> <span class='ocrx_word' id='word_1_273' title='bbox 1801 1968 1913 2038; x_wconf 90' lang='lat' dir='ltr'><strong>pri-</strong></span> 
     </span>
    </p>
   </div>
   <div class='ocr_carea' id='block_1_33' title="bbox 313 2058 1912 2132">
    <p class='ocr_par' dir='ltr' id='par_1_33' title="bbox 313 2058 1912 2132">
     <span class='ocr_line' id='line_1_33' title="bbox 313 2058 1912 2132; baseline 0 -17"><span class='ocrx_word' id='word_1_274' title='bbox 313 2060 490 2116; x_wconf 67' lang='lat' dir='ltr'><strong>mitiae</strong></span> <span class='ocrx_word' id='word_1_275' title='bbox 515 2068 641 2116; x_wconf 88' lang='lat' dir='ltr'><strong>sunt</strong></span> <span class='ocrx_word' id='word_1_276' title='bbox 665 2060 754 2116; x_wconf 86' lang='lat' dir='ltr'><strong>his</strong></span> <span class='ocrx_word' id='word_1_277' title='bbox 775 2060 869 2132; x_wconf 88' lang='lat' dir='ltr'><strong>qui</strong></span> <span class='ocrx_word' id='word_1_278' title='bbox 897 2062 1192 2118; x_wconf 89' lang='lat' dir='ltr'><strong>secundum</strong></span> <span class='ocrx_word' id='word_1_279' title='bbox 1221 2074 1442 2116; x_wconf 89' lang='lat' dir='ltr'><strong>carnem</strong></span> <span class='ocrx_word' id='word_1_280' title='bbox 1470 2058 1695 2126; x_wconf 89' lang='lat' dir='ltr'><strong>Christi,</strong></span> <span class='ocrx_word' id='word_1_281' title='bbox 1726 2059 1779 2114; x_wconf 90' lang='lat' dir='ltr'><strong>in</strong></span> <span class='ocrx_word' id='word_1_282' title='bbox 1803 2072 1912 2130; x_wconf 86' lang='lat' dir='ltr'><strong>quo</strong></span> 
     </span>
    </p>
   </div>
   <div class='ocr_carea' id='block_1_34' title="bbox 310 2150 1911 2222">
    <p class='ocr_par' dir='ltr' id='par_1_34' title="bbox 310 2150 1911 2222">
     <span class='ocr_line' id='line_1_34' title="bbox 310 2150 1911 2222; baseline 0.001 -16"><span class='ocrx_word' id='word_1_283' title='bbox 310 2151 528 2222; x_wconf 86' lang='lat' dir='ltr'><strong>optima</strong></span> <span class='ocrx_word' id='word_1_284' title='bbox 568 2151 817 2221; x_wconf 73' lang='lat' dir='ltr'><strong>quaedam</strong></span> <span class='ocrx_word' id='word_1_285' title='bbox 862 2160 940 2219; x_wconf 90' lang='lat' dir='ltr'><strong>et,</strong></span> <span class='ocrx_word' id='word_1_286' title='bbox 990 2159 1051 2206; x_wconf 90' lang='lat' dir='ltr'><strong>ut</strong></span> <span class='ocrx_word' id='word_1_287' title='bbox 1099 2152 1177 2207; x_wconf 89' lang='lat' dir='ltr'><strong>ita</strong></span> <span class='ocrx_word' id='word_1_288' title='bbox 1221 2152 1473 2217; x_wconf 78' lang='lat' dir='ltr'><strong>dixerim,</strong></span> <span class='ocrx_word' id='word_1_289' title='bbox 1527 2150 1911 2221; x_wconf 87' lang='lat' dir='ltr'><strong>compendiosa</strong></span> 
     </span>
    </p>
   </div>
   <div class='ocr_carea' id='block_1_35' title="bbox 308 2241 1912 2310">
    <p class='ocr_par' dir='ltr' id='par_1_35' title="bbox 308 2241 1912 2310">
     <span class='ocr_line' id='line_1_35' title="bbox 308 2241 1912 2310; baseline -0.001 -10"><span class='ocrx_word' id='word_1_290' title='bbox 308 2243 566 2300; x_wconf 88' lang='lat' dir='ltr'><strong>omnium</strong></span> <span class='ocrx_word' id='word_1_291' title='bbox 592 2244 861 2301; x_wconf 87' lang='lat' dir='ltr'><strong>recreatio</strong></span> <span class='ocrx_word' id='word_1_292' title='bbox 885 2243 1167 2310; x_wconf 70' lang='lat' dir='ltr'><strong>calcietur,</strong></span> <span class='ocrx_word' id='word_1_293' title='bbox 1195 2243 1335 2300; x_wconf 90' lang='lat' dir='ltr'><strong>sicut</strong></span> <span class='ocrx_word' id='word_1_294' title='bbox 1360 2243 1555 2300; x_wconf 85' lang='lat' dir='ltr'><strong>beatus</strong></span> <span class='ocrx_word' id='word_1_295' title='bbox 1593 2241 1792 2298; x_wconf 88' lang='lat' dir='ltr'><strong>Paulus</strong></span> <span class='ocrx_word' id='word_1_296' title='bbox 1830 2242 1912 2299; x_wconf 84' lang='lat' dir='ltr'><strong>di-</strong></span> 
     </span>
    </p>
   </div>
   <div class='ocr_carea' id='block_1_36' title="bbox 312 2335 1908 2407">
    <p class='ocr_par' dir='ltr' id='par_1_36' title="bbox 312 2335 1908 2407">
     <span class='ocr_line' id='line_1_36' title="bbox 312 2335 1908 2407; baseline -0.001 -15"><span class='ocrx_word' id='word_1_297' title='bbox 312 2336 416 2403; x_wconf 86' lang='lat' dir='ltr'><strong>cit,</strong></span> <span class='ocrx_word' id='word_1_298' title='bbox 442 2336 491 2392; x_wconf 88' lang='lat' dir='ltr'><strong>si</strong></span> <span class='ocrx_word' id='word_1_299' title='bbox 515 2351 624 2407; x_wconf 90' lang='lat' dir='ltr'><strong>qua</strong></span> <span class='ocrx_word' id='word_1_300' title='bbox 658 2335 716 2392; x_wconf 92' lang='lat' dir='ltr'><strong>in</strong></span> <span class='ocrx_word' id='word_1_301' title='bbox 748 2335 966 2393; x_wconf 83' lang='lat' dir='ltr'><strong>Christo</strong></span> <span class='ocrx_word' id='word_1_302' title='bbox 994 2352 1134 2393; x_wconf 90' lang='lat' dir='ltr'><strong>nova</strong></span> <span class='ocrx_word' id='word_1_303' title='bbox 1161 2344 1431 2401; x_wconf 87' lang='lat' dir='ltr'><strong>creatura,</strong></span> <span class='ocrx_word' id='word_1_304' title='bbox 1471 2336 1692 2406; x_wconf 88' lang='lat' dir='ltr'><strong>antiqua</strong></span> <span class='ocrx_word' id='word_1_305' title='bbox 1726 2343 1908 2390; x_wconf 91' lang='lat' dir='ltr'><strong>trans-</strong></span> 
     </span>
    </p>
   </div>
   <div class='ocr_carea' id='block_1_37' title="bbox 313 2426 1907 2494">
    <p class='ocr_par' dir='ltr' id='par_1_37' title="bbox 313 2426 1907 2494">
     <span class='ocr_line' id='line_1_37' title="bbox 313 2426 1907 2494; baseline -0.003 -9"><span class='ocrx_word' id='word_1_306' title='bbox 313 2426 532 2494; x_wconf 83' lang='lat' dir='ltr'><strong>ierunt,</strong></span> <span class='ocrx_word' id='word_1_307' title='bbox 574 2435 631 2485; x_wconf 88' lang='lat' dir='ltr'><strong>et</strong></span> <span class='ocrx_word' id='word_1_308' title='bbox 673 2442 800 2485; x_wconf 86' lang='lat' dir='ltr'><strong>ecce</strong></span> <span class='ocrx_word' id='word_1_309' title='bbox 844 2428 1027 2485; x_wconf 90' lang='lat' dir='ltr'><strong>omnia</strong></span> <span class='ocrx_word' id='word_1_310' title='bbox 1070 2427 1216 2484; x_wconf 86' lang='lat' dir='ltr'><strong>facta</strong></span> <span class='ocrx_word' id='word_1_311' title='bbox 1263 2434 1390 2483; x_wconf 88' lang='lat' dir='ltr'><strong>sunt</strong></span> <span class='ocrx_word' id='word_1_312' title='bbox 1430 2440 1568 2483; x_wconf 78' lang='lat' dir='ltr'><strong>nava</strong></span> <span class='ocrx_word' id='word_1_313' title='bbox 1611 2442 1627 2480; x_wconf 83' lang='lat'><strong>:</strong></span> <span class='ocrx_word' id='word_1_314' title='bbox 1665 2426 1907 2482; x_wconf 89' lang='lat' dir='ltr'><strong>omnium</strong></span> 
     </span>
    </p>
   </div>
   <div class='ocr_carea' id='block_1_38' title="bbox 312 2519 1908 2593">
    <p class='ocr_par' dir='ltr' id='par_1_38' title="bbox 312 2519 1908 2593">
     <span class='ocr_line' id='line_1_38' title="bbox 312 2519 1908 2593; baseline -0.002 -15"><span class='ocrx_word' id='word_1_315' title='bbox 312 2522 470 2578; x_wconf 86' lang='lat' dir='ltr'><strong>enim</strong></span> <span class='ocrx_word' id='word_1_316' title='bbox 498 2521 643 2578; x_wconf 87' lang='lat' dir='ltr'><strong>ultra</strong></span> <span class='ocrx_word' id='word_1_317' title='bbox 669 2521 1014 2578; x_wconf 82' lang='lat' dir='ltr'><strong>existentium</strong></span> <span class='ocrx_word' id='word_1_318' title='bbox 1042 2521 1099 2576; x_wconf 91' lang='lat' dir='ltr'><strong>in</strong></span> <span class='ocrx_word' id='word_1_319' title='bbox 1128 2519 1695 2593; x_wconf 89' lang='lat' dir='ltr'><strong>incorruptibilitatem</strong></span> <span class='ocrx_word' id='word_1_320' title='bbox 1729 2519 1908 2577; x_wconf 90' lang='lat' dir='ltr'><strong>omni-</strong></span> 
     </span>
    </p>
   </div>
   <div class='ocr_carea' id='block_1_39' title="bbox 309 2613 1902 2683">
    <p class='ocr_par' dir='ltr' id='par_1_39' title="bbox 309 2613 1902 2683">
     <span class='ocr_line' id='line_1_39' title="bbox 309 2613 1902 2683; baseline -0.001 -12"><span class='ocrx_word' id='word_1_321' title='bbox 309 2615 421 2671; x_wconf 86' lang='lat' dir='ltr'><strong>bus</strong></span> <span class='ocrx_word' id='word_1_322' title='bbox 448 2613 748 2671; x_wconf 87' lang='lat' dir='ltr'><strong>salvabitur</strong></span> <span class='ocrx_word' id='word_1_323' title='bbox 771 2629 1085 2681; x_wconf 87' lang='lat' dir='ltr'><strong>consensus,</strong></span> <span class='ocrx_word' id='word_1_324' title='bbox 1112 2623 1169 2670; x_wconf 90' lang='lat' dir='ltr'><strong>et</strong></span> <span class='ocrx_word' id='word_1_325' title='bbox 1195 2615 1509 2683; x_wconf 87' lang='lat' dir='ltr'><strong>concordia,</strong></span> <span class='ocrx_word' id='word_1_326' title='bbox 1534 2623 1591 2670; x_wconf 88' lang='lat' dir='ltr'><strong>et</strong></span> <span class='ocrx_word' id='word_1_327' title='bbox 1610 2614 1902 2680; x_wconf 87' lang='lat' dir='ltr'><strong>connexio,</strong></span> 
     </span>
    </p>
   </div>
   <div class='ocr_carea' id='block_1_40' title="bbox 307 2707 1906 2781">
    <p class='ocr_par' dir='ltr' id='par_1_40' title="bbox 307 2707 1906 2781">
     <span class='ocr_line' id='line_1_40' title="bbox 307 2707 1906 2781; baseline -0.001 -17"><span class='ocrx_word' id='word_1_328' title='bbox 307 2717 373 2764; x_wconf 86' lang='lat' dir='ltr'><strong>et</strong></span> <span class='ocrx_word' id='word_1_329' title='bbox 402 2708 546 2764; x_wconf 90' lang='lat' dir='ltr'><strong>ultra</strong></span> <span class='ocrx_word' id='word_1_330' title='bbox 591 2708 818 2781; x_wconf 88' lang='lat' dir='ltr'><strong>diligent</strong></span> <span class='ocrx_word' id='word_1_331' title='bbox 860 2724 963 2765; x_wconf 90' lang='lat' dir='ltr'><strong>nos</strong></span> <span class='ocrx_word' id='word_1_332' title='bbox 1005 2708 1172 2764; x_wconf 89' lang='lat' dir='ltr'><strong>etiam</strong></span> <span class='ocrx_word' id='word_1_333' title='bbox 1206 2707 1508 2765; x_wconf 87' lang='lat' dir='ltr'><strong>invisibiles</strong></span> <span class='ocrx_word' id='word_1_334' title='bbox 1554 2707 1783 2764; x_wconf 89' lang='lat' dir='ltr'><strong>virtutes</strong></span> <span class='ocrx_word' id='word_1_335' title='bbox 1822 2715 1906 2763; x_wconf 87' lang='lat' dir='ltr'><strong>ut-</strong></span> 
     </span>
    </p>
   </div>
   <div class='ocr_carea' id='block_1_41' title="bbox 308 2801 1905 2877">
    <p class='ocr_par' dir='ltr' id='par_1_41' title="bbox 308 2801 1905 2877">
     <span class='ocr_line' id='line_1_41' title="bbox 308 2801 1905 2877; baseline -0.002 -17"><span class='ocrx_word' id='word_1_336' title='bbox 308 2811 446 2877; x_wconf 83' lang='lat' dir='ltr'><strong>pote</strong></span> <span class='ocrx_word' id='word_1_337' title='bbox 491 2802 787 2860; x_wconf 80' lang='lat' dir='ltr'><strong>familiares</strong></span> <span class='ocrx_word' id='word_1_338' title='bbox 825 2803 947 2861; x_wconf 87' lang='lat' dir='ltr'><strong>Dei.</strong></span> <span class='ocrx_word' id='word_1_339' title='bbox 991 2801 1140 2859; x_wconf 89' lang='lat' dir='ltr'><strong>Bene</strong></span> <span class='ocrx_word' id='word_1_340' title='bbox 1175 2818 1307 2877; x_wconf 91' lang='lat' dir='ltr'><strong>ergo</strong></span> <span class='ocrx_word' id='word_1_341' title='bbox 1329 2803 1466 2860; x_wconf 88' lang='lat' dir='ltr'><strong>dixit</strong></span> <span class='ocrx_word' id='word_1_342' title='bbox 1490 2804 1548 2858; x_wconf 88' lang='lat' dir='ltr'><strong>in</strong></span> <span class='ocrx_word' id='word_1_343' title='bbox 1576 2805 1688 2874; x_wconf 83' lang='lat' dir='ltr'><strong>ipso</strong></span> <span class='ocrx_word' id='word_1_344' title='bbox 1726 2812 1905 2869; x_wconf 83' lang='lat' dir='ltr'><strong>creata</strong></span> 
     </span>
    </p>
   </div>
   <div class='ocr_carea' id='block_1_42' title="bbox 306 2890 1903 2966">
    <p class='ocr_par' dir='ltr' id='par_1_42' title="bbox 306 2890 1903 2966">
     <span class='ocr_line' id='line_1_42' title="bbox 306 2890 1903 2966; baseline 0.001 -18"><span class='ocrx_word' id='word_1_345' title='bbox 306 2903 441 2949; x_wconf 73' lang='lat' dir='ltr'><strong>sunt</strong></span> <span class='ocrx_word' id='word_1_346' title='bbox 467 2894 667 2961; x_wconf 76' lang='lat' dir='ltr'><strong>omnia,</strong></span> <span class='ocrx_word' id='word_1_347' title='bbox 707 2910 817 2950; x_wconf 89' lang='lat' dir='ltr'><strong>non</strong></span> <span class='ocrx_word' id='word_1_348' title='bbox 858 2893 1031 2950; x_wconf 90' lang='lat' dir='ltr'><strong>solum</strong></span> <span class='ocrx_word' id='word_1_349' title='bbox 1066 2894 1195 2965; x_wconf 90' lang='lat' dir='ltr'><strong>quia</strong></span> <span class='ocrx_word' id='word_1_350' title='bbox 1225 2909 1324 2965; x_wconf 91' lang='lat' dir='ltr'><strong>per</strong></span> <span class='ocrx_word' id='word_1_351' title='bbox 1357 2890 1448 2951; x_wconf 89' lang='lat' dir='ltr'><strong>illa</strong></span> <span class='ocrx_word' id='word_1_352' title='bbox 1482 2909 1604 2964; x_wconf 78' lang='lat' dir='ltr'><strong>qua:</strong></span> <span class='ocrx_word' id='word_1_353' title='bbox 1626 2909 1755 2966; x_wconf 86' lang='lat' dir='ltr'><strong>erga</strong></span> <span class='ocrx_word' id='word_1_354' title='bbox 1777 2908 1903 2950; x_wconf 89' lang='lat' dir='ltr'><strong>eum</strong></span> 
     </span>
    </p>
   </div>
   <div class='ocr_carea' id='block_1_43' title="bbox 314 2983 1898 3056">
    <p class='ocr_par' dir='ltr' id='par_1_43' title="bbox 314 2983 1898 3056">
     <span class='ocr_line' id='line_1_43' title="bbox 314 2983 1898 3056; baseline 0.001 -17"><span class='ocrx_word' id='word_1_355' title='bbox 314 2984 471 3041; x_wconf 74' lang='lat' dir='ltr'><strong>facta</strong></span> <span class='ocrx_word' id='word_1_356' title='bbox 499 2995 626 3040; x_wconf 88' lang='lat' dir='ltr'><strong>sunt</strong></span> <span class='ocrx_word' id='word_1_357' title='bbox 649 2983 957 3041; x_wconf 83' lang='lat' dir='ltr'><strong>futurorum</strong></span> <span class='ocrx_word' id='word_1_358' title='bbox 989 2986 1225 3042; x_wconf 89' lang='lat' dir='ltr'><strong>assecuti</strong></span> <span class='ocrx_word' id='word_1_359' title='bbox 1254 3001 1440 3041; x_wconf 87' lang='lat' dir='ltr'><strong>sumus</strong></span> <span class='ocrx_word' id='word_1_360' title='bbox 1464 2985 1898 3056; x_wconf 85' lang='lat' dir='ltr'><strong>promissionem,</strong></span> 
     </span>
    </p>
   </div>
   <div class='ocr_carea' id='block_1_44' title="bbox 2013 1968 3598 2041">
    <p class='ocr_par' dir='ltr' id='par_1_44' title="bbox 2013 1968 3598 2041">
     <span class='ocr_line' id='line_1_44' title="bbox 2013 1968 3598 2041; baseline -0.004 -10"><span class='ocrx_word' id='word_1_361' title='bbox 2013 1989 2136 2031; x_wconf 87' lang='lat' dir='ltr'><strong>sum</strong></span> <span class='ocrx_word' id='word_1_362' title='bbox 2158 1973 2309 2030; x_wconf 90' lang='lat' dir='ltr'><strong>varie</strong></span> <span class='ocrx_word' id='word_1_363' title='bbox 2330 1973 2535 2031; x_wconf 89' lang='lat' dir='ltr'><strong>dicens.</strong></span> <span class='ocrx_word' id='word_1_364' title='bbox 2570 1971 2650 2039; x_wconf 90' lang='lat' dir='ltr'><strong>Si,</strong></span> <span class='ocrx_word' id='word_1_365' title='bbox 2678 1972 2873 2041; x_wconf 85' lang='lat' dir='ltr'><strong>inquit,</strong></span> <span class='ocrx_word' id='word_1_366' title='bbox 2900 1979 2985 2028; x_wconf 91' lang='lat' dir='ltr'><strong>est</strong></span> <span class='ocrx_word' id='word_1_367' title='bbox 3023 1968 3228 2041; x_wconf 87' lang='lat' dir='ltr'><strong>aliquid</strong></span> <span class='ocrx_word' id='word_1_368' title='bbox 3250 1970 3397 2040; x_wconf 90' lang='lat' dir='ltr'><strong>quod</strong></span> <span class='ocrx_word' id='word_1_369' title='bbox 3425 1969 3598 2025; x_wconf 87' lang='lat' dir='ltr'><strong>domi-</strong></span> 
     </span>
    </p>
   </div>
   <div class='ocr_carea' id='block_1_45' title="bbox 2013 2061 3599 2139">
    <p class='ocr_par' dir='ltr' id='par_1_45' title="bbox 2013 2061 3599 2139">
     <span class='ocr_line' id='line_1_45' title="bbox 2013 2061 3599 2139; baseline -0.005 -16"><span class='ocrx_word' id='word_1_370' title='bbox 2013 2074 2192 2133; x_wconf 91' lang='lat' dir='ltr'><strong>netur,</strong></span> <span class='ocrx_word' id='word_1_371' title='bbox 2217 2066 2331 2123; x_wconf 90' lang='lat' dir='ltr'><strong>sive</strong></span> <span class='ocrx_word' id='word_1_372' title='bbox 2355 2064 2651 2125; x_wconf 84' lang='lat' dir='ltr'><strong>dominium</strong></span> <span class='ocrx_word' id='word_1_373' title='bbox 2681 2063 2786 2121; x_wconf 89' lang='lat' dir='ltr'><strong>sibi</strong></span> <span class='ocrx_word' id='word_1_374' title='bbox 2812 2062 3068 2130; x_wconf 86' lang='lat' dir='ltr'><strong>vindicet,</strong></span> <span class='ocrx_word' id='word_1_375' title='bbox 3100 2061 3215 2118; x_wconf 85' lang='lat' dir='ltr'><strong>sive</strong></span> <span class='ocrx_word' id='word_1_376' title='bbox 3235 2061 3599 2139; x_wconf 73' lang='lat' dir='ltr'><strong>principatum</strong></span> 
     </span>
    </p>
   </div>
   <div class='ocr_carea' id='block_1_46' title="bbox 2012 2154 3595 2228">
    <p class='ocr_par' dir='ltr' id='par_1_46' title="bbox 2012 2154 3595 2228">
     <span class='ocr_line' id='line_1_46' title="bbox 2012 2154 3595 2228; baseline -0.003 -14"><span class='ocrx_word' id='word_1_377' title='bbox 2012 2166 2218 2224; x_wconf 83' lang='lat' dir='ltr'><strong>teneat,</strong></span> <span class='ocrx_word' id='word_1_378' title='bbox 2266 2158 2382 2214; x_wconf 85' lang='lat' dir='ltr'><strong>sive</strong></span> <span class='ocrx_word' id='word_1_379' title='bbox 2427 2164 2751 2228; x_wconf 89' lang='lat' dir='ltr'><strong>potestatem</strong></span> <span class='ocrx_word' id='word_1_380' title='bbox 2794 2163 3077 2220; x_wconf 77' lang='lat' dir='ltr'><strong>exerceat,</strong></span> <span class='ocrx_word' id='word_1_381' title='bbox 3107 2154 3595 2227; x_wconf 84' lang='lat' dir='ltr'><strong>quomodocunque</strong></span> 
     </span>
    </p>
   </div>
   <div class='ocr_carea' id='block_1_47' title="bbox 2011 2241 3595 2320">
    <p class='ocr_par' dir='ltr' id='par_1_47' title="bbox 2011 2241 3595 2320">
     <span class='ocr_line' id='line_1_47' title="bbox 2011 2241 3595 2320; baseline -0.005 -15"><span class='ocrx_word' id='word_1_382' title='bbox 2011 2242 2134 2320; x_wconf 87' lang='lat' dir='ltr'><strong>quis</strong></span> <span class='ocrx_word' id='word_1_383' title='bbox 2154 2249 2337 2306; x_wconf 87' lang='lat' dir='ltr'><strong>dicere</strong></span> <span class='ocrx_word' id='word_1_384' title='bbox 2357 2245 2588 2304; x_wconf 88' lang='lat' dir='ltr'><strong>voluerit</strong></span> <span class='ocrx_word' id='word_1_385' title='bbox 2612 2246 2680 2301; x_wconf 91' lang='lat' dir='ltr'><strong>de</strong></span> <span class='ocrx_word' id='word_1_386' title='bbox 2710 2245 2915 2300; x_wconf 90' lang='lat' dir='ltr'><strong>tributa</strong></span> <span class='ocrx_word' id='word_1_387' title='bbox 2936 2243 3044 2299; x_wconf 88' lang='lat' dir='ltr'><strong>illis</strong></span> <span class='ocrx_word' id='word_1_388' title='bbox 3063 2258 3098 2299; x_wconf 86' lang='lat' dir='ltr'><strong>a</strong></span> <span class='ocrx_word' id='word_1_389' title='bbox 3124 2243 3233 2299; x_wconf 92' lang='lat' dir='ltr'><strong>Deo</strong></span> <span class='ocrx_word' id='word_1_390' title='bbox 3245 2250 3513 2313; x_wconf 86' lang='lat' dir='ltr'><strong>potestate</strong></span> <span class='ocrx_word' id='word_1_391' title='bbox 3536 2241 3595 2297; x_wconf 92' lang='lat' dir='ltr'><strong>in</strong></span> 
     </span>
    </p>
   </div>
   <div class='ocr_carea' id='block_1_48' title="bbox 2010 2333 3595 2414">
    <p class='ocr_par' dir='ltr' id='par_1_48' title="bbox 2010 2333 3595 2414">
     <span class='ocr_line' id='line_1_48' title="bbox 2010 2333 3595 2414; baseline -0.008 -15"><span class='ocrx_word' id='word_1_392' title='bbox 2010 2343 2129 2414; x_wconf 86' lang='lat' dir='ltr'><strong>ipso</strong></span> <span class='ocrx_word' id='word_1_393' title='bbox 2151 2350 2281 2401; x_wconf 89' lang='lat' dir='ltr'><strong>sunt</strong></span> <span class='ocrx_word' id='word_1_394' title='bbox 2317 2341 2500 2397; x_wconf 91' lang='lat' dir='ltr'><strong>omnia</strong></span> <span class='ocrx_word' id='word_1_395' title='bbox 2542 2346 2746 2395; x_wconf 90' lang='lat' dir='ltr'><strong>creata.</strong></span> <span class='ocrx_word' id='word_1_396' title='bbox 2778 2335 3087 2393; x_wconf 67' lang='lat' dir='ltr'><strong>Tasdiantes</strong></span> <span class='ocrx_word' id='word_1_397' title='bbox 3125 2334 3329 2392; x_wconf 89' lang='lat' dir='ltr'><strong>etenim</strong></span> <span class='ocrx_word' id='word_1_398' title='bbox 3358 2333 3595 2405; x_wconf 83' lang='lat' dir='ltr'><strong>primum</strong></span> 
     </span>
    </p>
   </div>
   <div class='ocr_carea' id='block_1_49' title="bbox 2008 2421 3595 2505">
    <p class='ocr_par' dir='ltr' id='par_1_49' title="bbox 2008 2421 3595 2505">
     <span class='ocr_line' id='line_1_49' title="bbox 2008 2421 3595 2505; baseline -0.009 -14"><span class='ocrx_word' id='word_1_399' title='bbox 2008 2440 2232 2505; x_wconf 89' lang='lat' dir='ltr'><strong>propter</strong></span> <span class='ocrx_word' id='word_1_400' title='bbox 2263 2431 2535 2497; x_wconf 84' lang='lat' dir='ltr'><strong>homines,</strong></span> <span class='ocrx_word' id='word_1_401' title='bbox 2572 2436 2630 2485; x_wconf 89' lang='lat' dir='ltr'><strong>et</strong></span> <span class='ocrx_word' id='word_1_402' title='bbox 2653 2442 2810 2484; x_wconf 90' lang='lat' dir='ltr'><strong>suum</strong></span> <span class='ocrx_word' id='word_1_403' title='bbox 2841 2441 2980 2498; x_wconf 90' lang='lat' dir='ltr'><strong>opus</strong></span> <span class='ocrx_word' id='word_1_404' title='bbox 3018 2440 3120 2497; x_wconf 90' lang='lat' dir='ltr'><strong>pro</strong></span> <span class='ocrx_word' id='word_1_405' title='bbox 3146 2423 3305 2479; x_wconf 88' lang='lat' dir='ltr'><strong>nobis</strong></span> <span class='ocrx_word' id='word_1_406' title='bbox 3330 2421 3595 2494; x_wconf 84' lang='lat' dir='ltr'><strong>perficere</strong></span> 
     </span>
    </p>
   </div>
   <div class='ocr_carea' id='block_1_50' title="bbox 2006 2513 3591 2587">
    <p class='ocr_par' dir='ltr' id='par_1_50' title="bbox 2006 2513 3591 2587">
     <span class='ocr_line' id='line_1_50' title="bbox 2006 2513 3591 2587; baseline -0.007 -9"><span class='ocrx_word' id='word_1_407' title='bbox 2006 2522 2276 2587; x_wconf 88' lang='lat' dir='ltr'><strong>nolentes,</strong></span> <span class='ocrx_word' id='word_1_408' title='bbox 2301 2534 2447 2576; x_wconf 91' lang='lat' dir='ltr'><strong>nunc</strong></span> <span class='ocrx_word' id='word_1_409' title='bbox 2468 2534 2594 2575; x_wconf 91' lang='lat' dir='ltr'><strong>cum</strong></span> <span class='ocrx_word' id='word_1_410' title='bbox 2616 2517 2901 2574; x_wconf 84' lang='lat' dir='ltr'><strong>alacritate</strong></span> <span class='ocrx_word' id='word_1_411' title='bbox 2926 2515 3108 2572; x_wconf 89' lang='lat' dir='ltr'><strong>omnia</strong></span> <span class='ocrx_word' id='word_1_412' title='bbox 3128 2513 3436 2585; x_wconf 79' lang='lat' dir='ltr'><strong>perficiunt,</strong></span> <span class='ocrx_word' id='word_1_413' title='bbox 3464 2527 3591 2583; x_wconf 78' lang='lat' dir='ltr'><strong>pro-</strong></span> 
     </span>
    </p>
   </div>
   <div class='ocr_carea' id='block_1_51' title="bbox 2004 2605 3591 2687">
    <p class='ocr_par' dir='ltr' id='par_1_51' title="bbox 2004 2605 3591 2687">
     <span class='ocr_line' id='line_1_51' title="bbox 2004 2605 3591 2687; baseline -0.007 -16"><span class='ocrx_word' id='word_1_414' title='bbox 2004 2616 2294 2687; x_wconf 87' lang='lat' dir='ltr'><strong>prietatem</strong></span> <span class='ocrx_word' id='word_1_415' title='bbox 2316 2613 2463 2669; x_wconf 90' lang='lat' dir='ltr'><strong>illam</strong></span> <span class='ocrx_word' id='word_1_416' title='bbox 2489 2620 2700 2668; x_wconf 76' lang='lat' dir='ltr'><strong>naturze</strong></span> <span class='ocrx_word' id='word_1_417' title='bbox 2726 2618 2951 2677; x_wconf 77' lang='lat' dir='ltr'><strong>nostrze,</strong></span> <span class='ocrx_word' id='word_1_418' title='bbox 2974 2623 3096 2680; x_wconf 66' lang='lat' dir='ltr'><strong>quae</strong></span> <span class='ocrx_word' id='word_1_419' title='bbox 3117 2606 3168 2663; x_wconf 89' lang='lat' dir='ltr'><strong>ei</strong></span> <span class='ocrx_word' id='word_1_420' title='bbox 3192 2605 3345 2663; x_wconf 88' lang='lat' dir='ltr'><strong>unita</strong></span> <span class='ocrx_word' id='word_1_421' title='bbox 3374 2613 3459 2661; x_wconf 84' lang='lat' dir='ltr'><strong>est</strong></span> <span class='ocrx_word' id='word_1_422' title='bbox 3494 2618 3591 2660; x_wconf 89' lang='lat' dir='ltr'><strong>ve-</strong></span> 
     </span>
    </p>
   </div>
   <div class='ocr_carea' id='block_1_52' title="bbox 2004 2700 3592 2778">
    <p class='ocr_par' dir='ltr' id='par_1_52' title="bbox 2004 2700 3592 2778">
     <span class='ocr_line' id='line_1_52' title="bbox 2004 2700 3592 2778; baseline -0.006 -14"><span class='ocrx_word' id='word_1_423' title='bbox 2004 2716 2282 2774; x_wconf 87' lang='lat' dir='ltr'><strong>nerantes,</strong></span> <span class='ocrx_word' id='word_1_424' title='bbox 2325 2721 2492 2778; x_wconf 88' lang='lat' dir='ltr'><strong>quam</strong></span> <span class='ocrx_word' id='word_1_425' title='bbox 2541 2720 2718 2776; x_wconf 88' lang='lat' dir='ltr'><strong>neque</strong></span> <span class='ocrx_word' id='word_1_426' title='bbox 2773 2703 3004 2760; x_wconf 88' lang='lat' dir='ltr'><strong>adorare</strong></span> <span class='ocrx_word' id='word_1_427' title='bbox 3053 2700 3324 2767; x_wconf 77' lang='lat' dir='ltr'><strong>dubitant,</strong></span> <span class='ocrx_word' id='word_1_428' title='bbox 3371 2707 3592 2771; x_wconf 86' lang='lat' dir='ltr'><strong>propter</strong></span> 
     </span>
    </p>
   </div>
   <div class='ocr_carea' id='block_1_53' title="bbox 2004 2792 3590 2873">
    <p class='ocr_par' dir='ltr' id='par_1_53' title="bbox 2004 2792 3590 2873">
     <span class='ocr_line' id='line_1_53' title="bbox 2004 2792 3590 2873; baseline -0.006 -15"><span class='ocrx_word' id='word_1_429' title='bbox 2004 2815 2265 2873; x_wconf 65' lang='lat' dir='ltr'><strong>eamque:</strong></span> <span class='ocrx_word' id='word_1_430' title='bbox 2309 2800 2451 2856; x_wconf 90' lang='lat' dir='ltr'><strong>inest</strong></span> <span class='ocrx_word' id='word_1_431' title='bbox 2489 2800 2541 2856; x_wconf 92' lang='lat' dir='ltr'><strong>ei</strong></span> <span class='ocrx_word' id='word_1_432' title='bbox 2567 2806 2819 2855; x_wconf 89' lang='lat' dir='ltr'><strong>naturam</strong></span> <span class='ocrx_word' id='word_1_433' title='bbox 2865 2797 3048 2852; x_wconf 89' lang='lat' dir='ltr'><strong>futuro</strong></span> <span class='ocrx_word' id='word_1_434' title='bbox 3092 2793 3312 2859; x_wconf 63' lang='lat' dir='ltr'><strong>saeculo,</strong></span> <span class='ocrx_word' id='word_1_435' title='bbox 3349 2806 3417 2849; x_wconf 87' lang='lat' dir='ltr'><strong>eo</strong></span> <span class='ocrx_word' id='word_1_436' title='bbox 3444 2792 3590 2863; x_wconf 83' lang='lat' dir='ltr'><strong>quod</strong></span> 
     </span>
    </p>
   </div>
   <div class='ocr_carea' id='block_1_54' title="bbox 2004 2882 3588 2963">
    <p class='ocr_par' dir='ltr' id='par_1_54' title="bbox 2004 2882 3588 2963">
     <span class='ocr_line' id='line_1_54' title="bbox 2004 2882 3588 2963; baseline -0.008 -12"><span class='ocrx_word' id='word_1_437' title='bbox 2004 2894 2186 2951; x_wconf 90' lang='lat' dir='ltr'><strong>omnia</strong></span> <span class='ocrx_word' id='word_1_438' title='bbox 2221 2891 2621 2963; x_wconf 87' lang='lat' dir='ltr'><strong>copulationem</strong></span> <span class='ocrx_word' id='word_1_439' title='bbox 2675 2888 2967 2960; x_wconf 79' lang='lat' dir='ltr'><strong>quamdam</strong></span> <span class='ocrx_word' id='word_1_440' title='bbox 2998 2886 3055 2940; x_wconf 92' lang='lat' dir='ltr'><strong>in</strong></span> <span class='ocrx_word' id='word_1_441' title='bbox 3097 2899 3159 2943; x_wconf 88' lang='lat' dir='ltr'><strong>se</strong></span> <span class='ocrx_word' id='word_1_442' title='bbox 3202 2884 3420 2940; x_wconf 89' lang='lat' dir='ltr'><strong>rediens</strong></span> <span class='ocrx_word' id='word_1_443' title='bbox 3476 2882 3588 2940; x_wconf 87' lang='lat' dir='ltr'><strong>col-</strong></span> 
     </span>
    </p>
   </div>
   <div class='ocr_carea' id='block_1_55' title="bbox 2002 2972 3594 3056">
    <p class='ocr_par' dir='ltr' id='par_1_55' title="bbox 2002 2972 3594 3056">
     <span class='ocr_line' id='line_1_55' title="bbox 2002 2972 3594 3056; baseline -0.008 -15"><span class='ocrx_word' id='word_1_444' title='bbox 2002 2984 2212 3056; x_wconf 87' lang='lat' dir='ltr'><strong>ligavit,</strong></span> <span class='ocrx_word' id='word_1_445' title='bbox 2263 2998 2330 3039; x_wconf 90' lang='lat' dir='ltr'><strong>eo</strong></span> <span class='ocrx_word' id='word_1_446' title='bbox 2352 2981 2439 3038; x_wconf 90' lang='lat' dir='ltr'><strong>vel</strong></span> <span class='ocrx_word' id='word_1_447' title='bbox 2473 2980 2709 3036; x_wconf 78' lang='lat' dir='ltr'><strong>maxime</strong></span> <span class='ocrx_word' id='word_1_448' title='bbox 2751 2988 3011 3048; x_wconf 89' lang='lat' dir='ltr'><strong>tempore,</strong></span> <span class='ocrx_word' id='word_1_449' title='bbox 3047 2989 3161 3047; x_wconf 91' lang='lat' dir='ltr'><strong>quo</strong></span> <span class='ocrx_word' id='word_1_450' title='bbox 3195 2974 3376 3031; x_wconf 90' lang='lat' dir='ltr'><strong>omnis</strong></span> <span class='ocrx_word' id='word_1_451' title='bbox 3421 2972 3594 3029; x_wconf 85' lang='lat' dir='ltr'><strong>solve-</strong></span> 
     </span>
    </p>
   </div>
   <div class='ocr_carea' id='block_1_56' title="bbox 306 3064 3577 3151">
    <p class='ocr_par' dir='ltr' id='par_1_56' title="bbox 306 3064 3577 3151">
     <span class='ocr_line' id='line_1_56' title="bbox 306 3064 3577 3151; baseline -0.006 -16"><span class='ocrx_word' id='word_1_452' title='bbox 306 3081 414 3135; x_wconf 86' lang='lat' dir='ltr'><strong>sed</strong></span> <span class='ocrx_word' id='word_1_453' title='bbox 438 3078 693 3151; x_wconf 87' lang='lat' dir='ltr'><strong>quoniam</strong></span> <span class='ocrx_word' id='word_1_454' title='bbox 738 3087 795 3135; x_wconf 92' lang='lat' dir='ltr'><strong>et</strong></span> <span class='ocrx_word' id='word_1_455' title='bbox 820 3078 1061 3149; x_wconf 84' lang='lat' dir='ltr'><strong>perfecta</strong></span> <span class='ocrx_word' id='word_1_456' title='bbox 1103 3078 1357 3135; x_wconf 90' lang='lat' dir='ltr'><strong>omnibus</strong></span> <span class='ocrx_word' id='word_1_457' title='bbox 1401 3077 1672 3148; x_wconf 90' lang='lat' dir='ltr'><strong>copulatio</strong></span> <span class='ocrx_word' id='word_1_458' title='bbox 1707 3078 1764 3133; x_wconf 93' lang='lat' dir='ltr'><strong>in</strong></span> <span class='ocrx_word' id='word_1_459' title='bbox 1810 3077 1901 3135; x_wconf 90' lang='lat' dir='ltr'><strong>illo</strong></span> <span class='ocrx_word' id='word_1_460' title='bbox 2004 3084 2153 3133; x_wconf 87' lang='lat' dir='ltr'><strong>retur</strong></span> <span class='ocrx_word' id='word_1_461' title='bbox 2177 3072 2478 3145; x_wconf 88' lang='lat' dir='ltr'><strong>corruptio,</strong></span> <span class='ocrx_word' id='word_1_462' title='bbox 2507 3080 2564 3127; x_wconf 89' lang='lat' dir='ltr'><strong>et</strong></span> <span class='ocrx_word' id='word_1_463' title='bbox 2604 3080 2769 3134; x_wconf 88' lang='lat' dir='ltr'><strong>mors,</strong></span> <span class='ocrx_word' id='word_1_464' title='bbox 2812 3066 3151 3138; x_wconf 88' lang='lat' dir='ltr'><strong>etquoniam</strong></span> <span class='ocrx_word' id='word_1_465' title='bbox 3191 3064 3478 3121; x_wconf 90' lang='lat' dir='ltr'><strong>videbatur</strong></span> <span class='ocrx_word' id='word_1_466' title='bbox 3505 3079 3577 3118; x_wconf 84' lang='lat' dir='ltr'><strong>in-</strong></span> 
     </span>
    </p>
   </div>
   <div class='ocr_carea' id='block_1_57' title="bbox 308 3155 3590 3242">
    <p class='ocr_par' dir='ltr' id='par_1_57' title="bbox 308 3155 3590 3242">
     <span class='ocr_line' id='line_1_57' title="bbox 308 3155 3590 3242; baseline -0.005 -14"><span class='ocrx_word' id='word_1_467' title='bbox 308 3171 654 3228; x_wconf 89' lang='lat' dir='ltr'><strong>custodietur</strong></span> <span class='ocrx_word' id='word_1_468' title='bbox 687 3179 912 3242; x_wconf 90' lang='lat' dir='ltr'><strong>propter</strong></span> <span class='ocrx_word' id='word_1_469' title='bbox 948 3169 1397 3227; x_wconf 89' lang='lat' dir='ltr'><strong>inhabitationem</strong></span> <span class='ocrx_word' id='word_1_470' title='bbox 1433 3169 1628 3225; x_wconf 69' lang='lat' dir='ltr'><strong>divinae</strong></span> <span class='ocrx_word' id='word_1_471' title='bbox 1668 3176 1896 3236; x_wconf 80' lang='lat' dir='ltr'><strong>naturae,</strong></span> <span class='ocrx_word' id='word_1_472' title='bbox 1999 3166 2266 3225; x_wconf 83' lang='lat' dir='ltr'><strong>suadihile</strong></span> <span class='ocrx_word' id='word_1_473' title='bbox 2284 3180 2405 3221; x_wconf 91' lang='lat' dir='ltr'><strong>esse</strong></span> <span class='ocrx_word' id='word_1_474' title='bbox 2425 3160 2824 3235; x_wconf 88' lang='lat' dir='ltr'><strong>quodammodo</strong></span> <span class='ocrx_word' id='word_1_475' title='bbox 2845 3160 2919 3235; x_wconf 21' lang='lat' dir='ltr'><strong>de.</strong></span> <span class='ocrx_word' id='word_1_476' title='bbox 2944 3158 3165 3215; x_wconf 89' lang='lat' dir='ltr'><strong>homine</strong></span> <span class='ocrx_word' id='word_1_477' title='bbox 3191 3157 3337 3213; x_wconf 90' lang='lat' dir='ltr'><strong>dicto</strong></span> <span class='ocrx_word' id='word_1_478' title='bbox 3360 3155 3505 3228; x_wconf 90' lang='lat' dir='ltr'><strong>quod</strong></span> <span class='ocrx_word' id='word_1_479' title='bbox 3531 3155 3590 3213; x_wconf 87' lang='lat' dir='ltr'><strong>in</strong></span> 
     </span>
    </p>
   </div>
   <div class='ocr_carea' id='block_1_58' title="bbox 308 3246 3383 3337">
    <p class='ocr_par' dir='ltr' id='par_1_58' title="bbox 308 3246 3383 3337">
     <span class='ocr_line' id='line_1_58' title="bbox 308 3246 3383 3337; baseline -0.006 -17"><span class='ocrx_word' id='word_1_480' title='bbox 308 3265 391 3320; x_wconf 90' lang='lat' dir='ltr'><strong>ita</strong></span> <span class='ocrx_word' id='word_1_481' title='bbox 417 3273 479 3320; x_wconf 91' lang='lat' dir='ltr'><strong>ut</strong></span> <span class='ocrx_word' id='word_1_482' title='bbox 501 3264 637 3321; x_wconf 88' lang='lat' dir='ltr'><strong>nihil</strong></span> <span class='ocrx_word' id='word_1_483' title='bbox 666 3264 841 3337; x_wconf 87' lang='lat' dir='ltr'><strong>possit</strong></span> <span class='ocrx_word' id='word_1_484' title='bbox 866 3264 1098 3321; x_wconf 89' lang='lat' dir='ltr'><strong>scissum</strong></span> <span class='ocrx_word' id='word_1_485' title='bbox 1126 3263 1265 3319; x_wconf 90' lang='lat' dir='ltr'><strong>ultra</strong></span> <span class='ocrx_word' id='word_1_486' title='bbox 1290 3263 1494 3321; x_wconf 88' lang='lat' dir='ltr'><strong>habere</strong></span> <span class='ocrx_word' id='word_1_487' title='bbox 1533 3277 1602 3320; x_wconf 87' lang='lat' dir='ltr'><strong>ex</strong></span> <span class='ocrx_word' id='word_1_488' title='bbox 1630 3262 1737 3319; x_wconf 90' lang='lat' dir='ltr'><strong>illis</strong></span> <span class='ocrx_word' id='word_1_489' title='bbox 1776 3279 1897 3335; x_wconf 81' lang='lat' dir='ltr'><strong>quae</strong></span> <span class='ocrx_word' id='word_1_490' title='bbox 1923 3272 1968 3337; x_wconf 73' lang='grc' dir='ltr'><strong>ρ</strong></span> <span class='ocrx_word' id='word_1_491' title='bbox 1998 3275 2065 3317; x_wconf 90' lang='lat' dir='ltr'><strong>eo</strong></span> <span class='ocrx_word' id='word_1_492' title='bbox 2088 3259 2198 3316; x_wconf 92' lang='lat' dir='ltr'><strong>sint</strong></span> <span class='ocrx_word' id='word_1_493' title='bbox 2217 3267 2401 3315; x_wconf 89' lang='lat' dir='ltr'><strong>creata</strong></span> <span class='ocrx_word' id='word_1_494' title='bbox 2423 3255 2624 3321; x_wconf 88' lang='lat' dir='ltr'><strong>omnia,</strong></span> <span class='ocrx_word' id='word_1_495' title='bbox 2651 3253 2982 3311; x_wconf 83' lang='lat' dir='ltr'><strong>confirmans</strong></span> <span class='ocrx_word' id='word_1_496' title='bbox 3006 3250 3137 3306; x_wconf 89' lang='lat' dir='ltr'><strong>illud</strong></span> <span class='ocrx_word' id='word_1_497' title='bbox 3158 3246 3343 3318; x_wconf 86' lang='lat' dir='ltr'><strong>adjicit</strong></span> <span class='ocrx_word' id='word_1_498' title='bbox 3368 3265 3383 3302; x_wconf 89' lang='lat'><strong>:</strong></span> 
     </span>
    </p>
   </div>
   <div class='ocr_carea' id='block_1_59' title="bbox 306 3336 3586 3428">
    <p class='ocr_par' dir='ltr' id='par_1_59' title="bbox 306 3336 3586 3428">
     <span class='ocr_line' id='line_1_59' title="bbox 306 3336 3586 3428; baseline -0.007 -14"><span class='ocrx_word' id='word_1_499' title='bbox 306 3357 626 3414; x_wconf 82' lang='lat' dir='ltr'><strong>communia</strong></span> <span class='ocrx_word' id='word_1_500' title='bbox 652 3336 810 3414; x_wconf 83' lang='lat' dir='ltr'><strong>nobis</strong></span> <span class='ocrx_word' id='word_1_501' title='bbox 834 3365 980 3413; x_wconf 86' lang='lat' dir='ltr'><strong>sunt.</strong></span> <span class='ocrx_word' id='word_1_502' title='bbox 1009 3355 1126 3415; x_wconf 88' lang='lat' dir='ltr'><strong>Una</strong></span> <span class='ocrx_word' id='word_1_503' title='bbox 1150 3355 1369 3427; x_wconf 89' lang='lat' dir='ltr'><strong>quidem</strong></span> <span class='ocrx_word' id='word_1_504' title='bbox 1397 3369 1463 3412; x_wconf 85' lang='lat' dir='ltr'><strong>ex</strong></span> <span class='ocrx_word' id='word_1_505' title='bbox 1490 3364 1647 3428; x_wconf 89' lang='lat' dir='ltr'><strong>parte</strong></span> <span class='ocrx_word' id='word_1_506' title='bbox 1672 3354 1895 3426; x_wconf 84' lang='lat' dir='ltr'><strong>diligen-</strong></span> <span class='ocrx_word' id='word_1_507' title='bbox 1944 3336 1955 3337; x_wconf 19' lang='grc' dir='ltr'>ί</span> <span class='ocrx_word' id='word_1_508' title='bbox 2072 3349 2264 3407; x_wconf 83' lang='lat' dir='ltr'><strong>Omnia</strong></span> <span class='ocrx_word' id='word_1_509' title='bbox 2300 3366 2394 3422; x_wconf 88' lang='lat' dir='ltr'><strong>per</strong></span> <span class='ocrx_word' id='word_1_510' title='bbox 2431 3350 2600 3421; x_wconf 86' lang='lat' dir='ltr'><strong>ipsum</strong></span> <span class='ocrx_word' id='word_1_511' title='bbox 2634 3355 2699 3401; x_wconf 86' lang='lat' dir='ltr'><strong>et-</strong></span> <span class='ocrx_word' id='word_1_512' title='bbox 2722 3346 2780 3400; x_wconf 87' lang='lat' dir='ltr'><strong>in</strong></span> <span class='ocrx_word' id='word_1_513' title='bbox 2820 3345 2933 3415; x_wconf 87' lang='lat' dir='ltr'><strong>ipso</strong></span> <span class='ocrx_word' id='word_1_514' title='bbox 2966 3350 3145 3397; x_wconf 88' lang='lat' dir='ltr'><strong>creata</strong></span> <span class='ocrx_word' id='word_1_515' title='bbox 3180 3350 3322 3395; x_wconf 82' lang='lat' dir='ltr'><strong>sunt.</strong></span> <span class='ocrx_word' id='word_1_516' title='bbox 3347 3336 3586 3428; x_wconf 75' lang='lat' dir='ltr'><strong>(Ambr.)</strong></span> 
     </span>
    </p>
   </div>
   <div class='ocr_carea' id='block_1_60' title="bbox 311 3425 3584 3523">
    <p class='ocr_par' dir='ltr' id='par_1_60' title="bbox 311 3425 3584 3523">
     <span class='ocr_line' id='line_1_60' title="bbox 311 3425 3584 3523; baseline -0.007 -16"><span class='ocrx_word' id='word_1_517' title='bbox 311 3450 857 3509; x_wconf 86' lang='lat' dir='ltr'><strong>tibusenmomnibus</strong></span> <span class='ocrx_word' id='word_1_518' title='bbox 876 3457 1099 3523; x_wconf 88' lang='lat' dir='ltr'><strong>propter</strong></span> <span class='ocrx_word' id='word_1_519' title='bbox 1121 3425 1548 3505; x_wconf 73' lang='lat' dir='ltr'><strong>familiaritatem</strong></span> <span class='ocrx_word' id='word_1_520' title='bbox 1567 3447 1717 3504; x_wconf 91' lang='lat' dir='ltr'><strong>illam</strong></span> <span class='ocrx_word' id='word_1_521' title='bbox 1735 3425 1898 3519; x_wconf 80' lang='lat' dir='ltr'><strong>quam</strong></span> <span class='ocrx_word' id='word_1_522' title='bbox 1999 3442 2175 3499; x_wconf 85' lang='lat' dir='ltr'><strong>Nolite</strong></span> <span class='ocrx_word' id='word_1_523' title='bbox 2201 3441 2409 3505; x_wconf 87' lang='lat' dir='ltr'><strong>mirari,</strong></span> <span class='ocrx_word' id='word_1_524' title='bbox 2438 3438 2634 3510; x_wconf 85' lang='lat' dir='ltr'><strong>inquit,</strong></span> <span class='ocrx_word' id='word_1_525' title='bbox 2659 3451 2769 3493; x_wconf 90' lang='lat' dir='ltr'><strong>non</strong></span> <span class='ocrx_word' id='word_1_526' title='bbox 2795 3435 2942 3491; x_wconf 90' lang='lat' dir='ltr'><strong>enim</strong></span> <span class='ocrx_word' id='word_1_527' title='bbox 2965 3449 3034 3489; x_wconf 89' lang='lat' dir='ltr'><strong>cx</strong></span> <span class='ocrx_word' id='word_1_528' title='bbox 3055 3448 3116 3489; x_wconf 91' lang='lat' dir='ltr'><strong>se</strong></span> <span class='ocrx_word' id='word_1_529' title='bbox 3146 3430 3221 3486; x_wconf 88' lang='lat' dir='ltr'><strong>illi</strong></span> <span class='ocrx_word' id='word_1_530' title='bbox 3257 3438 3343 3487; x_wconf 91' lang='lat' dir='ltr'><strong>est</strong></span> <span class='ocrx_word' id='word_1_531' title='bbox 3364 3428 3469 3485; x_wconf 88' lang='lat' dir='ltr'><strong>ista</strong></span> <span class='ocrx_word' id='word_1_532' title='bbox 3496 3425 3584 3483; x_wconf 83' lang='lat' dir='ltr'><strong>di-</strong></span> 
     </span>
    </p>
   </div>
   <div class='ocr_carea' id='block_1_61' title="bbox 307 3541 1898 3616">
    <p class='ocr_par' dir='ltr' id='par_1_61' title="bbox 307 3541 1898 3616">
     <span class='ocr_line' id='line_1_61' title="bbox 307 3541 1898 3616; baseline -0.003 -16"><span class='ocrx_word' id='word_1_533' title='bbox 307 3546 381 3602; x_wconf 88' lang='lat' dir='ltr'><strong>ad</strong></span> <span class='ocrx_word' id='word_1_534' title='bbox 408 3560 536 3602; x_wconf 88' lang='lat' dir='ltr'><strong>eum</strong></span> <span class='ocrx_word' id='word_1_535' title='bbox 560 3544 762 3600; x_wconf 88' lang='lat' dir='ltr'><strong>habere</strong></span> <span class='ocrx_word' id='word_1_536' title='bbox 790 3550 1104 3616; x_wconf 90' lang='lat' dir='ltr'><strong>potuerunt,</strong></span> <span class='ocrx_word' id='word_1_537' title='bbox 1130 3543 1289 3614; x_wconf 89' lang='lat' dir='ltr'><strong>quasi</strong></span> <span class='ocrx_word' id='word_1_538' title='bbox 1316 3543 1385 3599; x_wconf 89' lang='lat' dir='ltr'><strong>ad</strong></span> <span class='ocrx_word' id='word_1_539' title='bbox 1423 3541 1701 3598; x_wconf 90' lang='lat' dir='ltr'><strong>hominem</strong></span> <span class='ocrx_word' id='word_1_540' title='bbox 1726 3556 1794 3598; x_wconf 81' lang='lat' dir='ltr'><strong>ex</strong></span> <span class='ocrx_word' id='word_1_541' title='bbox 1817 3541 1898 3596; x_wconf 90' lang='lat' dir='ltr'><strong>vi-</strong></span> 
     </span>
    </p>
   </div>
   <div class='ocr_carea' id='block_1_62' title="bbox 309 3632 1899 3701">
    <p class='ocr_par' dir='ltr' id='par_1_62' title="bbox 309 3632 1899 3701">
     <span class='ocr_line' id='line_1_62' title="bbox 309 3632 1899 3701; baseline -0.001 -9"><span class='ocrx_word' id='word_1_542' title='bbox 309 3637 462 3693; x_wconf 87' lang='lat' dir='ltr'><strong>sibili</strong></span> <span class='ocrx_word' id='word_1_543' title='bbox 488 3645 683 3692; x_wconf 87' lang='lat' dir='ltr'><strong>natura</strong></span> <span class='ocrx_word' id='word_1_544' title='bbox 702 3643 759 3692; x_wconf 89' lang='lat' dir='ltr'><strong>et</strong></span> <span class='ocrx_word' id='word_1_545' title='bbox 777 3634 1035 3691; x_wconf 88' lang='lat' dir='ltr'><strong>invisibili</strong></span> <span class='ocrx_word' id='word_1_546' title='bbox 1060 3635 1391 3691; x_wconf 88' lang='lat' dir='ltr'><strong>consistente</strong></span> <span class='ocrx_word' id='word_1_547' title='bbox 1410 3633 1544 3701; x_wconf 89' lang='lat' dir='ltr'><strong>Deo,</strong></span> <span class='ocrx_word' id='word_1_548' title='bbox 1572 3632 1745 3690; x_wconf 87' lang='lat' dir='ltr'><strong>altera</strong></span> <span class='ocrx_word' id='word_1_549' title='bbox 1768 3648 1899 3690; x_wconf 89' lang='lat' dir='ltr'><strong>vero</strong></span> 
     </span>
    </p>
   </div>
   <div class='ocr_carea' id='block_1_63' title="bbox 308 3725 1900 3798">
    <p class='ocr_par' dir='ltr' id='par_1_63' title="bbox 308 3725 1900 3798">
     <span class='ocr_line' id='line_1_63' title="bbox 308 3725 1900 3798; baseline -0.005 -11"><span class='ocrx_word' id='word_1_550' title='bbox 308 3746 438 3787; x_wconf 88' lang='lat' dir='ltr'><strong>cum</strong></span> <span class='ocrx_word' id='word_1_551' title='bbox 461 3728 632 3785; x_wconf 90' lang='lat' dir='ltr'><strong>multo</strong></span> <span class='ocrx_word' id='word_1_552' title='bbox 654 3728 847 3784; x_wconf 90' lang='lat' dir='ltr'><strong>timore</strong></span> <span class='ocrx_word' id='word_1_553' title='bbox 871 3728 940 3783; x_wconf 91' lang='lat' dir='ltr'><strong>ad</strong></span> <span class='ocrx_word' id='word_1_554' title='bbox 960 3742 1081 3782; x_wconf 91' lang='lat' dir='ltr'><strong>eum</strong></span> <span class='ocrx_word' id='word_1_555' title='bbox 1105 3726 1385 3783; x_wconf 86' lang='lat' dir='ltr'><strong>conversis</strong></span> <span class='ocrx_word' id='word_1_556' title='bbox 1400 3725 1650 3781; x_wconf 88' lang='lat' dir='ltr'><strong>omnibus</strong></span> <span class='ocrx_word' id='word_1_557' title='bbox 1674 3734 1900 3798; x_wconf 90' lang='lat' dir='ltr'><strong>propter</strong></span> 
     </span>
    </p>
   </div>
   <div class='ocr_carea' id='block_1_64' title="bbox 308 3817 1896 3894">
    <p class='ocr_par' dir='ltr' id='par_1_64' title="bbox 308 3817 1896 3894">
     <span class='ocr_line' id='line_1_64' title="bbox 308 3817 1896 3894; baseline -0.004 -15"><span class='ocrx_word' id='word_1_558' title='bbox 308 3820 673 3894; x_wconf 73' lang='lat' dir='ltr'><strong>inseperabile</strong></span> <span class='ocrx_word' id='word_1_559' title='bbox 686 3819 782 3876; x_wconf 88' lang='lat' dir='ltr'><strong>Dei</strong></span> <span class='ocrx_word' id='word_1_560' title='bbox 792 3819 1036 3886; x_wconf 82' lang='lat' dir='ltr'><strong>verbum,</strong></span> <span class='ocrx_word' id='word_1_561' title='bbox 1058 3819 1201 3890; x_wconf 87' lang='lat' dir='ltr'><strong>quod</strong></span> <span class='ocrx_word' id='word_1_562' title='bbox 1216 3818 1357 3874; x_wconf 90' lang='lat' dir='ltr'><strong>inest</strong></span> <span class='ocrx_word' id='word_1_563' title='bbox 1378 3817 1428 3872; x_wconf 92' lang='lat' dir='ltr'><strong>ei</strong></span> <span class='ocrx_word' id='word_1_564' title='bbox 1447 3817 1719 3889; x_wconf 88' lang='lat' dir='ltr'><strong>junctum,</strong></span> <span class='ocrx_word' id='word_1_565' title='bbox 1756 3817 1896 3872; x_wconf 86' lang='lat' dir='ltr'><strong>unde</strong></span> 
     </span>
    </p>
   </div>
   <div class='ocr_carea' id='block_1_65' title="bbox 305 3908 1899 3982">
    <p class='ocr_par' dir='ltr' id='par_1_65' title="bbox 305 3908 1899 3982">
     <span class='ocr_line' id='line_1_65' title="bbox 305 3908 1899 3982; baseline -0.005 -13"><span class='ocrx_word' id='word_1_566' title='bbox 305 3915 520 3982; x_wconf 85' lang='lat' dir='ltr'><strong>dicens,</strong></span> <span class='ocrx_word' id='word_1_567' title='bbox 534 3912 731 3978; x_wconf 85' lang='lat' dir='ltr'><strong>omnia,</strong></span> <span class='ocrx_word' id='word_1_568' title='bbox 761 3909 978 3981; x_wconf 85' lang='lat' dir='ltr'><strong>adjecit,</strong></span> <span class='ocrx_word' id='word_1_569' title='bbox 998 3926 1116 3982; x_wconf 77' lang='lat' dir='ltr'><strong>qua:</strong></span> <span class='ocrx_word' id='word_1_570' title='bbox 1140 3911 1197 3964; x_wconf 86' lang='lat' dir='ltr'><strong>in</strong></span> <span class='ocrx_word' id='word_1_571' title='bbox 1225 3908 1365 3963; x_wconf 66' lang='lat' dir='ltr'><strong>cretis</strong></span> <span class='ocrx_word' id='word_1_572' title='bbox 1388 3918 1510 3963; x_wconf 87' lang='lat' dir='ltr'><strong>sunt</strong></span> <span class='ocrx_word' id='word_1_573' title='bbox 1534 3919 1582 3963; x_wconf 91' lang='lat' dir='ltr'><strong>et</strong></span> <span class='ocrx_word' id='word_1_574' title='bbox 1603 3923 1722 3981; x_wconf 69' lang='lat' dir='ltr'><strong>qua:</strong></span> <span class='ocrx_word' id='word_1_575' title='bbox 1742 3924 1899 3979; x_wconf 81' lang='lat' dir='ltr'><strong>super</strong></span> 
     </span>
    </p>
   </div>
   <div class='ocr_carea' id='block_1_66' title="bbox 302 3999 1892 4079">
    <p class='ocr_par' dir='ltr' id='par_1_66' title="bbox 302 3999 1892 4079">
     <span class='ocr_line' id='line_1_66' title="bbox 302 3999 1892 4079; baseline -0.004 -17"><span class='ocrx_word' id='word_1_576' title='bbox 302 4017 506 4062; x_wconf 73' lang='lat' dir='ltr'><strong>terram</strong></span> <span class='ocrx_word' id='word_1_577' title='bbox 520 4022 539 4060; x_wconf 89' lang='lat'><strong><em>:</em></strong></span> <span class='ocrx_word' id='word_1_578' title='bbox 566 4014 622 4062; x_wconf 89' lang='lat' dir='ltr'><strong>et</strong></span> <span class='ocrx_word' id='word_1_579' title='bbox 643 4006 772 4077; x_wconf 88' lang='lat' dir='ltr'><strong>quia</strong></span> <span class='ocrx_word' id='word_1_580' title='bbox 795 4004 1062 4061; x_wconf 85' lang='lat' dir='ltr'><strong>incertum</strong></span> <span class='ocrx_word' id='word_1_581' title='bbox 1074 4010 1192 4068; x_wconf 87' lang='lat' dir='ltr'><strong>erat</strong></span> <span class='ocrx_word' id='word_1_582' title='bbox 1206 3999 1335 4056; x_wconf 91' lang='lat' dir='ltr'><strong>illud</strong></span> <span class='ocrx_word' id='word_1_583' title='bbox 1347 4000 1493 4071; x_wconf 91' lang='lat' dir='ltr'><strong>quod</strong></span> <span class='ocrx_word' id='word_1_584' title='bbox 1509 4001 1564 4055; x_wconf 90' lang='lat' dir='ltr'><strong>in</strong></span> <span class='ocrx_word' id='word_1_585' title='bbox 1587 4000 1741 4055; x_wconf 70' lang='lat' dir='ltr'><strong>ctelis</strong></span> <span class='ocrx_word' id='word_1_586' title='bbox 1753 4009 1892 4079; x_wconf 80' lang='lat' dir='ltr'><strong>erat,</strong></span> 
     </span>
    </p>
   </div>
   <div class='ocr_carea' id='block_1_67' title="bbox 300 4094 1893 4171">
    <p class='ocr_par' dir='ltr' id='par_1_67' title="bbox 300 4094 1893 4171">
     <span class='ocr_line' id='line_1_67' title="bbox 300 4094 1893 4171; baseline -0.003 -16"><span class='ocrx_word' id='word_1_587' title='bbox 300 4109 362 4155; x_wconf 86' lang='lat' dir='ltr'><strong>et</strong></span> <span class='ocrx_word' id='word_1_588' title='bbox 386 4099 536 4171; x_wconf 86' lang='lat' dir='ltr'><strong>quod</strong></span> <span class='ocrx_word' id='word_1_589' title='bbox 560 4112 724 4170; x_wconf 90' lang='lat' dir='ltr'><strong>super</strong></span> <span class='ocrx_word' id='word_1_590' title='bbox 742 4106 973 4165; x_wconf 79' lang='lat' dir='ltr'><strong>terram,</strong></span> <span class='ocrx_word' id='word_1_591' title='bbox 995 4096 1075 4151; x_wconf 90' lang='lat' dir='ltr'><strong>uti</strong></span> <span class='ocrx_word' id='word_1_592' title='bbox 1101 4111 1225 4152; x_wconf 89' lang='lat' dir='ltr'><strong>cum</strong></span> <span class='ocrx_word' id='word_1_593' title='bbox 1251 4095 1319 4150; x_wconf 90' lang='lat' dir='ltr'><strong>de</strong></span> <span class='ocrx_word' id='word_1_594' title='bbox 1344 4094 1647 4150; x_wconf 89' lang='lat' dir='ltr'><strong>visibilihus</strong></span> <span class='ocrx_word' id='word_1_595' title='bbox 1667 4095 1893 4161; x_wconf 88' lang='lat' dir='ltr'><strong>diceret,</strong></span> 
     </span>
    </p>
   </div>
   <div class='ocr_carea' id='block_1_68' title="bbox 302 4187 1894 4261">
    <p class='ocr_par' dir='ltr' id='par_1_68' title="bbox 302 4187 1894 4261">
     <span class='ocr_line' id='line_1_68' title="bbox 302 4187 1894 4261; baseline -0.003 -13"><span class='ocrx_word' id='word_1_596' title='bbox 302 4201 403 4249; x_wconf 88' lang='lat' dir='ltr'><strong>aut</strong></span> <span class='ocrx_word' id='word_1_597' title='bbox 432 4194 501 4248; x_wconf 87' lang='lat' dir='ltr'><strong>de</strong></span> <span class='ocrx_word' id='word_1_598' title='bbox 524 4191 884 4249; x_wconf 90' lang='lat' dir='ltr'><strong>invisibilihus</strong></span> <span class='ocrx_word' id='word_1_599' title='bbox 906 4206 974 4248; x_wconf 89' lang='lat' dir='ltr'><strong>eo</strong></span> <span class='ocrx_word' id='word_1_600' title='bbox 995 4190 1139 4261; x_wconf 89' lang='lat' dir='ltr'><strong>quod</strong></span> <span class='ocrx_word' id='word_1_601' title='bbox 1171 4197 1297 4246; x_wconf 91' lang='lat' dir='ltr'><strong>sunt</strong></span> <span class='ocrx_word' id='word_1_602' title='bbox 1317 4196 1375 4244; x_wconf 91' lang='lat' dir='ltr'><strong>et</strong></span> <span class='ocrx_word' id='word_1_603' title='bbox 1417 4189 1471 4243; x_wconf 88' lang='lat' dir='ltr'><strong>in</strong></span> <span class='ocrx_word' id='word_1_604' title='bbox 1499 4187 1639 4246; x_wconf 71' lang='lat' dir='ltr'><strong>cmlo</strong></span> <span class='ocrx_word' id='word_1_605' title='bbox 1670 4203 1791 4259; x_wconf 67' lang='lat' dir='ltr'><strong>qua:</strong></span> <span class='ocrx_word' id='word_1_606' title='bbox 1816 4190 1894 4243; x_wconf 88' lang='lat' dir='ltr'><strong>vi-</strong></span> 
     </span>
    </p>
   </div>
   <div class='ocr_carea' id='block_1_69' title="bbox 1999 3528 3582 3607">
    <p class='ocr_par' dir='ltr' id='par_1_69' title="bbox 1999 3528 3582 3607">
     <span class='ocr_line' id='line_1_69' title="bbox 1999 3528 3582 3607; baseline -0.011 -16"><span class='ocrx_word' id='word_1_607' title='bbox 1999 3535 2196 3607; x_wconf 88' lang='lat' dir='ltr'><strong>gnitas,</strong></span> <span class='ocrx_word' id='word_1_608' title='bbox 2231 3533 2326 3589; x_wconf 89' lang='lat' dir='ltr'><strong>sed</strong></span> <span class='ocrx_word' id='word_1_609' title='bbox 2356 3537 2578 3604; x_wconf 81' lang='lat' dir='ltr'><strong>propter</strong></span> <span class='ocrx_word' id='word_1_610' title='bbox 2601 3528 2995 3585; x_wconf 85' lang='lat' dir='ltr'><strong>inhabitantem</strong></span> <span class='ocrx_word' id='word_1_611' title='bbox 3021 3531 3273 3580; x_wconf 87' lang='lat' dir='ltr'><strong>naturam</strong></span> <span class='ocrx_word' id='word_1_612' title='bbox 3297 3536 3396 3593; x_wconf 91' lang='lat' dir='ltr'><strong>per</strong></span> <span class='ocrx_word' id='word_1_613' title='bbox 3420 3533 3582 3601; x_wconf 72' lang='lat' dir='ltr'><strong>quam</strong></span> 
     </span>
    </p>
   </div>
   <div class='ocr_carea' id='block_1_70' title="bbox 1996 3611 3579 3692">
    <p class='ocr_par' dir='ltr' id='par_1_70' title="bbox 1996 3611 3579 3692">
     <span class='ocr_line' id='line_1_70' title="bbox 1996 3611 3579 3692; baseline -0.011 -10"><span class='ocrx_word' id='word_1_614' title='bbox 1996 3626 2177 3683; x_wconf 89' lang='lat' dir='ltr'><strong>omnia</strong></span> <span class='ocrx_word' id='word_1_615' title='bbox 2202 3623 2345 3680; x_wconf 86' lang='lat' dir='ltr'><strong>facta</strong></span> <span class='ocrx_word' id='word_1_616' title='bbox 2371 3631 2516 3688; x_wconf 88' lang='lat' dir='ltr'><strong>sunt,</strong></span> <span class='ocrx_word' id='word_1_617' title='bbox 2551 3622 2621 3678; x_wconf 90' lang='lat' dir='ltr'><strong>ad</strong></span> <span class='ocrx_word' id='word_1_618' title='bbox 2646 3633 2809 3692; x_wconf 87' lang='lat' dir='ltr'><strong>quem</strong></span> <span class='ocrx_word' id='word_1_619' title='bbox 2836 3618 3001 3675; x_wconf 90' lang='lat' dir='ltr'><strong>etiam</strong></span> <span class='ocrx_word' id='word_1_620' title='bbox 3039 3615 3224 3673; x_wconf 90' lang='lat' dir='ltr'><strong>omnia</strong></span> <span class='ocrx_word' id='word_1_621' title='bbox 3250 3611 3579 3683; x_wconf 90' lang='lat' dir='ltr'><strong>respiciunt,</strong></span> 
     </span>
    </p>
   </div>
   <div class='ocr_carea' id='block_1_71' title="bbox 1997 3704 3575 3796">
    <p class='ocr_par' dir='ltr' id='par_1_71' title="bbox 1997 3704 3575 3796">
     <span class='ocr_line' id='line_1_71' title="bbox 1997 3704 3575 3796; baseline -0.011 -17"><span class='ocrx_word' id='word_1_622' title='bbox 1997 3739 2226 3796; x_wconf 82' lang='lat' dir='ltr'><strong>quaeque</strong></span> <span class='ocrx_word' id='word_1_623' title='bbox 2247 3721 2391 3779; x_wconf 82' lang='lat' dir='ltr'><strong>facta</strong></span> <span class='ocrx_word' id='word_1_624' title='bbox 2419 3728 2549 3778; x_wconf 89' lang='lat' dir='ltr'><strong>sunt</strong></span> <span class='ocrx_word' id='word_1_625' title='bbox 2568 3735 2724 3776; x_wconf 88' lang='lat' dir='ltr'><strong>suum</strong></span> <span class='ocrx_word' id='word_1_626' title='bbox 2751 3715 3002 3774; x_wconf 86' lang='lat' dir='ltr'><strong>eumdem</strong></span> <span class='ocrx_word' id='word_1_627' title='bbox 3032 3712 3316 3769; x_wconf 90' lang='lat' dir='ltr'><strong>Dominum</strong></span> <span class='ocrx_word' id='word_1_628' title='bbox 3331 3723 3452 3765; x_wconf 88' lang='lat' dir='ltr'><strong>esse</strong></span> <span class='ocrx_word' id='word_1_629' title='bbox 3463 3704 3575 3763; x_wconf 76' lang='lat' dir='ltr'><strong>exi-</strong></span> 
     </span>
    </p>
   </div>
   <div class='ocr_carea' id='block_1_72' title="bbox 1997 3804 3581 3884">
    <p class='ocr_par' dir='ltr' id='par_1_72' title="bbox 1997 3804 3581 3884">
     <span class='ocr_line' id='line_1_72' title="bbox 1997 3804 3581 3884; baseline -0.011 -12"><span class='ocrx_word' id='word_1_630' title='bbox 1997 3817 2303 3882; x_wconf 87' lang='lat' dir='ltr'><strong>stimantes,</strong></span> <span class='ocrx_word' id='word_1_631' title='bbox 2331 3823 2387 3870; x_wconf 91' lang='lat' dir='ltr'><strong>et</strong></span> <span class='ocrx_word' id='word_1_632' title='bbox 2424 3813 2652 3884; x_wconf 87' lang='lat' dir='ltr'><strong>amplius</strong></span> <span class='ocrx_word' id='word_1_633' title='bbox 2692 3810 2823 3865; x_wconf 90' lang='lat' dir='ltr'><strong>illud</strong></span> <span class='ocrx_word' id='word_1_634' title='bbox 2859 3822 3085 3879; x_wconf 88' lang='lat' dir='ltr'><strong>augens,</strong></span> <span class='ocrx_word' id='word_1_635' title='bbox 3111 3814 3169 3861; x_wconf 92' lang='lat' dir='ltr'><strong>et</strong></span> <span class='ocrx_word' id='word_1_636' title='bbox 3191 3804 3306 3877; x_wconf 87' lang='lat' dir='ltr'><strong>ipse</strong></span> <span class='ocrx_word' id='word_1_637' title='bbox 3329 3809 3416 3858; x_wconf 90' lang='lat' dir='ltr'><strong>est</strong></span> <span class='ocrx_word' id='word_1_638' title='bbox 3454 3807 3581 3855; x_wconf 87' lang='lat' dir='ltr'><strong>ante</strong></span> 
     </span>
    </p>
   </div>
   <div class='ocr_carea' id='block_1_73' title="bbox 1996 3891 3580 3974">
    <p class='ocr_par' dir='ltr' id='par_1_73' title="bbox 1996 3891 3580 3974">
     <span class='ocr_line' id='line_1_73' title="bbox 1996 3891 3580 3974; baseline -0.012 -10"><span class='ocrx_word' id='word_1_639' title='bbox 1996 3922 2187 3964; x_wconf 90' lang='lat' dir='ltr'><strong>omnes</strong></span> <span class='ocrx_word' id='word_1_640' title='bbox 2213 3915 2271 3962; x_wconf 90' lang='lat' dir='ltr'><strong>et</strong></span> <span class='ocrx_word' id='word_1_641' title='bbox 2305 3904 2488 3961; x_wconf 89' lang='lat' dir='ltr'><strong>omnia</strong></span> <span class='ocrx_word' id='word_1_642' title='bbox 2530 3904 2586 3958; x_wconf 92' lang='lat' dir='ltr'><strong>in</strong></span> <span class='ocrx_word' id='word_1_643' title='bbox 2626 3903 2744 3974; x_wconf 88' lang='lat' dir='ltr'><strong>ipso</strong></span> <span class='ocrx_word' id='word_1_644' title='bbox 2783 3899 3112 3963; x_wconf 91' lang='lat' dir='ltr'><strong>consistunt,</strong></span> <span class='ocrx_word' id='word_1_645' title='bbox 3156 3904 3218 3950; x_wconf 92' lang='lat' dir='ltr'><strong>ut</strong></span> <span class='ocrx_word' id='word_1_646' title='bbox 3265 3894 3431 3959; x_wconf 90' lang='lat' dir='ltr'><strong>dicat,</strong></span> <span class='ocrx_word' id='word_1_647' title='bbox 3463 3891 3580 3963; x_wconf 88' lang='lat' dir='ltr'><strong>ipse</strong></span> 
     </span>
    </p>
   </div>
   <div class='ocr_carea' id='block_1_74' title="bbox 1996 3982 3582 4063">
    <p class='ocr_par' dir='ltr' id='par_1_74' title="bbox 1996 3982 3582 4063">
     <span class='ocr_line' id='line_1_74' title="bbox 1996 3982 3582 4063; baseline -0.014 -6"><span class='ocrx_word' id='word_1_648' title='bbox 1996 4010 2123 4057; x_wconf 91' lang='lat' dir='ltr'><strong>ante</strong></span> <span class='ocrx_word' id='word_1_649' title='bbox 2161 4015 2350 4056; x_wconf 89' lang='lat' dir='ltr'><strong>omnes</strong></span> <span class='ocrx_word' id='word_1_650' title='bbox 2375 4008 2600 4055; x_wconf 73' lang='lat' dir='ltr'><strong>exstans</strong></span> <span class='ocrx_word' id='word_1_651' title='bbox 2625 3994 2810 4051; x_wconf 85' lang='lat' dir='ltr'><strong>omnia</strong></span> <span class='ocrx_word' id='word_1_652' title='bbox 2835 3989 3110 4063; x_wconf 90' lang='lat' dir='ltr'><strong>produxit,</strong></span> <span class='ocrx_word' id='word_1_653' title='bbox 3139 3996 3194 4042; x_wconf 91' lang='lat' dir='ltr'><strong>et</strong></span> <span class='ocrx_word' id='word_1_654' title='bbox 3238 3987 3292 4042; x_wconf 80' lang='lat' dir='ltr'><strong>in</strong></span> <span class='ocrx_word' id='word_1_655' title='bbox 3317 3983 3435 4054; x_wconf 89' lang='lat' dir='ltr'><strong>ejus</strong></span> <span class='ocrx_word' id='word_1_656' title='bbox 3474 3982 3582 4037; x_wconf 86' lang='lat' dir='ltr'><strong>vir-</strong></span> 
     </span>
    </p>
   </div>
   <div class='ocr_carea' id='block_1_75' title="bbox 1994 4077 3579 4152">
    <p class='ocr_par' dir='ltr' id='par_1_75' title="bbox 1994 4077 3579 4152">
     <span class='ocr_line' id='line_1_75' title="bbox 1994 4077 3579 4152; baseline -0.013 -2"><span class='ocrx_word' id='word_1_657' title='bbox 1994 4103 2110 4150; x_wconf 90' lang='lat' dir='ltr'><strong>tute</strong></span> <span class='ocrx_word' id='word_1_658' title='bbox 2129 4094 2313 4150; x_wconf 86' lang='lat' dir='ltr'><strong>omnia</strong></span> <span class='ocrx_word' id='word_1_659' title='bbox 2341 4100 2399 4149; x_wconf 89' lang='lat' dir='ltr'><strong>ut</strong></span> <span class='ocrx_word' id='word_1_660' title='bbox 2423 4090 2727 4147; x_wconf 88' lang='lat' dir='ltr'><strong>consistant</strong></span> <span class='ocrx_word' id='word_1_661' title='bbox 2740 4087 2938 4143; x_wconf 89' lang='lat' dir='ltr'><strong>habere</strong></span> <span class='ocrx_word' id='word_1_662' title='bbox 2958 4081 3229 4138; x_wconf 88' lang='lat' dir='ltr'><strong>videntur.</strong></span> <span class='ocrx_word' id='word_1_663' title='bbox 3248 4077 3413 4152; x_wconf 71' lang='lat' dir='ltr'><strong>(Sen)</strong></span> <span class='ocrx_word' id='word_1_664' title='bbox 3437 4077 3579 4131; x_wconf 84' lang='lat' dir='ltr'><strong>Ante</strong></span> 
     </span>
    </p>
   </div>
   <div class='ocr_carea' id='block_1_76' title="bbox 1995 4169 3578 4254">
    <p class='ocr_par' dir='ltr' id='par_1_76' title="bbox 1995 4169 3578 4254">
     <span class='ocr_line' id='line_1_76' title="bbox 1995 4169 3578 4254; baseline -0.013 -12"><span class='ocrx_word' id='word_1_665' title='bbox 1995 4185 2359 4243; x_wconf 90' lang='lat' dir='ltr'><strong>conditionem</strong></span> <span class='ocrx_word' id='word_1_666' title='bbox 2383 4183 2542 4254; x_wconf 82' lang='lat' dir='ltr'><strong>hujus</strong></span> <span class='ocrx_word' id='word_1_667' title='bbox 2567 4178 2795 4237; x_wconf 87' lang='lat' dir='ltr'><strong>visibilis</strong></span> <span class='ocrx_word' id='word_1_668' title='bbox 2815 4182 3102 4241; x_wconf 61' lang='lat' dir='ltr'><strong>creaturae,</strong></span> <span class='ocrx_word' id='word_1_669' title='bbox 3131 4169 3421 4243; x_wconf 87' lang='lat' dir='ltr'><strong>spiritales,</strong></span> <span class='ocrx_word' id='word_1_670' title='bbox 3466 4182 3578 4223; x_wconf 75' lang='lat' dir='ltr'><strong>cm-</strong></span> 
     </span>
    </p>
   </div>
   <div class='ocr_carea' id='block_1_77' title="bbox 301 4258 3575 4355">
    <p class='ocr_par' dir='ltr' id='par_1_77' title="bbox 301 4258 3575 4355">
     <span class='ocr_line' id='line_1_77' title="bbox 301 4258 3575 4355; baseline -0.008 -16"><span class='ocrx_word' id='word_1_671' title='bbox 301 4284 533 4349; x_wconf 85' lang='lat' dir='ltr'><strong>dentur,</strong></span> <span class='ocrx_word' id='word_1_672' title='bbox 560 4291 745 4355; x_wconf 89' lang='lat' dir='ltr'><strong>utpote</strong></span> <span class='ocrx_word' id='word_1_673' title='bbox 770 4282 851 4339; x_wconf 93' lang='lat' dir='ltr'><strong>sol</strong></span> <span class='ocrx_word' id='word_1_674' title='bbox 876 4291 934 4339; x_wconf 90' lang='lat' dir='ltr'><strong>et</strong></span> <span class='ocrx_word' id='word_1_675' title='bbox 956 4258 1084 4338; x_wconf 72' lang='lat' dir='ltr'><strong>luna</strong></span> <span class='ocrx_word' id='word_1_676' title='bbox 1109 4291 1165 4339; x_wconf 92' lang='lat' dir='ltr'><strong>et</strong></span> <span class='ocrx_word' id='word_1_677' title='bbox 1190 4281 1378 4348; x_wconf 67' lang='lat' dir='ltr'><strong>stellae,</strong></span> <span class='ocrx_word' id='word_1_678' title='bbox 1411 4282 1593 4352; x_wconf 87' lang='lat' dir='ltr'><strong>posuit</strong></span> <span class='ocrx_word' id='word_1_679' title='bbox 1628 4258 1774 4336; x_wconf 89' lang='lat' dir='ltr'><strong>enim</strong></span> <span class='ocrx_word' id='word_1_680' title='bbox 1804 4281 1894 4338; x_wconf 90' lang='lat' dir='ltr'><strong>illa</strong></span> <span class='ocrx_word' id='word_1_681' title='bbox 1990 4274 2261 4347; x_wconf 89' lang='lat' dir='ltr'><strong>lestesque</strong></span> <span class='ocrx_word' id='word_1_682' title='bbox 2284 4275 2515 4329; x_wconf 88' lang='lat' dir='ltr'><strong>virtutes</strong></span> <span class='ocrx_word' id='word_1_683' title='bbox 2537 4268 2751 4327; x_wconf 89' lang='lat' dir='ltr'><strong>Domini</strong></span> <span class='ocrx_word' id='word_1_684' title='bbox 2792 4267 3008 4331; x_wconf 84' lang='lat' dir='ltr'><strong>fecisse,</strong></span> <span class='ocrx_word' id='word_1_685' title='bbox 3030 4278 3152 4334; x_wconf 69' lang='lat' dir='ltr'><strong>qua:</strong></span> <span class='ocrx_word' id='word_1_686' title='bbox 3190 4276 3288 4355; x_wconf 84' lang='lat' dir='ltr'><strong>pro</strong></span> <span class='ocrx_word' id='word_1_687' title='bbox 3314 4259 3417 4355; x_wconf 87' lang='lat' dir='ltr'><strong>hoc</strong></span> <span class='ocrx_word' id='word_1_688' title='bbox 3458 4258 3575 4355; x_wconf 84' lang='lat' dir='ltr'><strong>ipso</strong></span> 
     </span>
    </p>
   </div>
   <div class='ocr_carea' id='block_1_78' title="bbox 300 4351 3577 4444">
    <p class='ocr_par' dir='ltr' id='par_1_78' title="bbox 300 4351 3577 4444">
     <span class='ocr_line' id='line_1_78' title="bbox 300 4351 3577 4444; baseline -0.008 -14"><span class='ocrx_word' id='word_1_689' title='bbox 300 4374 361 4430; x_wconf 86' lang='lat' dir='ltr'><strong>in</strong></span> <span class='ocrx_word' id='word_1_690' title='bbox 386 4351 734 4429; x_wconf 77' lang='lat' dir='ltr'><strong>firmamento</strong></span> <span class='ocrx_word' id='word_1_691' title='bbox 759 4372 901 4437; x_wconf 73' lang='lat' dir='ltr'><strong>cceli,</strong></span> <span class='ocrx_word' id='word_1_692' title='bbox 929 4372 1271 4429; x_wconf 88' lang='lat' dir='ltr'><strong>manifestam</strong></span> <span class='ocrx_word' id='word_1_693' title='bbox 1301 4351 1508 4428; x_wconf 78' lang='lat' dir='ltr'><strong>faciens</strong></span> <span class='ocrx_word' id='word_1_694' title='bbox 1544 4372 1718 4444; x_wconf 88' lang='lat' dir='ltr'><strong>ipsam</strong></span> <span class='ocrx_word' id='word_1_695' title='bbox 1751 4373 1890 4429; x_wconf 88' lang='lat' dir='ltr'><strong>divi-</strong></span> <span class='ocrx_word' id='word_1_696' title='bbox 1990 4367 2134 4438; x_wconf 88' lang='lat' dir='ltr'><strong>quod</strong></span> <span class='ocrx_word' id='word_1_697' title='bbox 2155 4367 2358 4422; x_wconf 88' lang='lat' dir='ltr'><strong>scirent</strong></span> <span class='ocrx_word' id='word_1_698' title='bbox 2381 4380 2441 4420; x_wconf 90' lang='lat' dir='ltr'><strong>se</strong></span> <span class='ocrx_word' id='word_1_699' title='bbox 2484 4361 2553 4419; x_wconf 90' lang='lat' dir='ltr'><strong>ad</strong></span> <span class='ocrx_word' id='word_1_700' title='bbox 2583 4370 2789 4419; x_wconf 84' lang='lat' dir='ltr'><strong>tantam</strong></span> <span class='ocrx_word' id='word_1_701' title='bbox 2831 4355 3181 4415; x_wconf 84' lang='lat' dir='ltr'><strong>beatitudinis</strong></span> <span class='ocrx_word' id='word_1_702' title='bbox 3213 4352 3441 4426; x_wconf 86' lang='lat' dir='ltr'><strong>gloriam</strong></span> <span class='ocrx_word' id='word_1_703' title='bbox 3485 4351 3577 4407; x_wconf 87' lang='lat' dir='ltr'><strong>be-</strong></span> 
     </span>
    </p>
   </div>
   <div class='ocr_carea' id='block_1_79' title="bbox 301 4446 3575 4536">
    <p class='ocr_par' dir='ltr' id='par_1_79' title="bbox 301 4446 3575 4536">
     <span class='ocr_line' id='line_1_79' title="bbox 301 4446 3575 4536; baseline -0.003 -15"><span class='ocrx_word' id='word_1_704' title='bbox 301 4465 540 4531; x_wconf 86' lang='lat' dir='ltr'><strong>sionem,</strong></span> <span class='ocrx_word' id='word_1_705' title='bbox 573 4464 789 4536; x_wconf 83' lang='lat' dir='ltr'><strong>adjecit,</strong></span> <span class='ocrx_word' id='word_1_706' title='bbox 821 4464 1046 4520; x_wconf 84' lang='lat' dir='ltr'><strong>visibilia</strong></span> <span class='ocrx_word' id='word_1_707' title='bbox 1089 4477 1139 4520; x_wconf 85' lang='lat' dir='ltr'><strong>et</strong></span> <span class='ocrx_word' id='word_1_708' title='bbox 1167 4463 1486 4530; x_wconf 83' lang='lat' dir='ltr'><strong>invisibilia;</strong></span> <span class='ocrx_word' id='word_1_709' title='bbox 1513 4464 1617 4520; x_wconf 91' lang='lat' dir='ltr'><strong>hoc</strong></span> <span class='ocrx_word' id='word_1_710' title='bbox 1642 4475 1762 4533; x_wconf 81' lang='lat' dir='ltr'><strong>est,</strong></span> <span class='ocrx_word' id='word_1_711' title='bbox 1793 4465 1889 4523; x_wconf 90' lang='lat' dir='ltr'><strong>illa</strong></span> <span class='ocrx_word' id='word_1_712' title='bbox 1988 4456 2188 4513; x_wconf 81' lang='lat' dir='ltr'><strong>neticio</strong></span> <span class='ocrx_word' id='word_1_713' title='bbox 2221 4453 2483 4512; x_wconf 73' lang='lat' dir='ltr'><strong>creatoris</strong></span> <span class='ocrx_word' id='word_1_714' title='bbox 2517 4467 2587 4508; x_wconf 80' lang='lat' dir='ltr'><strong>ex</strong></span> <span class='ocrx_word' id='word_1_715' title='bbox 2627 4448 2796 4506; x_wconf 84' lang='lat' dir='ltr'><strong>nihilo</strong></span> <span class='ocrx_word' id='word_1_716' title='bbox 2833 4447 2999 4503; x_wconf 81' lang='lat' dir='ltr'><strong>fuisse</strong></span> <span class='ocrx_word' id='word_1_717' title='bbox 3042 4446 3353 4536; x_wconf 65' lang='lat' dir='ltr'><strong>productas.</strong></span> <span class='ocrx_word' id='word_1_718' title='bbox 3382 4456 3575 4536; x_wconf 54' lang='lat' dir='ltr'><strong>pcipe-</strong></span> 
     </span>
    </p>
   </div>
   <div class='ocr_carea' id='block_1_80' title="bbox 297 4533 3573 4628">
    <p class='ocr_par' dir='ltr' id='par_1_80' title="bbox 297 4533 3573 4628">
     <span class='ocr_line' id='line_1_80' title="bbox 297 4533 3573 4628; baseline -0.008 -14"><span class='ocrx_word' id='word_1_719' title='bbox 297 4566 358 4614; x_wconf 89' lang='lat' dir='ltr'><strong>et</strong></span> <span class='ocrx_word' id='word_1_720' title='bbox 393 4558 499 4613; x_wconf 90' lang='lat' dir='ltr'><strong>ista</strong></span> <span class='ocrx_word' id='word_1_721' title='bbox 526 4533 707 4612; x_wconf 79' lang='lat' dir='ltr'><strong>omnia</strong></span> <span class='ocrx_word' id='word_1_722' title='bbox 734 4555 1018 4627; x_wconf 85' lang='lat' dir='ltr'><strong>conjuncta</strong></span> <span class='ocrx_word' id='word_1_723' title='bbox 1045 4564 1172 4612; x_wconf 89' lang='lat' dir='ltr'><strong>sunt</strong></span> <span class='ocrx_word' id='word_1_724' title='bbox 1196 4555 1421 4611; x_wconf 89' lang='lat' dir='ltr'><strong>ulterius</strong></span> <span class='ocrx_word' id='word_1_725' title='bbox 1445 4564 1500 4611; x_wconf 91' lang='lat' dir='ltr'><strong>et</strong></span> <span class='ocrx_word' id='word_1_726' title='bbox 1540 4555 1790 4628; x_wconf 87' lang='lat' dir='ltr'><strong>colligata</strong></span> <span class='ocrx_word' id='word_1_727' title='bbox 1830 4557 1885 4611; x_wconf 92' lang='lat' dir='ltr'><strong>in</strong></span> <span class='ocrx_word' id='word_1_728' title='bbox 1989 4557 2110 4604; x_wconf 89' lang='lat' dir='ltr'><strong>tuas</strong></span> <span class='ocrx_word' id='word_1_729' title='bbox 2136 4548 2187 4603; x_wconf 88' lang='lat' dir='ltr'><strong>ei</strong></span> <span class='ocrx_word' id='word_1_730' title='bbox 2212 4548 2414 4620; x_wconf 86' lang='lat' dir='ltr'><strong>gratias</strong></span> <span class='ocrx_word' id='word_1_731' title='bbox 2439 4544 2753 4609; x_wconf 81' lang='lat' dir='ltr'><strong>referentes,</strong></span> <span class='ocrx_word' id='word_1_732' title='bbox 2792 4539 3164 4598; x_wconf 89' lang='lat' dir='ltr'><strong>indesinenter</strong></span> <span class='ocrx_word' id='word_1_733' title='bbox 3184 4537 3302 4608; x_wconf 89' lang='lat' dir='ltr'><strong>ejus</strong></span> <span class='ocrx_word' id='word_1_734' title='bbox 3321 4533 3573 4628; x_wconf 84' lang='lat' dir='ltr'><strong>laudibus</strong></span> 
     </span>
    </p>
   </div>
   <div class='ocr_carea' id='block_1_81' title="bbox 295 4627 3571 4721">
    <p class='ocr_par' dir='ltr' id='par_1_81' title="bbox 295 4627 3571 4721">
     <span class='ocr_line' id='line_1_81' title="bbox 295 4627 3571 4721; baseline -0.007 -18"><span class='ocrx_word' id='word_1_735' title='bbox 295 4648 442 4721; x_wconf 87' lang='lat' dir='ltr'><strong>ipso.</strong></span> <span class='ocrx_word' id='word_1_736' title='bbox 492 4647 550 4704; x_wconf 88' lang='lat' dir='ltr'><strong>Si</strong></span> <span class='ocrx_word' id='word_1_737' title='bbox 576 4663 706 4705; x_wconf 89' lang='lat' dir='ltr'><strong>vero</strong></span> <span class='ocrx_word' id='word_1_738' title='bbox 734 4656 957 4721; x_wconf 87' lang='lat' dir='ltr'><strong>propter</strong></span> <span class='ocrx_word' id='word_1_739' title='bbox 984 4647 1368 4721; x_wconf 90' lang='lat' dir='ltr'><strong>cognitionem,</strong></span> <span class='ocrx_word' id='word_1_740' title='bbox 1413 4646 1528 4703; x_wconf 88' lang='lat' dir='ltr'><strong>sive</strong></span> <span class='ocrx_word' id='word_1_741' title='bbox 1570 4656 1628 4702; x_wconf 92' lang='lat' dir='ltr'><strong>et</strong></span> <span class='ocrx_word' id='word_1_742' title='bbox 1664 4627 1886 4718; x_wconf 86' lang='lat' dir='ltr'><strong>propter</strong></span> <span class='ocrx_word' id='word_1_743' title='bbox 1914 4634 1963 4695; x_wconf 86' lang='lat' dir='ltr'><strong>D</strong></span> <span class='ocrx_word' id='word_1_744' title='bbox 1989 4643 2334 4708; x_wconf 81' lang='lat' dir='ltr'><strong>inhaererent,</strong></span> <span class='ocrx_word' id='word_1_745' title='bbox 2362 4657 2523 4698; x_wconf 90' lang='lat' dir='ltr'><strong>nemo</strong></span> <span class='ocrx_word' id='word_1_746' title='bbox 2547 4638 2783 4695; x_wconf 85' lang='lat' dir='ltr'><strong>ﬁdelium</strong></span> <span class='ocrx_word' id='word_1_747' title='bbox 2809 4635 3039 4699; x_wconf 87' lang='lat' dir='ltr'><strong>dubitat,</strong></span> <span class='ocrx_word' id='word_1_748' title='bbox 3083 4646 3184 4687; x_wconf 89' lang='lat' dir='ltr'><strong>nec</strong></span> <span class='ocrx_word' id='word_1_749' title='bbox 3207 4628 3356 4721; x_wconf 88' lang='lat' dir='ltr'><strong>enim</strong></span> <span class='ocrx_word' id='word_1_750' title='bbox 3375 4627 3571 4721; x_wconf 61' lang='lat' dir='ltr'><strong>existi-</strong></span> 
     </span>
    </p>
   </div>
   <div class='ocr_carea' id='block_1_82' title="bbox 295 4737 1887 4813">
    <p class='ocr_par' dir='ltr' id='par_1_82' title="bbox 295 4737 1887 4813">
     <span class='ocr_line' id='line_1_82' title="bbox 295 4737 1887 4813; baseline -0.002 -16"><span class='ocrx_word' id='word_1_751' title='bbox 295 4741 643 4813; x_wconf 84' lang='lat' dir='ltr'><strong>dignitatem,</strong></span> <span class='ocrx_word' id='word_1_752' title='bbox 662 4750 717 4797; x_wconf 93' lang='lat' dir='ltr'><strong>et</strong></span> <span class='ocrx_word' id='word_1_753' title='bbox 737 4743 991 4813; x_wconf 89' lang='lat' dir='ltr'><strong>quoniam</strong></span> <span class='ocrx_word' id='word_1_754' title='bbox 1018 4740 1111 4796; x_wconf 90' lang='lat' dir='ltr'><strong>illa</strong></span> <span class='ocrx_word' id='word_1_755' title='bbox 1131 4754 1252 4810; x_wconf 71' lang='lat' dir='ltr'><strong>qua:</strong></span> <span class='ocrx_word' id='word_1_756' title='bbox 1274 4739 1505 4793; x_wconf 88' lang='lat' dir='ltr'><strong>visibilia</strong></span> <span class='ocrx_word' id='word_1_757' title='bbox 1531 4748 1690 4794; x_wconf 91' lang='lat' dir='ltr'><strong>erant</strong></span> <span class='ocrx_word' id='word_1_758' title='bbox 1714 4737 1887 4810; x_wconf 88' lang='lat' dir='ltr'><strong>magis</strong></span> 
     </span>
    </p>
   </div>
   <div class='ocr_carea' id='block_1_83' title="bbox 290 4828 1885 4902">
    <p class='ocr_par' dir='ltr' id='par_1_83' title="bbox 290 4828 1885 4902">
     <span class='ocr_line' id='line_1_83' title="bbox 290 4828 1885 4902; baseline -0.005 -10"><span class='ocrx_word' id='word_1_759' title='bbox 290 4843 450 4892; x_wconf 85' lang='lat' dir='ltr'><strong>certa</strong></span> <span class='ocrx_word' id='word_1_760' title='bbox 483 4848 604 4890; x_wconf 86' lang='lat' dir='ltr'><strong>esse</strong></span> <span class='ocrx_word' id='word_1_761' title='bbox 628 4833 971 4898; x_wconf 84' lang='lat' dir='ltr'><strong>videbantur,</strong></span> <span class='ocrx_word' id='word_1_762' title='bbox 999 4838 1184 4902; x_wconf 86' lang='lat' dir='ltr'><strong>utpote</strong></span> <span class='ocrx_word' id='word_1_763' title='bbox 1212 4829 1499 4885; x_wconf 79' lang='lat' dir='ltr'><strong>manifesta</strong></span> <span class='ocrx_word' id='word_1_764' title='bbox 1523 4837 1770 4885; x_wconf 88' lang='lat' dir='ltr'><strong>exstante</strong></span> <span class='ocrx_word' id='word_1_765' title='bbox 1804 4828 1885 4891; x_wconf 57' lang='lat' dir='ltr'><strong>fa.-</strong></span> 
     </span>
    </p>
   </div>
   <div class='ocr_carea' id='block_1_84' title="bbox 290 4921 1881 4998">
    <p class='ocr_par' dir='ltr' id='par_1_84' title="bbox 290 4921 1881 4998">
     <span class='ocr_line' id='line_1_84' title="bbox 290 4921 1881 4998; baseline -0.005 -13"><span class='ocrx_word' id='word_1_766' title='bbox 290 4928 610 4985; x_wconf 86' lang='lat' dir='ltr'><strong>miliaritate</strong></span> <span class='ocrx_word' id='word_1_767' title='bbox 658 4927 772 4995; x_wconf 90' lang='lat' dir='ltr'><strong>illa,</strong></span> <span class='ocrx_word' id='word_1_768' title='bbox 812 4941 934 4998; x_wconf 71' lang='lat' dir='ltr'><strong>qua:</strong></span> <span class='ocrx_word' id='word_1_769' title='bbox 963 4932 1081 4981; x_wconf 88' lang='lat' dir='ltr'><strong>erat</strong></span> <span class='ocrx_word' id='word_1_770' title='bbox 1119 4922 1188 4977; x_wconf 89' lang='lat' dir='ltr'><strong>ad</strong></span> <span class='ocrx_word' id='word_1_771' title='bbox 1228 4924 1401 4993; x_wconf 87' lang='lat' dir='ltr'><strong>ipsum</strong></span> <span class='ocrx_word' id='word_1_772' title='bbox 1446 4921 1751 4988; x_wconf 89' lang='lat' dir='ltr'><strong>hominem,</strong></span> <span class='ocrx_word' id='word_1_773' title='bbox 1787 4922 1881 4993; x_wconf 90' lang='lat' dir='ltr'><strong>qui</strong></span> 
     </span>
    </p>
   </div>
   <div class='ocr_carea' id='block_1_85' title="bbox 288 5008 1880 5091">
    <p class='ocr_par' dir='ltr' id='par_1_85' title="bbox 288 5008 1880 5091">
     <span class='ocr_line' id='line_1_85' title="bbox 288 5008 1880 5091; baseline -0.006 -13"><span class='ocrx_word' id='word_1_774' title='bbox 288 5008 531 5086; x_wconf 78' lang='lat' dir='ltr'><strong>videtur,</strong></span> <span class='ocrx_word' id='word_1_775' title='bbox 562 5017 978 5091; x_wconf 71' lang='lat' dir='ltr'><strong>praetermittens</strong></span> <span class='ocrx_word' id='word_1_776' title='bbox 1008 5018 1111 5071; x_wconf 92' lang='lat' dir='ltr'><strong>hoc</strong></span> <span class='ocrx_word' id='word_1_777' title='bbox 1132 5013 1204 5070; x_wconf 88' lang='lat' dir='ltr'><strong>ad</strong></span> <span class='ocrx_word' id='word_1_778' title='bbox 1226 5012 1515 5069; x_wconf 90' lang='lat' dir='ltr'><strong>invisibilia</strong></span> <span class='ocrx_word' id='word_1_779' title='bbox 1543 5013 1767 5079; x_wconf 87' lang='lat' dir='ltr'><strong>transit,</strong></span> <span class='ocrx_word' id='word_1_780' title='bbox 1811 5028 1880 5069; x_wconf 91' lang='lat' dir='ltr'><strong>eo</strong></span> 
     </span>
    </p>
   </div>
   <div class='ocr_carea' id='block_1_86' title="bbox 288 5104 1882 5188">
    <p class='ocr_par' dir='ltr' id='par_1_86' title="bbox 288 5104 1882 5188">
     <span class='ocr_line' id='line_1_86' title="bbox 288 5104 1882 5188; baseline -0.006 -17"><span class='ocrx_word' id='word_1_781' title='bbox 288 5114 441 5188; x_wconf 77' lang='lat' dir='ltr'><strong>quod</strong></span> <span class='ocrx_word' id='word_1_782' title='bbox 465 5114 534 5170; x_wconf 89' lang='lat' dir='ltr'><strong>de</strong></span> <span class='ocrx_word' id='word_1_783' title='bbox 561 5113 665 5169; x_wconf 90' lang='lat' dir='ltr'><strong>illis</strong></span> <span class='ocrx_word' id='word_1_784' title='bbox 689 5112 893 5168; x_wconf 89' lang='lat' dir='ltr'><strong>dictum</strong></span> <span class='ocrx_word' id='word_1_785' title='bbox 916 5110 1091 5181; x_wconf 82' lang='lat' dir='ltr'><strong>majus</strong></span> <span class='ocrx_word' id='word_1_786' title='bbox 1117 5121 1238 5163; x_wconf 90' lang='lat' dir='ltr'><strong>esse</strong></span> <span class='ocrx_word' id='word_1_787' title='bbox 1260 5105 1565 5162; x_wconf 88' lang='lat' dir='ltr'><strong>videbatur.</strong></span> <span class='ocrx_word' id='word_1_788' title='bbox 1587 5104 1882 5163; x_wconf 90' lang='lat' dir='ltr'><strong>Evidenter</strong></span> 
     </span>
    </p>
   </div>
   <div class='ocr_carea' id='block_1_87' title="bbox 287 5196 1877 5277">
    <p class='ocr_par' dir='ltr' id='par_1_87' title="bbox 287 5196 1877 5277">
     <span class='ocr_line' id='line_1_87' title="bbox 287 5196 1877 5277; baseline -0.008 -11"><span class='ocrx_word' id='word_1_789' title='bbox 287 5210 505 5266; x_wconf 83' lang='lat' dir='ltr'><strong>habens</strong></span> <span class='ocrx_word' id='word_1_790' title='bbox 550 5205 639 5263; x_wconf 91' lang='lat' dir='ltr'><strong>hic</strong></span> <span class='ocrx_word' id='word_1_791' title='bbox 669 5202 1053 5277; x_wconf 87' lang='lat' dir='ltr'><strong>magnitudinis</strong></span> <span class='ocrx_word' id='word_1_792' title='bbox 1092 5199 1306 5256; x_wconf 90' lang='lat' dir='ltr'><strong>illorum</strong></span> <span class='ocrx_word' id='word_1_793' title='bbox 1344 5196 1719 5268; x_wconf 89' lang='lat' dir='ltr'><strong>probationem</strong></span> <span class='ocrx_word' id='word_1_794' title='bbox 1757 5212 1877 5268; x_wconf 65' lang='lat' dir='ltr'><strong>quae</strong></span> 
     </span>
    </p>
   </div>
   <div class='ocr_carea' id='block_1_88' title="bbox 288 5287 1876 5374">
    <p class='ocr_par' dir='ltr' id='par_1_88' title="bbox 288 5287 1876 5374">
     <span class='ocr_line' id='line_1_88' title="bbox 288 5287 1876 5374; baseline -0.009 -18"><span class='ocrx_word' id='word_1_795' title='bbox 288 5317 393 5374; x_wconf 86' lang='lat' dir='ltr'><strong>per</strong></span> <span class='ocrx_word' id='word_1_796' title='bbox 416 5299 693 5355; x_wconf 87' lang='lat' dir='ltr'><strong>Christum</strong></span> <span class='ocrx_word' id='word_1_797' title='bbox 720 5304 847 5352; x_wconf 89' lang='lat' dir='ltr'><strong>sunt</strong></span> <span class='ocrx_word' id='word_1_798' title='bbox 879 5293 1107 5358; x_wconf 87' lang='lat' dir='ltr'><strong>directa,</strong></span> <span class='ocrx_word' id='word_1_799' title='bbox 1154 5298 1210 5346; x_wconf 90' lang='lat' dir='ltr'><strong>et</strong></span> <span class='ocrx_word' id='word_1_800' title='bbox 1241 5287 1541 5345; x_wconf 88' lang='lat' dir='ltr'><strong>invisibiles</strong></span> <span class='ocrx_word' id='word_1_801' title='bbox 1567 5295 1775 5343; x_wconf 70' lang='lat' dir='ltr'><strong>natura:</strong></span> <span class='ocrx_word' id='word_1_802' title='bbox 1819 5287 1876 5342; x_wconf 90' lang='lat' dir='ltr'><strong>in</strong></span> 
     </span>
    </p>
   </div>
   <div class='ocr_carea' id='block_1_89' title="bbox 286 5378 1875 5461">
    <p class='ocr_par' dir='ltr' id='par_1_89' title="bbox 286 5378 1875 5461">
     <span class='ocr_line' id='line_1_89' title="bbox 286 5378 1875 5461; baseline -0.009 -12"><span class='ocrx_word' id='word_1_803' title='bbox 286 5393 386 5450; x_wconf 90' lang='lat' dir='ltr'><strong>illo</strong></span> <span class='ocrx_word' id='word_1_804' title='bbox 418 5398 748 5461; x_wconf 89' lang='lat' dir='ltr'><strong>acceperunt</strong></span> <span class='ocrx_word' id='word_1_805' title='bbox 793 5387 1206 5444; x_wconf 86' lang='lat' dir='ltr'><strong>recreationem.</strong></span> <span class='ocrx_word' id='word_1_806' title='bbox 1257 5380 1439 5444; x_wconf 82' lang='lat' dir='ltr'><strong>Sedes,</strong></span> <span class='ocrx_word' id='word_1_807' title='bbox 1482 5380 1589 5434; x_wconf 84' lang='lat' dir='ltr'><strong>sive</strong></span> <span class='ocrx_word' id='word_1_808' title='bbox 1632 5378 1875 5435; x_wconf 80' lang='lat' dir='ltr'><strong>domina-</strong></span> 
     </span>
    </p>
   </div>
   <div class='ocr_carea' id='block_1_90' title="bbox 284 5470 1865 5554">
    <p class='ocr_par' dir='ltr' id='par_1_90' title="bbox 284 5470 1865 5554">
     <span class='ocr_line' id='line_1_90' title="bbox 284 5470 1865 5554; baseline -0.008 -14"><span class='ocrx_word' id='word_1_809' title='bbox 284 5486 479 5549; x_wconf 84' lang='lat' dir='ltr'><strong>tiones,</strong></span> <span class='ocrx_word' id='word_1_810' title='bbox 503 5480 845 5554; x_wconf 79' lang='lat' dir='ltr'><strong>principatus,</strong></span> <span class='ocrx_word' id='word_1_811' title='bbox 871 5480 976 5534; x_wconf 84' lang='lat' dir='ltr'><strong>sive</strong></span> <span class='ocrx_word' id='word_1_812' title='bbox 1001 5484 1301 5549; x_wconf 81' lang='lat' dir='ltr'><strong>potestates.</strong></span> <span class='ocrx_word' id='word_1_813' title='bbox 1328 5470 1483 5528; x_wconf 89' lang='lat' dir='ltr'><strong>Unde</strong></span> <span class='ocrx_word' id='word_1_814' title='bbox 1511 5487 1618 5528; x_wconf 91' lang='lat' dir='ltr'><strong>non</strong></span> <span class='ocrx_word' id='word_1_815' title='bbox 1643 5477 1728 5527; x_wconf 88' lang='lat' dir='ltr'><strong>est</strong></span> <span class='ocrx_word' id='word_1_816' title='bbox 1761 5486 1865 5528; x_wconf 90' lang='lat' dir='ltr'><strong>me-</strong></span> 
     </span>
    </p>
   </div>
   <div class='ocr_carea' id='block_1_91' title="bbox 284 5561 1877 5647">
    <p class='ocr_par' dir='ltr' id='par_1_91' title="bbox 284 5561 1877 5647">
     <span class='ocr_line' id='line_1_91' title="bbox 284 5561 1877 5647; baseline -0.007 -15"><span class='ocrx_word' id='word_1_817' title='bbox 284 5584 537 5634; x_wconf 76' lang='lat' dir='ltr'><strong>moratus</strong></span> <span class='ocrx_word' id='word_1_818' title='bbox 556 5573 893 5647; x_wconf 89' lang='lat' dir='ltr'><strong>angelorum,</strong></span> <span class='ocrx_word' id='word_1_819' title='bbox 917 5585 985 5626; x_wconf 91' lang='lat' dir='ltr'><strong>eo</strong></span> <span class='ocrx_word' id='word_1_820' title='bbox 1011 5568 1157 5641; x_wconf 88' lang='lat' dir='ltr'><strong>quod</strong></span> <span class='ocrx_word' id='word_1_821' title='bbox 1175 5567 1278 5623; x_wconf 90' lang='lat' dir='ltr'><strong>hoc</strong></span> <span class='ocrx_word' id='word_1_822' title='bbox 1304 5579 1497 5620; x_wconf 88' lang='lat' dir='ltr'><strong>nomen</strong></span> <span class='ocrx_word' id='word_1_823' title='bbox 1522 5561 1877 5621; x_wconf 85' lang='lat' dir='ltr'><strong>ministratio—</strong></span> 
     </span>
    </p>
   </div>
   <div class='ocr_carea' id='block_1_92' title="bbox 286 5655 1878 5739">
    <p class='ocr_par' dir='ltr' id='par_1_92' title="bbox 286 5655 1878 5739">
     <span class='ocr_line' id='line_1_92' title="bbox 286 5655 1878 5739; baseline -0.009 -15"><span class='ocrx_word' id='word_1_824' title='bbox 286 5668 378 5725; x_wconf 83' lang='lat' dir='ltr'><strong>nis</strong></span> <span class='ocrx_word' id='word_1_825' title='bbox 407 5664 826 5739; x_wconf 84' lang='lat' dir='ltr'><strong>signiﬁcantiam</strong></span> <span class='ocrx_word' id='word_1_826' title='bbox 868 5660 1068 5719; x_wconf 89' lang='lat' dir='ltr'><strong>habere</strong></span> <span class='ocrx_word' id='word_1_827' title='bbox 1108 5659 1431 5715; x_wconf 88' lang='lat' dir='ltr'><strong>videretur:</strong></span> <span class='ocrx_word' id='word_1_828' title='bbox 1473 5655 1568 5713; x_wconf 89' lang='lat' dir='ltr'><strong>sed</strong></span> <span class='ocrx_word' id='word_1_829' title='bbox 1617 5655 1776 5711; x_wconf 88' lang='lat' dir='ltr'><strong>sedes</strong></span> <span class='ocrx_word' id='word_1_830' title='bbox 1818 5662 1878 5711; x_wconf 92' lang='lat' dir='ltr'><strong>et</strong></span> 
     </span>
    </p>
   </div>
   <div class='ocr_carea' id='block_1_93' title="bbox 286 5745 1870 5828">
    <p class='ocr_par' dir='ltr' id='par_1_93' title="bbox 286 5745 1870 5828">
     <span class='ocr_line' id='line_1_93' title="bbox 286 5745 1870 5828; baseline -0.011 -10"><span class='ocrx_word' id='word_1_831' title='bbox 286 5760 709 5824; x_wconf 80' lang='lat' dir='ltr'><strong>dominationes,</strong></span> <span class='ocrx_word' id='word_1_832' title='bbox 757 5767 814 5814; x_wconf 88' lang='lat' dir='ltr'><strong>et</strong></span> <span class='ocrx_word' id='word_1_833' title='bbox 858 5755 1218 5828; x_wconf 86' lang='lat' dir='ltr'><strong>principatus,</strong></span> <span class='ocrx_word' id='word_1_834' title='bbox 1278 5757 1335 5806; x_wconf 91' lang='lat' dir='ltr'><strong>et</strong></span> <span class='ocrx_word' id='word_1_835' title='bbox 1377 5754 1670 5820; x_wconf 86' lang='lat' dir='ltr'><strong>potestates</strong></span> <span class='ocrx_word' id='word_1_836' title='bbox 1711 5745 1870 5814; x_wconf 86' lang='lat' dir='ltr'><strong>dixit,</strong></span> 
     </span>
    </p>
   </div>
   <div class='ocr_carea' id='block_1_94' title="bbox 286 5841 1868 5927">
    <p class='ocr_par' dir='ltr' id='par_1_94' title="bbox 286 5841 1868 5927">
     <span class='ocr_line' id='line_1_94' title="bbox 286 5841 1868 5927; baseline -0.008 -18"><span class='ocrx_word' id='word_1_837' title='bbox 286 5854 419 5925; x_wconf 81' lang='lat' dir='ltr'><strong>quia</strong></span> <span class='ocrx_word' id='word_1_838' title='bbox 460 5861 509 5910; x_wconf 89' lang='lat' dir='ltr'><strong>ct</strong></span> <span class='ocrx_word' id='word_1_839' title='bbox 537 5853 668 5927; x_wconf 63' lang='lat' dir='ltr'><strong>ipsa:</strong></span> <span class='ocrx_word' id='word_1_840' title='bbox 703 5859 964 5909; x_wconf 85' lang='lat' dir='ltr'><strong>vocantur</strong></span> <span class='ocrx_word' id='word_1_841' title='bbox 986 5848 1203 5922; x_wconf 88' lang='lat' dir='ltr'><strong>quidem</strong></span> <span class='ocrx_word' id='word_1_842' title='bbox 1227 5844 1307 5903; x_wconf 88' lang='lat' dir='ltr'><strong>sic</strong></span> <span class='ocrx_word' id='word_1_843' title='bbox 1353 5856 1386 5900; x_wconf 86' lang='lat' dir='ltr'><strong>a</strong></span> <span class='ocrx_word' id='word_1_844' title='bbox 1426 5842 1705 5901; x_wconf 85' lang='lat' dir='ltr'><strong>functionc</strong></span> <span class='ocrx_word' id='word_1_845' title='bbox 1749 5841 1868 5911; x_wconf 86' lang='lat' dir='ltr'><strong>illa,</strong></span> 
     </span>
    </p>
   </div>
   <div class='ocr_carea' id='block_1_95' title="bbox 1985 4718 3568 4797">
    <p class='ocr_par' dir='ltr' id='par_1_95' title="bbox 1985 4718 3568 4797">
     <span class='ocr_line' id='line_1_95' title="bbox 1985 4718 3568 4797; baseline -0.013 -5"><span class='ocrx_word' id='word_1_846' title='bbox 1985 4750 2137 4792; x_wconf 90' lang='lat' dir='ltr'><strong>mare</strong></span> <span class='ocrx_word' id='word_1_847' title='bbox 2173 4735 2433 4792; x_wconf 88' lang='lat' dir='ltr'><strong>debemus</strong></span> <span class='ocrx_word' id='word_1_848' title='bbox 2473 4728 2767 4789; x_wconf 90' lang='lat' dir='ltr'><strong>creationis</strong></span> <span class='ocrx_word' id='word_1_849' title='bbox 2801 4734 2856 4782; x_wconf 91' lang='lat' dir='ltr'><strong>et</strong></span> <span class='ocrx_word' id='word_1_850' title='bbox 2891 4722 3141 4797; x_wconf 89' lang='lat' dir='ltr'><strong>principii</strong></span> <span class='ocrx_word' id='word_1_851' title='bbox 3179 4720 3262 4777; x_wconf 89' lang='lat' dir='ltr'><strong>sui</strong></span> <span class='ocrx_word' id='word_1_852' title='bbox 3304 4718 3568 4790; x_wconf 87' lang='lat' dir='ltr'><strong>principia</strong></span> 
     </span>
    </p>
   </div>
   <div class='ocr_carea' id='block_1_96' title="bbox 1983 4810 3571 4898">
    <p class='ocr_par' dir='ltr' id='par_1_96' title="bbox 1983 4810 3571 4898">
     <span class='ocr_line' id='line_1_96' title="bbox 1983 4810 3571 4898; baseline -0.011 -15"><span class='ocrx_word' id='word_1_853' title='bbox 1983 4827 2054 4883; x_wconf 91' lang='lat' dir='ltr'><strong>ab</strong></span> <span class='ocrx_word' id='word_1_854' title='bbox 2098 4826 2260 4898; x_wconf 88' lang='lat' dir='ltr'><strong>hujus</strong></span> <span class='ocrx_word' id='word_1_855' title='bbox 2307 4824 2489 4882; x_wconf 90' lang='lat' dir='ltr'><strong>mundi</strong></span> <span class='ocrx_word' id='word_1_856' title='bbox 2534 4819 2920 4882; x_wconf 90' lang='lat' dir='ltr'><strong>constitutione</strong></span> <span class='ocrx_word' id='word_1_857' title='bbox 2969 4816 3139 4871; x_wconf 88' lang='lat' dir='ltr'><strong>Deum</strong></span> <span class='ocrx_word' id='word_1_858' title='bbox 3180 4813 3433 4885; x_wconf 88' lang='lat' dir='ltr'><strong>primitus</strong></span> <span class='ocrx_word' id='word_1_859' title='bbox 3492 4810 3571 4865; x_wconf 82' lang='lat' dir='ltr'><strong>in-</strong></span> 
     </span>
    </p>
   </div>
   <div class='ocr_carea' id='block_1_97' title="bbox 1981 4902 3569 4991">
    <p class='ocr_par' dir='ltr' id='par_1_97' title="bbox 1981 4902 3569 4991">
     <span class='ocr_line' id='line_1_97' title="bbox 1981 4902 3569 4991; baseline -0.009 -17"><span class='ocrx_word' id='word_1_860' title='bbox 1981 4918 2228 4984; x_wconf 88' lang='lat' dir='ltr'><strong>cboasse,</strong></span> <span class='ocrx_word' id='word_1_861' title='bbox 2268 4918 2422 4990; x_wconf 90' lang='lat' dir='ltr'><strong>quasi</strong></span> <span class='ocrx_word' id='word_1_862' title='bbox 2459 4916 2515 4973; x_wconf 90' lang='lat' dir='ltr'><strong>in</strong></span> <span class='ocrx_word' id='word_1_863' title='bbox 2554 4914 2659 4991; x_wconf 76' lang='lat' dir='ltr'><strong>illis</strong></span> <span class='ocrx_word' id='word_1_864' title='bbox 2696 4908 3045 4968; x_wconf 90' lang='lat' dir='ltr'><strong>interioribus</strong></span> <span class='ocrx_word' id='word_1_865' title='bbox 3075 4914 3237 4977; x_wconf 91' lang='lat' dir='ltr'><strong>atque</strong></span> <span class='ocrx_word' id='word_1_866' title='bbox 3268 4902 3569 4960; x_wconf 90' lang='lat' dir='ltr'><strong>innumeris</strong></span> 
     </span>
    </p>
   </div>
   <div class='ocr_carea' id='block_1_98' title="bbox 1980 4993 3564 5079">
    <p class='ocr_par' dir='ltr' id='par_1_98' title="bbox 1980 4993 3564 5079">
     <span class='ocr_line' id='line_1_98' title="bbox 1980 4993 3564 5079; baseline -0.013 -11"><span class='ocrx_word' id='word_1_867' title='bbox 1980 5010 2193 5068; x_wconf 69' lang='lat' dir='ltr'><strong>saeculis</strong></span> <span class='ocrx_word' id='word_1_868' title='bbox 2217 5011 2285 5067; x_wconf 93' lang='lat' dir='ltr'><strong>ab</strong></span> <span class='ocrx_word' id='word_1_869' title='bbox 2309 5010 2459 5066; x_wconf 91' lang='lat' dir='ltr'><strong>omni</strong></span> <span class='ocrx_word' id='word_1_870' title='bbox 2498 5004 2837 5079; x_wconf 84' lang='lat' dir='ltr'><strong>providentia</strong></span> <span class='ocrx_word' id='word_1_871' title='bbox 2862 5011 2920 5059; x_wconf 92' lang='lat' dir='ltr'><strong>et</strong></span> <span class='ocrx_word' id='word_1_872' title='bbox 2941 4997 3348 5072; x_wconf 87' lang='lat' dir='ltr'><strong>dispensatione</strong></span> <span class='ocrx_word' id='word_1_873' title='bbox 3385 4993 3564 5079; x_wconf 84' lang='lat' dir='ltr'><strong>divina</strong></span> 
     </span>
    </p>
   </div>
   <div class='ocr_carea' id='block_1_99' title="bbox 1979 5087 3565 5167">
    <p class='ocr_par' dir='ltr' id='par_1_99' title="bbox 1979 5087 3565 5167">
     <span class='ocr_line' id='line_1_99' title="bbox 1979 5087 3565 5167; baseline -0.009 -10"><span class='ocrx_word' id='word_1_874' title='bbox 1979 5101 2174 5158; x_wconf 79' lang='lat' dir='ltr'><strong>fuisset</strong></span> <span class='ocrx_word' id='word_1_875' title='bbox 2227 5101 2454 5165; x_wconf 90' lang='lat' dir='ltr'><strong>otiosus,</strong></span> <span class='ocrx_word' id='word_1_876' title='bbox 2495 5114 2560 5154; x_wconf 91' lang='lat' dir='ltr'><strong>ac</strong></span> <span class='ocrx_word' id='word_1_877' title='bbox 2596 5107 2852 5167; x_wconf 86' lang='lat' dir='ltr'><strong>tanquam</strong></span> <span class='ocrx_word' id='word_1_878' title='bbox 2909 5108 3018 5148; x_wconf 91' lang='lat' dir='ltr'><strong>non</strong></span> <span class='ocrx_word' id='word_1_879' title='bbox 3070 5089 3277 5145; x_wconf 87' lang='lat' dir='ltr'><strong>habens</strong></span> <span class='ocrx_word' id='word_1_880' title='bbox 3312 5087 3369 5143; x_wconf 88' lang='lat' dir='ltr'><strong>in</strong></span> <span class='ocrx_word' id='word_1_881' title='bbox 3406 5099 3565 5159; x_wconf 49' lang='lat' dir='ltr'><strong>.quos</strong></span> 
     </span>
    </p>
   </div>
   <div class='ocr_carea' id='block_1_100' title="bbox 1977 5180 3564 5248">
    <p class='ocr_par' dir='ltr' id='par_1_100' title="bbox 1977 5180 3564 5248">
     <span class='ocr_line' id='line_1_100' title="bbox 1977 5180 3564 5248; baseline -0.013 1"><span class='ocrx_word' id='word_1_882' title='bbox 1977 5192 2238 5248; x_wconf 89' lang='lat' dir='ltr'><strong>bonitatis</strong></span> <span class='ocrx_word' id='word_1_883' title='bbox 2269 5206 2381 5247; x_wconf 66' lang='lat' dir='ltr'><strong>suae</strong></span> <span class='ocrx_word' id='word_1_884' title='bbox 2420 5195 2705 5246; x_wconf 82' lang='lat' dir='ltr'><strong>exerceret</strong></span> <span class='ocrx_word' id='word_1_885' title='bbox 2741 5184 3008 5243; x_wconf 79' lang='lat' dir='ltr'><strong>beneficia</strong></span> <span class='ocrx_word' id='word_1_886' title='bbox 3050 5180 3325 5237; x_wconf 86' lang='lat' dir='ltr'><strong>solitarius</strong></span> <span class='ocrx_word' id='word_1_887' title='bbox 3347 5218 3362 5245; x_wconf 91' lang='lat'><strong>,</strong></span> <span class='ocrx_word' id='word_1_888' title='bbox 3400 5184 3564 5248; x_wconf 90' lang='lat' dir='ltr'><strong>atque</strong></span> 
     </span>
    </p>
   </div>
   <div class='ocr_carea' id='block_1_101' title="bbox 1977 5266 3560 5343">
    <p class='ocr_par' dir='ltr' id='par_1_101' title="bbox 1977 5266 3560 5343">
     <span class='ocr_line' id='line_1_101' title="bbox 1977 5266 3560 5343; baseline -0.013 0"><span class='ocrx_word' id='word_1_889' title='bbox 1977 5287 2048 5343; x_wconf 90' lang='lat' dir='ltr'><strong>ab</strong></span> <span class='ocrx_word' id='word_1_890' title='bbox 2084 5286 2231 5341; x_wconf 91' lang='lat' dir='ltr'><strong>omni</strong></span> <span class='ocrx_word' id='word_1_891' title='bbox 2269 5282 2635 5339; x_wconf 84' lang='lat' dir='ltr'><strong>munificentia</strong></span> <span class='ocrx_word' id='word_1_892' title='bbox 2674 5279 2882 5335; x_wconf 89' lang='lat' dir='ltr'><strong>alienus</strong></span> <span class='ocrx_word' id='word_1_893' title='bbox 2916 5274 3083 5332; x_wconf 89' lang='lat' dir='ltr'><strong>fuisse</strong></span> <span class='ocrx_word' id='word_1_894' title='bbox 3119 5272 3389 5335; x_wconf 88' lang='lat' dir='ltr'><strong>credatur,</strong></span> <span class='ocrx_word' id='word_1_895' title='bbox 3416 5266 3560 5340; x_wconf 90' lang='lat' dir='ltr'><strong>quod</strong></span> 
     </span>
    </p>
   </div>
   <div class='ocr_carea' id='block_1_102' title="bbox 1972 5361 3559 5442">
    <p class='ocr_par' dir='ltr' id='par_1_102' title="bbox 1972 5361 3559 5442">
     <span class='ocr_line' id='line_1_102' title="bbox 1972 5361 3559 5442; baseline -0.013 -6"><span class='ocrx_word' id='word_1_896' title='bbox 1972 5379 2045 5436; x_wconf 80' lang='lat' dir='ltr'><strong>&#39;de</strong></span> <span class='ocrx_word' id='word_1_897' title='bbox 2086 5377 2178 5433; x_wconf 88' lang='lat' dir='ltr'><strong>illa</strong></span> <span class='ocrx_word' id='word_1_898' title='bbox 2218 5377 2487 5432; x_wconf 89' lang='lat' dir='ltr'><strong>immensa</strong></span> <span class='ocrx_word' id='word_1_899' title='bbox 2529 5390 2597 5430; x_wconf 91' lang='lat' dir='ltr'><strong>ac</strong></span> <span class='ocrx_word' id='word_1_900' title='bbox 2617 5373 2736 5430; x_wconf 89' lang='lat' dir='ltr'><strong>sine</strong></span> <span class='ocrx_word' id='word_1_901' title='bbox 2758 5369 3027 5442; x_wconf 87' lang='lat' dir='ltr'><strong>principio</strong></span> <span class='ocrx_word' id='word_1_902' title='bbox 3048 5374 3105 5423; x_wconf 92' lang='lat' dir='ltr'><strong>et</strong></span> <span class='ocrx_word' id='word_1_903' title='bbox 3127 5361 3559 5435; x_wconf 85' lang='lat' dir='ltr'><strong>incomprehen-</strong></span> 
     </span>
    </p>
   </div>
   <div class='ocr_carea' id='block_1_103' title="bbox 1975 5458 3561 5541">
    <p class='ocr_par' dir='ltr' id='par_1_103' title="bbox 1975 5458 3561 5541">
     <span class='ocr_line' id='line_1_103' title="bbox 1975 5458 3561 5541; baseline -0.013 -14"><span class='ocrx_word' id='word_1_904' title='bbox 1975 5470 2120 5527; x_wconf 91' lang='lat' dir='ltr'><strong>sibili</strong></span> <span class='ocrx_word' id='word_1_905' title='bbox 2173 5469 2456 5541; x_wconf 84' lang='lat' dir='ltr'><strong>majestate</strong></span> <span class='ocrx_word' id='word_1_906' title='bbox 2503 5466 2636 5522; x_wconf 90' lang='lat' dir='ltr'><strong>satis</strong></span> <span class='ocrx_word' id='word_1_907' title='bbox 2692 5462 2895 5520; x_wconf 90' lang='lat' dir='ltr'><strong>humile</strong></span> <span class='ocrx_word' id='word_1_908' title='bbox 2946 5467 3031 5517; x_wconf 89' lang='lat' dir='ltr'><strong>est</strong></span> <span class='ocrx_word' id='word_1_909' title='bbox 3094 5458 3561 5528; x_wconf 87' lang='lat' dir='ltr'><strong>incongruumque</strong></span> 
     </span>
    </p>
   </div>
   <div class='ocr_carea' id='block_1_104' title="bbox 1979 5543 3555 5634">
    <p class='ocr_par' dir='ltr' id='par_1_104' title="bbox 1979 5543 3555 5634">
     <span class='ocr_line' id='line_1_104' title="bbox 1979 5543 3555 5634; baseline -0.014 -13"><span class='ocrx_word' id='word_1_910' title='bbox 1979 5563 2201 5627; x_wconf 88' lang='lat' dir='ltr'><strong>sentire,</strong></span> <span class='ocrx_word' id='word_1_911' title='bbox 2249 5563 2367 5634; x_wconf 90' lang='lat' dir='ltr'><strong>ipso</strong></span> <span class='ocrx_word' id='word_1_912' title='bbox 2408 5560 2634 5618; x_wconf 89' lang='lat' dir='ltr'><strong>Domino</strong></span> <span class='ocrx_word' id='word_1_913' title='bbox 2680 5558 2747 5614; x_wconf 92' lang='lat' dir='ltr'><strong>de</strong></span> <span class='ocrx_word' id='word_1_914' title='bbox 2781 5556 2887 5612; x_wconf 91' lang='lat' dir='ltr'><strong>illis</strong></span> <span class='ocrx_word' id='word_1_915' title='bbox 2923 5551 3284 5628; x_wconf 87' lang='lat' dir='ltr'><strong>potestatibus</strong></span> <span class='ocrx_word' id='word_1_916' title='bbox 3318 5546 3434 5603; x_wconf 65' lang='lat' dir='ltr'><strong>haec</strong></span> <span class='ocrx_word' id='word_1_917' title='bbox 3470 5543 3555 5600; x_wconf 89' lang='lat' dir='ltr'><strong>di-</strong></span> 
     </span>
    </p>
   </div>
   <div class='ocr_carea' id='block_1_105' title="bbox 1976 5641 3558 5728">
    <p class='ocr_par' dir='ltr' id='par_1_105' title="bbox 1976 5641 3558 5728">
     <span class='ocr_line' id='line_1_105' title="bbox 1976 5641 3558 5728; baseline -0.014 -13"><span class='ocrx_word' id='word_1_918' title='bbox 1976 5665 2134 5715; x_wconf 87' lang='lat' dir='ltr'><strong>cente</strong></span> <span class='ocrx_word' id='word_1_919' title='bbox 2170 5655 2385 5728; x_wconf 89' lang='lat' dir='ltr'><strong>quando</strong></span> <span class='ocrx_word' id='word_1_920' title='bbox 2423 5654 2566 5712; x_wconf 88' lang='lat' dir='ltr'><strong>facta</strong></span> <span class='ocrx_word' id='word_1_921' title='bbox 2605 5658 2733 5710; x_wconf 90' lang='lat' dir='ltr'><strong>sunt</strong></span> <span class='ocrx_word' id='word_1_922' title='bbox 2767 5647 2927 5707; x_wconf 91' lang='lat' dir='ltr'><strong>simul</strong></span> <span class='ocrx_word' id='word_1_923' title='bbox 2964 5647 3169 5711; x_wconf 89' lang='lat' dir='ltr'><strong>sidera,</strong></span> <span class='ocrx_word' id='word_1_924' title='bbox 3201 5641 3558 5697; x_wconf 85' lang='lat' dir='ltr'><strong>laudaveruut</strong></span> 
     </span>
    </p>
   </div>
   <div class='ocr_carea' id='block_1_106' title="bbox 1977 5728 3555 5821">
    <p class='ocr_par' dir='ltr' id='par_1_106' title="bbox 1977 5728 3555 5821">
     <span class='ocr_line' id='line_1_106' title="bbox 1977 5728 3555 5821; baseline -0.015 -14"><span class='ocrx_word' id='word_1_925' title='bbox 1977 5766 2065 5807; x_wconf 88' lang='lat' dir='ltr'><strong>me</strong></span> <span class='ocrx_word' id='word_1_926' title='bbox 2096 5765 2228 5807; x_wconf 89' lang='lat' dir='ltr'><strong>voce</strong></span> <span class='ocrx_word' id='word_1_927' title='bbox 2262 5764 2454 5821; x_wconf 84' lang='lat' dir='ltr'><strong>magna</strong></span> <span class='ocrx_word' id='word_1_928' title='bbox 2492 5760 2681 5804; x_wconf 83' lang='lat' dir='ltr'><strong>omnes</strong></span> <span class='ocrx_word' id='word_1_929' title='bbox 2704 5742 2878 5814; x_wconf 85' lang='lat' dir='ltr'><strong>angeli</strong></span> <span class='ocrx_word' id='word_1_930' title='bbox 2914 5738 3054 5805; x_wconf 86' lang='lat' dir='ltr'><strong>mei;</strong></span> <span class='ocrx_word' id='word_1_931' title='bbox 3091 5735 3182 5809; x_wconf 88' lang='lat' dir='ltr'><strong>qui</strong></span> <span class='ocrx_word' id='word_1_932' title='bbox 3219 5746 3349 5805; x_wconf 88' lang='lat' dir='ltr'><strong>ergo</strong></span> <span class='ocrx_word' id='word_1_933' title='bbox 3380 5728 3555 5821; x_wconf 78' lang='lat' dir='ltr'><strong>inter-</strong></span> 
     </span>
    </p>
   </div>
   <div class='ocr_carea' id='block_1_107' title="bbox 1976 5816 3555 5902">
    <p class='ocr_par' dir='ltr' id='par_1_107' title="bbox 1976 5816 3555 5902">
     <span class='ocr_line' id='line_1_107' title="bbox 1976 5816 3555 5902; baseline -0.017 0"><span class='ocrx_word' id='word_1_934' title='bbox 1976 5851 2105 5902; x_wconf 88' lang='lat' dir='ltr'><strong>sunt</strong></span> <span class='ocrx_word' id='word_1_935' title='bbox 2140 5816 2403 5901; x_wconf 74' lang='lat' dir='ltr'><strong>creationi</strong></span> <span class='ocrx_word' id='word_1_936' title='bbox 2459 5839 2697 5896; x_wconf 90' lang='lat' dir='ltr'><strong>siderum</strong></span> <span class='ocrx_word' id='word_1_937' title='bbox 2756 5842 2881 5891; x_wconf 87' lang='lat' dir='ltr'><strong>ante</strong></span> <span class='ocrx_word' id='word_1_938' title='bbox 2934 5828 3077 5887; x_wconf 90' lang='lat' dir='ltr'><strong>istud</strong></span> <span class='ocrx_word' id='word_1_939' title='bbox 3125 5822 3450 5899; x_wconf 82' lang='lat' dir='ltr'><strong>priuetpium</strong></span> <span class='ocrx_word' id='word_1_940' title='bbox 3492 5816 3555 5878; x_wconf 79' lang='lat' dir='ltr'><strong>in</strong></span> 
     </span>
    </p>
   </div>
  </div>
