3986 6338
264 346 367 418 δη

793 338 1359 407 ΕΝᾹΒΒΧΤΙΟΝΠΠ
1375 345 1447 409 ΙΝ
1481 346 1630 405 ΕΡΡ.
1668 344 1831 406 PAUI

1929 347 2042 407 LIB.
2082 343 2312 407 XXX-4
2345 348 2417 406 ιΝ
2448 348 2669 408 EPIST.
2706 350 2803 409 AD
2837 352 2990 412 σοι..

3348 380 3353 387 ί
3417 356 3525 419 548

258 475 519 537 quernum
549 460 616 517 de
642 460 833 518 eodem
871 470 1035 518 etiam
1066 463 1178 520 illic
1210 464 1436 523 verbum
1464 461 1660 520 fecisse
1693 461 1841 519 vitle—
1864 467 1919 531 Α
1944 463 2250 547 ambulauit
2277 464 2560 521 secundum
2587 464 2838 522 amulum
2864 468 3047 523 mundi
3078 469 3258 542 hujus,
3290 477 3397 529 etc.
3431 470 3527 531 Sic

258 564 367 626 tur,
408 557 476 612 de
500 570 609 627 quo
637 556 801 612 etiam
841 564 898 614 et
929 557 1117 613 hocin
1145 556 1265 614 loco
1305 557 1506 615 dixisse
1543 557 1690 612 visus
1724 564 1840 623 est,

254 666 419 725 quem
448 660 505 709 et
531 650 947 723 primogenitum
998 667 1067 708 ex
1104 651 1332 709 mortuis
1357 649 1641 706 nominans
1667 648 1842 706 mani-

251 744 455 803 festum
490 754 575 801 est
602 744 876 799 hominem
912 751 1218 815 susceptum
1248 758 1279 799 a
1306 752 1460 815 patre
1486 744 1565 800 sic
1595 756 1835 799 vocasse.

246 836 309 892 In
340 836 431 894 his
465 837 628 908 igitur
649 845 705 892 et
730 834 821 892 illa
864 850 984 908 qua:
1026 850 1154 907 erga
1182 835 1458 907 Christum
1500 845 1626 892 sunt
1657 846 1838 893 osten-

247 928 386 986 dens
429 942 625 1001 magna
681 924 1275 1004 etsupereminentia,
1321 936 1378 985 et
1420 926 1589 983 multo
1632 925 1837 997 majora

243 1035 415 1091 quam
461 1019 697 1077 humana
740 1017 845 1075 sibi
889 1017 1128 1074 vindicat
1184 1008 1376 1073 natura
1421 1025 1477 1072 et
1520 1014 1737 1089 quidem
1780 1024 1837 1072 et

241 1111 676 1186 magnitudinem
710 1110 927 1168 illorum
953 1126 1075 1181 quas
1098 1123 1198 1182 per
1232 1124 1358 1165 eum
1401 1117 1529 1165 sunt
1566 1096 1831 1176 conlecta,

239 1224 311 1267 ex
339 1208 449 1264 illis
471 1222 592 1279 qua:
619 1204 892 1279 generalia
921 1212 1050 1261 sunt
1075 1201 1401 1259 sumcienter
1428 1202 1662 1259 edocuit.
1695 1200 1855 1276 ϐου-ο

238 1302 411 1360 vertit
445 1316 576 1357 vero
622 1304 767 1356 ultra
802 1298 1027 1355 verbum
1072 1298 1140 1357 ad
1183 1313 1373 1355 eorum
1417 1312 1727 1369 personam,
1768 1311 1834 1353 eo

234 1396 389 1469 quod
418 1394 579 1467 potiti
613 1393 841 1468 fuissent
870 1392 1002 1449 illud
1028 1391 1351 1459 beneﬁcium
1370 1431 1387 1461 ,
1422 1393 1566 1464 quod
1601 1391 1655 1473 in
1687 1405 1833 1447 com-

233 1503 409 1545 mune
446 1486 699 1545 omnibus
743 1484 997 1554 collatum
1040 1494 1127 1543 est
1186 1485 1263 1541 ita
1304 1492 1364 1540 ut
1401 1499 1508 1540 non
1549 1482 1720 1540 solum
1765 1499 1833 1539 ex

230 1583 628 1643 communione
662 1597 758 1639 eos
794 1582 863 1639 ad
903 1580 1260 1638 reverentiam
1296 1578 1621 1647 adduceret,
1663 1586 1725 1634 ut
1762 1578 1831 1635 ab

228 1676 327 1734 illa
358 1676 464 1732 iide
491 1692 613 1748 quae
646 1676 701 1732 in
724 1673 940 1731 Christo
987 1682 1074 1730 est
1107 1688 1213 1730 non
1245 1668 1622 1740 discederent,
1652 1671 1747 1729 sed
1774 1678 1830 1726 et

1939 565 1995 613 et
2023 556 2078 613 in
2106 557 2211 614 hoc
2240 557 2358 613 loco
2397 555 2636 614 referens
2665 558 2755 614 illa
2780 574 2900 630 quae
2921 561 3214 619 secundum
3248 563 3524 623 Christum

1940 660 2084 733 sunt,
2108 650 2269 733 sicuti
2286 659 2352 713 et
2378 650 2570 707 referri
2591 653 3018 710 conveniebant:
3048 653 3239 733 deinde
3264 658 3524 730 adjicieus

1937 728 2085 827 illam
2123 728 2380 801 Ecclesiae
2405 744 2829 817 copulationem,
2860 762 2981 820 qua:
3003 728 3072 805 ad
3099 765 3221 806 eum
3248 728 3390 808 facta
3416 762 3522 822 est,

1937 838 2004 893 ad
2032 836 2283 910 specialia
2312 837 2529 907 transit,
2571 838 2627 895 id
2654 836 2759 907 est,
2804 838 2871 897 ad
2910 855 3197 912 personam
3234 841 3522 902 Colossen-

1936 931 2075 991 sium
2097 932 2302 1000 dicens,
2324 933 2582 1005 quoniam
2605 935 2729 991 talia
2754 935 2968 1006 quidem
2990 943 3117 993 sunt
3142 935 3231 993 illa
3254 952 3375 1008 quae
3394 953 3521 1012 erga

1935 1022 2206 1080 Christum
2235 1032 2363 1082 sunt
2388 1023 2534 1083 facta
2570 1041 2765 1098 magna
2789 1027 2954 1083 etiam
2988 1025 3131 1084 bona
3158 1040 3214 1085 et
3241 1043 3337 1086 vos
3360 1028 3522 1102 potiti

1934 1112 2067 1170 estis
2095 1131 2109 1169 :
2145 1114 2351 1175 alienos
2375 1115 2520 1171 enim
2545 1113 2643 1198 vos
2667 1126 2946 1198 exstantes
2971 1134 3004 1174 a
3032 1118 3143 1176 Deo
3177 1128 3233 1176 et
3272 1118 3327 1177 in
3368 1129 3525 1193 parte

1932 1205 2279 1265 inimicorum
2309 1208 2417 1265 illic
2444 1196 2767 1287 constitutos
2793 1212 2862 1268 ob
2890 1196 3036 1268 illam
3061 1228 3221 1284 quam
3244 1229 3369 1286 erga
3396 1231 3525 1286 pra-

1930 1298 2156 1355 vitatem
2195 1300 2853 1385 habebatis'diligentiam,
2894 1305 3259 1362 reconciliavit
3285 1320 3382 1363 vos
3411 1307 3524 1366 Deo

1929 1408 2029 1464 per
2052 1409 2208 1451 suam
2238 1403 2489 1459 mortem,
2523 1395 2775 1452 auferens
2799 1396 3015 1467 quidem
3044 1397 3075 1453 a
3102 1400 3256 1456 vobis
3281 1400 3517 1459 mortali-

1934 1494 2096 1543 tatem
2117 1526 2133 1553 ,
2168 1486 2630 1566 immortalitatem
2655 1502 2787 1545 vero
2813 1487 2968 1545 vobis
2995 1491 3201 1548 donans
3225 1492 3281 1547 in
3308 1508 3415 1564 qua
3440 1492 3523 1550 uls

1932 1586 2014 1634 tra
2043 1579 2322 1636 constituti
2349 1579 2418 1636 ab
2444 1580 2592 1660 omni
2619 1580 2753 1643 estis
2778 1589 3002 1654 peccato
3028 1586 3205 1643 securi
3235 1585 3434 1655 cii‘ecti,
3466 1595 3525 1644 et

1930 1671 2063 1727 nihil
2104 1687 2266 1745 agere
2310 1672 2539 1743 potestis
2578 1668 2645 1729 ei
2691 1672 2797 1730 illis
2838 1690 2959 1749 qua:
3003 1692 3111 1732 non
3163 1680 3517 1736 cottvcniunt.

227 1769 299 1831 de
344 1768 476 1837 illis,
504 1782 628 1841 quas
665 1767 963 1837 secundum
1005 1782 1100 1823 eos
1125 1772 1283 1833 sunt;
1324 1765 1590 1837 siquidem
1628 1772 1682 1821 et
1725 1762 1829 1836 ipsi
1928 1762 2270 1823 Permanetis
2298 1773 2480 1821 autem
2510 1760 2710 1822 nullam
2738 1768 3071 1826 sustinentes
3105 1768 3520 1840 incusationem,

226 1864 422 1938 magni
451 1874 579 1921 sunt
604 1862 884 1920 beneﬁciis
917 1878 1041 1919 cum
1075 1860 1286 1918 caeteris
1313 1860 1606 1917 sublimati.
1640 1858 1824 1933 (Aug.)
1855 1844 1903 1907 Β
1928 1858 2023 1914 sed
2069 1859 2363 1915 secundum
2410 1875 2627 1917 omnem
2676 1860 3151 1931 scrupulositatem
3197 1861 3273 1918 illi
3322 1863 3523 1934 placito

225 1960 341 2015 Per
379 1958 513 2015 illud
540 1955 813 2030 singulare
845 1956 1207 2027 sacriﬁcium,
1237 1954 1294 2011 in
1321 1971 1430 2026 quo
1456 1952 1721 2010 mediator
1747 1961 1833 2008 est
1929 1950 2323 2009 conversamini
2354 1966 2370 2006 :
2404 1951 2509 2008 hoc
2540 1949 2686 2008 enim
2721 1952 2776 2007 in
2806 1952 3061 2011 omnibus
3087 1954 3342 2026 Epistolis
3367 1960 3523 2012 nota-

224 2053 567 2116 immolatus.
599 2052 745 2123 quod
773 2066 939 2107 unum
975 2050 1032 2106 in
1064 2049 1183 2122 lege
1209 2048 1393 2106 multae
1428 2048 1660 2105 victimae
1697 2046 1830 2119 ligu-

222 2148 453 2213 rabant,
475 2145 832 2218 paciﬂcautur
857 2144 1097 2202 cmiestia
1118 2156 1243 2201 cum
1269 2141 1620 2201 terrestribus
1642 2149 1699 2198 et
1723 2148 1830 2198 ter-

223 2241 435 2300 restria
465 2256 589 2299 cum
624 2239 956 2306 cmiestibus,
984 2238 1242 2310 quoniam
1267 2239 1411 2295 sicut
1432 2237 1723 2309 Apostolus
1749 2235 1831 2293 di-

220 2335 305 2392 cit
323 2370 341 2401 ,
369 2332 428 2389 in
450 2333 563 2404 ipso
589 2330 904 2403 conmiscuit
932 2316 1135 2387 omnem
1169 2328 1545 2401 plenitudinem
1570 2328 1829 2395 habitare,

221 2434 275 2482 et
314 2438 411 2498 per
433 2440 550 2480 eum
578 2422 907 2479 reconciliari
927 2422 1104 2478 omnia
1135 2421 1192 2478 in
1220 2422 1391 2493 ipsum
1417 2421 1702 2493 paciﬁcans
1737 2435 1830 2492 per

221 2517 546 2589 sanguineus
588 2516 763 2571 crucis
788 2513 924 2585 ejus,
955 2515 1061 2570 sive
1097 2530 1214 2588 quis
1256 2515 1315 2570 in
1350 2514 1502 2573 terris
1539 2522 1685 2581 sunt,
1723 2513 1829 2573 site

218 2626 354 2683 qua
377 2609 435 2664 in
458 2607 623 2667 culis.
652 2606 768 2665 Pax
796 2607 899 2665 ista
929 2605 1219 2677 praecellit,
1250 2606 1394 2663 sicut
1422 2606 1683 2677 scriptum
1710 2612 1825 2670 est,

218 2716 453 2760 omnem
492 2699 854 2768 intellectum,
894 2714 1069 2770 neque
1104 2698 1234 2757 sciri
1273 2715 1306 2756 a
1341 2698 1518 2766 nobis,
1561 2697 1666 2759 nisi
1703 2712 1835 2754 cum

216 2793 294 2852 ad
322 2809 451 2851 eam
479 2792 813 2859 venerimus,
841 2799 1043 2864 potest,
1072 2792 1344 2863 quomodo
1368 2789 1513 2849 enim
1537 2788 1830 2860 paciﬁcan-

222 2896 321 2945 tur
352 2885 617 2952 omlcstia,
653 2883 758 2941 nisi
794 2883 971 2949 nobis,
1009 2882 1062 2941 id
1086 2890 1202 2948 est,
1233 2881 1613 2939 ooncordando
1646 2879 1829 2936 nobis-

220 2980 399 3038 cum?
433 2977 573 3040 Nam
598 2977 674 3035 ibi
702 2991 916 3048 semper
945 2983 1029 3039 est
1067 2990 1174 3047 pax
1200 2981 1256 3032 et
1293 2974 1438 3031 inter
1472 2987 1531 3030 se
1559 2969 1827 3028 universis

218 3067 690 3129 intellectuaiibus
716 3067 1002 3134 creaturis,
1038 3076 1246 3124 etcum
1277 3080 1377 3123 suo
1406 3072 1673 3130 creatore,
1705 3077 1829 3135 quas

218 3180 359 3237 pax,
404 3172 469 3220 ut
511 3161 715 3219 dictum
757 3167 866 3228 est,
912 3157 1171 3231 praecellit
1210 3172 1427 3213 tironem
1468 3154 1819 3223 intellectum,

216 3255 323 3317 sed
353 3256 541 3340 utique
572 3262 846 3323 nostrum,
882 3268 992 3318 non
1031 3268 1220 3311 eorum
1252 3250 1348 3324 qui
1392 3264 1607 3322 semper
1636 3248 1825 3305 vident

216 3350 428 3409 faciem
442 3347 641 3407 Patris.
678 3348 806 3404 Sive
832 3362 962 3419 ergo
991 3345 1168 3403 dicam
1192 3352 1354 3417 caput
1379 3350 1436 3400 et
1458 3356 1680 3412 corpus,
1707 3340 1825 3397 sive

217 3447 409 3504 dicam
450 3454 681 3517 spensus
716 3450 789 3501 et.
808 3456 1027 3514 sponsa,
1063 3453 1230 3495 unum
1264 3436 1563 3517 intelligite,
1592 3434 1824 3505 ideoque

221 3542 376 3599 idem
420 3538 737 3612 Apostolus,
760 3551 887 3593 cum
922 3544 1071 3592 esset
1116 3532 1292 3591 adhuc
1321 3516 1538 3595 Saulus,
1570 3528 1821 3585 audivit:

222 3634 418 3698 Stratie,
463 3632 651 3698 Susis,
691 3630 820 3704 quid
859 3646 940 3685 me
976 3627 1338 3701 persequeris?
1367 3626 1509 3696 (Act.
1549 3621 1652 3696 Ix.)
1690 3636 1825 3693 quo-

219 3730 379 3785 niam
409 3740 607 3797 corpus
628 3724 793 3796 capiti
822 3720 940 3791 ejus
966 3719 1292 3792 adiungitur,
1318 3726 1373 3774 et
1406 3718 1663 3789 quoniam
1689 3730 1827 3788 pra:-

220 3823 444 3880 dicator
466 3819 667 3876 Christi
693 3826 967 3890 pateretur
993 3817 1060 3871 ab
1086 3813 1209 3869 aliis
1228 3828 1351 3884 quae
1368 3823 1684 3883 persecutor
1710 3812 1826 3881 ipse

220 3914 458 3972 fecerat.
493 3909 560 3967 Ut
600 3910 897 3983 suppleam,
924 3906 1135 3979 inquit,
1163 3919 1281 3977 qua:
1322 3905 1509 3958 desunt
1554 3918 1826 3973 pressura-

222 4023 352 4064 ramt
405 4004 602 4061 Chrisii
655 4005 713 4059 in
760 4016 917 4058 carne
966 4012 1116 4066 mea,
1166 3998 1236 4054 ad
1284 3994 1824 4069 pressurusﬁhriui,

219 4095 527 4154 ostendens
554 4093 685 4165 quia
718 4091 1048 4164 patiebatur,
1076 4088 1221 4161 quod
1248 4100 1355 4143 non
1394 4093 1572 4158 potest
1600 4084 1826 4156 intelligi

220 4186 531 4250 secundum
558 4195 753 4259 estalt,
787 4186 933 4259 quod
964 4183 1080 4256 jam
1118 4183 1176 4238 in
1205 4179 1345 4238 calo
1384 4178 1516 4234 nihil
1547 4177 1652 4234 tale
1679 4179 1825 4248 pati-

221 4291 340 4346 tur,
374 4281 473 4337 seti
498 4278 795 4335 secundum
823 4274 1039 4348 corpus,
1074 4275 1127 4329 id
1155 4281 1240 4329 est
1259 4308 1275 4339 ,
1316 4268 1649 4337 Ecclesium,
1681 4269 1827 4340 quod

219 4384 432 4442 corpus
458 4380 583 4426 cum
608 4380 708 4424 suo
731 4368 910 4439 capite
944 4380 1086 4421 unus
1116 4363 1366 4423 Christus
1399 4371 1502 4419 est.
1542 4360 1661 4418 Non
1692 4361 1829 4417 dixit

220 4476 615 4540 pressurarum
630 4470 869 4518 mearum
890 4459 1089 4517 Christi
1116 4458 1242 4530 quia
1274 4457 1578 4519 membrum
1607 4466 1744 4524 erat,
1774 4462 1829 4511 et

1849 3206 1897 3272 ο

1927 2044 2125 2112 vimus,
2155 2044 2411 2116 quoniam
2439 2045 2509 2101 de
2546 2043 2745 2101 futuris
2775 2043 3068 2116 Apostolus
3094 2047 3521 2118 magnitudinem

1929 2135 2145 2193 illorum
2168 2137 2434 2205 ostendit,
2465 2153 2586 2209 qua:
2611 2153 2742 2210 erga
2772 2153 2872 2194 nos
2900 2154 2933 2193 a
2959 2137 3176 2196 Christo
3205 2138 3344 2199 facta
3373 2148 3517 2207 sunt,

1928 2236 1983 2287 et
2015 2228 2273 2301 quoniam
2308 2227 2486 2286 omnis
2523 2229 2648 2306 ejus.
2676 2230 2944 2305 correctio
2984 2230 3039 2287 in
3073 2232 3523 2305 promissionibus

1925 2325 2104 2397 posita
2130 2333 2233 2391 est,
2263 2341 2386 2396 quae
2422 2334 2508 2382 est
2550 2326 2829 2383 renovatio
2874 2325 3055 2383 futura
3104 2326 3160 2383 in
3202 2324 3389 2384 futuro
3412 2340 3520 2382 sas-

1927 2418 2074 2486 eulo,
2104 2417 2337 2488 idipsum
2376 2426 2432 2474 et
2458 2417 2709 2490 Ephesiis
2736 2419 3065 2477 scribentem
3090 2419 3295 2477 dixisse
3333 2430 3519 2476 osteuo

1926 2509 2123 2567 (limus.
2164 2509 2235 2566 Et
2259 2509 2513 2582 quoniam
2545 2510 2795 2567 transivit
2822 2510 3048 2569 ulterius
3086 2511 3157 2566 ad
3199 2522 3369 2567 suam-
3395 2525 3520 2581 per-

1925 2619 2136 2673 sonam,
2181 2607 2473 2681 designans
2510 2605 2656 2677 quod
2692 2605 2843 2663 suasi
2886 2603 3117 2662 fuissent
3156 2604 3225 2661 ab
3263 2604 3390 2671 illis,
3419 2604 3515 2675 qui

1926 2699 2227 2756 suadebant
2251 2698 2334 2755 eis
2356 2699 2692 2772 diligentiam
2720 2697 2982 2755 adhibere
3017 2712 3183 2769 super
3217 2697 3515 2753 custodiam

1926 2790 2081 2862 legis.
2116 2789 2181 2846 Si
2206 2801 2383 2847 tamn
2411 2791 2725 2863 permanetis
2763 2792 2821 2847 in
2855 2790 2961 2861 ﬁde
2995 2790 3205 2861 fundati
3232 2799 3280 2847 et
3310 2789 3520 2846 ttaln'les

1925 2891 1977 2940 at
2006 2898 2113 2939 non
2136 2884 2381 2939 commoti
2409 2900 2443 2938 α
2470 2900 2560 2954 ape
2593 2882 2865 2955 Evangelii
2901 2882 3042 2954 quod
3069 2882 3313 2949 audistis,
3351 2891 3408 2938 et
3434 2886 3520 2939 re-

1926 2974 2097 3046 liqua.
2129 2974 2199 3030 Et
2226 2975 2366 3031 sicut
2396 2975 2453 3031 in
2479 2975 2589 3033 illis
2617 2975 2673 3030 in
2697 2975 2895 3045 quibus
2920 2973 3149 3030 ﬁrmiter
3177 2989 3271 3030 eos
3295 2975 3519 3032 credere

1926 3067 2268 3135 hortabatur,
2314 3068 2519 3139 gratias
2559 3082 2727 3139 agens
2769 3074 2869 3138 pro
2911 3064 3017 3122 illis
3061 3074 3521 3122 commemorata

1926 3167 2042 3226 eet,
2069 3158 2329 3230 quoniam
2357 3168 2411 3215 et
2448 3173 2546 3229 per
2571 3172 2787 3214 omnem
2809 3158 3002 3213 orbem
3041 3155 3315 3228 Evangelii
3346 3154 3518 3228 gloria

1925 3254 2037 3309 vim
2076 3268 2233 3309 suam
2274 3253 2535 3320 vindicat;
2580 3251 2661 3308 sic
2702 3258 2759 3308 et
2796 3251 2902 3307 hoc
2944 3249 3000 3305 iu
3044 3249 3167 3306 loco
3204 3248 3514 3320 designans,

1923 3347 2078 3421 quasi
2102 3346 2313 3404 seducti
2343 3346 2545 3402 iuerint
2570 3346 2641 3403 ab
2666 3344 2755 3401 illa
2783 3344 2974 3417 gloria,
3007 3354 3131 3415 qua:
3160 3342 3299 3415 apud
3327 3356 3518 3399 omnes

1923 3441 2081 3497 ﬁrma
2113 3453 2238 3497 esse
2257 3439 2494 3506 videtur,
2526 3434 2673 3510 quod
2695 3444 2753 3493 ct
2780 3443 3114 3493 memoratur
3136 3442 3197 3489 ut
3224 3433 3401 3505 maius
3420 3448 3517 3489 eos

1924 3536 2244 3593 erubescere
2268 3533 2452 3589 faciat.
2479 3531 2633 3598 Quod
2661 3530 3007 3603 pmdimtum
3027 3540 3105 3585 est
3131 3528 3185 3583 in
3208 3528 3352 3583 omni
3371 3528 3522 3583 creti-

1923 3637 2045 3683 tura
2075 3641 2194 3700 qua
2222 3630 2319 3682 sub
2349 3623 2476 3681 cisio
2500 3635 2600 3679 est.
2631 3622 2811 3679 Grave
2832 3620 3124 3678 admodum
3153 3622 3291 3685 erat,
3323 3622 3384 3675 ul
3408 3617 3521 3674 dis-

1923 3723 2179 3779 cederent
2217 3723 2289 3778 ab
2331 3719 2421 3776 illa
2463 3734 2524 3775 re
2598 3732 2720 3788 quae
2761 3716 2815 3772 in
2843 3724 3131 3772 commune
3173 3714 3242 3769 ab
3266 3712 3519 3769 omnibus

1922 3817 2065 3872 bona
2090 3830 2210 3872 esse
2244 3814 2701 3874 conclamahatur;
2743 3808 3047 3867 evidentius
3086 3808 3269 3864 facere
3295 3806 3519 3878 cupiens

1926 3905 2058 3963 illud
2079 3906 2222 3977 quod
2248 3906 2401 3972 dicit,
2422 3904 2609 3975 adjicit
2630 3920 2645 3959 :
2669 3902 2835 3970 Cuius
2859 3902 3031 3972 {actus
3052 3910 3169 3956 sunt
3197 3912 3290 3972 ego
3313 3897 3517 3955 Paulus

1926 3998 2183 4056 ntinister.
2208 3998 2325 4055 Hoc
2341 3998 2487 4053 enim
2506 4004 2629 4053 erat
2646 4004 2781 4066 Opus
2803 3994 2899 4049 Dei
2922 4001 2982 4048 at
3004 3992 3327 4065 pradicant
3346 3991 3520 4045 Evan-

1925 4094 2126 4165 gelium
2153 4092 2209 4147 in
2230 4090 2493 4148 Gentibus
2516 4090 2743 4160 excepta
2768 4084 3130 4160 legitimorum
3151 4085 3519 4151 observantia,

1927 4188 2070 4243 sicut
2096 4184 2256 4241 beato
2284 4183 2449 4240 Petro
2492 4181 2813 4252 ceterisque
2839 4179 3030 4237 dividit
3056 4170 3517 4249 prastiiuationmn.

1928 4278 2084 4335 Sicut
2110 4277 2226 4349 ipse
2248 4274 2455 4332 Calatis
2481 4273 2729 4331 scribens
2752 4280 3087 4328 memoratus
3109 4276 3224 4338 est;
3254 4278 3310 4327 et
3338 4276 3520 4326 osten-

1928 4373 2064 4429 dens
2087 4369 2544 4443 quemadmodum
2571 4367 2821 4425 conscius
2845 4366 2948 4423 sibi
2976 4366 3069 4434 sit,
3094 4362 3241 4437 quod
3264 4365 3400 4422 bena
3429 4364 3523 4420 do-

1929 4472 2093 4520 ceat:
2130 4462 2234 4530 Qui
2262 4476 2401 4516 nunc
2442 4460 2666 4533 gaudeo,
2710 4458 2912 4530 inquit,
2958 4460 3016 4514 in
3052 4456 3383 4531 pastionibus
3424 4474 3521 4527 pro

220 4562 280 4618 in
318 4561 436 4616 suis
462 4555 929 4631 persecutionibus
963 4554 1149 4626 quales
1175 4552 1450 4609 Christum
1481 4552 1534 4607 in
1572 4560 1683 4609 toto
1710 4566 1827 4607 cor-
1852 4592 1907 4654 Β
1931 4557 2075 4612 vobis
2111 4556 2426 4628 adimplebo,
2465 4554 2527 4611 ea
2555 4572 2673 4628 qua:
2696 4555 2885 4610 desunt
2910 4555 3214 4623 passionum
3241 4552 3437 4606 Christi
3464 4548 3521 4607 ili

222 4667 366 4726 pore
402 4652 515 4721 pati
555 4648 870 4721 oportebat,
894 4649 1057 4703 etiam
1096 4646 1210 4720 ipse
1234 4650 1535 4718 'prcssuras
1576 4644 1692 4714 ejus
1731 4658 1829 4716 pro

224 4760 332 4801 sua
364 4744 614 4815 portibus
641 4741 989 4813 adimplebat.

304 4836 377 4892 Et
398 4850 488 4892 vos
512 4848 629 4891 cum
649 4836 827 4891 essetis
848 4834 1130 4906 aliquando
1152 4832 1369 4889 alienati
1390 4840 1437 4888 et
1452 4832 1652 4887 iniuria
1676 4844 1829 4887 sensu

226 4930 287 4986 in
315 4927 561 4999 operibus
591 4925 770 4992 malit,
800 4928 937 4982 hultc
962 4932 1135 4981 autem
1162 4927 1514 4981 reconciliavit
1534 4926 1588 4979 in
1614 4938 1830 4996 corpore

228 5022 415 5077 carnis
439 5019 553 5091 ejus
571 5034 664 5092 per
692 5022 928 5085 mortem,
955 5019 1192 5075 exhibere
1223 5036 1307 5075 vos
1330 5029 1537 5074 sanctos
1566 5026 1614 5075 et
1642 5019 1826 5074 imma-

228 5113 444 5169 culato:
466 5120 518 5168 et
540 5112 1015 5184 irrepreltensibiles
1038 5128 1214 5169 coram
1235 5113 1366 5182 ipsa.
1397 5114 1632 5189 (Ainbr.)
1669 5110 1833 5170 Simi-

230 5206 343 5262 lem
384 5202 729 5276 sequentium
767 5202 1012 5271 illorum,
1054 5222 1174 5278 quae
1212 5206 1267 5262 in
1302 5204 1658 5277 Ephesiorum
1700 5206 1829 5278 Epi-

229 5298 375 5355 stola
400 5298 697 5372 scripserat
719 5294 885 5381 etiam
926 5295 1015 5357 hic
1052 5298 1301 5360 Seiiasse
1333 5300 1587 5359 Videtur:
1622 5282 1745 5359 nam
1776 5300 1833 5359 et

230 5393 291 5449 in
322 5390 434 5449 illis
469 5390 561 5450 illa
600 5394 721 5467 quae
754 5386 820 5452 lie
846 5392 1062 5453 Christo
1095 5400 1222 5453 sunt
1257 5396 1507 5469 primitus
1546 5396 1833 5471 magniﬁce

232 5483 486 5541 referens
509 5526 525 5554 ,
580 5482 707 5543 dein
748 5478 1011 5559 adficiens
1048 5480 1196 5545 illam
1235 5488 1492 5547 Ecclesia:
1530 5490 1830 5562 cupulatios

232 5592 386 5643 nem,
427 5584 548 5651 quae
585 5578 653 5635 ad
694 5582 818 5637 eum
864 5580 1004 5657 laeta
1033 5586 1135 5650 est,
1176 5578 1243 5639 ad
1286 5580 1376 5639 illa
1419 5599 1540 5657 quae
1578 5565 1832 5656 specialia

234 5677 370 5725 sunt
407 5671 698 5741 transiens,
737 5656 1067 5732 metuet-atus
1103 5674 1188 5732 est
1207 5656 1467 5748 personas
1507 5672 1722 5733 illorum
1763 5676 1833 5733 ad

238 5776 381 5833 quos
410 5762 705 5837 Epistulam
748 5767 1019 5827 scribebat
1045 5767 1253 5837 dicens;
1276 5766 1346 5825 Et
1372 5776 1464 5825 vos
1489 5763 1683 5825 inermi
1713 5776 1833 5824 cum

238 5854 425 5913 essetis
462 5855 673 5918 delictis
691 5866 743 5918 et
769 5859 995 5935 peccatis
1021 5861 1205 5921 resth
1230 5856 1289 5919 in
1318 5858 1507 5953 quibus
1547 5859 1835 5933 aliquando
1883 5940 1888 5945 θ

1932 4666 2090 4707 carne
2114 4664 2252 4704 mea.
2283 4649 2493 4723 (Greg.)
2543 4650 2958 4719 Redetnptorctn
2986 4647 3131 4702 enim
3170 4645 3353 4701 mundi
3396 4645 3522 4701 tutis

1932 4742 2046 4800 suis
2070 4741 2481 4813 allegationibus
2503 4749 2661 4799 curat
2683 4756 2851 4796 sacra:
2876 4738 3171 4812 Scriptum
3186 4738 3519 4810 promittere,

1930 4850 2163 4908 eumque
2188 4852 2285 4907 per
2308 4835 2512 4891 electos
2532 4832 2722 4892 omnes
2742 4842 2802 4889 ut
2824 4820 2921 4906 per
2944 4830 3062 4903 ejus
3086 4828 3294 4890 Scilicet
3316 4832 3521 4889 stttduit

1931 4931 2173 4987 membra
2202 4928 2509 5002 signiﬁcare
2538 4926 2823 5002 [signare].
2864 4926 3018 4985 Unde
3054 4934 3112 4985 et
3150 4924 3291 4985 itieni
3330 4928 3524 4985 beatus

1929 5022 2033 5081 Job
2061 5020 2227 5079 latino
2251 5023 2466 5094 eloquio
2506 5016 2685 5077 dolens
2711 5008 2933 5088 dicitur,
2963 5030 3024 5078 ut
3063 5024 3162 5094 per
3188 5020 3305 5093 ejus
3333 5031 3389 5078 et
3427 5020 3522 5078 do-

1933 5126 2057 5173 men
2078 5120 2134 5171 'ct
2152 5114 2375 5171 vulnera
2399 5111 2756 5187 redemptoris
2778 5110 2949 5170 nostri
2970 5114 3151 5185 passio
3168 5106 3481 5183 designetur
3505 5126 3517 5170 ε

1933 5208 2000 5267 de
2023 5214 2131 5281 quo
2154 5210 2415 5280 propheta
2445 5206 2563 5263 ait:
2606 5198 2739 5262 Vere
2766 5202 3043 5278 inriguam
3078 5198 3281 5262 avstros
3302 5204 3411 5277 ipse
3439 5200 3523 5260 lu:-

1931 5298 2026 5367 ιη,
2068 5308 2117 5354 et
2158 5297 2613 5375 dolores‘nostros
2650 5297 2759 5369 ipse
2802 5298 3026 5370 portarit
3067 5295 3202 5370 (ha.
3236 5297 3374 5370 Litt).
3423 5286 3522 5352 Cui

1932 5394 2193 5458 tentatur,
2224 5390 2419 5447 ablatis
2446 5390 2718 5456 omnibus,
2747 5398 2802 5446 et
2829 5388 3018 5447 Series
3038 5396 3093 5446 et
3125 5384 3265 5446 illius
3293 5386 3523 5457 occidit;

1933 5480 2059 5558 quia
2100 5494 2211 5541 non
2241 5483 2415 5540 solum
2448 5480 2731 5541 iudaicuni
2769 5478 3028 5557 pupillum
3071 5482 3139 5539 ei
3179 5478 3374 5539 illiillic
3412 5478 3527 5537 rei:

1933 5568 2191 5646 victitem,
2212 5574 2317 5655 sed
2355 5576 2499 5651 ipsos
2523 5574 2737 5651 quoque
2772 5572 3064 5649 ApBStoio's
3101 5572 3157 5632 iit
3197 5570 3311 5631 scin
3343 5566 3529 5631 amitte

1934 5676 2317 5745 regeneratus;
2364 5666 2634 5743 passionis
2678 5668 2795 5744 ejus
2848 5666 3099 5743 tempore
3136 5666 3246 5725 telo
3289 5658 3531 5738 perﬁdiis

1936 5766 2192 5838 perculit;
2220 5760 2444 5822 vulnere
2469 5756 2615 5823 beati
2639 5751 2740 5822 Ioh
2770 5764 2968 5836 corpus
2989 5761 3263 5827 atteritur,
3291 5758 3416 5831 quia
3446 5758 3532 5816 rli-

1937 5854 2185 5934 demptor
2222 5856 2406 5920 uasis:
2432 5852 2630 5933 bonum
2659 5856 2830 5919 usus
2856 5854 2913 5917 in
2946 5845 3124 5919 crucis
3147 5850 3388 5933 primum
3419 5846 3530 5915 Ηυξ)
