3986 6338
439 369 544 430 519

1071 375 1132 424 Β.
1170 368 1424 425 liABANl
1463 365 1685 424 nsum
1719 363 2038 442 suculae.

2158 362 2391 420 )GUl‘l'l‘.
2432 359 2716 419 OPERUM
2752 357 2931 415 PARS
2966 357 3054 413 lll.

3606 351 3744 407 520

437 486 777 556 dedignatur,
813 487 855 538 ‘a
902 490 1090 556 planta
1132 492 1313 539 autem
1355 482 1508 554 pedis
1549 496 1721 551 usque
1764 479 2023 536 verticem
2050 488 2104 550 Α
2129 478 2238 533 sios
2271 475 2554 547 scripsisse
2580 475 2838 529 videtur:
2871 470 2959 528 cui
2997 467 3163 526 statui
3196 465 3332 522 nihil
3366 465 3491 522 boni
3527 466 3749 522 deesse

438 578 660 634 vulnera
684 577 929 648 suscipit,
975 577 1100 648 quia
1128 585 1373 632 sanctam
1404 575 1723 640 Ecdesiam,
1752 588 1873 644 quae
1910 587 2028 628 cor-

2125 570 2416 627 videbitur.
2465 568 2533 624 Et
2575 566 2831 638 quoniam
2873 562 3055 620 omnia
3099 561 3204 617 ista
3251 559 3317 614 ad
3362 558 3490 612 illud
3534 557 3752 613 retulit

437 689 538 745 pus
565 673 683 744 ejus
719 680 822 738 est,
863 687 971 726 non
1014 671 1187 727 solum
1218 686 1314 740 per
1337 678 1582 726 extrema
1606 675 1661 723 et
1690 666 1901 734 ultima,
1931 667 2028 722 sed
2127 666 2271 736 quod
2309 663 2540 729 dixerat,
2568 676 2710 716 nunc
2747 657 2946 730 gaudeo
2979 655 3032 710 in
3071 651 3399 726 passionibus
3426 668 3518 720 pro
3558 650 3746 745 uobis,

438 779 611 834 usque
635 763 701 818 ad
743 777 952 819 summa
979 761 1220 816 membra
1246 758 1625 830 persecutione
1650 756 1877 812 saeviens
1914 765 2031 810 ten-

441 856 817 928 tatorlaiﬁigit.
858 855 1013 912 Unde
1044 855 1210 929 etiam
1240 852 1440 908 Paulus
1468 851 1598 908 dicit
1624 869 1637 905 :
1665 847 1940 920 Complebo
1967 863 2029 902 ea

441 965 558 1022 qua:
583 948 772 1002 desunt
797 948 1099 1018 passionum
1128 943 1323 1000 Christi
1349 946 1407 998 in
1435 959 1592 998 carne
1611 959 1747 997 mea.
1786 939 1894 995 Pro
1918 956 2033 995 eor-

440 1056 565 1112 pore
603 1037 720 1110 ejus
761 1039 900 1110 quod
947 1048 1022 1093 est
1071 1036 1329 1102 Ecclesia,
1376 1036 1528 1107 cujus
1572 1034 1741 1105 factus
1783 1051 1898 1088 sum
1941 1047 2032 1103 ego

443 1129 651 1186 Paulus
678 1131 935 1186 minister.
965 1128 1200 1202 (Ambr.)
1241 1131 1426 1199 Itaque
1453 1137 1508 1184 et
1544 1128 1782 1184 delector
1821 1127 2032 1198 patiens

441 1239 541 1295 pro
571 1223 724 1280 vobis
751 1222 1005 1294 quoniam
1037 1221 1371 1293 praeveniens
1413 1223 1479 1276 ad
1525 1219 1914 1277 conferendum
1943 1233 2036 1272 vo-

443 1317 528 1373 bis
555 1317 878 1372 beneﬁcium
907 1295 1102 1388 passus
1128 1323 1212 1371 est
1237 1314 1506 1380 Christus,
1549 1322 1612 1369 ut
1655 1327 1850 1382 corpus
1881 1325 2036 1366 suum

443 1409 597 1464 vobis
623 1425 722 1478 per
747 1408 1202 1465 resurrectionem
1229 1422 1348 1463 esse
1377 1405 1753 1478 pronuntiaret
1780 1403 1888 1468 illa,
1919 1418 2038 1472 quae

446 1500 671 1556 deerant
711 1499 1119 1555 tribulationum
1149 1500 1266 1571 ejus
1309 1499 1378 1553 ab
1425 1497 1546 1562 illis,
1584 1512 1703 1566 qua:
1745 1510 1842 1566 pro
1886 1493 2038 1548 vobis

446 1602 608 1648 erunt
651 1591 917 1661 adimpleo
944 1606 1062 1664 ego.
1097 1589 1278 1664 (ΗΑΒ.)
1319 1589 1459 1658 Quid
1499 1589 1605 1644 erit
1633 1587 1775 1657 quod
1817 1587 2040 1641 deerant

445 1694 507 1738 ut
535 1684 824 1749 discentes,
860 1698 980 1752 quae
1026 1690 1153 1739 sunt
1196 1681 1308 1747 illa,
1355 1695 1476 1750 quae
1521 1678 1728 1734 directa
1777 1686 1904 1744 sunt
1943 1692 2042 1748 pro

446 1777 618 1842 vobis,
650 1777 956 1848 suscipiatis
985 1777 1052 1832 de
1087 1776 1193 1830 illis
1235 1773 1687 1845 promissionem?
1729 1773 1832 1828 hoc
1861 1780 2041 1826 autem

2130 757 2359 814 resumit
2387 758 2582 812 iterum
2625 753 2790 809 illud:
2833 751 2892 806 ln
2933 764 3039 820 quo
3074 757 3121 802 et
3161 746 3342 830 laboro
3367 743 3618 800 certando
3650 759 3754 810 se-

2130 853 2358 908 cundum
2383 851 2733 922 operationem
2761 847 2875 918 ejus
2900 859 3056 916 quam
3085 852 3334 914 operatur
3355 840 3410 896 in
3435 857 3516 895 me
3539 842 3599 895 in
3626 840 3754 894 eir-

2131 955 2258 1001 tute.
2301 945 2408 1000 Pro
2449 945 2553 1008 his,
2594 942 2789 1013 inquit,
2832 947 2889 996 et
2925 939 3176 994 laborare
3216 935 3374 1005 cupio
3414 933 3755 989 omnimodo

2132 1037 2421 1092 decertans
2451 1040 2671 1104 propter
2697 1031 2955 1086 tributam
2985 1026 3115 1081 mihi
3145 1026 3214 1081 ad
3249 1025 3353 1080 hoc
3379 1023 3635 1078 virtutem
3671 1022 3756 1080 de

2134 1125 2273 1181 coelo
2301 1139 2312 1154 ·
2346 1124 2587 1179 inveniet
2621 1129 2800 1176 autem
2829 1119 2950 1190 quis
2981 1126 3037 1173 et
3072 1118 3175 1172 hoc
3210 1132 3308 1187 per
3337 1114 3516 1170 omnia
3557 1114 3758 1179 simile

2133 1232 2254 1272 esse
2307 1216 2601 1272 secundum
2656 1227 2876 1269 sensum
2935 1211 3078 1266 illius
3134 1207 3388 1280 Epistolas
3439 1223 3605 1278 quam
3670 1206 3754 1262 ad

2136 1309 2398 1379 Ephesios
2427 1307 2711 1377 scripsisse
2733 1305 2947 1360 videtur
2971 1304 3064 1359 ubi
3095 1301 3231 1358 dixit
3261 1320 3274 1355 :
3308 1299 3484 1370 Hujus
3512 1300 3592 1354 rei
3617 1316 3757 1370 gra-

2137 1403 2211 1458 tia
2239 1418 2330 1473 ego
2357 1399 2560 1455 Paulus
2599 1400 2804 1454 vinctus
2833 1397 3029 1452 Christi
3063 1395 3219 1462 Iesu,
3257 1404 3362 1450 etc.
3397 1391 3621 1463 (Ephes.
3655 1392 3756 1459 It.)

2138 1495 2205 1550 Et
2229 1494 2483 1564 quoniam
2507 1492 2746 1548 ostendit
2768 1491 3047 1546 evidenter
3067 1487 3172 1544 sibi
3198 1493 3506 1556 competere
3529 1499 3634 1554 pro
3659 1483 3758 1537 bis

2140 1586 2463 1651 doctrinam,
2498 1584 2764 1654 siquidem
2797 1581 3051 1637 Gentium
3083 1579 3444 1635 ministerium
3483 1575 3761 1632 commis—

2141 1694 2260 1733 sum
2290 1677 2491 1732 habere
2533 1676 2768 1741 videtur,
2805 1683 2862 1730 et
2905 1674 2960 1728 in
3003 1675 3108 1728 hoc
3151 1687 3183 1726 a
3221 1670 3334 1726 Deo
3374 1676 3598 1724 creatus
3639 1676 3752 1730 est,

2143 1769 2480 1825 satisfacere.
2522 1767 2785 1838 Properat
2819 1766 2921 1833 eis,
2950 1763 3208 1836 quoniam
3248 1761 3488 1818 nondum
3515 1766 3756 1815 venerat

448 1868 565 1925 sine
604 1867 792 1924 labore
829 1875 885 1923 et
929 1867 1369 1922 tribulationibus
1409 1865 1526 1920 ﬁeri
1566 1879 1907 1934 nequaquam
1951 1877 2044 1932 po-
2071 1857 2120 1918 B
2149 1862 2217 1917 ad
2245 1877 2360 1918 eos.

451 1967 596 2015 test:
625 1973 726 2030 pro
765 1958 854 2013 his
894 1974 1025 2030 ergo
1063 1957 1244 2028 patior
1283 1956 1612 2013 circumiens
1651 1964 1707 2012 et
1743 1954 2044 2026 praedicans

449 2050 698 2106 omnibus
728 2049 816 2104 illa
842 2065 963 2120 quae
987 2059 1114 2105 sunt
1139 2057 1402 2112 correcta,
1446 2049 1520 2103 ita
1546 2057 1606 2103 nt
1635 2062 1731 2104 vos
1760 2047 2046 2103 credentes

449 2141 643 2197 aliectu
672 2141 840 2197 animi
869 2141 1326 2212 propinquitatem
1357 2140 1504 2194 illam
1564 2154 1685 2208 quae
1709 2137 1780 2193 ad
1808 2152 1932 2191 eum
1962 2143 2048 2192 est

451 2234 748 2304 accipiatis,
778 2235 970 2290 horum
993 2234 1138 2289 enim
1163 2249 1264 2307 ego
1287 2234 1472 2289 exstiti
1499 2233 1766 2288 minister.
1799 2231 1867 2286 Et
1892 2239 1952 2284 ut
1981 2244 2048 2285 ne

451 2321 698 2377 videatur
737 2321 843 2377 alta
883 2323 1099 2393 sapiens
1137 2323 1237 2379 sibi
1273 2323 1373 2394 ipsi
1407 2323 1696 2379 ministerii
1738 2320 2049 2376 adscribere

457 2409 843 2478 directionem,
889 2414 1174 2468 secundum
1221 2414 1644 2484 dispositionem,
1696 2413 1905 2484 inquit,
1932 2428 2049 2483 qua:

453 2501 580 2555 data
606 2511 680 2557 est
709 2503 837 2556 mihi
873 2505 926 2558 in
966 2505 1106 2558 vobis
1133 2504 1418 2575 adimplere
1457 2505 1668 2560 uerbum
1695 2504 1794 2559 Dei
1817 2546 1832 2571 ,
1860 2514 2050 2575 myste-

455 2593 594 2646 rium
625 2594 765 2666 quod
801 2594 1163 2650 absconditum
1194 2595 1297 2667 fuit
1333 2614 1367 2651 a
1391 2595 1602 2652 saeculis
1628 2605 1677 2650 et
1704 2595 2052 2667 generationi-

457 2685 550 2740 bus
580 2702 598 2741 :
635 2703 772 2741 nunc
798 2697 970 2744 autem
997 2688 1333 2760 manifestum
1364 2699 1438 2745 est
1466 2690 1660 2744 sanctis
1687 2688 1824 2760 ejus,
1861 2687 2050 2759 quibus

456 2776 615 2831 voluit
652 2777 795 2834 Deus
841 2787 990 2834 notas
1038 2779 1209 2850 facere
1255 2781 1464 2836 divitias
1509 2780 1692 2852 glorire
1733 2780 2052 2835 sacramenti

455 2870 613 2940 hujus
639 2871 695 2924 in
725 2872 982 2942 gentibus.
1027 2871 1264 2944 (Ambia)
1305 2873 1431 2930 Haec
1460 2874 1676 2945 quidem
1714 2873 1882 2928 etiam
1922 2872 2053 2942 ipsis

457 2961 800 3035 sermonibus
831 2963 883 3018 in
912 2964 1003 3018 illa
1031 2963 1270 3034 Epistola
1299 2981 1460 3036 quam
1487 2965 1736 3035 Ephesiis
1761 2964 2054 3033 scripserat

455 3054 631 3124 posita
657 3069 780 3111 esse
810 3056 932 3125 quis
960 3055 1226 3120 inveniet,
1264 3070 1331 3111 eo
1359 3055 1503 3126 quod
1540 3064 1596 3109 et
1625 3055 1772 3108 illam
1809 3061 1865 3108 et
1892 3054 2052 3108 istam

425 3207 429 3210 _
458 3144 525 3200 ad
557 3144 678 3200 illos
701 3145 794 3216 qui
823 3161 883 3201 se
911 3162 1018 3201 non
1053 3146 1303 3201 viderunt
1332 3146 1603 3202 scribebat
1633 3163 1646 3199 :
1681 3146 1803 3200 ideo
1829 3153 1884 3200 et
1911 3144 2050 3198 mul-

461 3245 546 3293 tos
577 3254 770 3294 sensus
806 3247 862 3294 et
894 3239 948 3293 in
979 3239 1068 3292 illa
1098 3246 1154 3294 et
1187 3239 1242 3293 in
1273 3238 1376 3293 ista
1405 3236 1641 3307 Epistola
1681 3237 1932 3292 similiter
1956 3252 2054 3306 po-
2083 3225 2130 3289 C

459 3330 635 3387 suisse
669 3331 903 3386 videtur.
929 3331 1072 3386 Dicit
1101 3346 1230 3403 ergo
1267 3331 1521 3401 quoniam
1567 3330 1928 3386 ministerium
1954 3331 2059 3387 hoc

461 3421 810 3476 commissum
857 3429 940 3477 est
984 3422 1116 3478 mihi
1152 3439 1183 3477 a
1395 3423 1470 3478 ita
1516 3431 1577 3479 ut
1618 3439 1808 3480 omnes
1833 3425 2058 3480 doceam

463 3510 622 3577 illud,
654 3513 797 3582 quod
827 3513 956 3568 olim
985 3515 1237 3570 omnibus
1267 3523 1386 3570 erat
1418 3515 1716 3584 incertum;
1758 3532 1902 3573 nunc
1929 3532 2062 3574 vero

465 3603 669 3659 sanctis
700 3602 816 3672 ejus
844 3606 1120 3678 cognitum
1147 3614 1230 3662 est
1249 3647 1265 3673 ,
1303 3607 1447 3678 quod
1485 3607 1616 3663 illud
1643 3607 1780 3675 tale,
1817 3608 1961 3680 quod
1991 3609 2061 3664 ob

468 3695 697 3751 multam
719 3713 872 3756 suam
895 3698 1195 3754 bonitatem
1217 3706 1271 3755 et
1291 3699 1478 3772 gloriae
1498 3699 1876 3756 liberalitatem
1893 3701 2059 3756 etiam

464 3799 520 3845 et
572 3787 837 3846 Gentibus
893 3790 1142 3847 similiter
1196 3807 1384 3848 eorum
1441 3794 1672 3865 praebuit
1721 3793 2059 3850 fruitionem.

465 3876 604 3934 Nam
632 3882 872 3952 antiquis
899 3885 1227 3954 temporibus
1259 3886 1438 3942 omnis
1468 3886 1646 3956 pietas
1677 3887 1728 3942 in
1756 3885 2062 3942 Judaeorum

466 3987 664 4044 genere
690 3975 1100 4046 circumscripta
1122 3977 1453 4043 habebatur;
1484 3977 1746 4036 Gentibus
1765 3995 1894 4036 vero
1917 3978 2064 4034 nulla

465 4066 533 4120 ad
551 4081 646 4122 eos
665 4076 781 4122 erat
800 4069 1052 4132 societas,
1067 4068 1417 4141 Evangelium
1431 4085 1559 4126 vero
1580 4086 1921 4128 communem
1943 4085 2062 4124 om-

467 4156 626 4212 nibus
655 4155 961 4214 futurorum
998 4161 1250 4230 promisit
1274 4159 1619 4218 donationem
1639 4204 1653 4228 ,
1691 4163 1834 4233 quod
1860 4170 1915 4216 et
1944 4175 2063 4230 my-

468 4248 693 4302 sterium
726 4257 916 4314 vocat,
960 4265 1026 4305 eo
1063 4253 1206 4320 quod
1250 4251 1378 4307 olim
1419 4261 1536 4308 erat
1575 4253 1876 4320 occultum,
1922 4269 2066 4308 nunc

472 4345 651 4391 autem
682 4345 768 4391 est
797 4338 1163 4394 manifestum.
1206 4341 1340 4394 Nam
1381 4341 1506 4410 quia
1548 4342 1683 4396 dixit
1719 4344 1914 4396 sanctis
1951 4343 2066 4412 ejus

469 4431 656 4499 quibus
694 4427 856 4483 uoluit
902 4429 1062 4496 Deus,
1108 4431 1175 4486 de
1216 4430 1488 4502 Apostolis
1528 4431 1682 4497 dicit,
1729 4439 1784 4487 et
1829 4431 1934 4486 illis
1975 4432 2068 4501 qui

473 4526 598 4574 tunc
625 4527 783 4574 erant
809 4521 1102 4592 praepositi,
1130 4521 1200 4577 de
1227 4522 1426 4592 quibus
1459 4530 1514 4576 et
1548 4522 1794 4592 Ephesiis
1824 4523 2070 4580 scribens

2147 2046 2306 2102 Docet
2344 2059 2638 2117 praecavere
2675 2044 2998 2114 deceptiones
3029 2041 3356 2117 perfalsam
3393 2039 3755 2117 prophetiam,

2191 2134 2285 2189 per
2305 2111 2432 2188 legis
2455 2111 2844 2182 auctoritatem,
2868 2131 2959 2185 per
2981 2111 3276 2168 sanctitatis
3297 2111 3716 2168 simulationem.

2228 2229 2356 2285 Volo
2391 2232 2528 2284 enim
2565 2247 2653 2285 vos
2675 2229 2812 2286 scire
2848 2227 3056 2302 qualem
3088 2227 3497 2283 sollicitudinem
3527 2228 3759 2282 habeam

2146 2339 2239 2395 pro
2277 2323 2419 2378 uobis
2459 2332 2507 2376 et
2543 2339 2638 2393 pro
2677 2322 2752 2376 eis
2779 2323 2871 2392 qui
2895 2330 3020 2375 sunt
3049 2319 3318 2375 Laodicia:
3358 2330 3408 2374 et
3436 2319 3759 2390 quicumque

2149 2430 2253 2468 non
2296 2414 2533 2468 viderunt
2582 2413 2771 2483 [aciem
2815 2429 2984 2467 meam
3032 2413 3088 2466 in
3126 2428 3303 2466 carne.
3349 2409 3592 2483 (Amlir.)
3644 2410 3760 2465 Nec

2148 2505 2295 2561 enim
2324 2505 2454 2561 illud
2491 2505 2634 2572 volo,
2672 2505 2882 2576 inquit,
2919 2521 3014 2562 vos
3053 2507 3322 2578 ignorare,
3357 2506 3619 2576 quoniam
3653 2503 3758 2560 etsi

2149 2615 2255 2654 non
2279 2598 2388 2654 vidi
2421 2614 2536 2664 vos,
2567 2597 2663 2655 sed
2687 2599 2845 2654 valde
2869 2599 3014 2654 etde
3044 2599 3196 2654 vobis
3225 2614 3455 2670 agonem
3488 2598 3757 2663 sustineo,

2151 2705 2253 2746 nec
2273 2690 2417 2746 enim
2443 2691 2624 2746 minus
2643 2692 2709 2746 de
2732 2691 2885 2747 vobis
2911 2707 3030 2746 sum
3056 2691 3346 2758 sollicitus,
3370 2707 3537 2762 quam
3563 2692 3632 2746 de
3655 2691 3761 2745 illis

2151 2801 2288 2856 quos
2315 2785 2446 2841 vidi.
2472 2785 2611 2854 Quid
2636 2794 2720 2841 est
2753 2795 2936 2840 autem
2965 2785 3094 2841 illud
3121 2785 3376 2856 quoniam
3405 2800 3640 2856 agonem
3663 2799 3762 2855 pro

2153 2877 2260 2933 illis
2295 2879 2530 2948 pateris?
2574 2875 2640 2932 Ut
2678 2878 3014 2932 consolentur
3043 2880 3205 2932 corda
3244 2878 3478 2948 ipsorum
3516 2875 3760 2930 instructi

2151 2969 2208 3023 in
2232 2969 2488 3023 charitate
2507 2978 2556 3023 et
2576 2969 2632 3023 in
2653 2985 2828 3024 omnes
2849 2969 3060 3023 divitias
3080 2967 3420 3039 plenitudinis
3441 2968 3758 3022 intellectus.

2156 3060 2228 3116 Ut
2249 3071 2303 3116 et
2323 3078 2420 3118 vos
2443 3063 2496 3117 in
2525 3063 2669 3118 illam
2695 3063 3037 3130 charitatem,
3061 3079 3182 3134 quae
3203 3078 3330 3134 erga
3353 3063 3638 3119 Christum
3659 3073 3756 3126 est,

2158 3156 2563 3222 convenientes,
2595 3157 2753 3212 ﬁrmo
2777 3157 3050 3213 intellectu
3075 3157 3290 3212 illorum
3340 3157 3612 3213 bonorum
3645 3173 3760 3227 qum

2162 3253 2567 3314 exspectantur,
2608 3247 2975 3316 assequamini
3011 3245 3341 3304 fruitionem.
3383 3245 3452 3302 In
3496 3249 3761 3319 agnitione

2161 3335 2396 3405 mysterii
2437 3334 2538 3389 Dei
2579 3337 2742 3407 patris
2769 3334 2965 3391 Christi
3009 3337 3158 3406 Jesu,
3199 3339 3377 3409 inquo
3421 3349 3544 3394 sunt
3587 3355 3760 3393 omnes

2161 3423 2393 3478 thesauri
2439 3427 2712 3496 sapientia:
2751 3436 2800 3481 et
2842 3428 3076 3483 scientia:
3105 3428 3421 3484 absconditi.
3459 3429 3531 3484 Et
3569 3439 3634 3484 ut
3686 3431 3763 3484 in-

2167 3517 2566 3573 enarrabilibus
2593 3517 2750 3574 bonis
2777 3521 3208 3587 communicetis,
3239 3537 3361 3592 qua:
3389 3520 3760 3576 aDeodonata

2163 3617 2291 3664 sunt
2318 3607 2493 3675 nobis,
2519 3623 2641 3679 quae
2664 3609 2829 3664 etiam
2865 3611 3131 3666 absconsa
3171 3618 3298 3666 sunt
3341 3625 3490 3666 nunc
3517 3610 3575 3665 in
3603 3610 3758 3666 Chri-

2162 3708 2270 3767 sto,
2299 3717 2421 3756 cum
2465 3715 2594 3771 quo,
2626 3715 2746 3756 cum
2781 3703 3094 3773 apparuerit
3136 3702 3193 3757 in
3233 3702 3416 3758 futuro
3455 3703 3681 3767 saeculo,
3711 3712 3762 3757 et

2165 3790 2254 3846 illa
2281 3806 2400 3861 qute
2426 3799 2556 3861 erga
2585 3806 2683 3847 nos
2711 3801 2795 3846 est
2825 3791 3122 3848 liberalitas
3151 3793 3205 3847 in
3231 3792 3365 3864 ipsis
3393 3801 3524 3848 tunc
3551 3794 3759 3849 videbi-

2165 3891 2253 3937 tur
2299 3883 2588 3953 operibus;
2635 3884 2952 3954 mysterium
3007 3884 3206 3939 etenim
3266 3883 3408 3939 sicut
3449 3883 3762 3954 frequenter

2166 3975 2419 4041 diximus,
2451 3983 2608 4030 vocat
2633 3975 2778 4029 illam
2805 3976 3032 4047 gratiam
3052 4017 3065 4040 ,
3110 3991 3232 4045 qua:
3260 3991 3387 4046 erga
3419 3973 3631 4032 Gentes
3659 3985 3757 4040 at,

2166 4085 2231 4124 eo
2261 4069 2403 4138 quod
2437 4077 2492 4124 et
2528 4069 2708 4140 ignota
2733 4077 2890 4123 erant
2925 4068 3207 4138 primitus;
3240 4068 3609 4140 cognitionem
3637 4083 3759 4122 vero

2167 4161 2411 4233 mysterii
2439 4160 2910 4230 participationem
2945 4159 3064 4230 ejus
3088 4159 3254 4215 edicit
3281 4174 3422 4214 esse.
3452 4159 3761 4216 Absconsos

2165 4265 2294 4306 vero
2320 4265 2510 4310 omnes
2537 4251 2820 4305 thesauros
2855 4251 3132 4320 sapientiae
3159 4258 3216 4305 et
3253 4249 3499 4305 scientiae
3539 4265 3664 4306 esse
3711 4251 3758 4303 ia

2167 4339 2386 4396 Christo
2415 4341 2608 4408 edicit,
2637 4350 2824 4412 utpote
2850 4357 2971 4396 eum
3001 4341 3171 4396 multa
3207 4340 3495 4410 prudentia
3539 4342 3759 4396 institu—

2170 4441 2252 4487 tos
2283 4448 2403 4487 esse
2430 4448 2529 4503 per
2561 4431 2835 4487 Christum
2863 4447 2964 4502 pro
2989 4441 3173 4486 nostra
3212 4430 3469 4498 utilitate,
3499 4432 3591 4500 qui
3624 4445 3762 4485 nunc

2171 4523 2386 4593 quidem
2435 4531 2563 4577 sunt
2601 4523 2816 4589 incerti,
2864 4521 3191 4576 videbuntur
3231 4530 3412 4576 autem
3459 4531 3590 4576 tunc
3643 4536 3762 4575 cum

470 4612 750 4668 evidenter
790 4611 992 4667 dixisse
1034 4613 1180 4668 visus
1221 4621 1324 4668 est.
1373 4613 1439 4668 Et
1479 4615 1734 4684 quoniam
1778 4615 1914 4670 dixit
1947 4631 2065 4685 qua:
2095 4594 2143 4654 Ι)
2170 4614 2480 4684 apparuerit
2535 4622 2593 4669 et
2651 4615 2784 4684 ipse.
2841 4613 3076 4668 Noverat
3133 4613 3426 4683 Apostolus
3478 4613 3763 4668 thesauros

473 4709 600 4755 sunt
618 4703 817 4757 divitia:
838 4703 1023 4773 gloria:
1047 4705 1289 4774 mysterii
1313 4703 1530 4773 adjicit:
1553 4705 1704 4770 Quod
1726 4687 1800 4760 est
1825 4704 2064 4762 Christus

475 4791 530 4843 in
569 4791 708 4846 vobis
733 4809 846 4862 spes
882 4793 1083 4864 gloriw.
1128 4793 1242 4848 Hoc
1270 4804 1376 4861 est,
1409 4809 1616 4866 magna:
1641 4795 1862 4862 divitiae,
1895 4798 1945 4851 id
1982 4807 2068 4853 est

477 4883 747 4950 Christus,
775 4893 830 4938 et
853 4894 914 4940 ut
951 4886 1006 4941 in
1044 4886 1191 4941 illum
1221 4887 1508 4943 credamus
1537 4907 1548 4941 :
1587 4887 1676 4942 hic
1703 4889 1845 4943 enim
1874 4897 1956 4944 est
1985 4889 2068 4944 iu-

475 4981 610 5028 tura:
629 4973 813 5044 gloria:
834 4992 977 5044 spes,
1001 4979 1092 5047 qui
1113 4987 1167 5032 et
1190 4994 1352 5034 causa
1374 4978 1532 5035 nobis
1551 4981 1815 5036 bonorum
1837 4983 2067 5049 exstitit,

477 5065 686 5122 donans
712 5067 870 5123 nobis
897 5077 955 5122 ut
991 5069 1080 5124 illa
1121 5079 1518 5140 exspectemus.
1551 5071 1715 5138 Quem
1743 5090 1837 5127 nos
1861 5091 2068 5128 annun-

478 5156 693 5220 tiamus,
722 5158 1061 5228 corripientes
1083 5177 1288 5216 omnem
1309 5163 1590 5229 hominem,
1614 5173 1662 5217 et
1692 5164 1933 5220 docentes
1961 5183 2071 5221 om-

475 5264 593 5305 nem
621 5249 881 5304 hominem
918 5251 971 5305 in
1005 5253 1145 5307 omni
1174 5255 1458 5322 patientia,
1498 5264 1552 5308 ut
1589 5255 1922 5311 exhibeamus
1953 5273 2067 5311 om-

476 5354 596 5396 nem
635 5341 895 5396 hominem
935 5342 1220 5414 perlectum
1259 5346 1312 5398 in
1344 5343 1551 5400 Christo
1579 5345 1731 5402 Jesu.
1773 5348 1946 5416 Hunc,
1984 5351 2070 5405 in-

476 5433 616 5504 quit,
645 5435 1020 5503 prtedicamus,
1066 5452 1280 5491 omnem
1311 5438 1583 5496 hominem
1613 5442 1892 5506 docentes,
1929 5451 1988 5498 ut
2018 5443 2070 5497 in

475 5537 603 5580 eum
628 5524 880 5582 allectum
906 5527 1163 5594 habeant,
1191 5535 1250 5581 ut
1276 5527 1332 5583 in
1357 5527 1600 5584 futurum
1623 5533 1836 5604 assequi
1859 5533 2070 5604 possint

476 5616 865 5690 perfectionem
891 5637 988 5692 per
1022 5619 1197 5685 illam,
1237 5637 1356 5692 quae
1391 5621 1448 5678 in
1473 5639 1539 5680 eo
1573 5634 1689 5693 est,
1718 5625 1901 5683 ﬁdem.
1932 5626 2068 5682 Per-

478 5709 764 5769 fectionem
792 5715 995 5772 etenim
1034 5714 1275 5772 futurum
1319 5725 1520 5774 statum
1551 5727 1738 5786 vocat,
1781 5729 1838 5778 et
1881 5721 1937 5778 in
1979 5721 2071 5778 illa

479 5801 716 5873 Epistula
745 5824 906 5880 quam
941 5807 1009 5867 ad
1041 5807 1263 5868 Galatas
1286 5818 1342 5869 et
1369 5810 1424 5868 in
1463 5812 1568 5871 ista
1594 5829 1758 5886 quam
1781 5814 1852 5873 ad
1887 5815 2068 5887 Ephe-

2169 4705 2333 4770 istos,
2385 4712 2650 4774 quantum
2702 4719 2890 4758 eorum
2937 4712 3320 4774 penetraverat
3364 4712 3419 4759 et
3469 4704 3527 4758 in
3575 4705 3660 4758 cis
3702 4702 3764 4757 ad

2169 4805 2370 4866 quanta
2399 4803 2722 4866 pervenerat
2745 4795 2868 4865 quis
2895 4804 3071 4866 potest
3102 4796 3298 4852 nosse?
3324 4795 3509 4866 (Aug.)
3543 4795 3660 4866 Ego
3689 4804 3766 4848 ta-

2169 4906 2292 4945 men
2341 4889 2637 4943 secundum
2681 4887 2735 4943 id
2762 4887 2904 4956 quod
2953 4889 3215 4956 scriptum
3257 4895 3341 4944 est
3374 4886 3424 4956 (1
3463 4885 3588 4941 Cor.
3617 4886 3760 4955 xu):

2173 4980 2464 5052 Unicuique
2505 4991 2680 5036 autem
2711 4991 2944 5035 nostrum
2970 4981 3130 5034 datur
3165 4981 3522 5050 manifestatio
3549 4982 3763 5052 spiritus

2170 5073 2239 5126 ad
2269 5073 2568 5136 utilitatem,
2603 5072 2696 5126 alii
2723 5073 2931 5143 quidem
2957 5073 3119 5125 datur
3131 5088 3223 5138 per
3244 5070 3500 5142 Spiritum
3525 5083 3760 5126 sanctum

2169 5181 2338 5219 sermo
2369 5164 2674 5234 sapientiw;
2707 5163 2800 5216 alii
2831 5179 3001 5217 sermo
3028 5163 3279 5228 scientiae,
3303 5163 3592 5216 secundum
3615 5178 3762 5217 eum-

2171 5260 2289 5314 dem
2316 5259 2608 5331 Spiritum;
2637 5259 2679 5313 si
2712 5259 2786 5313 ita
2811 5259 2952 5313 inter
2979 5273 3040 5314 se
3063 5257 3267 5313 distant
3294 5258 3410 5312 [nec
3433 5257 3562 5324 duo,
3591 5266 3653 5311 ut
3677 5273 3763 5310 sa-

2171 5352 2372 5422 pientia
2402 5349 2624 5416 divinis,
2656 5350 2881 5406 scientia
2913 5350 3165 5405 humanis
3191 5349 3453 5404 attributa
3484 5350 3558 5405 sit
3583 5349 3760 5412 rebus,

2171 5452 2462 5515 utrumque
2488 5459 2720 5515 agnosco
2750 5445 2804 5499 in
2847 5443 3083 5511 Christo,
3107 5452 3163 5499 et
3195 5458 3409 5499 mecum
3437 5445 3617 5498 omnis
3652 5443 3764 5512 ejus

2176 5537 2350 5594 ﬁdelis
2379 5557 2392 5592 :
2420 5547 2622 5593 etcum
2654 5537 2772 5608 lego
2803 5556 2816 5592 :
2863 5536 3090 5592 Verbum
3121 5553 3244 5591 caro
3266 5534 3466 5606 factum
3487 5545 3565 5589 est
3595 5547 3641 5590 et
3675 5535 3767 5588 ha-

2177 5629 2356 5685 bitavit
2378 5631 2434 5685 in
2461 5630 2631 5700 nobis,
2661 5631 2902 5702 intelligo
2932 5630 2986 5686 in
3011 5631 3191 5686 Verbo
3213 5645 3403 5686 verum
3426 5629 3523 5686 Dei
3551 5629 3764 5694 Filium,

2177 5721 2232 5778 in
2256 5738 2422 5779 carne
2446 5738 2680 5794 agnosco
2701 5738 2893 5778 verum
2917 5724 3153 5779 hominis
3179 5723 3370 5789 ﬁlium,
3397 5731 3456 5779 et
3477 5731 3769 5793 utrumque

2178 5811 2339 5871 simul
2381 5813 2436 5870 in
2462 5828 2626 5870 unam
2665 5827 2954 5887 personam
2995 5815 3089 5873 Dei
3133 5823 3190 5872 et
3231 5815 3468 5872 hominis
3510 5811 3766 5872 ineil‘abili
