3986 6338
228 479 332 537 521

764 484 1311 550 ENARRATIONUM
1350 493 1418 549 IN
1455 493 1602 550 EPP.
1643 496 1851 553 PAULI
1889 497 2019 555 L'IB.
2061 501 2177 561 XX.
2216 533 2286 547 -—
2321 506 2390 562 IN
2425 506 2642 566 EPIST.
2682 513 2770 569 Al‘
2803 515 2953 572 COL.

3380 523 3487 578 522

222 598 419 667 gratia:
461 597 714 670 largitate
760 602 1126 673 coniunctum.
1181 607 1420 666 Scientia
1457 626 1586 681 ergo
1629 623 1811 669 nostra
1840 619 1891 680 Α
1916 629 2128 675 vantur.
2168 620 2340 678 Homo
2368 627 2581 697 quippe,
2610 647 2727 684 cum
2770 634 2823 686 in
2849 634 3043 688 honore
3081 648 3231 704 esset,
3269 656 3374 694 non
3399 642 3485 696 in-

217 689 474 744 Christus
502 697 606 756 est,
637 693 899 764 sapientia
925 712 1138 770 quoque
1162 711 1346 758 nostra
1385 704 1527 759 idem
1559 704 1807 764 Christus

216 791 336 847 est,
367 783 484 852 ipse
521 785 676 841 nobis
715 786 872 842 ﬁdem
899 789 966 845 de
996 793 1158 848 rebus
1185 796 1566 865 temporalibus
1590 799 1805 866 inserit,

215 873 336 945 ipse
380 876 448 931 de
494 878 832 945 sempiternis
868 881 1088 939 exhibet
1125 887 1406 943 veritatem
1437 905 1452 943 :
1493 906 1592 960 per
1631 891 1804 962 ipsum

213 965 498 1035 pergimus
529 967 598 1022 ad
640 969 836 1037 ipsum,
869 974 1138 1031 tendimus
1163 992 1260 1046 per
1299 979 1580 1036 scientiam
1607 981 1675 1036 ad
1713 997 1803 1038 sa-

210 1056 501 1125 pientiam,
537 1058 606 1113 ab
632 1075 742 1115 uno
771 1071 950 1119 tamen
977 1066 1273 1138 eodemque
1310 1069 1526 1128 Christo
1568 1087 1678 1129 non
1720 1089 1806 1130 re-

212 1148 490 1214 cedimus,
530 1150 582 1204 in
615 1166 721 1220 quo
748 1162 873 1208 sunt
897 1171 1084 1213 omnes
1113 1159 1352 1216 thesauri
1378 1165 1656 1233 sapientiai
1681 1167 1804 1222 abs-

209 1237 444 1290 conditi.
491 1236 607 1292 Hoc
646 1251 820 1296 autem
844 1244 961 1298 dico
988 1256 1046 1300 ut
1075 1265 1228 1302 nemo
1249 1267 1335 1305 vos
1362 1252 1585 1324 decipiat
1604 1255 1661 1310 in
1681 1257 1803 1310 sub-

207 1327 409 1382 tilitate
429 1346 744 1390 sermonum.
771 1335 1006 1411 (Ambr.)
1035 1339 1174 1406 Quid
1197 1352 1281 1397 est
1307 1352 1506 1410 autem,
1537 1347 1633 1400 hoc
1661 1348 1798 1415 dico,

205 1427 264 1471 et
289 1433 402 1487 qua
430 1420 638 1477 ratione
669 1423 811 1480 hunc
845 1427 1019 1482 habeo
1043 1431 1108 1484 de
1134 1431 1288 1487 vobis
1329 1436 1595 1504 agonem?
1636 1437 1801 1492 timeo

205 1510 362 1564 enim
401 1527 472 1566 ne
510 1515 726 1582 quando
767 1519 1176 1577 mutabilitatem
1215 1523 1448 1594 aliquam
1486 1521 1799 1585 sustine'atis

203 1603 530 1658 suasoribus
559 1605 918 1665 intendentes.
947 1611 1098 1690 Tunc
1123 1615 1265 1670 enim
1287 1619 1550 1687 poteritis,
1578 1629 1638 1675 ut
1663 1621 1794 1687 dixi,

202 1695 431 1764 assequi
461 1696 612 1752 vobis
646 1701 932 1768 promissa,
975 1706 1190 1773 quando
1235 1711 1642 1777 permanseritis
1668 1729 1796 1785 erga

198 1784 468 1852 pietatem
498 1787 657 1843 ﬁrmi.
681 1790 748 1844 Et
776 1794 1068 1851 ostendens
1091 1798 1347 1867 quoniam
1371 1808 1427 1855 et
1455 1800 1653 1859 laetitia:
1680 1784 1796 1860 illo-

200 1890 330 1929 rum
365 1871 723 1948 participatur
748 1883 794 1937 si
823 1883 962 1940 bene
992 1901 1051 1940 se
1081 1887 1170 1942 illa
1201 1905 1320 1958 qua:
1346 1905 1472 1963 erga
1508 1893 1628 1950 illos
1668 1906 1796 1951 sunt

1909 710 2130 779 tellexit,
2162 726 2494 786 comparatus
2526 730 2599 774 est
2633 721 2889 790 jumentis
2920 725 3295 796 insipientibus,
3333 741 3382 788 et
3409 733 3484 786 si-

1908 801 2044 874 milis
2073 803 2243 871 factus
2270 817 2346 860 est
2375 807 2480 862 illis
2509 807 2678 881 (Psal.
2709 815 2914 885 xnvm).
3104 819 3108 824 ’

1978 890 2275 948 Secundum
2291 897 2624 952 traditionem
2635 901 2924 969 hominum,
2939 907 3221 963 secundum
3235 909 3486 969 elementa

1905 981 2088 1034 mundi
2099 994 2145 1037 et
2161 1001 2265 1038 non
2278 989 2562 1042 secundum
2577 989 2788 1045 Christi.
2806 995 3036 1070 (Ambu)
3055 999 3357 1058 Secundum
3379 1006 3484 1061 ele-

1904 1081 2084 1126 menta
2097 1075 2278 1130 mundi
2301 1078 2428 1133 dicit
2447 1080 2654 1136 dierum
2675 1094 2729 1138 et
2741 1093 3042 1156 temporum
3057 1094 3481 1167 observantiam,

1903 1175 1970 1215 eo
2004 1165 2146 1231 quod
2176 1167 2244 1221 ab
2281 1168 2560 1226 elementis
2601 1176 2785 1231 mundi
2812 1179 3164 1246 perﬁciuntur
3197 1186 3319 1242 ista.
3359 1165 3482 1245 Eleé

1900 1261 2140 1309 mentum
2160 1257 2305 1312 enim
2326 1262 2506 1317 mundi
2535 1263 2700 1320 solem
2727 1267 2857 1323 dicit
2883 1279 2938 1326 et
2964 1271 3166 1342 lunam,
3190 1292 3258 1332 ex
3285 1281 3480 1350 quibus

1902 1342 2110 1400 dierum
2136 1363 2346 1420 quoque
2391 1362 2447 1408 et
2491 1363 2790 1426 temporum
2826 1378 3015 1420 cursus
3041 1365 3174 1423 eﬂici
3210 1342 3476 1432 videntur.

1901 1433 1993 1490 Sic
2017 1439 2160 1493 enim
2187 1440 2316 1498 illud
2340 1451 2395 1498 et
2422 1443 2627 1502 Calatis
2657 1451 2919 1520 scribens,
2951 1457 3106 1525 dixit,
3137 1461 3480 1520 traditionem

1898 1536 2080 1584 autem
2105 1532 2383 1591 hominum
2408 1554 2514 1594 non
2543 1542 2713 1612 ipsam
2739 1545 2907 1618 legem
2930 1553 3160 1620 vocavit,
3189 1559 3283 1613 sed
3309 1562 3480 1630 ipsam

1897 1620 2199 1682 doctrinam
2225 1629 2438 1688 illorum
2468 1637 2558 1705 qui
2591 1646 2718 1696 tunc
2746 1655 2930 1711 erant,
2976 1648 3266 1708 humanam
3295 1658 3479 1714 dicens

1894 1725 2040 1777 esse,
2071 1729 2136 1770 eo
2162 1719 2304 1786 quod
2331 1736 2432 1776 nec
2469 1729 2762 1782 secundum
2806 1731 2898 1786 Dei
2944 1741 3264 1796 sententiam
3294 1743 3476 1802 ﬁebat.

1897 1799 2049 1858 Unde
2093 1815 2147 1860 et
2171 1811 2460 1868 ostendens
2503 1817 2822 1885 pravitatem
2853 1822 2986 1892 ejus,
3019 1829 3247 1898 adjecit,
3285 1799 3472 1894 etnon

1895 1898 2188 1954 secundum
2215 1901 2522 1976 Christum,
2551 1911 2750 1971 Christi
2777 1933 3063 1987 personam
3094 1935 3282 1981 contra
3311 1931 3468 1993 sistit.

2507 1964 2520 1976 ¹
2565 1964 2648 1966 “⁷“““
2662 1964 2750 1971 ⁷⁷⁷-
2791 1964 3063 1978 ’“”υν³⁸“ΙΙΙ
3095 1964 3282 1981 υυιιιια
3311 1964 3468 1993 οιοιιι.

197 1964 517 2031 habuerint,
548 1969 622 2023 ait
647 1987 660 2022 :
687 1969 828 2025 Nam
849 1976 944 2057 etsi
965 1992 1179 2047 corpore
1201 1979 1386 2036 absens
1409 1999 1546 2050 sum,
1569 1986 1660 2040 sed
1690 1987 1792 2058 spi-
1818 1977 1867 2037 Β
1891 1996 1948 2042 et
1970 1993 2208 2048 ostendit
2234 1999 2554 2066 pravitatem
2587 1964 2865 2066 doctritiaz.
2904 2012 3086 2088 (.4ug.)
3117 2016 3302 2075 Cavete
3327 2040 3474 2095 ergo,

199 2055 304 2095 νὶΙη
351 2056 613 2095 ﬁniri-rum
662 2078 771 2095 nam
856 2066 1085 2095 ἰη-ιλιι...-
1131 2078 1174 2095 ,ι
1220 2071 1395 2095 -.2.Ι-μ-
1445 2076 1582 2095 ,._-Js_-
1605 2094 1629 2095 η
1655 2094 1660 2095 ,
1896 2079 1909 2091 ο
2030 2082 2062 2095 ο-
2273 2089 2285 2095 -
2475 2094 2478 2095 ,

199 2055 306 2108 ritu
351 2056 616 2112 vobiscum
656 2078 805 2127 sum,
853 2054 1085 2133 gaudens
1125 2078 1174 2123 et
1219 2071 1396 2128 videns
1435 2076 1669 2132 ordinem
1707 2096 1792 2133 ve-

196 2155 403 2212 strum,
444 2158 494 2201 et
520 2149 907 2217 ﬁrmamentum
937 2156 1072 2226 ejus,
1101 2176 1218 2230 quae
1242 2161 1299 2214 in
1327 2159 1533 2219 Christo
1561 2176 1636 2220 est
1665 2168 1790 2236 ﬁdei

194 2247 408 2292 oestrce.
438 2238 590 2295 Licet
615 2242 810 2298 absens
838 2260 988 2313 sum,
1023 2250 1117 2304 sed
1145 2252 1423 2308 vobiscum
1450 2271 1568 2310 sum
1596 2257 1789 2314 affectu

195 2328 405 2395 animi,
435 2332 675 2400 gaudens
713 2334 766 2388 in
792 2337 963 2402 vobis,
996 2338 1042 2392 si
1075 2350 1256 2397 tamen
1285 2341 1441 2400 ﬁrmo
1465 2347 1702 2420 cogitatu
1732 2351 1786 2405 in

192 2415 409 2472 Christi
452 2419 556 2476 ﬁde
600 2437 920 2493 permanere
961 2427 1268 2498 volueritis;
1313 2442 1369 2488 et
1415 2415 1559 2492 ultra
1600 2438 1789 2511 incipit

191 2510 638 2568 exhortationem
663 2514 840 2572 facere
867 2519 1161 2576 evidenter.
1196 2520 1345 2578 Sicut
1365 2542 1486 2596 ergo
1514 2510 1786 2600 accepistis

192 2600 471 2657 Christum
504 2605 709 2674 Iesum,
735 2610 792 2664 in
829 2611 940 2681 ipso
972 2615 1234 2670 ambulate
1256 2618 1480 2674 radicati
1509 2631 1559 2676 et
1599 2641 1785 2694 super-

192 2694 453 2762 aediﬁcati
477 2697 533 2752 in
559 2699 692 2768 ipso,
719 2711 765 2755 et
795 2703 1086 2772 conﬁrmati
1111 2707 1238 2774 ﬁde,
1268 2710 1398 2764 sicut
1427 2722 1477 2766 et
1505 2714 1783 2782 didicistis,

192 2785 532 2843 abundantes
584 2791 640 2844 in
690 2791 782 2845 illo
823 2795 1112 2863 gratiarum
1159 2800 1380 2855 actione.
1446 2801 1550 2858 Per
1606 2809 1786 2862 omnia

194 2879 347 2943 haec,
387 2880 478 2935 illa
511 2883 692 2939 dicere
723 2885 1000 2941 voluitzin
1042 2888 1145 2944 illis
1182 2899 1424 2960 manete,
1470 2910 1588 2964 qua:
1629 2912 1784 2952 acce-

192 2970 386 3039 pistis,
435 2975 726 3029 secundum
765 2976 854 3030 illa
894 2988 1306 3048 conversantes,
1349 2983 1423 3038 ita
1455 2993 1512 3039 ut
1559 2987 1785 3043 manife-

195 3068 351 3114 stum
394 3061 495 3126 sit,
530 3065 779 3132 quoniam
813 3075 965 3121 extra
997 3067 1394 3126 observantiam
1423 3073 1785 3145 legitimorum

193 3149 287 3204 illa
323 3151 394 3205 ab
434 3150 682 3223 Epaphra
715 3167 1086 3227 susceperunt.
1130 3158 1419 3232 Propterea
1461 3177 1516 3219 et
1547 3165 1786 3223 laudavit

193 3245 548 3300 traditionem
582 3246 700 3315 ejus
737 3249 790 3303 in
828 3251 1113 3322 principio.
1151 3253 1297 3310 Bene
1332 3266 1533 3324 autem,
1575 3262 1702 3330 quia
1730 3271 1784 3317 et

190 3337 244 3390 in
293 3338 593 3408 gratiarum
636 3341 898 3397 actionem
939 3343 1153 3412 adjecit,
1195 3349 1484 3406 ostendens
1524 3352 1777 3421 quoniam
1809 3334 1854 3397 (ἶ

193 3429 276 3483 sic
301 3429 445 3484 bona
471 3438 550 3484 est
581 3431 846 3499 doctrina,
871 3433 946 3488 ita
975 3442 1035 3489 ut
1070 3437 1270 3506 gratias
1309 3454 1469 3510 agere
1497 3443 1784 3498 conveniat

191 3533 312 3584 eos,
355 3535 454 3590 pro
491 3521 686 3592 quibus
711 3538 834 3578 eum
861 3537 1247 3595 cognoverunt.
1283 3530 1486 3586 Deinde
1510 3541 1566 3586 et
1593 3534 1782 3589 adver-

192 3613 373 3666 sarios
408 3613 716 3684 improbans
748 3617 880 3672 dicit
908 3635 921 3672 :
967 3617 1146 3675 Videte
1191 3638 1253 3676 ne
1285 3624 1398 3693 quis
1436 3641 1522 3680 vos
1556 3626 1778 3697 decipiat

187 3721 286 3774 per
336 3704 713 3777 philosophiam
742 3718 792 3762 et
819 3710 1027 3764 inanem
1056 3711 1346 3779 fallaciam.
1379 3713 1778 3786 Philosophiam

189 3797 383 3851 docuit
415 3799 701 3853 verborum
725 3815 1039 3871 pomposam
1066 3803 1388 3869 doctrinam,
1423 3823 1540 3876 quae
1582 3811 1649 3864 ab
1677 3811 1775 3864 ad-

190 3888 458 3944 versariis
491 3905 614 3944 cum
639 3892 870 3962 quadam
918 3894 1259 3950 simulatione
1300 3895 1417 3951 ﬁeri
1466 3899 1673 3955 solebat
1710 3903 1777 3958 ad

188 3979 566 4034 seductionem
614 3982 963 4039 audientium.
1013 3985 1144 4040 Inde
1198 3994 1253 4041 et
1303 3989 1593 4046 ostendens
1639 4007 1775 4061 quo-

186 4072 341 4126 niam
386 4088 495 4128 non
540 4089 668 4130 vera
717 4085 834 4131 erat
885 4077 1246 4148 philos0phia,
1299 4081 1394 4136 sed
1446 4083 1777 4142 seductionis

187 4164 358 4218 verba
390 4165 461 4219 ad
485 4165 853 4236 deceptionem
881 4169 1185 4224 auditorum
1211 4181 1267 4226 et
1295 4173 1595 4244 excogitata
1621 4187 1775 4232 erant

187 4262 241 4306 et
283 4252 596 4309 adiuventa.
644 4253 847 4328 (Greg.)
892 4257 1059 4313 Docet
1099 4274 1198 4315 nos
1239 4260 1404 4332 igitur
1443 4262 1583 4320 Deus
1617 4263 1773 4332 juxta

187 4343 338 4397 beati
362 4343 466 4399 Job
495 4348 814 4402 sententiam
847 4363 1008 4418 super
1042 4347 1286 4418 jumenta
1328 4361 1487 4408 terrae
1524 4364 1579 4410 et
1617 4356 1771 4412 volu—

185 4451 315 4490 cres
346 4435 489 4501 caeli,
524 4437 648 4505 quia
690 4438 816 4493 dum
856 4441 958 4496 hoc
998 4443 1142 4511 quod
1181 4460 1366 4501 sumus
1405 4449 1770 4518 agnoscimus,

184 4544 292 4583 nec
320 4529 504 4584 carnis
530 4545 628 4586 nos
653 4532 935 4590 inﬁrmitas
963 4536 1166 4605 dejicit,
1195 4555 1295 4595 nec
1319 4544 1582 4613 superbia:
1605 4548 1770 4618 spiri-

181 4627 274 4672 tus
302 4618 508 4685 elevat;
551 4637 649 4676 uec
686 4622 962 4680 deﬂuendo
995 4625 1116 4682 imis
1155 4630 1489 4700 subjicimur,
1535 4651 1634 4690 nec
1672 4652 1765 4691 su-

179 4709 485 4778 perbientlo
515 4711 580 4765 de
605 4713 921 4771 sublimibus
958 4717 1226 4773 inﬂamur.
1255 4697 1366 4788 'Qui
1399 4724 1540 4778 enim
1567 4725 1766 4781 labitur
1796 4697 1849 4758 Β

181 4817 385 4866 carne,
405 4801 770 4870 jumentorum
807 4811 1043 4880 appetitu
1079 4815 1437 4881 prosternitur
1470 4833 1482 4868 :
1513 4817 1604 4885 qui
1636 4832 1763 4873 vero

180 4893 464 4951 extollitur
479 4906 678 4966 mente,
700 4916 850 4956 more
873 4903 1143 4960 volucrum
1165 4908 1316 4975 quasi
1339 4908 1569 4964 levitatis
1589 4926 1764 4979 penna

180 4987 516 5054 sublevatur,
548 4991 643 5046 sed
671 4993 717 5048 si
743 4994 1025 5065 vigilanter
1055 4997 1368 5063 intenditur,
1403 5008 1463 5054 ut
1485 5011 1542 5055 et
1568 5003 1765 5058 mentis

179 5079 465 5138 humilitas
488 5093 545 5138 et
577 5086 761 5142 carnis
785 5089 1102 5145 castimonia
1134 5100 1401 5158 teneatur,
1432 5094 1540 5150 cito
1563 5111 1763 5167 cogno-

179 5170 388 5227 scimus
416 5174 542 5244 quia
571 5175 800 5232 alterum
824 5182 1124 5236 custoditur
1147 5198 1214 5238 ex
1236 5183 1424 5240 altero.
1457 5185 1590 5241 Nam
1622 5189 1762 5243 mul-

178 5261 252 5316 tis
296 5277 442 5332 saepe
487 5268 737 5336 superbia
784 5269 1009 5326 luxuriae
1061 5274 1409 5330 seminarium
1455 5275 1592 5343 fuit,
1637 5279 1764 5349 quia

180 5351 308 5405 dum
338 5369 434 5408 eos
460 5356 682 5424 spiritus
705 5360 858 5428 quasi
888 5360 940 5415 in
967 5361 1075 5416 alto
1101 5363 1281 5434 erigit,
1323 5381 1449 5420 caro
1478 5367 1532 5422 in
1563 5369 1764 5425 inﬁmis

179 5442 374 5495 mersit
405 5460 418 5494 :
451 5443 503 5497 hi
532 5446 676 5500 enim
715 5458 924 5505 secreto
951 5450 1102 5519 prius
1129 5451 1427 5520 elevantur,
1474 5456 1568 5510 sed
1610 5467 1759 5527 post-

177 5533 402 5588 modum
441 5537 648 5606 publice
682 5552 972 5610 corruunt,
1015 5546 1139 5615 quia
1179 5547 1307 5602 dum
1347 5551 1568 5607 occultis
1611 5553 1755 5608 intu-

178 5636 433 5682 mescunt
455 5633 690 5688 motibus
715 5635 914 5701 cordis,
939 5638 1140 5708 apertis
1160 5641 1356 5696 cadunt
1377 5643 1612 5713 lapsibus
1635 5662 1755 5701 cor-

175 5719 348 5785 poris.
372 5719 465 5776 Sic
490 5722 570 5778 sic
585 5723 712 5779 elati
727 5725 872 5796 justa
897 5726 1109 5785 fuerant
1130 5732 1753 5805 retributione‘feriendi,

175 5819 240 5862 ut
265 5812 392 5880 quia
437 5817 792 5884 superbiendo
829 5836 885 5874 se
915 5821 1217 5879 hominibus
1245 5823 1562 5894 praeferunt,
1599 5827 1757 5885 luxu-

177 5901 369 5958 riando
415 5921 584 5975 usque
615 5909 682 5962 ad
721 5909 1082 5976 jumentorum
1125 5917 1530 5973 similitudinem
1572 5921 1751 5975 devnl~

507 5998 780 6064 Ρλτιιοι.
827 6005 1016 6068 CXII.

1893 2079 2089 2150 inquit,
2114 2101 2177 2139 ne
2194 2089 2309 2157 quis
2338 2108 2422 2146 vos
2445 2094 2668 2166 decipiat
2687 2117 2780 2169 per
2796 2079 3176 2175 philosophiam
3195 2121 3243 2164 et
3268 2079 3477 2170 inanem

1892 2170 2163 2240 fallaciam
2185 2181 2466 2236 secundum
2487 2183 2739 2243 elementa
2758 2170 2918 2262 hujus
2937 2170 3138 2252 mundi.
3161 2200 3310 2271 Ipsos
3330 2205 3475 2259 enim

1891 2267 2145 2358 tangebat
2170 2271 2261 2340 qui
2290 2275 2446 2343 quasi
2489 2279 2806 2346 prudentius
2842 2285 2980 2341 idola
3006 2267 3299 2358 exponunt.
3350 2295 3474 2351 Ideo

1889 2368 2011 2408 cum
2039 2355 2243 2413 diceret
2275 2377 2368 2431 per
2389 2363 2791 2438 philosophiam,
2825 2372 2878 2428 in
2900 2355 3092 2432 eodem
3113 2379 3232 2437 loco
3257 2385 3353 2449 ait,
3387 2403 3470 2441 se-

1889 2444 2117 2501 cundum
2161 2448 2411 2508 elementa
2455 2455 2614 2528 hujus
2644 2463 2843 2518 mundi.
2892 2465 3008 2523 Non
3060 2474 3214 2542 quasi
3261 2444 3474 2546 quales-

1887 2549 2099 2607 cunque
2144 2540 2456 2601 adoratores
2501 2549 2952 2626 simulacrorum,
3014 2540 3109 2618 sed
3167 2540 3322 2636 quasi
3373 2570 3472 2626 do-

1887 2626 2086 2683 ctiores
2125 2629 2570 2704 interpretatores
2607 2641 2883 2712 signorum
2922 2626 3202 2711 cavendos.
3225 2673 3345 2715 esse
3375 2661 3472 2716 ad-

1886 2733 2133 2776 monens.
2163 2722 2302 2790 Quia
2329 2728 2382 2781 in
2420 2729 2530 2799 ipso
2576 2733 2777 2791 habitat
2825 2745 2992 2810 omnis
3035 2747 3304 2816 plenitudo
3337 2755 3472 2808 dici-

1887 2813 2068 2866 nitatis
2097 2817 2458 2885 corporaliter.
2487 2821 2606 2878 Non
2637 2826 2758 2882 ideo
2782 2813 3152 2906 corporaliter,
3198 2843 3324 2912 quia
3355 2861 3475 2900 cor-

1883 2912 2083 2969 poreus
2108 2916 2194 2960 est
2220 2907 2382 2973 Deus,
2431 2915 2524 2968 sed
2552 2925 2646 2971 aut
2693 2923 2856 2977 verbo
2903 2928 3160 2984 translato
3195 2907 3326 2990 usus
3357 2945 3475 2992 tan-

1886 3009 2047 3062 quam
2076 2997 2128 3051 in
2162 3002 2358 3072 templo
2384 3006 2693 3066 manufacto
2737 3029 2841 3070 non
2891 3023 3244 3090 corporaliter
3265 3028 3475 3084 habita-

1887 3087 2046 3154 verit,
2073 3090 2126 3145 id
2164 3103 2266 3160 est,
2295 3098 2764 3171 prtcﬁgurantibus
2797 3087 3002 3181 signis:
3034 3111 3169 3171 Nam
3217 3119 3333 3176 illas
3356 3140 3473 3177 om-

1883 3191 1984 3232 nes
2020 3181 2425 3244 observationes
2471 3193 2692 3249 umbras
2743 3196 3048 3258 l‘uturorum
3097 3219 3272 3277 vocat,
3308 3213 3470 3267 etiam

1887 3264 2003 3336 ipso
2031 3271 2290 3329 translato
2320 3279 2601 3336 vocabulo.
2654 3283 2908 3345 Summus
2953 3294 3097 3348 enim
3128 3264 3286 3364 Deus,
3331 3302 3473 3360 sicut

1886 3359 2144 3430 scriptum
2167 3373 2252 3420 est
2301 3366 2440 3440 (Act.
2461 3373 2618 3447 xvn),
2650 3391 2757 3433 non
2805 3381 2859 3436 in
2889 3388 3211 3447 manufactis
3257 3359 3469 3467 templis

1881 3449 2150 3509 inhabitat
2175 3473 2191 3524 ;
2217 3467 2309 3512 aut
2335 3471 2482 3518 certe
2509 3471 2865 3538 corporaliter
2893 3477 3093 3536 dictum
3119 3492 3222 3552 est,
3249 3449 3386 3557 quia;
3415 3500 3470 3547 et

1881 3541 1936 3596 in
1963 3543 2162 3603 Christi
2188 3564 2436 3622 corpore,
2465 3558 2605 3627 quod
2651 3569 2945 3637 assumpsit
2985 3587 3050 3626 ex
3091 3541 3316 3647 virgine,
3353 3589 3470 3636 tan—

1881 3647 2044 3736 quam
2091 3637 2147 3691 in
2181 3641 2379 3710 templo
2425 3646 2633 3705 habitat
2681 3652 2838 3711 Deus.
2871 3658 3008 3716 Hinc
3049 3673 3132 3719 est
3157 3637 3314 3736 qvuod’
3341 3688 3464 3728 cum

1879 3719 2078 3832 .‘ludaeis
2102 3726 2313 3798 signum
2339 3738 2645 3801 petentibus
2679 3745 2904 3803 dixisset
2934 3769 2946 3804 :
2986 3719 3189 3811 Solvit;

1877 3812 1975 3866 hoc
2000 3823 2050 3868 et
2086 3817 2142 3870 in
2181 3821 2356 3876 triduo
2381 3832 2696 3887 resuscitabo
2725 3836 2859 3892 illud
2885 3840 3100 3913 (Matth.
3127 3850 3260 3922 ειν),
3297 3812 3460 3910 ἐνδη-

1878 3903 2071 3972 gelista
2118 3910 2247 3977 quid
2284 3915 2387 3972 hoc
2437 3933 2582 3976 esset
2629 3940 3022 4000 consequenter
3047 3903 3340 4010 exponens,
3366 3948 3463 4014 ait,

1878 3994 1975 4048 hoc
2018 4007 2195 4052 autem
2236 4001 2442 4060 dicebat
2486 4010 2552 4064 de
2580 4016 2769 4083 templo
2807 3994 3046 4091 corporis
3094 3994 3195 4084 s-ui.

1878 4085 2099 4110 ηωμμ
2138 4091 2300 4110 _,__._
2365 4097 2398 4110 ..
2563 4103 2595 4110 __
2644 4106 2652 4110 _
2743 4109 2749 4110 ,

1877 4085 2104 4144 Omnem
2137 4091 2526 4162 plenitudinem
2559 4103 2785 4164 Deitatis
2838 4085 2940 4168 hoc
2995 4116 3049 4170 in
3099 4085 3461 4184 loco‘iteruni

1876 4179 2010 4234 dicit
2056 4183 2363 4243 universam
2416 4202 2720 4253 creaturam
2768 4203 3028 4263 repletam
3079 4211 3147 4266 ab
3199 4230 3285 4285 eo,
3331 4219 3462 4277 dicit

1875 4272 2019 4326 enim
2060 4274 2208 4331 illum
2253 4294 2470 4339 sensum
2507 4301 2666 4356 quem
2711 4292 2765 4346 in
2809 4298 3174 4366 superioribus
3215 4310 3459 4377 posuisse

1873 4360 2023 4417 visus
2051 4375 2157 4431 est,
2187 4371 2444 4437 quoniam
2466 4378 2642 4433 omnis
2661 4392 2906 4440 creatura
2931 4387 2984 4442 in
3013 4405 3078 4447 eo
3100 4360 3327 4466 habitat,
3357 4401 3460 4457 hoc

1873 4459 1976 4517 est,
2004 4453 2105 4523 ipsi
2135 4457 2421 4526 conjuncta
2471 4475 2573 4532 est,
2605 4477 2658 4523 et
2686 4475 2838 4541 quasi
2867 4480 3134 4547 quoddam
3179 4453 3376 4558 corpus
3400 4493 3454 4548 in

1874 4560 1932 4600 se
1957 4549 2154 4606 retinet
2176 4564 2436 4625 aptatum,
2469 4572 2688 4634 pr0pter
2715 4567 2860 4624 illam
2892 4549 3308 4648 copulationem:
3335 4602 3454 4656 qua:

1873 4638 1939 4691 ad
1977 4656 2101 4696 eum
2134 4652 2235 4699 est.
2267 4646 2588 4708 Omnimodo
2639 4673 2766 4729 ergo
2813 4661 3194 4726 inconveniens
3242 4684 3324 4730 est
3352 4638 3453 4732 tin-

1873 4729 2091 4787 tendere
2126 4734 2236 4802 illi,
2274 4741 2400 4808 quia
2435 4743 2540 4797 alia
2566 4746 2754 4813 docet,
2787 4765 3150 4826 pneterquam
3180 4767 3322 4832 quod
3364 4729 3452 4825 illc

1871 4820 2072 4890 docuit,
2119 4826 2173 4881 in
2204 4844 2365 4898 quem
2409 4837 2588 4890 omnia
2633 4851 2878 4910 coaptata
2909 4859 3032 4903 sunt
3070 4862 3124 4906 et
3161 4820 3449 4929 copulata;

1869 4916 1974 4971 hoc
1995 4918 2140 4973 enim
2179 4930 2265 4976 est
2292 4940 2324 4978 a
2359 4931 2629 4984 communi
2677 4947 2943 4993 consensu
2987 4943 3218 5013 seipsnm
3265 4961 3448 5008 extra-

1871 5023 2031 5062 neum
2083 5009 2280 5078 l‘acere,
2331 5027 2385 5072 et
2432 5021 2817 5082 evidentior-em
2870 5031 3042 5100 ipsam
3073 5038 3450 5101 inconvenien—

1871 5097 2001 5153 tiam
2029 5099 2234 5159 faciens
2263 5107 2495 5177 adjecit:
2542 5111 2613 5166 Et
2641 5117 2764 5170 estis
2805 5121 2862 5174 in
2889 5097 2982 5177 illo
3024 5129 3222 5199 repleti,
3261 5097 3448 5205 quiest

1866 5199 2022 5258 caput
2052 5196 2219 5248 omnis
2241 5197 2563 5269 principatus
2603 5216 2652 5259 et
2698 5215 2984 5277 potestatis.
3016 5196 3304 5279 Evidente'r
3331 5227 3447 5296 illa,

1863 5293 1984 5348 qua:
2011 5280 2065 5335 in
2094 5286 2462 5354 superioribus
2488 5294 2628 5350 dicta
2661 5297 2893 5370 fuerant,
2923 5313 3300 5380 compendiose
3332 5280 3440 5374 fite-1

1864 5386 1982 5426 rum
2005 5373 2082 5428 ait
2118 5393 2132 5429 :
2159 5381 2355 5436 etenim
2389 5391 2444 5438 et
2469 5402 2563 5442 vos
2602 5405 2724 5446 eum
2755 5394 3012 5456 habentes
3045 5403 3095 5458 in
3121 5409 3271 5464 vobis
3296 5411 3441 5484 digni

1861 5464 1993 5519 estis
2024 5466 2190 5524 habiti
2235 5470 2352 5539 ejus
2379 5478 2724 5547 copulationi,
2757 5488 2848 5556 qui
2877 5501 2932 5546 et
2955 5497 3208 5554 omnibus

1861 5551 2059 5610 bilibus
2085 5557 2374 5618 virtutibus
2397 5565 2450 5620 in
2475 5570 2664 5626 ordine
2687 5551 2879 5644 capitis
2900 5551 3270 5644 consistitilﬁo
3296 5595 3437 5662 quod

1861 5645 2039 5700 omnia
2064 5648 2131 5702 ad
2160 5652 2518 5722 cognitionem
2545 5664 2613 5716 ad
2642 5663 2790 5719 illum
2818 5670 2958 5725 sicut
2981 5689 3176 5746 corpus
3216 5645 3440 5750 conjun-

1860 5742 1948 5789 cta
1973 5745 2116 5792 sunt.
2144 5739 2347 5799 Deinde
2370 5755 2425 5801 et
2461 5753 2769 5823 magnitudo
2815 5739 3161 5820 donationem
3189 5771 3256 5824 ad
3284 5739 3439 5827 verc—

1863 5828 2111 5883 cundiam
2138 5845 2232 5888 eos
2259 5836 2528 5894 adducens
2576 5843 2738 5898 dicit:
2792 5845 2858 5901 In
2904 5867 3006 5919 quo
3051 5863 3098 5907 et
3143 5857 3435 5916 circumcisi

1860 5919 1980 5971 estis
2004 5922 2392 5982 circumcisione
2428 5947 2528 5984 non
2563 5950 2719 5988 ntanu
2759 5937 2899 6005 facta
2930 5943 2980 5994 in
3009 5947 3432 6014 exspoliationem

2929 6041 2999 6098 17
