3986 6338
552 454 660 513 525
1223 446 1286 507 Β.
1325 442 1577 501 RABANI
1613 438 1830 498 MAURI
1866 432 2123 499 AitCHlE

2222 428 2525 489 MOGUNT.
2563 422 2845 489 OPERUM
2882 420 3061 487 PARS
3088 418 3178 487 ω.
3246 482 3251 487 ,
3671 414 3770 471 524

549 578 782 636 corporis
809 561 984 621 carnis
1004 559 1061 614 in
1091 528 1535 612 circumcisione:
1554 550 1768 609 Christi.
1794 545 1974 623 (Aug.)
2004 546 2121 601 Non
2146 547 2199 606 Α
2223 540 2338 613 ipso
2390 550 2731 595 communem
2776 529 3227 636 resurrectiopem
3273 524 3531 636 elﬁciens:
3580 537 3648 625 ex
3674 540 3783 636 2m

552 659 686 717 duas
706 655 892 727 utique
913 668 1004 709 res
1028 648 1250 721 intelligi
1278 646 1467 716 voluit,
1494 643 1651 717 quasi
1696 640 1841 699 aliud
1873 654 2002 696 caro
2026 637 2115 704 sit,

553 748 699 805 aliud
719 760 916 818 corpus
937 742 1152 801 carnis:
1184 736 1280 797 sed
1301 741 1426 810 quia
1474 751 1670 809 corpus
1705 733 1996 790 multarum
2037 744 2123 786 re-

553 855 674 899 rum
698 852 897 907 nomen
931 844 1036 904 est,
1063 849 1289 907 quarum
1313 828 1456 887 nulla
1481 842 1611 886 caro
1642 835 1761 895 est;
1794 826 1921 882 nam
1954 822 2122 879 multa

549 936 677 987 sunt
694 934 919 999 excepta
943 939 1106 985 carne
1129 936 1357 994 corpora
1393 918 1634 977 cmlestia
1660 925 1717 974 et
1758 930 1983 987 corpora
2009 921 2121 969 ter-

551 1019 767 1081 restria.
790 1012 997 1091 Corpus
1017 1010 1197 1071 carnis
1223 1010 1360 1070 dixit
1380 1026 1577 1085 corpus
1609 1026 1729 1082 qua:
1750 1023 1875 1075 caro
1908 1013 2019 1065 est:
2045 1005 2126 1062 sic

549 1110 734 1184 itaque
785 1108 1031 1182 spiritum
1059 1105 1275 1172 mentis,
1328 1102 1580 1177 spiritum
1625 1117 1746 1175 quae
1791 1113 1944 1157 mens
1986 1105 2071 1154 est
2105 1114 2120 1151 :

550 1194 896 1265 Renouamini
936 1194 1110 1257 autem
1137 1196 1325 1275 spiritu
1344 1193 1532 1251 mentis
1562 1190 1742 1247 vestra:
1786 1184 2000 1263 (Ep/tes.
2023 1184 2123 1261 ιν).

550 1288 793 1367 [Ambn]
819 1289 879 1347 in
904 1288 1041 1365 ipso,
1072 1286 1269 1361 inquit,
1317 1293 1375 1342 et
1409 1300 1474 1340 ea
1498 1298 1618 1355 quas
1651 1280 1705 1337 in
1728 1296 1793 1336 eo
1820 1287 1905 1336 est
1928 1278 2031 1334 iide
2057 1276 2126 1339 ad

548 1384 856 1461 impositam
876 1378 1030 1449 vobis
1057 1378 1440 1438 mortalitatem
1470 1376 1602 1435 estis
1631 1372 1857 1461 eruditi,
1878 1389 2001 1430 cum
2019 1387 2125 1444 qua

547 1472 879 1534 mortalitate
901 1474 1064 1531 etiam
1088 1478 1311 1544 peccata
1344 1478 1524 1527 vestra
1567 1464 1800 1523 sustulit.
1832 1460 1957 1523 Vult
1981 1461 2128 1521 enim

546 1567 728 1624 dicere
743 1587 757 1622 :
770 1565 1023 1639 quoniam
1042 1560 1501 1619 immortalitatem
1521 1554 1755 1615 assecuti
1777 1554 1931 1619 estis,
1945 1552 2002 1608 in
2022 1567 2127 1631 qua

547 1658 823 1715 constituti
848 1655 987 1723 ultra
1029 1664 1137 1711 non
1177 1650 1486 1735 peccabitis,
1520 1649 1664 1721 quod
1690 1662 1757 1704 ex
1796 1644 2128 1702 mortalitate

545 1745 880 1804 sustinebitis
924 1742 1320 1801 necessitatem.
1370 1740 1560 1811 itaque
1609 1737 1862 1797 convenit
1911 1744 1966 1793 et
2002 1751 2128 1807 pro-

542 1846 666 1910 pter
691 1835 795 1893 hoc
816 1850 922 1892 non
944 1834 1186 1907 ingratos
1217 1847 1312 1889 vos
1333 1830 1507 1891 videri
1541 1846 1668 1905 erga
1708 1822 1858 1887 illum
1884 1826 1977 1901 qui
2008 1834 2129 1881 tan-

2221 628 2399 687 omnis
2447 627 2652 699 species
2698 622 2906 696 peccati
2954 616 3123 678 vestri
3171 616 3631 675 exterminabitur.
3674 614 3783 672 Hoc

2221 723 2365 778 enim
2384 719 2534 786 dicit,
2557 718 2766 774 donans
2790 712 2971 771 omnia
2997 706 3147 771 Vobis
3164 700 3384 780 delicta,
3404 722 3470 768 eo
3493 706 3638 781 quod
3658 724 3785 768 cou-

2223 810 2396 869 stituit
2435 822 2536 868 nos
2563 816 2716 866 extra
2758 802 3069 864 facilitatem
3094 804 3391 878 peccandi:
3436 816 3537 875 per
3558 808 3786 860 testare-

2225 910 2456 967 ctionem
2489 906 2712 973 etenim,
2740 892 3025 977 postljuam
3059 900 3393 958 immortales
3413 907 3607 956 natura
3630 896 3783 956 exsti-

2224 1006 2469 1069 terimus,
2485 1008 2711 1077 peccare
2730 1000 2873 1056 ultra
2892 1002 3229 1077 nequaquam
3253 994 3571 1067 poterimus.
3594 991 3787 1050 Deinde

2225 1072 2504 1169 conjungit
2523 1096 2578 1150 e't
2616 1088 2759 1149 aliud
2801 1072 3024 1155 bonum,
3064 1084 3207 1159 Quod
3233 1082 3360 1142 hinc
3382 1084 3540 1141 nobis
3564 1082 3786 1154 acquisi-

2226 1184 2342 1240 tum
2369 1186 2476 1253 est,
2506 1183 2646 1255 quad
2667 1190 2721 1238 et
2746 1178 2811 1237 ad
2836 1190 3073 1253 praesens
3102 1177 3264 1234 etiam
3294 1178 3670 1248 argumentum
3691 1174 3789 1232 sibi

2226 1277 2516 1335 convenire
2559 1272 2903 1331 existimabat
2936 1290 2949 1325 :
2992 1258 3181 1327 Delens
3215 1266 3354 1343 quod
3394 1267 3668 1324 adversm
3705 1282 3789 1323 nos

2226 1376 2339 1428 erat
2399 1367 2802 1442 chirographum
2844 1364 3035 1420 decreti
3059 1404 3075 1430 ,
3133 1361 3272 1439 quod
3318 1366 3431 1417 erat
3480 1359 3790 1416 contrarian

2227 1458 2400 1529 nobis,
2420 1466 2470 1516 et
2494 1456 2719 1532 idipsum
2741 1454 2859 1511 tulit
2889 1454 2954 1511 de
2988 1451 3183 1519 medio,
3216 1451 3426 1525 aﬂigent
3452 1448 3587 1505 illud
3635 1448 3788 1505 cruci.

2228 1549 2464 1629 (Ambr.)
2494 1544 2811 1607 Cautionem
2838 1545 3011 1618 legem
3052 1543 3201 1609 dicit,
3227 1540 3379 1612 Cujus
3401 1548 3589 1598 omnes
3624 1548 3791 1629 actum

2227 1626 2450 1719 implere
2498 1640 2772 1705 debemus,
2810 1646 2991 1710 utpote
3031 1634 3219 1708 positae
3252 1648 3284 1689 a
3329 1632 3460 1698 Deo,
3505 1626 3651 1704 quod
3687 1630 3795 1687 erat

2229 1734 2446 1800 durum,
2481 1731 2591 1788 imo
2635 1727 2963 1801 impossibile
2989 1736 3048 1783 ut
3091 1724 3384 1784 secundum
3428 1722 3561 1797 legis
3585 1734 3795 1795 scrupu-

2228 1820 2503 1882 lositatem
2525 1822 2969 1894 justilicaremur,
2997 1818 3123 1892 quia
3158 1818 3245 1874 lex
3289 1817 3727 1889 qualitercnnque
3748 1826 3797 1872 et

546 1908 725 1985 torum
753 1927 907 1984 vobis
928 1927 1191 1983 bonorum
1223 1924 1435 1981 exstitit
1460 1923 1728 2001 provisor.
1758 1918 1907 1981 Bene
1938 1930 2120 1976 autem
2152 1923 2196 1993 Β
2226 1917 2654 1989 quandocunque
2691 1920 3005 2001 peccantem
3030 1908 3218 1981 punire
3242 1908 3532 2001 praecepit;
3558 1924 3664 1963 non
3689 1922 3799 1979 pec-

542 2019 1009 2077 circumcisionem
1035 2016 1335 2074 nominavit
1380 2012 1731 2073 mortalitatis
1774 2013 2121 2080 ablutionem,

540 2111 620 2170 ita
653 2118 716 2168 ut
737 2128 805 2170 ex
840 2111 1246 2184 comparatione
1276 2109 1528 2168 ostendat
1572 2107 1690 2183 ejus
1728 2106 2123 2164 diiferentiam:

545 2204 815 2276 siquidem
845 2204 919 2260 ibi
938 2202 1181 2276 corporis
1220 2202 1420 2263 ablatio
1457 2201 1649 2273 exigua
1693 2211 1776 2257 est
1802 2197 2003 2255 nullam
2031 2199 2128 2255 ila-

543 2292 682 2351 bens
709 2292 1206 2366 prodiiicationem;
1232 2293 1325 2349 hic
1355 2307 1486 2347 vero
1511 2298 1663 2349 tanta
1686 2286 1989 2346 mortalitas
2033 2304 2129 2344 au-

540 2387 716 2444 fertur
740 2389 799 2445 in
837 2386 1033 2444 melius
1075 2386 1293 2460 corpori
1318 2394 1505 2441 nostro
1530 2380 1943 2440 transformato.
1972 2378 2128 2437 Unde

542 2485 599 2534 et
641 2492 751 2533 non
788 2475 1152 2532 manut‘actam
1196 2474 1664 2531 circumcisionem
1713 2470 1928 2528 vocavit
1983 2486 2125 2539 eam,

541 2570 619 2627 ita
648 2577 709 2626 ut
730 2584 795 2626 ex
825 2583 891 2626 eo
931 2569 1089 2625 modo
1130 2566 1520 2648 inoperationis
1547 2564 1665 2639 ejus
1689 2564 1940 2627 ostendat
1976 2558 2128 2622 diffe-

542 2661 813 2719 rentiam:
865 2660 1133 2735 siquidem
1177 2658 1287 2716 illic
1331 2658 1571 2714 humana
1611 2672 1807 2713 manus
1851 2664 1955 2723 est,
2008 2669 2128 2726 quae

540 2751 769 2826 perfecit
809 2750 1313 2818 circumcisionem;
1361 2746 1453 2806 hic
1497 2765 1633 2806 vero
1666 2748 1847 2805 divina
1876 2756 1959 2805 est
1999 2763 2124 2819 gra-

539 2851 647 2919 tia,
682 2865 790 2923 qua
830 2849 1142 2923 inoperatur
1168 2844 1514 2907 mortalitatis
1559 2842 1776 2909 ablatio.
1812 2843 2128 2902 Necessaria

537 2954 669 2997 vero
695 2948 781 2997 est
804 2946 860 2997 et
882 2937 1131 3011 adjectio,
1159 2954 1323 3015 quam
1364 2936 1560 3008 adiecit
1592 2932 1778 2993 dicens
1819 2936 1875 2991 in
1901 2936 2126 2991 circum-

539 3031 735 3087 cisione
761 3028 978 3100 Christi,
1032 3036 1093 3086 ut
1124 3026 1289 3097 dicat,
1339 3028 1465 3101 quia
1508 3028 1613 3085 hac
1659 3025 1966 3084 circumcisi
1996 3023 2128 3081 estis

537 3122 970 3189 circumcisione,
992 3119 1146 3191 cujus
1165 3118 1491 3197 promissum
1518 3118 1674 3174 vobis
1696 3115 1950 3189 praestitit
1969 3112 2127 3171 Chri-

540 3224 677 3283 stus,
713 3220 768 3272 et
802 3215 1056 3289 quoniam
1112 3230 1310 3287 magna
1357 3218 1515 3270 erant
1562 3226 1684 3291 quae
1725 3208 1869 3269 dicta
1908 3206 2126 3265 fuerant

2226 2024 2352 2065 care
2374 2024 2503 2065 vero
2524 2007 2591 2062 ad
2613 2004 2827 2078 plenum
2867 2000 3138 2059 hominem
3174 2000 3492 2057 existentem
3520 1999 3675 2055 valde
3692 2004 3799 2054 erat

2225 2098 2574 2175 impossibile,
2610 2114 2674 2155 ex
2705 2096 2900 2169 quibus
2926 2092 3090 2150 ﬂebat
3118 2100 3178 2149 ut
3202 2090 3277 2148 illi
3306 2094 3397 2164 qui
3427 2090 3530 2149 sub
3555 2088 3675 2165 lege
3695 2107 3800 2149 ver-

2226 2193 2505 2259 sabantur,
2553 2204 2773 2247 securos
2821 2204 2852 2243 a
2907 2201 3064 2260 ptena
3115 2182 3251 2242 ellici
3307 2182 3531 2242 minime
3577 2184 3795 2256 possint.

2226 2284 2543 2344 Cautionem
2571 2298 2700 2357 ergo
2723 2280 2982 2337 adversus
3010 2292 3107 2337 nos
3136 2279 3309 2357 legem
3338 2282 3519 2345 vocat,
3560 2293 3629 2333 eo
3664 2278 3797 2351 quod

2226 2388 2345 2439 erat
2374 2376 2643 2437 contraria
2667 2374 2838 2441 nobis,
2881 2368 2985 2431 hoc
3004 2381 3107 2443 est,
3132 2389 3237 2430 non
3265 2372 3582 2449 permittens
3604 2368 3799 2442 justiﬁ-

2227 2472 2495 2530 cationem
2519 2469 2732 2542 assequi
2788 2475 3007 2541 pr0pter
3057 2482 3209 2525 suam
3238 2466 3727 2545 scrupulositatem,
3755 2475 3802 2521 et

2226 2563 2368 2622 hanc
2389 2562 2690 2623 cautionem
2714 2558 2909 2618 delevit
2941 2554 3191 2629 decretis,
3218 2569 3279 2615 ut
3297 2556 3440 2627 dicat
3465 2556 3802 2616 resurrectio-

2226 2671 2352 2712 nem
2384 2663 2440 2712 et
2479 2652 2975 2711 immortalitatem:
3011 2652 3259 2726 dogmata
3307 2648 3452 2708 enim
3477 2666 3601 2708 esse
3631 2651 3733 2709 ista
3753 2662 3803 2709 et

2198 2744 2474 2819 'presiis
2509 2748 2751 2805 scribens
2780 2747 2937 2817 dixit,
2979 2746 3152 2820 legem
3193 2754 3585 2892 praeceptorum
3630 2747 3687 2803 in
3715 2748 3801 2805 de-

2226 2836 2392 2892 cretis
2443 2836 2741 2892 destituens
2764 2877 2781 2892 .
2826 2836 3037 2892 auare?
3087 2838 3340 2892 quoniam
3392 2854 3461 2892 ex
3503 2838 3801 2892 necessaria

2226 2836 2392 2895 cretis
2443 2836 2741 2895 destituens
2764 2877 2781 2907 ,
2826 2836 3037 2911 quare?
3087 2838 3340 2911 quoniam
3372 2836 3461 2895 lex
3503 2838 3801 2894 necessaria

2226 2939 2347 2989 erat
2372 2928 2478 2985 illis
2503 2929 2597 3005 qui
2617 2914 2966 3000 subjacebant
2994 2937 3234 3002 peccato,
3264 2927 3502 2984 retinens
3523 2944 3589 2985 ac
3626 2927 3801 3000 prohi-

2226 3021 2364 3083 bens
2386 3038 2481 3083 eos
2501 3038 2533 3078 a
2555 3032 2802 3096 peccato,
2825 3022 2917 3097 qui
2946 3032 3129 3081 autem
3156 3030 3498 3095 resurgentes
3523 3032 3654 3083 sunt
3680 3020 3799 3077 ede-

2227 3116 2304 3175 cti
2326 3115 2678 3182 immortales,
2724 3130 2950 3187 peccare
2994 3115 3136 3173 ultra
3175 3130 3284 3175 non
3320 3122 3598 3186 poterunt.
3630 3114 3805 3186 itaque

2227 3216 2284 3268 et
2313 3209 2402 3269 lex
2447 3208 2715 3282 superﬂua
2743 3218 2827 3266 est
2860 3207 2984 3277 illis,
3033 3207 3127 3281 qui
3158 3206 3465 3279 huiusmodi
3498 3215 3653 3276 sunt,
3681 3216 3735 3264 et
3754 3208 3803 3263 in

538 3277 769 3363 necdum
817 3277 950 3363 vero
1001 3303 1056 3361 in
1105 3277 1269 3381 opere
1325 3312 1483 3363 erant
1531 3277 1743 3367 eil‘ecta,
1794 3298 2119 3371 Consepulti,
2148 3277 2194 3343 ο
2224 3302 2346 3371 hoc.
2378 3277 2572 3375 inquit,
2609 3318 2707 3361 nos
2753 3317 2974 3361 securos
3023 3277 3173 3370 facit,
3208 3277 3270 3361 ut
3315 3317 3385 3361 ne
3438 3302 3673 3361 ulterius
3715 3301 3806 3358 sub

540 3398 734 3469 inquit,
756 3396 804 3452 ei
822 3396 880 3453 in
902 3395 1177 3467 baptismo,
1202 3395 1257 3450 in
1277 3412 1378 3469 quo
1400 3403 1451 3451 et
1472 3393 1829 3450 resurrexistis
1851 3408 1945 3465 per
1963 3391 2123 3461 ﬁdem

540 3482 853 3557 operationis
875 3484 972 3541 Dei
993 3485 1083 3557 qui
1104 3485 1367 3540 suscitavit
1386 3483 1535 3540 illum
1549 3500 1583 3538 a
1601 3484 1837 3539 mortuis.
1865 3481 1923 3543 Si
1943 3490 2125 3539 autem

440 3582 448 3587 ‘
541 3574 769 3629 necdum
801 3572 1017 3646 negotio
1044 3568 1100 3633 id
1146 3570 1302 3644 potiti
1327 3573 1481 3640 estis,
1522 3581 1701 3631 tamen
1722 3568 1835 3643 jam
1868 3571 1920 3627 in
1949 3570 2123 3629 forma

540 3662 756 3719 illorum
800 3661 978 3719 eii‘ecti
1026 3664 1179 3751 estis,
1228 3662 1549 3719 commortui
1600 3663 1653 3717 in
1702 3660 2024 3741 baptismate
2068 3671 2125 3720 et

542 3762 929 3828 consurgentes
955 3770 1025 3821 et,
1057 3754 1279 3813 evidens
1322 3762 1407 3811 est
1447 3754 1703 3826 quoniam
1744 3752 2012 3825 baptisma
2038 3769 2124 3811 as-

542 3848 715 3904 secuti
737 3847 868 3904 estis
889 3846 1189 3903 credentcs.
1230 3840 1491 3901 Primitus
1515 3846 1657 3918 quod
1693 3855 1886 3918 potens
1905 3847 1976 3919 sit
2017 3848 2121 3903 ista

540 3940 724 3998 facere
744 3941 907 4011 Deus,
931 3945 986 3994 et
1006 3936 1197 4013 fecerit
1208 3936 1343 4010 jam,
1365 3954 1433 3994 ex
1455 3938 1648 4009 quibus
1673 3946 1729 3997 et
1748 3939 2031 3995 suscitavit
2053 3954 2120 3994 ex

540 4031 769 4088 mortuis
797 4029 1070 4087 Christum
1091 4070 1106 4097 ,
1141 4030 1197 4086 in
1229 4028 1321 4086 illo
1366 4029 1667 4089 communis
1706 4030 2120 4088 resurrectionis

539 4123 809 4195 primitias
835 4131 1109 4195 operatus,
1160 4121 1343 4178 multis
1368 4137 1497 4178 vero
1526 4122 1582 4177 in
1617 4120 1751 4178 locis
1805 4124 1858 4178 in
1900 4131 2118 4194 aposto-

540 4214 645 4270 lica
668 4212 916 4271 doctrina
944 4212 1121 4273 inesse
1145 4210 1443 4279 docuimus,
1489 4214 1745 4285 quoniam
1772 4215 2119 4287 probationes

541 4305 761 4360 illorum
805 4318 927 4377 quas
959 4303 1253 4361 secundum
1303 4303 1579 4360 Christum
1621 4312 1749 4361 sunt
1801 4306 1869 4365 de
1921 4304 2120 4365 futuris

544 4406 760 4463 semper
802 4390 984 4449 facere
1026 4392 1323 4449 consuevit.
1373 4390 1841 4457 Commemoratur
1884 4411 2016 4455 vero
2064 4406 2119 4457 et

543 4483 715 4540 forma
740 4480 852 4550 illa,
882 4499 1002 4556 quae
1026 4482 1099 4538 ad
1114 4497 1351 4557 praesens
1380 4483 1651 4555 impletur,
1691 4485 1763 4541 ita
1795 4496 1856 4542 ut
1899 4487 2119 4549 videan-

543 4584 634 4630 tur
662 4573 875 4631 illorum
904 4586 1024 4646 quae
1043 4582 1420 4649 exspectantur
1444 4575 1665 4648 pignora
1691 4575 1869 4651 aliqua
1900 4579 1953 4637 in
1982 4596 2120 4651 pras-

544 4665 685 4759 senti
715 4665 955 4732 habere;
986 4666 1113 4722 hinc
1150 4666 1350 4759 etenim
1385 4666 1562 4723 sancti
1587 4666 1819 4739 Spiritus
1848 4671 2117 4741 primitias
2144 4659 2197 4727 D
2224 4688 2386 4746 mres,
2407 4696 2527 4753 qua;
2553 4683 2810 4741 adversus
2824 4699 2925 4741 nos
2949 4684 3152 4742 “uuam
3175 4686 3463 4759 aliquando
3492 4688 3822 4749 habuissem

546 4757 600 4812 in
647 4758 969 4827 baptismate
1025 4756 1389 4829 percipimus;
1450 4759 1705 4829 quoniam
1752 4769 1932 4817 autem
1985 4762 2122 4819 dixit

542 4847 799 4916 formam,
839 4850 1064 4907 resumit
1092 4849 1240 4905 illum
1269 4848 1412 4921 quod
1453 4848 1656 4906 dictum
1709 4850 1888 4910 fuerat
1913 4870 1946 4911 a
1976 4870 2035 4912 se
2060 4862 2121 4910 ut

542 4940 707 4999 latius
734 4941 880 4998 illam
906 4957 1068 5014 quam
1094 4941 1222 4998 inde
1246 4951 1331 4999 est
1354 4942 1582 5015 gratiam
1611 4942 1860 5012 explicet.

614 5053 687 5111 Et
723 5070 813 5113 vos
854 5071 975 5119 cum
1003 5056 1191 5113 mortui
1234 5057 1410 5113 essetis
1435 5056 1493 5111 in
1534 5054 1737 5127 delictis
1783 5065 1831 5113 et
1866 5060 2121 5129 praeputio

545 5145 720 5203 carnis
740 5156 921 5203 vestra:
938 5146 1309 5217 conviviﬁcavit
1326 5164 1444 5207 cum
1462 5147 1553 5205 illo
1572 5146 1775 5205 donans
1788 5147 1929 5209 vobis
1946 5151 2124 5209 omnia

546 5236 755 5295 delicta.
782 5234 966 5314 (Aug.,
994 5237 1174 5313 Amb.)
1198 5238 1524 5310 Prteputium
1550 5241 1763 5301 vocavit
1791 5242 1933 5311 quod
1959 5242 2125 5315 signi-

547 5332 741 5389 ﬁcatur
782 5332 1060 5404 prwputio,
1109 5332 1212 5389 hoc
1255 5339 1353 5397 est,
1401 5332 1596 5391 delicta
1631 5332 1889 5401 carnalia,
1928 5336 2122 5405 quibus

547 5422 882 5499 exspoliandi
911 5438 1117 5480 sumus.
1143 5420 1473 5492 Praeputium
1505 5424 1609 5479 hoc
1630 5423 1687 5479 in
1720 5421 1837 5479 loco
1859 5438 1969 5479 non
2001 5439 2121 5480 cor-

545 5513 695 5586 poris
716 5512 868 5581 dicit,
895 5511 989 5573 sed
1014 5512 1153 5573 sicut
1170 5512 1641 5573 circumcisionem
1673 5513 1997 5577 ablationem
2025 5530 2119 5572 vo-

545 5606 689 5667 cavit
708 5604 1072 5679 mortalitatis,
1111 5604 1192 5667 sic
1208 5603 1524 5675 praeputium
1567 5602 1697 5659 illud
1719 5604 1949 5673 vocavit,
1974 5605 2119 5676 quod

546 5696 722 5759 adhuc
740 5695 1054 5763 circumfert
1077 5693 1474 5751 mortalitatem.
1499 5691 1613 5751 Hoc
1632 5709 1763 5767 ergo
1783 5694 1913 5753 dicit
1943 5713 1956 5749 :
1980 5710 2119 5766 quo-

2223 3392 2342 3466 lege
2370 3408 2774 3459 conversemur,
2802 3394 2942 3451 unde
2964 3393 3047 3453 vel
3080 3393 3315 3455 maxime
3340 3394 3440 3453 sub
3462 3409 3633 3465 paena
3660 3392 3809 3450 facile

2222 3486 2651 3543 incurrebamus.
2673 3483 2819 3543 Bene
2840 3494 3021 3545 autem
3049 3484 3202 3553 dixit,
3231 3485 3494 3561 conligam
3520 3486 3672 3543 illam
3698 3503 3809 3543 cru-

2222 3576 2292 3644 ci,
2321 3591 2387 3633 eo
2417 3575 2560 3646 quod
2608 3577 2907 3633 secundum
2946 3585 3270 3649 praesentem
3315 3577 3482 3633 vitam
3532 3576 3623 3635 lex
3669 3576 3811 3633 utilis

2222 3678 2308 3726 est
2332 3668 2509 3735 nobis,
2540 3670 2756 3740 quando
2778 3678 2833 3724 et
2861 3683 3091 3741 peccare
3134 3684 3464 3745 possumus;
3512 3667 3643 3727 ﬁnis
3687 3686 3811 3727 vero

2221 3761 2381 3834 hujus
2405 3762 2530 3819 vitze
2563 3776 2710 3818 mors
2736 3770 2839 3819 est.
2866 3760 3117 3830 Conﬁxit,
3157 3761 3355 3837 inquit,
3412 3758 3567 3819 illam
3615 3763 3808 3819 cruci;

2220 3860 2466 3908 mortuus
2486 3852 2629 3907 enim
2659 3850 2821 3907 linem
2846 3850 2951 3924 legi
2977 3851 3143 3907 dedit.
3182 3850 3293 3911 Nec
3319 3852 3467 3913 enim
3494 3853 3555 3907 in
3581 3852 3695 3909 illis
3721 3854 3811 3925 qui

2222 3951 2635 4001 resurrexerunt
2657 3942 2833 3999 locum
2854 3943 3088 4023 aliquem
3102 3943 3242 4000 ultra
3263 3943 3463 4000 habere
3483 3945 3695 4016 poterit
3710 3946 3813 4000 lex.

2220 4032 2359 4090 Nam
2396 4045 2452 4093 et
2503 4050 2603 4091 nos
2642 4034 2939 4091 secundum
2987 4026 3092 4092 hoc
3120 4042 3274 4090 extra
3320 4032 3493 4105 legem
3525 4035 3815 4102 eiiicimur,

2221 4124 2515 4183 secundum
2541 4125 2684 4199 quod
2724 4125 2782 4181 in
2829 4124 2936 4183 illis
2964 4140 3084 4196 quae
3127 4123 3313 4185 futura
3359 4135 3485 4183 sunt
3517 4128 3817 4185 transimus

2217 4230 2318 4287 per
2370 4216 2600 4281 formam
2646 4216 3007 4291 baptismatis,
3059 4218 3356 4279 secundum
3394 4219 3677 4293 baptisma
3719 4236 3817 4278 no-

2220 4316 2391 4366 stram
2407 4309 2872 4367 conversationem
2892 4309 3223 4368 ordinantes.
3249 4310 3314 4367 Et
3332 4312 3477 4385 quod
3498 4313 3687 4389 majus
3703 4324 3815 4371 διε

2221 4403 2439 4461 Εωαειη
2463 4421 2518 4461 se
2535 4406 2857 4478 principatus
2878 4416 2927 4461 et
2961 4414 3241 4479 potestates
3264 4406 3500 4463 traduxit
3526 4424 3655 4467 cum
3674 4408 3819 4481 ﬁdu-

2220 4497 2303 4553 cia
2326 4497 2505 4571 palam
2527 4499 2852 4571 triumphans
2884 4498 3000 4557 illos
3027 4500 3083 4557 in
3120 4501 3416 4575 semetipso.
3456 4501 3819 4578 Principatus

2219 4598 2275 4645 et
2301 4598 2600 4659 potestates
2633 4592 2737 4649 hoc
2778 4592 2834 4649 in
2861 4593 2980 4651 loco
3012 4594 3315 4651 contrarias
3352 4595 3485 4651 dicit
3528 4612 3659 4655 esse
3702 4600 3818 4657 vir-

2220 4774 2500 4841 virtutem,
2538 4775 2585 4832 si
2612 4790 2710 4833 nos
2734 4790 2960 4848 peccare
2984 4779 3208 4836 minime
3252 4782 3643 4853 potuissemus.
3676 4786 3813 4841 Mm

2224 4864 2492 4939 deponere
2534 4867 2710 4939 inquit
2750 4869 3355 4944 mortalitatem,.quam
3390 4888 3490 4944 pro
3531 4875 3813 4931 communi

2222 4957 2465 5017 omnium
2492 4959 2716 5017 abstulit
2733 4960 2994 5030 utilitate;
3026 4964 3175 5021 exuit
3196 4971 3252 5023 et
3276 4963 3397 5021 illos
3417 4968 3811 5025 auctoritatem

2225 5046 2373 5105 illam
2409 5063 2514 5120 qua
2539 5050 2900 5109 abutebantur
2921 5052 3180 5111 adversus
3204 5069 3323 5125 nos,
3357 5071 3621 5131 magnam
3648 5070 3707 5115 et
3728 5059 3811 5113 in-

2225 5138 2443 5197 dubiam
2486 5140 2745 5198 adversus
2792 5157 2887 5200 eos
2940 5143 3221 5217 proferens
3268 5146 3579 5215 victoriam,
3626 5148 3707 5207 ita
3750 5157 3809 5207 ut

2220 5229 2617 5291 confundantur
2631 5244 2688 5290 et
2705 5233 2808 5292 illa:
2834 5250 2985 5293 vanae
3004 5235 3262 5293 adversus
3280 5252 3380 5303 nos
3407 5246 3621 5299 tantum
3640 5238 3811 5299 susti-

2221 5324 2405 5387 nuisse
2434 5327 2672 5387 laborem
2691 5342 2759 5385 ex
2780 5344 2886 5401 quo
2921 5330 3127 5387 nullum
3145 5329 3448 5402 profectum
3478 5332 3689 5389 habere
3712 5348 3809 5404 po-

2220 5426 2460 5489 tuerunt,
2486 5420 2543 5476 in
2564 5420 2839 5487 meliorem
2864 5429 3069 5485 statum
3086 5423 3491 5488 transeuntibus
3520 5426 3709 5489 nobis,
3730 5426 3808 5483 ita

2219 5521 2282 5571 ut
2303 5514 2444 5571 ultra
2464 5530 2565 5583 nec
2588 5530 2815 5588 peccare
2846 5517 3135 5588 pessimus.
3175 5515 3373 5577 Ouini:
3399 5518 3549 5585 enim
3575 5518 3809 5590 om

2219 5606 2302 5665 xit
2784 5608 3077 5682 Pmtquam
3113 5610 3281 5669 ablati
3320 5626 3355 5667 a
3385 5609 3731 5673 mortalitatis
3751 5609 3808 5667 in

2218 5700 2832 5774 inconuptionesumus
2872 5702 3605 5775 eMeﬂieiwquidem
3648 5711 3807 5761 cura

546 5787 691 5843 niam
710 5785 1062 5855 mprtiﬂcatos
1079 5799 1176 5844 vos
1193 5785 1430 5858 peccatis
1444 5793 1666 5855 propter
1679 5784 2115 5855 circumpositum
2213 5803 2513 5866 peccatum,
2538 5796 2832 5856 liberamur
2853 5812 2984 5857 vam
3008 5807 3062 5856 et
3086 5814 3117 5855 ει
3140 5798 3401 5857 servitute
3425 5796 3599 5871 legis:
3624 5794 3806 5857 securi

546 5877 702 5938 vobis
750 5878 1131 5938 mortalitatem
1150 5920 1165 5950 ,
1213 5878 1556 5957 resuscitavit
1606 5894 1727 5935 cum
1772 5878 2016 5950 Christo,
2054 5881 2110 5939 in
2210 5884 2377 5943 etiam
2415 5885 2681 5951 oﬂcimur
2715 5900 2774 5949 et
2806 5893 2876 5951 ab
2917 5891 3067 5951 omni
3093 5893 3397 5952 damonum
3440 5889 3807 5963 impressione
