3986 6338
236 337 342 408 325

745 351 1294 418 ENARRATIONUM
1325 357 1394 416 ω
1429 344 1580 417 EPP.
1617 353 1820 420 PAULI
1856 363 1986 420 un.
2028 365 2150 421 xx.
2189 394 2257 406 —
2295 348 2361 422 in
2401 367 2616 423 EPIST.
2656 355 2748 422 AD
2784 367 2936 424 con.

3376 369 3484 434 526

229 479 352 538 quae
379 471 574 558 cuncta
625 474 924 538 sequuntur
951 472 1260 530 necessario
1287 472 1408 530 illos
1452 475 1543 546 qui
1582 475 1801 532 immor—
1824 476 2157 545 Adabatur,
2211 479 2371 535 sicuti
2402 479 2591 534 beatus
2636 479 2836 536 Paulus
2883 480 3013 536 dicit
3059 480 3244 552 (Hebr.
3269 485 3332 558 ιι)
3367 505 3380 541 :
3423 487 3483 545 Si

228 560 366 615 tales
395 557 592 614 fuerint
641 558 838 628 eiiecti,
887 565 1042 618 etab
1087 568 1232 622 omni
1269 567 1395 626 facti
1438 567 1639 624 fuerint
1677 585 1804 640 pec-

223 653 384 708 candi
417 652 726 708 conditione
753 655 951 720 securi,
975 657 1068 727 qui
1105 660 1267 714 etiam
1302 661 1537 720 divinam
1576 663 1804 732 gratiam

221 745 541 802 custodiunt
599 744 656 798 in
713 758 1032 817 perpetuum
1087 749 1343 806 bonitatis
1394 750 1642 808 aﬂ‘ectum
1673 791 1687 818 ,
1749 761 1805 810 et

219 837 481 910 quoniam
525 837 762 892 ostendit
804 854 901 910 per
948 839 1038 894 illa
1068 858 1187 912 quae
1216 858 1313 913 per
1354 842 1628 900 Christum
1661 845 1804 902 facta

213 939 371 995 sunt,
399 941 456 986 et
484 945 516 986 a
560 930 693 1002 legis
721 933 1128 990 conversatione
1166 952 1266 992 nos
1310 952 1532 998 securos
1560 937 1798 1006 eil‘cctos,

213 1021 408 1092 adjicit
447 1040 461 1077 ;

289 1115 342 1171 Ν
351 1131 465 1172 emo
485 1131 607 1188 ergo
629 1132 714 1172 uos
728 1116 932 1188 judicet
946 1119 1003 1175 in
1023 1120 1136 1176 cibo
1155 1131 1245 1178 aut
1262 1123 1317 1179 in
1331 1133 1456 1195 potu
1473 1135 1563 1180 aut
1577 1125 1634 1180 in
1653 1135 1802 1197 parte

210 1211 321 1268 diei
353 1211 504 1284 festi,
537 1221 628 1268 aut
661 1214 943 1270 neomenite
976 1225 1066 1272 aut
1108 1214 1488 1286 Sabbatorum,
1530 1236 1648 1291 quae
1679 1229 1801 1275 sunt

208 1309 405 1366 umbra
443 1309 762 1379 futurorum,
799 1326 986 1382 corpus
1037 1322 1212 1367 autem
1246 1311 1462 1369 Christi.
1513 1314 1583 1370 Et
1623 1323 1802 1371 osten-

206 1402 352 1458 dens
379 1401 777 1460 observationis
807 1403 1002 1460 horum
1048 1403 1405 1461 diil'ercntiam
1451 1405 1712 1463 adversus
1737 1406 1802 1464 il-

203 1495 317 1554 lam
371 1497 835 1556 conversationem
885 1514 1007 1569 quae
1039 1501 1335 1556 secundum
1381 1501 1655 1558 Christum
1691 1511 1798 1570 est,

203 1604 336 1658 quae
361 1596 445 1645 est
475 1587 666 1645 umbra
693 1587 1017 1658 futurorum,
1039 1607 1237 1664 corpus
1262 1586 1392 1650 vero
1422 1592 1644 1659 Christi,
1670 1611 1796 1667 pro-

200 1681 504 1752 pemodum
555 1681 689 1738 nihil
735 1682 880 1738 aliud
928 1699 1048 1740 esse
1101 1686 1337 1742 ostendit
1381 1688 1800 1758 comparationis

200 1772 484 1843 exemplo,
514 1773 566 1830 in
597 1782 808 1830 tantum
864 1775 951 1832 illa
992 1777 1096 1833 illis
1124 1794 1245 1850 qua:
1297 1782 1592 1836 secundum
1636 1781 1799 1838 Chri-

1904 570 2042 623 enim
2066 570 2206 640 quod
2247 587 2339 640 per
2365 571 2574 641 angelos
2623 582 2896 627 narratum
2920 583 2995 628 est
3038 575 3244 630 uerbum
3271 577 3368 646 fuit
3390 580 3484 648 ﬁr-

1905 678 2065 716 mum.
2098 662 2176 718 illi
2202 678 2329 734 ergo
2353 665 2444 734 qui
2473 663 2643 736 legem
2679 667 2951 721 custodire
2997 669 3316 735 suadebant,
3357 689 3481 742 pro-

1901 754 2172 824 ponebant
2199 755 2361 812 etiam
2407 756 2628 827 angelos
2655 758 2942 828 indignari,
2979 759 3024 818 si
3055 774 3162 818 non
3195 760 3285 816 lex
3314 762 3483 820 fuerit

1904 845 2188 908 custodita,
2219 845 2411 904 deinde
2435 855 2491 902 et
2519 848 2870 904 humilitatem
2907 849 3196 918 quamdam
3225 851 3482 913 simulan-

1903 949 1984 996 tes
2018 939 2300 994 ostendere
2324 942 2702 1010 properabant,
2729 941 2881 1012 quasi
2906 942 2997 1012 qui
3035 943 3103 999 ob
3131 943 3378 1000 timorem
3411 949 3479 1002 ad

1899 1033 2299 1088 observantiam
2329 1033 2461 1104 legis
2495 1042 2833 1104 contemptae.
2863 1031 3057 1102 Nolite,
3087 1035 3283 1107 inquit,
3307 1037 3482 1094 inten-

1901 1121 2029 1178 dere
2057 1122 2161 1178 illis
2204 1123 2295 1192 qui
2330 1123 2686 1186 liumilitatetn
2715 1124 2854 1180 hanc
2888 1126 3180 1182 ostendunt
3200 1135 3256 1183 et
3295 1127 3483 1184 volunt

1901 1214 2123 1282 angelos
2165 1228 2489 1285 proponere,
2537 1215 2770 1276 elatione
2817 1224 2998 1274 tamen
3049 1232 3210 1274 sensu
3261 1219 3342 1274 sui
3392 1219 3483 1276 illa
3557 1241 3566 1252 ο

1900 1308 2086 1366 dicunt
2112 1323 2232 1378 qua:
2268 1323 2370 1364 nec
2407 1318 2553 1374 sunt,
2589 1317 2642 1364 et
2683 1312 2998 1379 ostendunt,
3039 1313 3164 1382 quia
3195 1329 3302 1369 non
3337 1313 3480 1383 juste

1899 1401 2107 1467 dicunt,
2137 1421 2155 1454 ι
2192 1410 2246 1458 et
2286 1417 2392 1458 non
2434 1410 2624 1458 tenens
2661 1411 2823 1473 caput
2849 1419 2915 1458 ex
2950 1420 3057 1476 quo
3091 1420 3250 1460 omne
3287 1421 3482 1478 corpus

1899 1513 2000 1569 per
2029 1513 2199 1554 nexus
2221 1505 2277 1554 et
2309 1514 2584 1556 connexus
2613 1499 3074 1556 subministratum
3096 1507 3152 1554 et
3169 1508 3480 1571 coaptatum

1901 1589 2099 1646 crescit
2122 1589 2515 1646 incrementum
2559 1589 2684 1656 Dei,
2715 1607 2734 1641 ι
2767 1605 2890 1645 cum
2931 1593 3216 1648 Conveniat
3251 1608 3348 1647 vos
3387 1592 3479 1648 illa

1899 1681 2121 1747 sectari,
2149 1695 2270 1752 quae
2295 1680 2494 1738 Christi
2541 1691 2688 1748 sunt,
2737 1683 2792 1738 in
2839 1681 2992 1751 cujus
3042 1682 3294 1738 elfectum
3331 1700 3479 1740 com-

1900 1789 2063 1830 mune
2092 1789 2290 1845 corpus
2319 1775 2642 1842 continetur,
2684 1777 2973 1831 secundum
3017 1775 3494 1834 subministratam'

201 1874 357 1920 stum
383 1873 513 1924 sunt
553 1865 846 1924 inﬁrmiora
876 1884 996 1924 esse
1033 1869 1188 1936 dixit,
1220 1871 1274 1926 in
1324 1881 1584 1942 quantum
1615 1888 1647 1927 a
1671 1888 1798 1930 cor.
1825 1859 1872 1922 Β
1901 1867 2005 1923 illis
2037 1868 2183 1923 illam
2228 1869 2478 1938 gratiam,
2532 1868 2661 1924 illud
2703 1870 2794 1940 qui
2843 1870 3138 1926 secundum
3190 1871 3356 1926 Deum
3394 1880 3478 1926 est

198 1972 343 2028 pore
371 1956 641 2013 inﬁrmior
667 1968 752 2013 est
777 1958 989 2014 umbra.
1037 1959 1245 2032 Corpus
1271 1962 1522 2032 equidem
1561 1973 1644 2020 est
1669 1965 1796 2020 sub-

199 2047 436 2113 stantia,
459 2047 652 2104 umbra
680 2064 810 2104 vero
839 2050 1176 2108 solummodo
1206 2051 1344 2109 solet
1364 2069 1662 2124 apparere;
1701 2055 1796 2111 sed

197 2149 256 2197 et
279 2141 401 2210 ipsa
429 2141 620 2197 umbra
649 2141 696 2196 si
721 2156 830 2197 non
861 2157 1058 2212 corpus
1083 2142 1263 2210 fuerit,
1307 2160 1566 2216 apparere
1593 2161 1798 2216 nequa-

197 2249 372 2306 quam
398 2234 617 2305 poterit.
649 2233 785 2290 Nam
812 2243 873 2292 ut
901 2235 996 2291 iiat
1020 2236 1233 2304 umbra,
1266 2245 1360 2292 aut
1386 2236 1649 2305 videatur,
1676 2253 1796 2294 cor-

197 2343 305 2398 pus
335 2326 394 2382 id
431 2325 570 2382 solet
597 2335 890 2396 praestare;
922 2327 1104 2383 omnia
1133 2342 1262 2398 ergo
1305 2343 1424 2398 quia
1449 2329 1503 2384 in
1539 2331 1794 2398 praesenti

197 2426 366 2485 sunt,
405 2429 464 2475 et
487 2420 680 2476 horum
710 2421 1059 2476 observantia
1089 2421 1280 2476 umbra
1317 2429 1463 2488 sunt,
1512 2422 1560 2477 si
1605 2422 1672 2478 ad
1704 2422 1795 2477 illa

195 2527 333 2584 quae
373 2509 570 2568 Christi
618 2521 747 2567 sunt
792 2521 1197 2583 comparentur,
1235 2513 1491 2584 quoniam
1539 2513 1629 2568 illa
1672 2531 1794 2585 qua:

195 2605 414 2662 Christi
444 2615 568 2662 sunt
594 2606 832 2662 stabilita
854 2617 997 2670 sunt,
1024 2607 1186 2662 linem
1206 2606 1411 2662 nullum
1441 2609 1791 2674 sustinentes,

194 2712 264 2754 eo
296 2696 448 2768 quod
493 2696 824 2754 immortales
852 2707 908 2752 ot
949 2698 1242 2769 incorrupti
1283 2707 1402 2770 post
1438 2700 1794 2754 resurrectio-

195 2806 332 2848 nem
364 2788 694 2858 elliciemur;
727 2791 816 2846 illa
845 2808 973 2848 vero
992 2809 1113 2862 quae
1151 2792 1286 2864 legis
1311 2801 1457 2858 sunt,
1489 2794 1543 2848 in
1573 2809 1793 2864 compa-

196 2883 424 2940 ratione
451 2881 752 2939 i'uturorum
791 2891 1044 2954 tanquam
1092 2885 1281 2939 umbra
1325 2892 1452 2938 sunt
1489 2883 1690 2955 aliqua,
1730 2899 1796 2940 eo

193 2976 355 3048 quod
390 2975 445 3032 in
473 2985 796 3047 praesentem
841 2978 1006 3032 vitam
1047 2985 1248 3033 statum
1277 2993 1434 3033 suum
1461 2985 1666 3034 tantum
1695 2979 1789 3034 ob.

198 3067 408 3122 tinent.
441 3065 578 3124 Nam
618 3083 742 3124 esca
767 3076 822 3124 et
851 3077 1006 3139 potus
1041 3078 1096 3125 et
1122 3069 1387 3126 festivitas
1408 3075 1464 3126 et
1489 3071 1794 3137 neomenia,

195 3168 254 3217 et
277 3158 609 3227 Sabhatum,
649 3161 717 3216 ad
747 3161 1015 3218 modicum
1064 3171 1275 3234 tempus
1320 3165 1645 3220 custoditum
1673 3180 1796 3234 per-

199 3252 446 3316 transiit,
471 3267 536 3308 eo
562 3225 705 3322 quod
743 3252 820 3310 illi
853 3252 944 3324 qui
972 3255 1140 3310 semel
1175 3225 1384 3312 'mortui
1410 3265 1536 3312 sunt
1568 3225 1796 3312 ulte-rius
1823 3225 1868 3290 Β

198 3347 309 3404 hac
348 3364 457 3408 non
483 3347 723 3420 indigent
770 3349 1132 3405 observantia.
1173 3351 1375 3407 Christi
1421 3368 1553 3408 vero
1578 3351 1799 3408 donatio

201 3443 297 3498 ubi
347 3441 518 3499 semel
556 3443 782 3516 ceperit
825 3443 1021 3516 manetj
1045 3443 1366 3511 immobilis,
1393 3444 1595 3500 nullam
1631 3446 1798 3501 verti-

200 3535 477 3590 bih’tatem
503 3550 740 3605 unquam
775 3537 1084 3603 sustinens;
1112 3537 1254 3608 quod
1281 3535 1423 3592 enim
1451 3537 1588 3594 dixit
1612 3538 1796 3593 umbra

197 3628 536 3700 futurorum,
560 3628 664 3683 hoc
687 3627 819 3683 dicit
841 3629 1098 3699 quoniam
1138 3629 1193 3684 in
1225 3631 1627 3702 comparatione
1654 3630 1796 3686 futu-

197 3733 398 3776 rorum
430 3719 632 3776 umbrae
659 3727 787 3775 sunt
822 3719 924 3774 ista
965 3721 1170 3787 omnia,
1197 3722 1341 3776 unde
1387 3719 1454 3776 ad
1483 3721 1795 3792 signiﬁcan-

197 3813 342 3870 tiam
388 3812 593 3866 umbrae
635 3827 832 3882 corpus
885 3811 1103 3880 adjecit,
1155 3813 1256 3868 hoc
1287 3813 1492 3878 dicens,
1543 3813 1798 3883 quoniam

197 3903 354 3975 apud
381 3900 656 3958 Christum
678 3903 878 3958 veritas
925 3913 1008 3959 est
1039 3914 1351 3975 perpetuam
1379 3905 1543 3960 vitam
1568 3907 1795 3962 habens.

199 3995 398 4070 (Λαίς.)
427 3996 560 4052 Cum
586 3997 717 4052 dicit
745 4013 902 4052 nemo
922 4013 1018 4054 vos
1043 3998 1100 4052 in
1138 3999 1276 4054 escis
1296 3997 1532 4068 judicet,
1566 3999 1802 4054 declarat

197 4091 338 4160 quia
387 4102 494 4145 non
537 4087 610 4144 sit
633 4103 852 4144 necesse
893 4096 953 4144 ut
971 4089 1084 4160 jam
1117 4090 1472 4144 observentur
1496 4088 1648 4154 haec;
1677 4103 1800 4142 cum

197 4192 397 4240 autem
436 4181 590 4249 dicit,
645 4183 769 4253 quia
811 4191 897 4238 est
946 4184 1136 4239 umbra
1191 4182 1520 4248 futurorum,
1566 4181 1803 4237 ostendit

196 4291 374 4347 quam
400 4275 701 4345 oportuerit
728 4283 790 4330 ut
815 4274 906 4330 illo
946 4283 1190 4345 tempore
1215 4276 1657 4340 observarentur,
1692 4289 1800 4344 quo

197 4368 310 4425 ista
343 4382 469 4438 quae
510 4365 667 4422 nobis
711 4364 826 4436 jam
876 4366 1164 4423 manifesta
1193 4367 1478 4422 eluxerunt
1523 4381 1621 4438 per
1667 4365 1803 4421 tales

198 4462 437 4517 umbras
464 4458 754 4530 ﬁgurarum
787 4458 964 4514 futura
994 4458 1442 4528 praedicebantur.

1894 1968 2076 2032 potest
2102 1959 2283 2018 facere
2311 1962 2721 2017 incrementum.
2751 1963 2817 2016 Et
2837 1962 2957 2017 dein
2989 1963 3056 2018 ab
3098 1964 3204 2019 illis
3235 1964 3325 2033 qui
3344 1972 3477 2020 ante

1894 2059 2052 2106 erant
2079 2059 2293 2108 ostensa
2317 2051 2496 2108 facere
2514 2061 2767 2122 properat
2789 2053 3238 2110 exhortationem.
3267 2053 3325 2109 Si
3353 2071 3472 2124 ergo

1895 2145 2087 2198 mortui
2115 2143 2236 2198 estis
2267 2160 2384 2198 cum
2415 2141 2622 2200 Christo
2670 2144 2734 2202 ab
2772 2143 3033 2200 elementis
3077 2145 3236 2215 hujus
3267 2146 3468 2211 mundi,

1892 2235 2019 2305 quid
2041 2234 2212 2289 adhuc
2237 2243 2489 2306 tanquam
2511 2236 2732 2290 uiuentes
2753 2236 2807 2292 in
2831 2238 3027 2293 mundo
3049 2239 3348 2306 decernitis,
3380 2257 3471 2295 ne-

1893 2343 1992 2398 que
2022 2327 2330 2396 tetigeritis?
2361 2326 2545 2400 Neque
2585 2331 2943 2398 gustaveritis,
2978 2347 3142 2401 neque
3185 2341 3473 2386 contrecta-

1894 2422 2090 2476 ueritis.
2125 2421 2180 2475 Si
2210 2436 2336 2491 ergo
2363 2421 2446 2477 sic
2490 2422 2722 2477 instituti
2771 2424 2925 2489 estis,
2975 2426 3129 2494 quasi
3159 2426 3251 2495 qui
3277 2423 3389 2496 jam
3420 2433 3474 2480 et

1893 2517 2212 2570 commortui
2243 2516 2375 2570 estis
2400 2515 2638 2582 Christo,
2665 2526 2722 2572 et
2764 2519 3200 2584 oonsurrexistis,
3235 2527 3291 2574 et
3318 2528 3471 2574 extra

1894 2616 2094 2662 statuat
2137 2607 2293 2662 istius
2335 2608 2458 2662 vita:
2503 2609 2634 2664 estis
2667 2607 2866 2672 eﬂ'ecti,
2919 2610 3022 2664 hoc
3069 2610 3213 2666 enim
3243 2611 3376 2665 dicit
3403 2611 3472 2666 ab

1893 2700 2172 2755 elementis
2207 2701 2386 2756 mundi
2421 2700 2580 2770 hujus
2606 2743 2619 2768 ,
2666 2718 2772 2771 qua
2817 2703 3026 2757 ratione
3055 2703 3206 2772 quasi
3252 2704 3306 2757 in
3335 2719 3475 2773 prae-

1895 2791 2032 2856 senti
2058 2792 2168 2846 vita
2193 2800 2576 2848 conversantes
2601 2793 2852 2862 patimini
2883 2793 3004 2848 illos
3029 2795 3119 2863 qui
3145 2793 3290 2864 leges
3317 2794 3471 2848 nobis

1894 2890 2140 2937 statuunt
2169 2891 2223 2937 et
2261 2882 2466 2948 dicunt,
2494 2884 2598 2938 hoc
2625 2883 2909 2948 manduca,
2961 2884 3061 2938 hoc
3087 2883 3192 2938 noli
3231 2891 3470 2954 tangere,

1894 2985 1947 3032 et
1975 2976 2078 3032 alia
2106 2991 2226 3046 quae
2266 2977 2570 3048 bujusmodi
2617 2977 2780 3032 sunt?
2828 2985 2883 3032 et
2916 2992 3148 3048 arguens
3180 2977 3468 3032 vanitatem

1895 3070 2201 3125 traditionis
2247 3084 2456 3135 eorum,
2493 3069 2606 3124 ait:
2653 3067 2785 3134 Qua
2810 3077 2932 3124 sunt
2957 3069 3132 3122 omnia
3176 3069 3233 3122 in
3260 3068 3474 3122 interitu

1897 3169 2010 3239 ipso
2043 3184 2142 3222 usu
2175 3167 2460 3222 secundum
2501 3166 2753 3222 mandata
2795 3177 2842 3222 et
2887 3166 3150 3221 doctrinas
3181 3166 3471 3220 hominum.

1899 3260 2139 3327 Quorum
2187 3259 2330 3326 linis,
2379 3259 2576 3330 inquit,
2627 3259 2931 3329 corruptela
2961 3267 3066 3325 est,
3115 3267 3172 3318 et
3220 3258 3470 3331 digestio,

1899 3355 2003 3410 hoc
2026 3353 2170 3409 enim
2193 3352 2330 3408 solet
2354 3351 2472 3408 ﬁeri
2497 3351 2550 3406 in
2579 3351 2829 3408 omnibus
2848 3351 2988 3407 escis
3017 3369 3030 3404 :
3055 3351 3138 3406 hae
3155 3358 3279 3406 sunt
3301 3351 3474 3405 homi-

1898 3461 2026 3500 num
2052 3444 2399 3510 traditiones,
2429 3443 2567 3499 sicut
2592 3451 2649 3498 et
2686 3442 2740 3497 in
2777 3441 3146 3513 superioribus
3173 3441 3328 3505 dixit,
3367 3455 3472 3495 non

1897 3535 2034 3607 legis
2053 3537 2306 3592 lationem
2341 3535 2472 3592 dicit
2503 3534 2756 3590 mandata
2781 3543 2837 3589 et
2874 3534 3148 3590 doctrinas
3176 3533 3473 3588 hominum.

1901 3629 2008 3686 Sed
2030 3647 2147 3702 qua:
2171 3636 2291 3684 sunt
2321 3628 2578 3684 rationem
2615 3627 2825 3698 quidem
2853 3626 3097 3680 habentia
3131 3625 3398 3696 sapientia:
3425 3626 3478 3677 in

1899 3721 2265 3792 superstitione
2291 3730 2339 3775 et
2371 3718 2665 3774 humilitate
2692 3727 2740 3772 et
2764 3717 2834 3772 ad
2866 3733 2969 3772 non
3015 3718 3335 3788 parcendum
3364 3733 3480 3770 cor-

1899 3815 2016 3885 peri
2055 3829 2159 3868 non
2184 3814 2240 3867 in
2263 3813 2458 3866 [tenore
2484 3811 2662 3882 aliquo
2689 3811 2758 3864 ad
2786 3811 3111 3864 saturitatem
3143 3810 3334 3862 carnis.
3367 3806 3476 3863 Ol)-

1900 3920 2057 3962 scure
2077 3905 2291 3974 quidem
2311 3911 2396 3959 est
2413 3903 2646 3958 dictum:
2671 3899 2786 3957 vult
2807 3910 2985 3956 autem
3003 3901 3202 3966 dicere,
3223 3901 3480 3971 quoniam

1903 4005 1964 4052 ut
2013 3997 2126 4051 haec
2173 3995 2456 4049 tradantur
2505 3993 2757 4048 videntur
2779 3991 3006 4062 quidem
3057 3992 3198 4062 quod
3245 3991 3482 4060 aliquam

1901 4089 2264 4146 ostensionem
2317 4087 2557 4142 scientiae
2605 4088 2884 4142 doctorum
2943 4085 3194 4150 habeant,
3225 4093 3282 4140 et
3328 4082 3485 4155 quasi

1902 4181 1995 4252 qui
2023 4179 2379 4235 humilitatem
2411 4179 2578 4234 velint
2625 4179 2840 4236 studere
2883 4191 2978 4234 eos
3030 4177 3122 4247 qui
3177 4192 3306 4249 erga
3357 4175 3486 4232 talia

1901 4282 2200 4347 opportune
2227 4272 2446 4328 habent.
2493 4272 2743 4329 Ostendit
2787 4288 2916 4329 vero
2944 4272 3096 4343 quasi
3126 4272 3252 4342 quia
3283 4280 3332 4327 et
3369 4287 3489 4327 cor-

1901 4365 2020 4437 pori
2076 4379 2174 4419 suo
2217 4378 2442 4434 parcere
2490 4363 2680 4428 nolint,
2719 4371 2773 4418 et
2828 4362 2959 4418 nihil
3009 4363 3228 4419 honoris
3259 4363 3479 4434 dignum

1903 4455 2234 4521 existiment,
2275 4464 2333 4508 ut
2363 4469 2430 4510 ex
2457 4455 2708 4509 omnibus
2733 4455 2972 4525 repleant
3000 4468 3210 4522 corpus,
3239 4454 3330 4508 sed
3371 4469 3484 4506 ma-

277 4552 462 4609 Nemo
485 4568 574 4608 vos
614 4553 829 4608 reducat
855 4551 1027 4608 volens
1056 4552 1112 4605 in
1141 4551 1436 4606 humilitate
1473 4559 1520 4605 et
1549 4548 1801 4621 religione
1831 4609 1879 4621 _
1905 4549 1986 4620 gis
2023 4548 2362 4604 continentes
2397 4563 2426 4600 a
2468 4546 2650 4600 amitis
2686 4557 2905 4616 propter
2941 4544 3074 4615 legis
3115 4544 3483 4598 traditionem.

199 4645 527 4718 angelorum
559 4661 676 4717 qua:
724 4663 828 4701 non
853 4647 979 4702 vidit
1016 4645 1314 4710 ambulans,
1339 4646 1539 4715 frustra
1581 4609 1800 4716 iniimus
1831 4609 2037 4696 υἷιωο
2079 4648 2261 4695 autem
2309 4639 2521 4694 dicebat
2566 4653 2631 4692 eo
2672 4609 2813 4707 quod
2853 4609 3045 4705 magria
3093 4633 3365 4703 sapiebanl
3413 4632 3488 4686 illi

198 4754 371 4793 sensu
415 4737 595 4794 carnis
647 4753 778 4803 ante,
822 4746 870 4791 et
928 4753 1030 4791 non
1061 4747 1236 4791 tenens
1265 4747 1441 4808 caput,
1487 4752 1552 4791 ex
1591 4751 1692 4807 quo
1725 4745 1805 4790 to-

199 4840 320 4884 tum
349 4845 538 4899 corpus
567 4846 658 4898 per
687 4845 848 4884 nexus
870 4839 916 4884 et
940 4830 1327 4900 conjunctiones
1354 4829 1806 4882 subministratum

199 4932 254 4977 et
281 4931 647 4977 constructum
674 4924 857 4978 crescit
882 4925 939 4978 in
967 4932 1300 4994 augmentum
1338 4921 1453 4976 Dei.
1485 4922 1542 4976 in
1578 4922 1662 4976 his
1687 4935 1808 4975 ver-

201 5015 294 5072 bis
315 5015 626 5070 adhibenda
674 5025 758 5072 est
800 5016 1048 5087 quietiam
1091 5015 1458 5086 pronuntiatio
1495 5016 1549 5068 in
1577 5014 1726 5068 vultu
1753 5020 1830 5068 et

203 5113 262 5168 in
295 5106 467 5162 modo
499 5107 667 5164 vocis.
701 5105 806 5162 Per
832 5107 1142 5163 irrisionem
1187 5107 1386 5176 quippe
1433 5107 1597 5161 verba
1632 5105 1816 5176 posuit

203 5213 404 5255 eorum
427 5238 442 5260 ,
471 5199 564 5269 qui
593 5199 777 5254 dicunt
807 5217 819 5254 :
853 5213 922 5255 ne
959 5199 1240 5270 tetigeris,‘
1265 5211 1437 5268 neque
1485 5197 1810 5267 gustaveris,

205 5305 340 5346 cum
361 5289 475 5345 sint
504 5290 685 5345 omnia
715 5291 912 5346 munda
939 5289 1170 5344 mundis.
1197 5286 1424 5360 (Amen)
1456 5286 1606 5341 Hanc
1625 5295 1807 5340 autem

205 5384 318 5438 sub
355 5382 575 5438 nomine
599 5383 839 5438 scientia;
867 5395 1053 5439 curam
1083 5387 1337 5435 ranarum
1367 5379 1804 5434 Observationum

206 5477 496 5552 [tangens]
516 5521 528 5540 ,
564 5479 632 5534 ab
657 5480 741 5534 his
778 5479 869 5550 qui
894 5478 1198 5550 philosophi
1230 5477 1516 5548 nuncupati
1545 5483 1670 5531 sunt
1694 5483 1750 5530 et
1772 5491 1804 5529 a

202 5569 491 5640 judaismo
519 5571 813 5625 cavendum
844 5585 964 5625 esse
991 5569 1278 5633 cernebat,
1308 5569 1397 5622 ubi
1425 5574 1581 5622 erant
1602 5567 1814 5620 umbra:

208 5657 530 5714 futurorum
556 5660 928 5726 removendis;
959 5659 1084 5729 quia
1102 5658 1215 5728 jam
1237 5658 1417 5711 lumen
1447 5672 1633 5711 earum
1654 5656 1813 5711 Chri-

210 5759 340 5807 stus
356 5751 670 5821 advenerat,
685 5769 751 5810 eo
765 5754 906 5824 quod
931 5769 1028 5824 per
1048 5751 1268 5822 angelos
1287 5750 1371 5804 lex
1387 5748 1666 5805 dicebatur
1685 5748 1812 5805 data

211 5861 368 5916 esse,
409 5847 564 5922 quasi
608 5847 1039 5906 ministrantibus
1079 5845 1183 5904 illis
1213 5859 1277 5904 eo
1305 5855 1544 5916 tempore
1582 5842 1687 5912 quo
1726 5841 1813 5898 lex

1914 4749 2074 4805 super
2095 4733 2444 4796 abstinentia,
2476 4739 2532 4784 et
2577 4730 2728 4798 quasi
2775 4728 2867 4799 qui
2895 4735 3112 4798 propter
3134 4726 3304 4796 legem
3334 4741 3489 4780 escas

1913 4829 2082 4883 etiam
2109 4831 2484 4889 contemnant;
2514 4823 2568 4877 in
2603 4821 3052 4890 subsequentibus
3089 4818 3268 4889 arguit
3293 4819 3493 4889 negotii

1916 4919 2087 4990 ipsius
2116 4916 2596 4972 miserabilitatem.
2626 4911 2827 4985 (Ct-eg.)
2871 4913 2988 4978 Qua
3014 4911 3067 4964 in
3104 4925 3164 4965 re
3194 4910 3487 4964 notandum

1919 5018 2027 5075 est,
2070 5011 2210 5080 quod
2255 5009 2307 5064 in
2352 5007 2714 5076 disputatione
2741 5019 2836 5058 sua
2881 5003 3201 5074 praedicator
3247 5004 3495 5074 egregius

1924 5099 2293 5172 superstitioni
2339 5096 2659 5154 humilitatis
2701 5093 2934 5165 speciem
2959 5092 3172 5165 jungit:
3199 5093 3324 5164 quia
3365 5093 3494 5146 dum

1919 5195 2043 5265 plus
2069 5207 2230 5263 quam
2277 5203 2498 5246 necesse
2540 5196 2623 5244 est
2649 5203 2746 5258 per
2783 5187 3161 5243 abstinentiam
3211 5201 3338 5241 caro
3365 5193 3498 5240 atto-

1919 5291 2061 5346 ritur
2092 5286 2366 5343 humilitas
2393 5281 2539 5340 foras
2562 5282 2880 5346 ostenditur,
2909 5284 3004 5336 sed
3047 5281 3112 5336 de
3134 5281 3235 5336 hac
3261 5280 3376 5350 ipsa
3400 5279 3501 5333 hu-

1918 5380 2150 5434 militate
2202 5376 2440 5448 graviter
2467 5374 2693 5432 interius
2735 5373 3057 5442 superbitnr,
3101 5379 3156 5426 et
3203 5371 3305 5426 nisi
3346 5385 3500 5424 mens

1919 5468 2208 5538 aliquando
2245 5467 2561 5538 plerumque
2603 5479 2669 5520 ex
2697 5464 3030 5518 abstinentiae
3075 5463 3272 5516 virtute
3325 5469 3500 5514 tume-

1919 5569 2114 5625 scerct,
2147 5573 2486 5630 nequaquam
2515 5559 2654 5612 hanc
2683 5557 2828 5610 velut
2862 5555 3004 5610 inter
3043 5569 3238 5624 magna
3285 5549 3499 5612 merita,

1919 5655 2226 5711 Phariszeus
2275 5669 2534 5725 arrogans
2589 5651 2825 5706 studiose
2879 5654 3220 5706 enumeraret
3269 5643 3499 5698 dicens:

1922 5749 2116 5818 Jejuno
2143 5745 2229 5800 bis.
2247 5746 2302 5800 in
2335 5745 2548 5800 sabbato
2576 5743 2725 5814 (Luc.
2751 5739 2926 5813 xvm).
2957 5736 3153 5812 [Hiera]
3191 5733 3321 5789 illud
3361 5729 3504 5799 quod

1928 5840 2120 5898 crebro
2155 5837 2411 5904 diximus,
2455 5843 2502 5891 et
2531 5835 2576 5890 si
2611 5833 2876 5905 imperitus
2920 5841 3152 5886 sermone
3195 5841 3300 5880 non
3329 5833 3502 5881 tamen

1831 5990 1899 6040 e5-
