3986 6338
523 385 629 443 527

1200 382 1260 438 Β.
1301 365 1557 438 nsum
1598 382 1817 440 MAURI
1856 381 2177 438 ARCHIEP.
2217 379 2525 438 MOGUN'I‘.
2567 380 2852 440 orenun
2890 381 3069 438 rans
3105 381 3193 438 ιιι.

3689 387 3795 444 5Ξ8

521 500 740 557 scientia
769 498 856 570 (II
884 497 1008 553 Cor.
1033 500 1135 568 xl),
1159 513 1499 568 nequaquam
1525 497 1753 553 Paulum
1799 497 1866 552 de
1893 497 2112 552 humili-
2137 503 2188 564 Α
2217 495 2521 563 Quaerimus
2546 495 2674 567 quid
2697 495 2879 550 dicere
2903 494 3134 550 voluerit
3154 494 3208 547 in
3248 491 3548 551 humilitate
3577 507 3634 553 et
3673 498 3798 554 reli-

523 601 631 648 tate
657 593 752 646 sed
786 589 854 644 de
873 588 1220 644 conscientiae
1249 589 1476 643 veritate
1505 588 1737 653 dixisse,
1767 592 1928 642 etiam
1961 603 2104 644 nunc

518 683 896 752 approbamus.
953 679 1248 734 Profundos
1299 681 1443 734 enim
1470 688 1526 735 et
1573 680 1878 735 reconditos
1913 696 2104 736 sensus

517 774 700 846 lingua
740 787 846 827 non
890 770 1140 841 explicat,
1167 779 1221 826 et.
1259 786 1382 826 cum
1427 771 1542 840 ipse
1577 771 1796 838 sentiat,
1825 773 1950 842 quia
1980 787 2103 828 cum

519 884 629 938 quo
650 867 902 937 loquatur
921 867 975 920 in
1005 865 1209 920 alienas
1240 879 1397 920 aures
1427 880 1563 933 puro
1587 881 1693 921 non
1721 875 1898 935 potest
1927 874 2102 920 trans-

522 961 662 1016 ferre
687 974 956 1024 sermone,
986 972 1144 1028 quem
1168 973 1289 1012 cum
1313 957 1367 1010 in
1389 957 1675 1011 vernacula
1697 956 1876 1027 lingua
1904 959 2102 1012 habeat

518 1053 954 1117 disertissimum,
1003 1035 1199 1120 quippe
1233 1059 1291 1104 ut
1337 1049 1595 1104 Hebraeus
1623 1065 1689 1102 ex
1742 1049 2003 1115 Hebraeis,
2048 1057 2104 1103 et

517 1149 760 1204 eruditus
781 1147 848 1201 ad
876 1145 1039 1216 pedes
1057 1141 1364 1199 Gamalielis
1381 1141 1481 1194 viri
1503 1140 1619 1212 lege
1639 1139 1936 1194 doctissimi
1962 1139 2098 1210 (Act.

520 1239 640 1312 xn),
671 1248 727 1293 et
761 1239 934 1306 ipsum
993 1231 1333 1303 interpretari
1387 1231 1608 1301 cupiens
1656 1231 1965 1294 involvitur,
2018 1231 2102 1285 sin

520 1338 703 1384 autem
726 1328 779 1381 in
804 1325 989 1381 Graeca
1031 1325 1209 1394 lingua
1245 1324 1361 1376 'hoc
1392 1321 1440 1376 ei
1472 1321 1703 1386 accedit,
1730 1336 1892 1390 quam
1925 1321 2101 1375 nutri-

520 1431 607 1474 tus
629 1420 681 1472 in
711 1418 919 1471 Tharso
947 1414 1145 1469 Ciliciae
1167 1429 1197 1466 a
1238 1428 1401 1484 parva
1439 1421 1601 1467 :etate
1631 1411 1941 1478 imbiberat,
1973 1413 2103 1482 quid

518 1517 585 1571 de
628 1513 812 1568 latinis
858 1511 1141 1566 dicendum
1172 1517 1274 1574 est,
1300 1509 1390 1578 qui
1439 1509 1660 1564 verbum
1706 1509 1772 1564 de
1817 1509 1982 1563 verbo
2009 1524 2105 1563 ex-

517 1605 750 1678 primere
788 1605 1052 1662 conantes'
1087 1601 1429 1656 obscuriores
1466 1599 1669 1655 faciunt
1718 1599 1834 1670 ejus
1882 1610 2103 1656 senten-

517 1697 663 1753 tias?
692 1695 860 1750 Nemo
903 1709 1031 1764 ergo
1058 1708 1153 1748 vos
1199 1701 1416 1762 superet
1464 1699 1625 1761 atque
1653 1691 1898 1746 devincat
1920 1691 2104 1745 volens

519 1788 879 1844 humilitatem
907 1785 1100 1839 litterae
1140 1783 1293 1852 sequi
1343 1791 1398 1837 et
1447 1782 1759 1853 angelorum
1786 1781 2097 1852 religionem

2208 587 2366 657 gione
2407 586 2764 656 angelorum?
2795 597 2889 640 aut
2931 601 3090 655 quem
3139 599 3356 639 sensum
3386 587 3549 641 habet
3592 604 3657 642 ex
3690 604 3798 658 quo

2207 675 2467 732 Dominus
2488 678 2702 731 locutus
2727 677 2897 732 estad
2925 677 3218 746 discipulos
3245 694 3258 730 :
3291 677 3526 746 Surgite,
3547 679 3799 736 abeamus

2205 764 2325 820 hinc
2349 767 2373 818 ?
2395 777 2446 820 et
2467 766 2788 838 relinquetur
2811 767 2950 822 vobis
2967 774 3151 820 domus
3169 777 3336 821 vestra
3359 768 3561 822 deserta
3579 770 3798 839 (Matth.

2205 857 2382 928 χχιιι),
2405 869 2460 912 ει
2476 859 2628 914 locus
2645 859 2699 913 in
2723 875 2829 928 quo
2848 859 3140 914 cruciﬁxus
3160 870 3244 916 cst
3264 862 3521 917 Dominus
3540 865 3802 934 spiritali-

2207 957 2290 1002 ter
2301 947 2564 1021 IEgyptus
2577 951 2874 1022 appellatur
2887 951 2968 1005 vel
2983 950 3237 1007 Sodoma.
3255 950 3799 1013 Omnisludaicarum

2205 1041 2643 1096 Observationum
2675 1042 2882 1097 cultura
2917 1044 3188 1098 destructa
3216 1053 3328 1110 est,
3372 1053 3428 1100 et
3450 1061 3800 1119 quascunque

2205 1134 2435 1192 offerunt
2451 1137 2718 1202 victimas,
2740 1154 2844 1192 non
2869 1137 2977 1192 Deo
2993 1136 3247 1204 oﬂ‘erunt,
3266 1140 3357 1194 sed
3373 1141 3579 1211 angelis
3603 1143 3802 1212 refugis

2207 1235 2262 1280 et
2292 1226 2572 1295 spiritibus
2595 1227 2919 1294 immundis;
2953 1245 3054 1284 nec
3078 1229 3297 1297 mirum,
3329 1232 3371 1286 si
3405 1233 3507 1287 hoc
3536 1244 3661 1304 post
3683 1251 3801 1304 pas-

2207 1316 2412 1371 sionem
2450 1317 2665 1370 Domini
2694 1317 2920 1382 l'aciuut,
2949 1334 3069 1374 cum
3117 1335 3212 1389 per
3239 1321 3404 1376 Amos
3431 1337 3652 1392 quoque
3677 1341 3800 1394 pro-

2205 1408 2424 1479 phetam
2448 1409 2660 1464 dicatur
2681 1409 2750 1463 ad
2778 1426 2873 1464 eos
2899 1425 2913 1463 :
2950 1411 3205 1481 Nunquid
3234 1412 3432 1466 hostias
3463 1424 3514 1467 et
3560 1417 3796 1471 victimas

2207 1504 2462 1558 obtulistis
2509 1505 2635 1559 mihi
2664 1505 3018 1575 quadraginta
3056 1508 3211 1561 annis
3260 1507 3316 1560 in
3367 1511 3572 1562 deserto
3609 1510 3794 1564 domus

2208 1595 2378 1650 Israel
2401 1605 2450 1650 et
2475 1597 2831 1667 assumpsistis
2861 1596 3256 1650 tabernaculum
3297 1597 3506 1652 Moloclt
3528 1641 3543 1664 ,
3574 1611 3625 1654 et
3653 1603 3796 1656 sidus

2211 1685 2305 1740 Dei
2335 1688 2487 1741 vestri
2520 1685 2837 1757 Rempham,
2865 1687 3064 1758 ﬁguras
3091 1704 3222 1758 quas
3260 1688 3454 1757 fecistis
3482 1701 3539 1744 ut
3569 1691 3794 1747 adoretis

2208 1780 2337 1833 eas?
2362 1779 2553 1850 (Amos
2585 1778 2664 1848 v.)
2686 1777 2840 1844 Quod
2867 1779 3080 1848 plenius
3107 1779 3161 1833 in
3191 1781 3541 1836 contentione
3573 1781 3795 1840 Iudaica

517 1891 679 1951 atque
701 1879 969 1934 culturam
997 1894 1010 1930 :
1044 1886 1103 1930 ut
1127 1892 1232 1930 non
1260 1875 1510 1930 serviatis
1536 1873 1764 1944 spiritali
1792 1872 2097 1943 intelligen-
2129 1869 2178 1928 B
2209 1868 2514 1940 Stephanus
2543 1879 2753 1941 martyr
2792 1885 3065 1941 exponens
3093 1881 3149 1926 et
3194 1873 3477 1930 revolvens
3512 1875 3794 1934 historiam

517 1973 624 2027 ti:e.
647 1970 742 2026 sed
759 1967 1158 2037 exemplaribus
1177 1966 1506 2032 futurorum,
1535 1981 1655 2036 quae
1680 1978 1782 2019 nec
1802 1964 1915 2035 ipse
1936 1963 2101 2030 videt,

515 2062 610 2132 qui
659 2076 757 2117 vos
815 2059 1059 2131 superari
1115 2058 1408 2122 desiderat,
1464 2057 1578 2112 sive
1611 2056 1777 2123 videt,
1813 2064 2107 2126 utrumque

513 2159 659 2214 enim
699 2159 862 2214 habet
900 2156 954 2211 in
994 2154 1184 2211 ϐιωεο
1209 2171 1231 2220 ;·
1265 2153 1565 2224 prmsertim
1595 2168 1716 2207 cum
1746 2160 1961 2206 tumens
1985 2166 2105 2205 am—

518 2251 664 2306 bulet
691 2258 746 2304 et
775 2249 990 2304 incedat
1010 2245 1225 2301 inﬂatus
1249 2244 1552 2315 mentisque
1582 2244 1830 2312 superbia
1868 2253 1923 2298 et
1951 2251 2102 2314 gestu

514 2340 758 2409 corporis
801 2337 1070 2408 praeferat,
1123 2337 1228 2390 hoc
1282 2337 1424 2391 enim
1473 2333 1743 2405 signiﬁcat
1787 2335 2102 2401 ἐμϐατεύων,

517 2432 718 2486 l‘rustra
769 2438 948 2484 autem
999 2427 1236 2493 inﬂetur,
1265 2437 1320 2482 et
1347 2433 1548 2481 tumeat
1582 2440 1741 2480 sensu
1771 2425 1950 2480 carnis
1996 2439 2106 2479 suae

517 2520 810 2577 carnaliter
837 2526 1030 2573 cuncta
1066 2517 1388 2587 intelligens,
1419 2524 1474 2569 et
1518 2515 1873 2569 traditionum
1920 2513 2107 2570 Iudai-

517 2629 704 2669 carum
733 2610 1086 2666 deliramenta
1116 2609 1459 2679 perquirens,
1489 2617 1544 2663 et
1570 2623 1676 2662 non
1724 2617 1912 2664 tenens
1943 2616 2105 2679 caput

517 2703 759 2758 omnium
784 2701 1192 2772 Scripturarum
1224 2699 1373 2765 illud,
1397 2699 1464 2754 de
1488 2714 1595 2769 quo
1620 2699 1822 2755 dictum
1843 2707 1926 2754 est
1951 2717 1964 2753 :
2002 2698 2106 2753 Ca-

515 2806 606 2867 put
631 2795 729 2849 viri
772 2793 1014 2850 Christus
1053 2804 1128 2848 est
1160 2791 1208 2865 (I
1239 2791 1360 2848 Cor.
1382 2795 1481 2865 xl),
1511 2806 1675 2865 caput
1717 2802 1897 2849 autem
1945 2802 2105 2864 atque

515 2888 838 2960 principium
863 2887 1027 2942 totius
1053 2886 1297 2955 corporis
1319 2901 1616 2957 eorumque
1660 2887 1750 2957 qui
1775 2888 2020 2954 credunt,
2051 2897 2105 2943 et

516 2979 694 3034 omnis
721 2977 1091 3049 intelligentiae
1121 2977 1404 3047 spiritalis,
1435 2992 1501 3032 ex
1546 2992 1653 3048 quo
1696 2978 1873 3048 capite
1907 2994 2104 3048 corpus

516 3071 770 3127 Ecclesi:e
790 3087 887 3142 per
923 3085 1051 3126 suos
1070 3084 1352 3139 compages
1378 3081 1541 3138 atque
1557 3069 1860 3139 juncturas,
1887 3070 2104 3124 vitalem

517 3164 775 3219 doctrinae
799 3149 1036 3216 ctelestis
1065 3161 1262 3230 accipit
1285 3176 1526 3224 succum,
1557 3170 1616 3215 ut
1638 3162 1818 3216 omnia
1846 3163 2102 3233 paulatim

517 3255 761 3309 membra
798 3261 1117 3323 vegetentur
1143 3261 1195 3307 et
1217 3267 1314 3322 per
1341 3252 1582 3306 occultos
1608 3267 1864 3308 venarum
1894 3264 2104 3309 meatus

518 3342 775 3401 fundatur
804 3341 1082 3396 defecatus
1111 3341 1330 3412 sanguis
1351 3341 1615 3405 ciborum,
1648 3349 1701 3396 et
1746 3341 2102 3410 ministretur,

518 3437 850 3498 subcrescat,
879 3432 987 3488 imo
1017 3439 1260 3487 teneatur
1287 3431 1636 3500 temperantia
1663 3433 1924 3501 corporis,
1956 3441 2014 3487 ut
2039 3433 2105 3490 de

520 3531 669 3588 l'onte
703 3530 896 3601 capitis
939 3527 1094 3599 rigati
1134 3538 1285 3582 artus
1323 3534 1573 3581 crescant
1615 3526 1670 3581 in
1717 3525 2103 3596 perfectionem

520 3623 637 3688 Dei,
661 3632 720 3676 ut
757 3621 1042 3693 impleatur
1068 3618 1369 3675 Salvatoris
1415 3619 1626 3673 oratio:
1669 3617 1852 3683 Pater,
1885 3619 2018 3683 volo,
2047 3628 2103 3673 ut

517 3716 652 3769 sicut
681 3730 772 3785 ego
801 3723 848 3767 et
879 3723 935 3765 tu
974 3728 1136 3765 unum
1163 3727 1366 3775 sumus,
1396 3726 1471 3764 sic
1497 3718 1542 3764 et
1565 3708 1655 3764 isti
1681 3708 1734 3762 in
1764 3709 1911 3763 nobis
1941 3727 2104 3764 unum

518 3809 620 3862 sint
651 3805 831 3877 (Joan.
856 3804 1011 3874 xvn),
1042 3815 1099 3857 ut
1123 3811 1406 3874 postquam
1435 3818 1534 3858 nos
1571 3803 1820 3860 Christus
1870 3803 2104 3859 tradide-

521 3903 592 3956 rit
634 3899 807 3965 Patri,
853 3899 923 3953 sit
949 3897 1088 3952 Deus
1119 3898 1296 3951 omnia
1323 3897 1377 3950 in
1421 3895 1658 3951 omnibus
1710 3895 1919 3970 (Ibid.).
1952 3896 2105 3952 Unde

520 4002 572 4047 et
601 4006 759 4062 supra
812 3989 1009 4045 Paulus
1047 3989 1162 4043 ait:
1213 3988 1382 4043 Nemo
1423 4006 1507 4043 vos
1535 3988 1758 4059 judicet,
1794 3989 1973 4044 dehis
2013 3989 2104 4059 qui

520 4083 808 4153 magistros
835 4082 968 4154 legis
1029 4095 1149 4138 esse
1191 4096 1250 4136 se
1293 4079 1524 4149 jactant,
1574 4081 1630 4134 in
1676 4079 1790 4135 cibo
1820 4081 1945 4136 etin
1976 4089 2103 4151 potu

522 4175 572 4246 (I
600 4173 722 4230 Cor.
747 4174 860 4244 xv),
887 4173 1030 4243 quod
1081 4172 1184 4225 alia
1238 4172 1434 4226 munda
1469 4172 1596 4236 sint,
1656 4171 1759 4225 alia
1802 4171 2102 4237 immunda,

521 4267 691 4320 autin
720 4274 871 4334 parte
915 4263 1020 4316 diei
1066 4262 1210 4326 festi,
1251 4272 1344 4316 aut
1376 4263 1510 4316 alios
1550 4262 1666 4318 dies
1697 4261 1864 4318 festos
1892 4272 2100 4334 putent,

521 4357 658 4409 alios
679 4369 785 4409 non
810 4352 997 4416 festos,
1012 4353 1166 4406 nobis
1187 4352 1330 4404 enim
1349 4351 1438 4420 qui
1465 4352 1518 4405 in
1535 4350 1813 4406 Christum
1830 4353 2104 4407 credimus

522 4452 888 4516 resurgentem
912 4444 1056 4515 jugis
1083 4452 1139 4498 et
1175 4451 1377 4497 aeterna
1409 4443 1672 4499 festivitas
1712 4454 1816 4510 est,
1866 4453 1958 4499 aut
1991 4446 2099 4500 Ka—

521 4538 805 4596 lendarum
851 4545 906 4591 et
951 4535 1154 4590 mensis
1181 4535 1327 4600 novi,
1375 4536 1587 4605 quando
1613 4537 1935 4602 decrescens
1972 4531 2095 4594 luna

524 4630 712 4685 ﬁnitur
757 4637 813 4684 et
849 4627 1022 4684 noctis
1058 4626 1264 4682 umbris
1307 4626 1614 4697 detegitur:
1669 4626 2098 4685 Christianorum

521 4723 664 4776 enim
689 4720 867 4775 lumen
911 4729 1170 4775 aeternum
1215 4726 1318 4784 εει,
1367 4727 1423 4774 ει
1463 4733 1677 4790 semper
1713 4723 1842 4777 solis
1879 4723 2101 4793 justitiae

527 4811 691 4866 radiis
717 4809 1030 4866 illustratur.
1069 4811 1178 4865 Aut
1209 4811 1261 4866 in
1303 4818 1458 4880 parte
1487 4808 1866 4878 Sabbatornm,
1909 4822 1966 4867 ut
1994 4830 2099 4868 non

525 4902 725 4956 iaciant
748 4901 939 4956 servile
963 4917 1098 4972 opus
1121 4912 1177 4956 et
1199 4917 1364 4957 onera
1405 4918 1511 4957 non
1558 4913 1792 4973 portent,
1835 4905 1958 4974 quia
2004 4921 2100 4961 nos

523 4992 722 5048 Christi
749 5007 931 5047 sumus
969 4991 1217 5048 libertate
1240 4993 1445 5057 donati,
1472 5003 1525 5049 et
1560 5011 1725 5051 onera
1755 5005 2098 5065 peccatorum

523 5093 737 5152 gestare
758 5082 1068 5138 desivimus.
1097 5084 1236 5148 llaec,
1284 5085 1477 5154 inquit,
1517 5087 1698 5140 omnia
1743 5087 1949 5142 umbrae
1978 5097 2105 5144 sunt

526 5174 827 5228 futurorum
853 5181 907 5227 et
933 5173 1194 5243 imagines
1217 5183 1458 5230 ventura:
1486 5174 1780 5241 fclicitatis,
1817 5186 1876 5232 ut
1905 5179 1958 5232 in
1984 5179 2102 5248 qui-

524 5263 625 5319 bus
641 5262 807 5318 Judzei
829 5264 981 5334 juxta
1005 5264 1234 5319 litteram
1258 5266 1568 5322 btesitantes
1587 5275 1839 5322 tenentur
1858 5271 1909 5324 in
1934 5280 2101 5335 terra,

530 5373 627 5410 nos
644 5357 794 5426 juxta
819 5356 1089 5412 Christum
1114 5366 1451 5413 transeamus
1470 5361 1535 5414 ad
1566 5359 1862 5425 Christum,
1886 5362 2010 5429 quia
2035 5363 2101 5417 ad

528 5448 928 5503 distinctionem
973 5448 1286 5504 umbrarum
1335 5465 1478 5504 nunc
1522 5465 1718 5518 corpus
1763 5451 2100 5520 appellatur:

529 5539 797 5609 quomodo
818 5541 961 5594 enim
1009 5541 1061 5594 in
1089 5556 1314 5611 corpore
1353 5541 1554 5596 veritas
1574 5552 1677 5608 est,
1705 5550 1758 5596 et
1777 5543 1829 5596 in
1861 5543 2104 5613 corporis

531 5632 718 5684 umbra
750 5630 1108 5697 mendacium,
1138 5633 1216 5688 sic
1237 5632 1288 5687 in
1317 5632 1544 5702 spiritali
1571 5633 1922 5701 intelligentia
1947 5650 2103 5688 mun-

531 5721 630 5777 dus
652 5722 828 5778 omnis
852 5722 1008 5778 cibus
1033 5731 1087 5777 et
1129 5732 1306 5793 potus,
1335 5733 1390 5777 et
1423 5732 1532 5778 tota
1571 5724 1853 5790 festivitas,
1887 5734 1941 5779 et
1988 5741 2103 5796 per-

533 5820 702 5878 petua
730 5812 979 5870 Kalcndm
1023 5821 1078 5870 et
1123 5823 1321 5872 αξιοι-ιιι
1351 5815 1564 5885 requies
1610 5815 1970 5884 exspectanda
1996 5828 2098 5872 est.

2205 1971 2446 2015 veterem
2483 1960 2562 2016 sic
2605 1961 2819 2015 locutus
2845 1969 2928 2016 est
2948 1962 3087 2027 (Act.
3114 1962 3211 2032 vn)
3245 1985 3259 2016 ι
3303 1963 3370 2017 Et
3415 1966 3638 2020 vitulum
3665 1968 3796 2038 fece-

2207 2061 2328 2106 runt
2379 2051 2434 2105 in
2474 2051 2656 2106 diebus
2704 2053 2842 2118 illis,
2871 2062 2918 2107 et
2949 2052 3247 2108 obtulerunt
3297 2056 3496 2111 hostias
3551 2058 3718 2122 idolo,
3747 2072 3792 2114 et

2205 2145 2521 2200 lcetabantur
2562 2145 2615 2199 in
2656 2145 2899 2215 operibus
2927 2161 3184 2200 manuum
3219 2164 3454 2202 suarum.
3504 2150 3794 2207 Conuersus

2204 2246 2378 2292 autem
2407 2246 2480 2291 est
2511 2236 2652 2291 Deus
2686 2246 2736 2292 et
2765 2236 2986 2292 tradidit
3033 2255 3139 2304 eos,
3179 2248 3236 2294 ut
3275 2240 3501 2295 colerent
3549 2243 3792 2296 militiam

2205 2329 2338 2394 caeli,
2380 2329 2516 2383 sicut
2547 2330 2800 2399 scriptum
2828 2339 2905 2383 est
2948 2330 3004 2383 in
3032 2329 3166 2384 libro
3195 2333 3605 2402 prophearum;
3658 2336 3789 2390 mili-

2207 2421 2337 2475 tiam
2379 2429 2560 2475 autem
2591 2421 2712 2476 εωιί
2741 2436 2848 2476 non
2879 2429 3084 2476 tantum
3115 2422 3198 2478 sol
3226 2424 3547 2494 appellatur,
3573 2437 3635 2482 et
3671 2428 3788 2484 luna

2204 2523 2259 2570 et
2280 2523 2426 2570 astra
2456 2515 2751 2580 rutilantia,
2785 2516 2879 2571 sed
2920 2525 2976 2571 et
3013 2517 3190 2572 omnis
3211 2519 3450 2589 angelica
3485 2521 3788 2584 multitudo.

2205 2623 2503 2678 eorumque
2554 2609 2828 2663 exercitus
2871 2609 2962 2679 qui
3017 2609 3280 2666 Hebraice
3335 2612 3643 2682 appellatur
3697 2615 3790 2671 Sa-

2203 2700 2388 2766 baoth,
2421 2699 2474 2754 id
2502 2709 2606 2766 est,
2634 2701 2896 2755 virtutum
2929 2702 3046 2758 sive
3076 2705 3436 2770 exercituum,
3471 2708 3615 2763 unde
3640 2718 3696 2763 et
3737 2712 3788 2765 in

2204 2791 2497 2864 Evangelio
2518 2789 2674 2860 juxta
2703 2791 2906 2848 Lucam
2949 2793 3178 2864 legimus
3205 2813 3218 2848 :
3249 2795 3320 2850 Et
3353 2797 3526 2852 subito
3548 2799 3694 2868 facta
3717 2811 3788 2856 est

2203 2901 2322 2938 cum
2367 2883 2551 2954 angelo
2604 2883 2885 2939 multitudo
2943 2886 3146 2941 militia:
3190 2889 3406 2944 calcatis
3459 2889 3786 2947 laudantium

2204 2975 2372 3030 Deum
2417 2985 2466 3030 et
2514 2977 2797 3031 dicentium
2824 2992 2843 3030 :
2879 2978 3064 3034 Gloria
3097 2982 3152 3036 in
3202 2984 3468 3038 altissimis
3507 2985 3620 3040 Deo
3649 2997 3696 3041 et
3738 2989 3788 3040 in

2205 3080 2346 3123 terra
2389 3087 2495 3140 pas:
2531 3070 2829 3125 hominibus
2859 3072 3008 3127 bona:
3039 3074 3318 3130 voluntatis
3350 3077 3505 3148 (Luc.
3535 3080 3636 3150 ιι);
3663 3081 3788 3135 facit

2206 3162 2350 3216 enim
2379 3161 2524 3219 Deus
2551 3165 2768 3236 angelos
2805 3181 2932 3222 suos
2972 3168 3194 3236 spiritus
3247 3177 3303 3225 et
3353 3171 3636 3228 ministros
3668 3190 3788 3230 suos

2130 3227 2178 3293 θ
2209 3255 2386 3327 ignem
2424 3266 2692 3325 urentem,
2719 3268 2772 3314 et
2806 3269 2865 3314 ut
2899 3261 3133 3317 sciamus
3161 3279 3371 3335 semper
3396 3281 3492 3320 eos
3520 3268 3612 3336 qui
3654 3269 3789 3324 cole-

2206 3345 2337 3400 bant
2377 3346 2550 3413 idola,
2583 3349 2706 3403 licet
2758 3351 2812 3404 in
2849 3352 3048 3422 templo
3094 3354 3302 3409 hostias
3349 3357 3670 3413 viderentur
3709 3359 3786 3415 of-

2205 3435 2382 3503 ferre,
2410 3455 2516 3494 non
2545 3440 2654 3495 Deo
2691 3456 2785 3496 eas
2824 3442 3106 3511 obtulisse,
3137 3446 3231 3500 sed
3269 3447 3492 3518 angelis,
3536 3465 3636 3519 per
3663 3450 3788 3506 Eze-

2206 3527 2345 3582 chiel
2374 3528 2585 3597 plenius
2616 3530 2877 3588 discimus
2904 3548 2919 3587 :
2957 3533 3089 3590 Dedi
3130 3538 3204 3591 eis
3245 3537 3661 3607 justiﬁcationes
3691 3559 3786 3597 non

2207 3618 2390 3679 bonas.
2438 3631 2488 3674 et
2539 3634 2797 3693 pra'cepta
2853 3644 2958 3681 non
3005 3628 3140 3683 bona
3199 3630 3419 3701 (Ezech.
3477 3635 3640 3704 xm),
3689 3652 3788 3692 non

2205 3710 2348 3764 enim
2381 3713 2699 3783 sanguinem
2727 3717 3001 3773 hircorum
3026 3729 3081 3774 et
3106 3729 3385 3777 taurorum
3409 3727 3604 3794 quaerit
3627 3726 3785 3794 Deus,

2206 3801 2300 3858 sed
2349 3805 2680 3860 sacrilicium
2710 3807 2921 3863 Domini
2971 3820 3053 3866 est
3103 3813 3323 3882 spiritus
3373 3817 3785 3884 contribui-atus,

2206 3915 2301 3955 cor
2351 3902 2643 3956 contritum
2695 3913 2752 3958 et
2805 3905 3143 3961 humiliatum
3188 3909 3327 3964 Deus
3373 3927 3477 3966 non
3532 3913 3789 3982 despiciet

2208 3988 2383 4061 (Psal.
2426 3994 2500 4064 L).
2537 3993 2828 4066 Propterea
2855 3999 2948 4068 qui
2983 4000 3212 4055 vitulum
3241 4002 3488 4058 fecerunt
3526 4005 3579 4059 in
3613 4005 3790 4061 Horeb

2206 4089 2261 4138 et
2292 4083 2577 4141 coluerunt
2617 4087 2766 4143 sidus
2818 4089 2914 4144 Dei
2949 4091 3270 4161 Rempham,
3306 4095 3371 4149 de
3401 4110 3509 4164 quo
3561 4096 3616 4150 in
3666 4113 3790 4168 pro-

2207 4171 2366 4240 pheta
2395 4172 2560 4228 Amos
2597 4174 2809 4245 plenius
2853 4177 3226 4246 disseruimus,
3257 4183 3624 4239 adoraverunt
3660 4186 3790 4257 ﬁgu-

2207 4276 2296 4316 ras
2325 4277 2461 4331 quas
2479 4261 2580 4331 ipsi
2610 4263 2886 4333 fecerunt,
2913 4278 2968 4322 et
2997 4271 3218 4326 tradidit
3245 4287 3340 4328 eos
3370 4272 3539 4340 Deus,
3575 4285 3641 4330 ut
3683 4293 3792 4332 ser-

2205 4352 2383 4407 virent
2401 4352 2606 4408 militiae
2627 4355 2750 4411 caali
2773 4373 2893 4428 quae
2921 4374 3063 4414 nunc
3087 4361 3156 4415 ab
3171 4361 3425 4432 Apostolo
3447 4365 3643 4436 religio
3665 4367 3786 4422 dici-

2208 4453 2297 4498 tur
2316 4445 2628 4517 angelornm
2658 4463 2756 4518 pro
2779 4449 3097 4514 humilitate,
3137 4452 3190 4506 in
3219 4452 3429 4520 Graeco,
3448 4477 3788 4531 ταπεινοφρο-

2205 4541 2336 4614 eam
2373 4539 2710 4610 intelligitur,
2735 4542 2790 4598 id
2828 4551 2928 4607 est,
2951 4544 3230 4600 humilitas
3257 4547 3473 4613 mentis,
3507 4549 3628 4604 sive
3669 4565 3789 4605 sen—

2210 4644 2322 4694 sus,
2353 4637 2408 4684 et
2434 4630 2742 4685 miseranda
2794 4634 3124 4702 superstitio,
3175 4635 3343 4691 Deum
3393 4637 3622 4694 credere
3675 4638 3778 4693 hir-

2207 4736 2394 4778 corum
2419 4730 2581 4791 atque
2603 4731 2878 4780 taurorum
2905 4727 3164 4796 sanguine
3193 4727 3469 4794 delectari,
3513 4740 3572 4786 et
3601 4731 3786 4786 nidore

2209 4813 2594 4886 thymiamatis,
2620 4830 2781 4884 quem
2807 4831 2948 4886 saepe
2975 4817 3220 4875 homines
3245 4819 3602 4877 declinamus.
3637 4822 3784 4890 Quod

2209 4919 2390 4964 autem
2423 4908 2669 4976 sequitur
2689 4927 2702 4962 :

2280 4999 2342 5056 Si
2379 5001 2574 5054 mortui
2613 5000 2735 5055 estis
2768 5018 2886 5057 cum
2925 5001 3132 5062 Christo
3180 5008 3246 5063 ab
3285 5008 3552 5064 elementis
3581 5012 3779 5074 mundi,

2204 5091 2330 5160 quid
2385 5092 2556 5145 adhuc
2587 5101 2836 5164 tanquam
2869 5097 3087 5153 viventes
3132 5101 3187 5154 in
3221 5102 3417 5156 mundo
3463 5103 3784 5158 decernitis?

2208 5179 2292 5234 Ne
2317 5182 2603 5251 tetigeritis,
2638 5201 2798 5255 neque
2841 5191 3194 5256 gustaueritis,
3241 5208 3402 5262 neque
3439 5205 3782 5249 contrectau-

2208 5273 2472 5342 ritis,qute
2495 5283 2618 5328 sunt
2641 5277 2815 5329 omnia
2845 5277 2901 5331 in
2925 5279 3195 5335 interitum
3217 5283 3329 5351 ipso
3351 5299 3472 5347 usu,
3494 5287 3778 5338 secundum

2203 5375 2458 5435 prmcepta
2484 5379 2530 5420 et
2561 5366 2829 5422 doctrinas
2865 5369 3135 5426 hominum
3166 5388 3186 5427 :
3219 5391 3336 5444 qua:
3361 5385 3482 5430 sunt
3526 5379 3776 5431 rationem

2203 5456 2410 5526 quidem
2451 5457 2696 5511 habentia
2732 5460 3002 5530 sapientiae
3039 5463 3092 5515 in
3136 5466 3501 5534 superstitione
3535 5479 3582 5520 et
3611 5468 3780 5520 nurni-

2204 5546 2372 5610 litate,
2413 5557 2459 5600 et
2491 5564 2596 5603 non
2623 5548 2693 5602 ad
2721 5552 3040 5620 parcendum
3086 5555 3328 5624 corpori,
3373 5572 3482 5612 non
3507 5558 3565 5610 in
3587 5559 3779 5611 honore

2204 5637 2380 5708 aliquo
2429 5639 2498 5692 ad
2547 5642 2881 5696 saturitatem
2926 5645 3124 5699 carnis.
3182 5645 3366 5717 (ΚΑΒ.)
3417 5645 3576 5706 Hunc
3624 5648 3778 5704 nobis

2205 5730 2404 5786 habere
2449 5748 2666 5789 sensum
2697 5735 2928 5803 videtur,
2965 5752 3248 5792 curramus
3301 5755 3396 5809 per
3447 5741 3680 5811 singula,
3724 5746 3776 5792 ct

2205 5821 2585 5881 obscuritatem
2619 5841 2874 5882 sensuum
2922 5837 3081 5898 atque
3120 5831 3404 5886 verborum
3436 5831 3658 5890 Christo
3696 5849 3772 5886 re-
