3986 6338
217 483 330 539 529

729 482 1271 541 ENARB'ATIONUM
1310 484 1376 541 IN
1415 485 1562 541 EPP.
1603 485 1808 544 PAULI
1847 482 1975 540 LIB.
2017 484 2134 538 XX.
2176 511 2247 524 --
2279 483 2346 538 IN
2385 484 2603 540 EPIST.
2644 486 2734 540 AD
2767 483 2918 540 COL.

3361 486 3466 540 530

215 609 452 656 sonante
491 599 788 669 pandamus
820 618 832 652 :
867 600 911 654 si
942 600 1198 670 haptizati
1243 602 1374 657 estis
1401 603 1455 656 in
1498 602 1714 658 Christo
1743 608 1799 656 et
1824 605 1874 665 Α
1899 601 2138 671 quidem,
2165 600 2400 669 positum
2437 599 2621 666 fuerit,
2653 601 2993 671 respondere.
3019 599 3280 656 Videntur
3303 602 3489 674 igitur

213 706 347 748 cum
375 691 595 747 Christo
621 692 675 746 in
697 692 1018 761 baptismate
1043 694 1357 765 consepulti,
1383 696 1580 749 mortui
1611 702 1787 748 autem

216 784 291 838 ah
313 782 602 838 elementis
628 783 948 854 mundi,pro
967 799 1034 840 eo
1061 784 1204 854 quod
1231 794 1314 840 est
1337 785 1681 851 elementum,
1697 799 1795 841 cur

215 889 438 930 mecum
491 887 598 928 non
627 873 846 928 dicitis:
881 873 1014 928 Mihi
1040 884 1211 928 autem
1253 875 1385 928 absit
1423 876 1661 946 gloriari,
1691 876 1796 929 nisi

212 968 273 1020 in
303 981 466 1018 cruce
516 964 729 1018 Domini
775 966 876 1019 mei
930 963 1059 1019 Jesu
1103 965 1316 1032 Christi,
1355 983 1448 1036 per
1471 983 1622 1038 quem
1669 967 1795 1021 mihi

215 1060 456 1112 mundus
496 1058 779 1127 cruciﬁxus
807 1068 880 1112 est
913 1067 962 1112 et
982 1075 1074 1129 ego
1117 1059 1350 1112 mundo?
1389 1057 1530 1130 (Gal.
1557 1057 1654 1130 Vl.)
1687 1057 1798 1114 Nec

213 1153 455 1206 audistis
481 1151 766 1206 Dominum
805 1152 1068 1207 dicentem
1095 1191 1109 1205 .
1149 1151 1227 1205 De
1254 1153 1448 1206 mundo
1497 1169 1602 1206 non
1652 1161 1796 1217 sunt,

211 1245 358 1298 sicut
387 1255 436 1298 et
457 1260 550 1315 ego
595 1261 700 1298 non
725 1261 840 1298 sum
885 1249 949 1299 de
996 1246 1190 1299 mundo
1221 1245 1417 1318 (Joan.
1444 1247 1604 1318 xv"),
1646 1246 1740 1301 sed
1767 1261 1799 1301 e

211 1334 499 1388 contrario
525 1333 677 1404 quasi
709 1335 947 1390 viventes
975 1335 1028 1388 in
1053 1335 1252 1391 mundo
1282 1336 1587 1400 decernitis,
1613 1335 1690 1390 Ne
1720 1346 1798 1392 te-

211 1430 454 1502 tigeritis
479 1444 676 1498 corpus
697 1429 934 1484 hominis
968 1431 1190 1496 mortui,
1225 1445 1295 1484 ne
1337 1431 1714 1486 vestimentum
1742 1438 1798 1486 et

211 1521 520 1577 scabellum
553 1520 607 1576 in
640 1535 746 1590 quo
780 1521 978 1576 sederit
1001 1521 1192 1576 mulier
1217 1529 1551 1576 menstruata
1579 1539 1593 1575 :
1625 1537 1799 1592 neque

211 1615 527 1686 gustaveris
568 1614 781 1669 suillam
805 1629 1043 1681 carnem,
1076 1615 1339 1684 leporum,
1367 1625 1423 1670 et
1451 1617 1719 1685 sepiarum
1745 1623 1802 1671 et

211 1706 535 1776 loligmum,
581 1717 818 1760 murena:
851 1713 907 1759 et
932 1705 1178 1776 anguilltP
1225 1714 1280 1762 et
1319 1707 1691 1760 universorum
1721 1705 1800 1775 pi-

210 1799 416 1862 scium,
449 1797 540 1866 qui
585 1811 838 1866 squamas
881 1805 936 1850 et
984 1797 1235 1866 pinnulas
1277 1811 1382 1850 non
1418 1797 1649 1858 habent,
1679 1811 1800 1866 quae

208 1891 405 1943 omnia
455 1889 509 1942 in
548 1888 896 1957 corruptione
939 1896 994 1942 et
1048 1888 1266 1942 interitu
1306 1897 1431 1942 sunt
1464 1886 1578 1956 ipso
1605 1901 1702 1941 usu
1743 1892 1801 1939 et

1896 693 2298 749 observationes
2333 693 2569 750 Judaicae
2613 695 2754 766 apud
2779 696 3058 766 imperitos
3091 703 3145 751 et
3169 694 3330 752 vilem
3354 696 3468 768 ple-

1895 786 2134 842 becolam
2177 787 2466 856 imaginem
2525 787 2726 844 habere
2767 788 2996 844 rationis
3040 789 3326 856 humanae;
3375 805 3467 848 sa-

1894 875 2102 944 pientes
2140 883 2195 930 et
2235 875 2481 931 doctores
2525 891 2709 931 eorum
2731 878 2906 948 σόφοι,
2929 875 3032 932 hoc
3070 885 3154 933 est
3178 877 3466 946 sapientes,

1894 971 2176 1030 vocantur,
2206 972 2261 1020 et
2289 965 2334 1020 si
2359 966 2573 1036 quando
2593 967 2759 1022 certis
2777 968 2966 1024 diebus
3001 967 3318 1024 traditiones
3345 982 3472 1024 suas

1895 1067 2169 1128 exponunt
2196 1059 2474 1128 discipulis
2502 1058 2676 1114 solent
2711 1061 2890 1116 dicere
2919 1079 2932 1115 :
2971 1057 3240 1130 sapientes
3275 1062 3464 1117 docent

1895 1149 2232 1204 traditiones.
2285 1148 2388 1204 Pro
2431 1151 2828 1220 superstitione,
2879 1151 2936 1206 in
2983 1150 3172 1207 Graeco
3215 1153 3444 1223 ἐθιλοθρη

1896 1239 2038 1292 casia
2095 1237 2269 1308 posita
2319 1245 2422 1304 est,
2472 1237 2604 1294 falsa
2654 1239 2865 1312 religio,
2917 1248 2970 1296 et
3016 1255 3116 1312 pro
3167 1223 3470 1297 humilitate

1896 1307 2360 1402 ταπεινόφροσύνῃ,
2401 1325 2544 1395 quod
2579 1307 3044 1396 magis'vii'tutem
3095 1327 3232 1384 solet
3274 1343 3470 1384 sonare

1897 1435 2055 1490 quam
2079 1421 2266 1474 vitium
2306 1439 2319 1473 :
2359 1419 2453 1474 sed
2485 1421 2588 1476 hoc
2625 1420 2704 1475 sic
2746 1420 3168 1492 intelligendum,
3197 1422 3337 1491 quod
3371 1421 3473 1476 hu-

1900 1509 2046 1565 milia
2095 1510 2330 1565 sentiant
2386 1518 2548 1580 atque
2615 1519 2850 1566 terrena.
2891 1511 3112 1586 ’Δφιιδία
3155 1521 3333 1568 autem
3371 1516 3474 1568 σὼ-

1897 1621 2080 1672 ματος,
2107 1599 2258 1668 cuius
2285 1614 2479 1655 nomen
2501 1600 2702 1656 latinus
2721 1615 2899 1656 sermo
2920 1617 3026 1656 non
3050 1602 3301 1673 explicat,
3333 1603 3476 1673 apud

1897 1708 1998 1748 nos
2034 1693 2248 1759 dicitur,
2287 1693 2356 1748 ad
2399 1708 2506 1748 non
2551 1695 2877 1764 parcendum
2921 1695 3155 1765 corpori.
3185 1693 3302 1750 Non
3349 1710 3475 1764 par-

1899 1790 2025 1838 cant
2051 1781 2218 1837 Judaai
2253 1782 2570 1853 corporibus
2598 1783 2711 1838 suis
2739 1784 2792 1838 in
2821 1785 3183 1854 assumptione
3207 1785 3474 1850 ciborum,

1901 1883 2308 1930 contemnentes
2357 1874 2626 1930 interdum
2652 1889 2773 1946 quae
2817 1874 3040 1941 habent,
3073 1884 3128 1930 et
3173 1881 3475 1944 quaerentes

210 1988 465 2035 stercore
488 1981 807 2050 digeruntur
839 1997 852 2032 :
888 1977 1026 2032 Esca
1052 1979 1188 2032 enim
1216 1979 1382 2032 uentri
1403 1987 1450 2032 et
1474 1987 1647 2031 venter
1666 1977 1796 2031 escis
1824 1964 1873 2025 Β
1900 1980 2019 2036 quae
2059 1981 2167 2021 non
2217 1965 2436 2031 habent,
2472 1981 2541 2021 ex
2589 1979 2695 2036 qua
2725 1965 3048 2022 necessitate
3081 1974 3136 2021 et
3173 1965 3480 2022 debilitates

211 2072 262 2142 (I
308 2070 440 2125 Cor.
469 2071 554 2142 v);
604 2080 660 2126 et
694 2089 706 2124 :
743 2068 909 2124 Omne
930 2070 1069 2141 quod
1103 2071 1264 2122 intrat
1300 2085 1395 2140 per
1427 2086 1484 2123 os
1525 2085 1629 2123 non
1665 2085 1799 2122 com-

209 2166 456 2219 municat
499 2162 846 2237 [coinquinat]
888 2163 1168 2228 hominem,
1192 2162 1282 2216 sed
1310 2179 1372 2217 ea
1400 2178 1516 2234 qua:
1561 2162 1624 2214 de
1649 2161 1797 2216 nobis

209 2265 411 2310 exeunt
445 2255 640 2327 (Marc.
679 2253 804 2327 vn),
855 2253 1150 2309 secundum
1197 2262 1484 2323 precepts,
1517 2253 1708 2323 inquit,
1745 2263 1800 2308 et

207 2348 497 2404 doctrinas
528 2347 824 2412 hominum,
851 2345 1146 2401 secundum
1175 2343 1303 2398 illud
1343 2344 1484 2415 quod
1520 2343 1686 2400 Isaias
1719 2343 1798 2398 lo-

207 2441 411 2511 quitur
436 2457 452 2494 :
489 2436 726 2510 Populus
749 2439 833 2493 hic
867 2437 1020 2492 labiis
1049 2453 1130 2491 me
1156 2437 1402 2502 honorat,
1423 2448 1516 2491 car
1547 2453 1666 2491 vero
1688 2438 1801 2508 ejus

211 2531 387 2601 longe
436 2539 510 2584 est
554 2547 586 2583 a
615 2545 742 2584 me:
787 2527 987 2597 frustra
1037 2528 1175 2582 enim
1224 2526 1400 2581 colunt
1447 2543 1528 2582 me
1559 2528 1801 2584 docentes

207 2623 492 2677 doctrinas
524 2631 574 2675 et
606 2631 865 2692 prtecepta
892 2621 1161 2674 hominum
1181 2620 1318 2692 (Isa.
1343 2619 1540 2693 xxv").
1571 2619 1722 2677 Unde
1749 2631 1803 2678 et

207 2715 482 2770 Dominus
523 2714 827 2770 Pharisaros
869 2714 1094 2784 corripit
1137 2715 1322 2770 dicens
1365 2713 1593 2786 (Matth.
1645 2715 1798 2788 xv):

207 2807 447 2862 lrritum
475 2808 670 2878 fecistis
711 2807 1018 2862 mandatum
1060 2807 1160 2861 Dei
1189 2816 1246 2860 ut
1275 2808 1580 2862 traditiones
1609 2818 1802 2864 vestras

209 2900 546 2954 statuentis.
588 2899 731 2954 Deus
760 2899 899 2953 enim
926 2898 1062 2952 dixit
1091 2914 1110 2953 :
1140 2897 1358 2952 Honora
1391 2908 1591 2969 patrem
1613 2908 1662 2953 et
1692 2917 1806 2954 ma-

209 3002 374 3057 trem,
403 3001 453 3045 et
478 2993 567 3063 qui
605 2990 934 3046 maledixerit
961 2991 1118 3044 matri
1138 2998 1186 3044 et
1210 2991 1370 3061 patri,
1401 3000 1567 3044 morte
1601 2991 1803 3046 moria-

210 3094 328 3138 tur.
377 3081 480 3137 Vos
513 3093 688 3138 autem
731 3083 905 3137 dicitis
931 3095 950 3134 :
978 3081 1285 3154 Quicunque
1321 3081 1514 3136 dixerit
1541 3085 1680 3153 patri
1728 3082 1806 3139 vel

209 3182 402 3244 matri,
432 3177 628 3233 Munus
659 3177 1001 3250 quodcunque
1029 3186 1105 3231 est
1155 3191 1220 3230 ea:
1265 3193 1346 3231 me
1367 3216 1383 3242 ,
1422 3175 1512 3229 tibi
1547 3177 1800 3246 proderit,

211 3286 258 3332 et
291 3291 403 3329 non
434 3273 797 3342 honoriﬁcavit
838 3283 1036 3343 patrem
1063 3287 1217 3326 suum
1242 3279 1334 3324 aut
1359 3278 1600 3337 matrem,
1632 3279 1687 3326 et
1713 3286 1802 3325 re-

211 3368 389 3439 liqua,
429 3367 627 3436 quibus
663 3365 855 3432 infert,
901 3374 951 3419 et
1003 3365 1210 3418 irritum
1265 3363 1458 3433 fecistis
1495 3365 1803 3420 mandatum

215 3461 320 3516 Dei
351 3469 566 3532 propter
594 3459 928 3514 traditionem
953 3465 1199 3512 vestram.
1230 3455 1455 3522 Quantae
1492 3457 1806 3512 traditiones

215 3553 623 3608 Pharisaeorum
666 3550 797 3614 sint,
824 3565 958 3620 quas
984 3549 1144 3604 hodie
1163 3547 1482 3623 δευτερόσιις
1508 3557 1721 3613 vocant,
1749 3553 1807 3601 et

215 3660 389 3715 quam
431 3642 600 3697 aniles
629 3640 846 3706 tabulaz,
875 3639 1152 3695 revolvere
1179 3653 1406 3707 nequeo,
1439 3654 1612 3708 neque
1658 3638 1803 3694 enim

214 3734 350 3790 libri
372 3734 580 3804 patitur
606 3731 942 3804 magnitudo,
970 3731 1300 3801 et-pleraque
1320 3739 1426 3785 tam
1455 3731 1631 3800 turpia
1657 3737 1803 3795 sunt,

214 3836 278 3881 ut
306 3825 627 3881 erubescam
650 3825 850 3890 dicere,
873 3823 1049 3879 dicam
1071 3834 1251 3877 tamen
1277 3837 1435 3876 unam
1459 3823 1806 3892 ignominiam

215 3919 416 3975 Gentis
468 3918 736 3982 inimicae,
785 3917 1102 3987 przepositos
1155 3915 1355 3969 habent
1396 3930 1680 3986 synagogas
1722 3929 1808 3968 sa-

216 4009 595 4080 pientissimos
637 4023 878 4078 quosque
905 4005 1048 4061 ftedo
1090 4005 1240 4076 operi
1269 4005 1557 4076 delegatos,
1593 4013 1651 4059 ut
1678 4021 1807 4060 san»

217 4101 448 4171 guinem
472 4099 700 4171 virginis
749 4098 866 4154 sive
912 4105 1262 4152 menstruam
1301 4097 1559 4152 mundum
1586 4096 1670 4151 vel
1701 4097 1806 4150 im-

218 4193 514 4257 mundum,
555 4191 599 4246 si
629 4191 799 4246 oculis
826 4190 1136 4246 discernere
1176 4203 1280 4242 non
1324 4189 1618 4258 potuerint,
1647 4193 1808 4257 gustu

217 4288 478 4359 probent.
520 4284 894 4353 Praetereaque
929 4282 1140 4352 iussum
1184 4289 1268 4337 est
1315 4289 1375 4336 ut
1425 4280 1512 4335 die
1553 4279 1810 4335 Sabbato-

220 4396 351 4435 rum
403 4378 592 4434 sedeat
630 4376 999 4446 unusquisque
1029 4376 1083 4429 in
1112 4374 1273 4430 domo
1301 4389 1396 4430 sua
1423 4380 1477 4428 et
1523 4387 1629 4428 non
1657 4386 1808 4442 egre-

221 4473 451 4536 diatur,
504 4485 606 4525 nec
661 4467 898 4523 ambulet
945 4469 1012 4522 de
1055 4466 1174 4521 loco
1210 4466 1265 4520 in
1312 4480 1420 4536 quo
1470 4465 1714 4530 habitat;
1764 4463 1808 4518 si

222 4562 452 4633 quando
482 4575 578 4616 eos
621 4561 775 4630 juxta
812 4559 1047 4613 litteram
1077 4557 1403 4626 cmperimus
1454 4565 1702 4621 arctare,
1751 4561 1811 4608 ut

221 4672 340 4714 non
375 4655 618 4724 iaceant,
644 4668 750 4709 non
782 4652 1094 4718 ambulent,
1135 4665 1242 4706 non
1276 4659 1439 4715 stent,
1471 4650 1564 4705 sed
1599 4657 1807 4703 tantum
1837 4676 1891 4737 Β

223 4750 460 4806 sedeant
500 4763 516 4803 :
551 4747 728 4804 Solent
764 4745 1090 4816 respondere
1125 4751 1180 4799 et
1221 4743 1436 4808 dicere,
1481 4741 1809 4795 Barachibas

223 4848 283 4898 et
315 4839 538 4896 Simeon
583 4848 640 4894 et
669 4837 846 4894 Helles
873 4837 1116 4908 magistri
1143 4835 1318 4891 nostri
1351 4833 1690 4889 tradiderunt
1717 4847 1812 4886 no-

225 4935 348 4998 bis,
381 4941 444 4986 ut
470 4932 576 4986 duo
605 4931 773 4985 millia
795 4930 957 5000 pedes
999 4926 1336 4983 ambulemus
1377 4925 1434 4979 in
1465 4922 1729 4987 Sabbato,
1759 4929 1814 4977 et

227 5033 433 5081 caetera
463 5022 802 5089 istiusmodi,
844 5021 1120 5077 doctrinas
1148 5019 1425 5076 hominum
1463 5013 1812 5086 praeferentes

228 5117 498 5174 doctrina:
538 5115 664 5178 Dei.
699 5130 806 5169 non
851 5114 995 5183 quod
1049 5113 1292 5168 dicamus
1342 5107 1637 5164 sedendum
1694 5120 1815 5162 esse

229 5223 452 5279 semper
497 5207 552 5262 in
594 5205 852 5271 Sabbato,
882 5213 938 5260 et
970 5205 1036 5260 de
1068 5203 1186 5259 loco
1221 5203 1275 5257 in
1322 5216 1432 5271 quo
1481 5200 1604 5270 quis
1651 5197 1816 5252 fuerit

230 5307 534 5370 occupatus
574 5299 790 5369 penitus
826 5311 934 5353 non
974 5294 1334 5350 recedendum
1375 5311 1389 5346 :
1430 5292 1523 5346 sed
1552 5288 1813 5360 quidquid

232 5389 571 5461 impossibile
603 5389 736 5461 legis
768 5396 872 5452 est,
902 5388 1090 5458 in_quo
1120 5384 1424 5440 inﬁrmatur
1443 5397 1541 5453 per
1570 5395 1811 5445 carnem,

231 5485 470 5558 spiritali
527 5482 903 5539 observatione
952 5478 1327 5550 complendum
1375 5477 1464 5531 sit.
1511 5474 1764 5545 Sequitur
1798 5491 1812 5527 :

235 5592 358 5647 quis
401 5583 525 5629 sunt
558 5574 811 5627 rationem
837 5571 1045 5642 quidem
1086 5568 1331 5622 habentia
1382 5565 1670 5635 sapientiaz,
1713 5563 1816 5617 hoc

237 5667 384 5734 loco,
434 5667 672 5739 quidem,
722 5664 1030 5734 coniunctio
1067 5657 1336 5731 superﬂua
1365 5667 1474 5721 est,
1511 5655 1652 5725 quod
1703 5654 1818 5724 ple-

239 5763 429 5832 risque
448 5755 504 5814 in
536 5759 671 5814 locis
691 5766 906 5830 propter
934 5755 1254 5827 imperitiam
1297 5752 1429 5807 artis
1455 5749 1818 5821 grammaticae

243 5850 560 5923 Apostolum
595 5849 788 5905 fecisse
821 5847 1142 5918 reperimus,
1169 5858 1344 5913 neque
1365 5841 1512 5908 enim
1551 5838 1816 5908 sequitur,

247 5945 356 6012 vel,
397 5944 502 6001 alia
533 5941 839 6012 coniunctio
865 5957 985 6014 quae
1019 5939 1153 5995 solet
1179 5937 1228 5993 ei
1258 5931 1654 6008 praepositioni,
1703 5929 1818 5994 ubi,

1899 2059 2188 2125 interdum,
2218 2067 2274 2114 et
2313 2061 2533 2116 morbos
2559 2062 2906 2127 contrahunt,
2951 2075 3053 2116 nec
3099 2061 3368 2115 honorant
3393 2074 3481 2115 se-

1899 2152 2155 2222 metipsos
2197 2168 2319 2208 cum
2368 2152 2547 2207 omnia
2588 2153 2786 2208 munda
2817 2153 2927 2207 sint
2969 2151 3205 2218 mundis,
3238 2149 3477 2220 nihilque

1899 2243 2069 2312 possit
2097 2257 2218 2299 esse
2266 2242 2551 2312 pollutum,
2597 2243 2743 2312 quod
2769 2257 2892 2296 cum
2937 2242 3228 2314 gratiarum
3266 2241 3480 2296 actione

1899 2331 2196 2402 percipitur
2217 2331 2267 2404 (I
2301 2331 2434 2386 Tim.
2468 2333 2580 2402 tv),
2609 2342 2664 2387 et
2689 2332 2890 2387 idcirco
2915 2347 2946 2386 a
2975 2331 3200 2387 Domino
3235 2331 3303 2386 sit
3329 2345 3482 2386 crea-

1903 2432 2016 2476 tum
2060 2431 2118 2476 ut
2151 2423 2435 2478 saturitate
2473 2431 2529 2477 et
2565 2421 2949 2493 adimpletione
2996 2421 3177 2476 carnis
3215 2421 3482 2476 humanos

1901 2521 2051 2567 artus
2099 2521 2391 2584 vegeteut,
2447 2521 2610 2584 atque
2670 2520 2992 2568 sustentent.
3050 2511 3154 2566 Per
3212 2510 3476 2566 elementa

1901 2613 2080 2660 autem
2122 2605 2336 2670 mundi,
2391 2605 2586 2674 quibus
2621 2604 2851 2659 vivimus
2877 2645 2892 2671 ,
2940 2604 3049 2658 imo
3094 2601 3290 2672 quibus
3339 2617 3484 2657 mor-

1907 2695 1980 2748 tui
2034 2710 2219 2750 sumus
2273 2695 2358 2749 lex
2412 2694 2580 2766 Moysi
2627 2705 2682 2750 et
2737 2708 2897 2750 omne
2947 2702 3103 2749 vetus
3156 2694 3481 2748 instrumen-

1905 2799 2017 2845 tum
2068 2787 2471 2860 intelligendum
2522 2797 2636 2853 est,
2668 2788 2863 2857 quibus
2906 2787 3059 2856 quasi
3103 2786 3383 2841 elementis
3428 2792 3484 2839 et

1904 2880 2181 2951 religionis
2227 2879 2464 2934 exordiis
2510 2879 2794 2933 Dominum
2824 2878 3082 2933 discimus
3117 2894 3130 2930 :
3173 2891 3280 2946 quo
3322 2874 3481 2930 modo

1903 2969 2261 3026 et‘elementa
2298 2969 2634 3040 appellantur
2669 2968 2894 3034 litterae,
2938 2981 3037 3036 per
3075 2981 3208 3036 quas
3251 2966 3483 3039 syllabas

1905 3078 1968 3118 ac
2019 3063 2178 3116 verba
2228 3061 2620 3133 coniungimus,
2671 3069 2726 3114 et
2771 3059 2836 3113 ad
2894 3059 3179 3114 texendam
3218 3056 3484 3113 rationem

1905 3153 2060 3224 longa
2093 3151 2440 3208 meditatione
2488 3150 2861 3223 praecedimus.
2901 3149 3006 3206 Ars
3039 3164 3253 3219 quoque
3279 3149 3487 3204 musica

1905 3245 2070 3300 habet
2092 3243 2359 3299 elementa
2389 3259 2485 3299 sua
2509 3251 2565 3298 et
2605 3242 2933 3320 geometrica
2965 3241 3032 3295 ab
3065 3239 3348 3296 elementis
3396 3241 3479 3296 in-

1908 3338 2037 3407 cipit
2081 3337 2367 3403 linearum,
2398 3345 2454 3391 et
2488 3335 2769 3391 dialectica
2797 3342 2958 3404 atque
2992 3334 3258 3388 medicina
3284 3332 3485 3387 habent

1908 3437 1962 3484 et
1987 3429 2222 3484 rationes
2261 3444 2418 3494 suas;
2463 3428 2543 3482 sic
2583 3427 2862 3482 elementis
2891 3425 3104 3482 Veteris
3148 3425 3481 3480 Testamenti

1907 3530 1968 3576 ut
1993 3520 2058 3575 ad
2089 3521 2466 3592 Evangelicam
2497 3507 2880 3591 plenitudinem
2912 3519 3132 3576 veniant
3173 3520 3348 3574 sancti
3382 3517 3482 3574 viri

1909 3613 2153 3668 eruditur
2181 3613 2424 3668 infantia.
2458 3610 2612 3667 Unde
2659 3618 2715 3666 et
2764 3609 3092 3665 centesimus
3145 3620 3369 3664 octavus
3397 3610 3489 3663 de-

1909 3705 2080 3760 cimus
2109 3705 2348 3776 psalmus
2372 3713 2427 3759 et
2455 3717 2644 3759 omnes
2665 3702 2757 3757 alii
2780 3702 2870 3772 qui
2901 3702 3096 3758 litteris
3118 3707 3486 3772 pramotantur

1907 3813 2004 3868 per
2025 3798 2257 3852 ethicam
2297 3811 2396 3852 nos
2419 3795 2622 3851 ducunt
2650 3796 2717 3850 ad
2749 3793 3138 3864 theologicam;
3166 3800 3223 3847 et
3263 3791 3332 3845 ab
3375 3789 3484 3844 ele-

1909 3889 2107 3943 mentis
2153 3888 2346 3942 litterae
2387 3903 2505 3956 quae
2551 3887 2851 3943 destruitur
2900 3885 3134 3940 transire
3184 3883 3388 3940 faciunt
3415 3883 3486 3937 ad

1911 3976 2172 4047 Spiritum
2199 3976 2576 4030 viviﬁcantem.
2623 3976 2722 4043 Qui
2755 3991 2887 4046 ergo
2923 3976 3123 4030 mundo
3151 3983 3206 4030 et
3250 3974 3486 4030 clamem

1909 4069 1980 4123 tis
2005 4068 2122 4138 eius
2173 4067 2372 4122 mortui
2409 4081 2596 4122 sumus
2644 4082 2750 4121 non
2789 4067 3049 4121 debemus
3096 4080 3159 4120 ea
3197 4065 3486 4121 observare

1909 4176 2028 4232 quae
2079 4160 2264 4216 mundi
2296 4170 2422 4215 sunt
2446 4161 2574 4232 quia
2617 4160 2672 4214 in
2724 4158 2897 4214 altero
2928 4157 3166 4225 initium,
3207 4159 3262 4213 in
3317 4155 3488 4215 altero

1907 4251 2167 4324 perfectio
2199 4260 2303 4310 est.

2513 4400 2740 4459 CAPUT
2793 4401 2881 4458 IlI.

1910 4539 2173 4612 Informat
2204 4538 2479 4609 Apostolus
2502 4539 2569 4612 de
2590 4537 2823 4612 moribus
2851 4535 3162 4612 generaliter
3191 4535 3493 4612 deponendo

1982 4607 2128 4681 'vitia,
2161 4620 2206 4664 et
2230 4607 2544 4681 acquirendo
2564 4611 2795 4673 virtutes,
2821 4607 3114 4680 specialiter
3139 4607 3208 4662 ad
3227 4615 3490 4677 parentes,

1983 4680 2142 4751 ﬁlios,
2175 4680 2481 4750 conjugatos
2514 4689 2562 4733 et
2593 4695 2787 4734 servos.

1989 4823 2162 4895 Igitur
2181 4823 2228 4878 si
2254 4821 2655 4877 consurrexistis
2699 4837 2817 4874 cum
2860 4817 3091 4884 Christo,
3125 4834 3243 4889 quae
3283 4833 3495 4874 sursum

1919 4925 2040 4971 sunt
2065 4912 2302 4986 quaerite,
2341 4913 2429 4966 ubi
2456 4909 2694 4968 Christus
2723 4919 2798 4966 est
2847 4911 2904 4964 in
2941 4909 3155 4964 dextera
3190 4908 3287 4965 Dei
3310 4909 3493 4964 sedens

1921 5007 2154 5079 (Amhr.)
2201 5005 2313 5061 Hoc
2344 5014 2451 5071 est,
2495 5003 2818 5060 miserabilis
2865 5011 2950 5058 est
2997 5003 3052 5058 in
3091 5002 3496 5074 comparatione

1918 5107 2098 5154 vestra
2149 5097 2237 5152 illa
2281 5111 2401 5166 quae
2427 5111 2557 5167 erga
2598 5095 2731 5149 istos
2769 5102 2854 5149 est
2896 5092 3221 5158 sollicitudo,
3263 5093 3356 5164 qui
3379 5091 3493 5162 iam

1917 5191 2132 5248 Christo
2190 5188 2486 5246 secundum
2551 5187 2966 5256 promissionem
3032 5185 3494 5252 consurrexistis,

1917 5300 2052 5354 quos
2075 5282 2342 5346 convenit,
2367 5280 2594 5352 expletis
2619 5280 2706 5336 his
2723 5279 2974 5336 omnibus
2997 5278 3256 5336 sollicitos
3283 5293 3404 5334 esse
3424 5277 3492 5334 de

1883 5374 2252 5440 .cmlestihus,
2286 5383 2341 5428 et
2383 5373 2525 5427 illam
2554 5387 2673 5443 quae
2702 5373 2756 5426 in
2789 5371 2943 5427 caelis
2970 5379 3054 5426 est
3096 5384 3492 5426 commemora-

1917 5467 2119 5521 tionem
2148 5465 2372 5532 imitari,
2399 5466 2490 5519 ubi
2519 5463 2768 5519 Christus
2795 5463 2851 5518 in
2884 5464 3103 5520 dextera
3131 5463 3224 5518 Dei
3252 5461 3490 5518 residere

1921 5558 2169 5630 dignatus
2195 5564 2296 5620 est,
2351 5555 2564 5611 habitus
2591 5563 2650 5608 ut
2691 5555 2866 5610 dicam
2905 5568 3159 5625 magnum
3207 5559 3488 5608 assecutus

1919 5661 2003 5708 est
2045 5653 2326 5706 honorem.
2359 5648 2540 5721 (Δίες.)
2567 5646 2814 5702 Nondum
2856 5646 3043 5715 utique
3091 5643 3491 5700 resurreximus

1919 5745 2061 5800 sicut
2101 5743 2370 5807 Christus,
2425 5741 2518 5796 sed
2582 5749 2760 5794 tamen
2818 5738 3112 5794 secundum
3160 5747 3336 5807 spem,
3365 5746 3488 5802 quae

1919 5838 1972 5892 in
2005 5839 2159 5892 nobis
2181 5850 2308 5906 erga
2336 5833 2485 5888 illum
2528 5831 2640 5886 sive
2669 5831 2723 5906 in
2768 5829 2942 5898 ipsum
2971 5835 3055 5883 est
3085 5823 3198 5894 iam
3239 5839 3338 5880 nos
3368 5837 3496 5879 cum

1923 5927 2012 5983 illo
2064 5905 2424 5984 resurrexisse
2469 5905 2700 5978 testatu's
2741 5929 2843 5976 est.
2905 5917 3058 5975 Unde
3107 5917 3271 5974 etiam
3315 5915 3490 5974 dicit:
