3986 6338
234 376 343 438 533

766 376 1314 442 assummum
1346 380 1417 442 lN
1452 376 1605 445 EPP.
1642 365 1849 446 rsum
1885 387 2016 447 us.
2056 380 2177 446 xx.
2214 416 2286 433 —
2311 386 2383 446 IN
2419 380 2637 446 EPIST.
2673 388 2765 446 an
2800 388 2953 449 cos.

3375 392 3481 455 58b

229 513 355 570 qua!
373 498 580 589 carnali
602 500 975 559 commistione
993 502 1294 575 perﬁcitur.
1313 504 1619 563 Secundum
1639 505 1805 563 etiam
1828 516 1884 585 Α
1904 506 2083 564 lorum
2127 500 2372 563 servituti
2407 512 2706 578 comparat,
2754 514 2805 565 et
2847 508 3091 576 avaritia,
3141 510 3336 585 inquit,
3366 531 3486 589 quas

228 586 537 649 membrum
566 590 951 665 Munditiam
994 594 1345 670 nuncupavit,
1393 612 1513 669 quae
1560 610 1806 657 nonnun-

225 696 395 757 quam
426 684 631 756 absque
676 680 788 743 ullo
817 686 1069 751 mulieris
1116 698 1323 753 attactu
1350 694 1451 763 ,vel
1488 694 1806 753 dormienti-

223 778 352 843 bus,
382 777 469 834 vel
510 770 857 851 vigilantibus
897 796 996 853 per
1039 782 1301 841 incuriam
1344 782 1807 858 incircumspectae

222 866 430 923 mentis
463 864 724 938 obrepsit,
750 876 808 925 et
850 869 973 928 ideo
1018 876 1241 947 notatur
1283 890 1348 931 ac
1396 872 1713 947 prohibetur
1749 875 1806 932 in

219 956 379 1030 lege,
419 972 540 1029 quae
576 958 882 1018 immundos
926 972 1138 1039 quoque
1170 981 1279 1021 non
1307 965 1477 1023 solum
1527 982 1807 1024 sacrarum

220 1052 473 1108 carnium
520 1054 933 1126 participatione
976 1058 1242 1131 privavit,
1293 1076 1483 1118 verum
1530 1061 1693 1118 etiam
1737 1077 1806 1118 ne

219 1151 481 1203 contactu
527 1160 625 1201 suo
673 1153 857 1205 sancta
904 1140 1195 1221 polluerint
1228 1165 1259 1207 a
1307 1159 1610 1208 castrorum
1645 1148 1806 1225 jussit

217 1237 646 1313 congregatione
693 1240 900 1296 secerni
938 1238 1124 1299 dicens
1180 1262 1194 1298 :
1244 1240 1435 1300 Anima
1488 1262 1807 1321 quiscunque

217 1326 508 1384 comederit
537 1326 603 1384 de
651 1330 896 1392 carnibus
920 1330 1170 1405 sacriﬁcii
1201 1330 1486 1405 salutaris,
1537 1330 1677 1411 quod
1731 1346 1806 1393 est

221 1416 462 1486 Domini,
511 1416 567 1474 in
596 1430 697 1491 qua
740 1420 1197 1491 estimmunditia,
1249 1420 1436 1499 peribit
1477 1443 1654 1483 coram
1695 1424 1804 1482 Do-

214 1513 386 1575 mino,
409 1523 460 1568 et
487 1502 742 1587 quidquid
765 1512 989 1587 tetigerit
1025 1516 1325 1574 immundus
1350 1519 1677 1583 immundum
1709 1521 1807 1577 erit

217 1606 417 1678 (Leuit.
446 1606 562 1681 vn).
594 1607 650 1663 l'n
678 1604 1096 1669 Deuteronomio
1120 1624 1334 1683 quoque
1359 1631 1373 1667 :
1401 1610 1463 1668 St
1486 1611 1643 1689 fuerit
1671 1615 1808 1673 inter

214 1718 310 1755 vos
330 1702 488 1756 homo
511 1702 601 1772 qui
631 1710 890 1756 nocturno
910 1699 1139 1773 pollutus
1168 1711 1241 1759 est
1267 1702 1490 1767 santuio,
1517 1705 1810 1779 egredietur

214 1803 375 1848 extra
395 1803 591 1859 castra,
620 1804 667 1857 et
691 1810 795 1849 non
827 1802 1112 1850 revertetur
1135 1794 1439 1866 priusquam
1466 1795 1597 1852 lauet
1644 1815 1803 1873 aqua,

1906 608 1981 656 est
2002 592 2262 655 idolorum
2285 598 2525 667 servitus,
2554 614 2713 672 quem
2742 616 2960 675 sensum
2985 603 3174 663 beatus
3185 594 3486 680 Cyprianus

1905 694 1984 750 sic
2005 691 2351 766 exaggeravit
2393 692 2448 748 in
2478 691 2717 764 Epistola
2757 694 2826 753 ad
2851 695 3166 767 Antonium,
3196 702 3259 753 ut
3297 714 3484 761 eorum

1902 792 2127 857 peccato
2154 784 2246 857 qui
2271 792 2510 855 tempore
2526 784 2918 861 persecutionis
2939 804 3037 860 per
3058 784 3267 849 libellos
3290 804 3348 863 se
3368 790 3487 851 thu-

1904 878 2212 939 rilicaturos
2221 876 2451 951 professi
2464 886 2639 955 erant,
2655 879 2935 936 avaritiam
2949 896 3261 955 comparare
3275 897 3381 939 non
3397 881 3489 938 du.

1903 970 2123 1039 bitaret,
2145 976 2201 1026 et
2223 978 2402 1026 tamen
2429 985 2549 1035 cum
2571 969 3070 1028 manifestissimum
3083 972 3155 1030 sit
3178 972 3346 1029 multo
3366 989 3488 1046 gra-

1903 1061 2024 1116 vius
2044 1072 2270 1135 peccare
2284 1058 2561 1128 scientem,
2582 1074 2741 1133 quam
2768 1063 3121 1131 nescientem,
3148 1062 3340 1122 vellem
3354 1062 3488 1121 mihi

1888 1150 2101 1223 aliquis
2149 1148 2375 1218 diceret,
2407 1146 2455 1211 si
2497 1153 2619 1227 quis
2671 1150 2920 1213 haeresim
2960 1156 3203 1214 incurrat
3237 1157 3488 1217 nesciens

1902 1257 2163 1321 quantum
2194 1246 2394 1304 malum
2423 1246 2514 1315 sit,
2540 1254 2596 1306 et
2619 1249 2758 1309 alius
2782 1254 2849 1309 ab
2880 1252 3109 1310 avaritia
3137 1270 3243 1310 non
3273 1250 3489 1311 recedat

1904 1341 2084 1400 sciens
2104 1348 2362 1419 quantum
2387 1341 2459 1397 sit
2487 1336 2711 1419 malum,
2751 1343 2871 1419 quis
2889 1344 3034 1401 enim
3057 1346 3130 1402 sit
3148 1344 3343 1419 pejor?
3366 1360 3491 1417 pos-

1905 1359 2084 1400 sciens
2104 1359 2362 1419 quantum
2387 1359 2459 1397 su
2487 1359 2711 1419 malum,
2788 1360 2871 1401 uts
2889 1360 3034 1401 enim
3057 1359 3130 1402 snt
3148 1361 3299 1419 pejor
3317 1359 3341 1401 1
3366 1360 3487 1417 pos-

1905 1449 2025 1490 sum
2045 1431 2211 1489 etiam
2237 1433 2309 1488 ita
2326 1448 2648 1505 proponere,
2672 1435 2716 1492 si
2736 1359 2874 1493 aciius
2893 1438 3142 1495 nesciens
3156 1437 3210 1493 in
3239 1438 3487 1507 bzeresim

1903 1525 2095 1591 irruat,
2115 1536 2169 1582 et
2190 1525 2367 1582 sciens
2380 1525 2518 1584 alius
2538 1526 2606 1584 ab
2634 1526 2936 1597 idololatria
2960 1545 3068 1585 non
3093 1531 3337 1598 recedat;
3363 1529 3489 1603 quia

1906 1626 1962 1675 et
2002 1619 2295 1692 Apostolus
2321 1618 2452 1676 dicit
2481 1638 2495 1674 ε
2532 1619 2791 1688 Avaritia,
2833 1638 2953 1699 qua:
2977 1632 3051 1691 est
3093 1621 3358 1679 idolorum
3381 1639 3489 1679 ser-

1903 1713 2064 1767 uitus.
2095 1706 2335 1784 (Serap.)
2385 1708 2570 1789 Neque
2596 1712 2700 1773 hoc
2730 1713 2994 1779 silendum
3041 1712 3298 1785 arbitror,
3343 1708 3488 1786 quod

1905 1803 2049 1861 sicut
2080 1800 2450 1867 fornicationis
2487 1819 2684 1879 genera
2718 1814 2845 1871 sunt
2889 1805 3033 1875 tria;
3083 1807 3317 1879 primum
3347 1804 3489 1877 quod

213 1894 267 1942 et
319 1890 439 1955 post
484 1880 610 1939 solis
654 1898 896 1939 occasum
934 1885 1254 1956 regredietur
1298 1884 1353 1940 in
1400 1894 1576 1943 castra
1615 1884 1808 1960 (Deut.
1838 1882 1887 1945 B
1913 1910 2013 1966 per
2036 1894 3254 1970 commistionemsexnsutriusqueperﬁcimr’
3287 1913 3485 1955 39mm-

213 1976 407 2043 unt).
458 1972 662 2031 Deinde
704 1974 921 2032 tertium
953 1979 1161 2051 peccati
1206 1979 1507 2055 membrum
1537 1976 1805 2037 libidinem

212 2071 398 2142 ponit,
432 2085 555 2140 quae
597 2068 650 2124 in
707 2071 1014 2133 recessibus
1059 2073 1254 2131 anima:
1293 2074 1602 2133 coalescens
1658 2089 1810 2131 acce-

214 2162 357 2219 dere
396 2160 632 2232 cuipiam
661 2162 778 2217 sine
813 2162 1065 2233 passione
1112 2164 1357 2239 corporis
1407 2171 1585 2237 potest
1630 2181 1645 2219 :
1686 2162 1808 2221 libi-

215 2252 407 2312 dinem
438 2252 580 2307 enim
611 2253 678 2307 ab
702 2268 769 2309 eo
808 2250 949 2325 quod
983 2253 1147 2311 libeat
1188 2254 1387 2311 dictam
1414 2272 1535 2312 esse
1562 2271 1669 2312 non
1709 2254 1807 2312 du-

214 2344 376 2400 bium
407 2351 514 2411 est,
538 2338 787 2400 Posthaec
809 2343 874 2399 de
904 2343 1201 2412 majoribus
1237 2346 1473 2419 peccatis
1502 2345 1570 2402 ad
1597 2344 1805 2401 minora

212 2437 579 2502 descendens,
607 2444 858 2507 quartum
883 2435 1064 2497 intulit
1101 2430 1402 2494 membrum
1436 2436 1805 2511 concupiscen-

210 2531 358 2585 tiam
396 2528 608 2599 malam,
634 2544 754 2611 qua:
782 2544 890 2584 non
914 2528 1089 2585 solum
1132 2529 1198 2584 ad
1222 2525 1538 2601 praedictam
1579 2528 1807 2583 immun-

210 2619 372 2676 ditiae
400 2616 1108 2697 passionem,-verumetiam
1161 2616 1227 2675 ad
1269 2634 1457 2679 omnes
1492 2618 1683 2677 noxias
1711 2634 1807 2675 cu-

206 2711 478 2784 piditates
524 2704 847 2785 generaliter
893 2709 1084 2769 referri
1129 2718 1345 2783 potest,
1376 2726 1496 2781 quae
1540 2719 1807 2785 corruptas

210 2804 601 2869 tantummodo
626 2804 922 2865 voluntatis
960 2814 1047 2861 est
1072 2804 1356 2879 aegritudo,
1384 2806 1450 2860 de
1488 2819 1593 2874 qua
1624 2803 1806 2861 Domi-

208 2912 323 2954 nus
360 2892 415 2950 in
454 2893 761 2969 Evangelio,
789 2892 877 2969 qui
923 2894 1130 2963 viderit,
1178 2894 1378 2967 inquit,
1420 2893 1690 2951 mulierem
1735 2892 1807 2965 qd

209 2986 687 3063 concupiscendam
708 3003 844 3052 eam,
862 2982 979 3056 jam
1021 2984 1303 3041 moechatus
1331 2994 1406 3041 est
1433 3002 1548 3059 eum
1574 2984 1629 3039 in
1651 2982 1806 3057 corde

208 3097 340 3136 suo.
374 3075 543 3145 Multo
567 3078 716 3149 enim
754 3075 929 3149 majus
969 3084 1053 3133 est
1086 3077 1252 3133 etiam
1305 3084 1435 3149 tunc
1479 3072 1676 3133 mentis
1719 3074 1805 3130 lu-

209 3172 390 3229 bricae
418 3170 742 3227 desiderium
765 3169 1065 3235 continere,
1097 3184 1219 3225 cum
1242 3168 1297 3224 ei
1324 3167 1627 3227 illecebrosi
1651 3180 1805 3243 aspe—

212 3274 345 3323 ctus
393 3262 619 3333 oii‘ertur
646 3262 889 3330 occasio;
935 3262 1130 3335 quibus
1173 3259 1615 3321 manifestissime
1656 3278 1806 3319 com—

210 3359 485 3433 probatur
535 3351 606 3427 ad
656 3354 1040 3427 perfectionem
1086 3354 1370 3429 puritatis,
1431 3354 1806 3423 castimoniam

214 3446 571 3508 continentia:
616 3447 915 3519 corporalis
968 3442 1137 3503 solam
1178 3462 1289 3504 non
1324 3460 1482 3519 posse
1522 3444 1804 3513 sufﬁcere,

214 3540 333 3599 nisi
370 3538 422 3596 ei
467 3540 632 3599 etiam
666 3536 863 3593 mentis
906 3535 1191 3613 integritas
1236 3526 1484 3592 addatur.
1514 3533 1645 3595 Post
1687 3550 1807 3607 qua:

215 3631 410 3703 omnia
440 3628 796 3703 novissimum
817 3626 1061 3701 corporis
1082 3626 1223 3684 illius
1258 3628 1578 3694 membrum,
1602 3636 1649 3683 et
1684 3643 1809 3682 ava-

213 3722 426 3789 ritiam,
461 3721 656 3795 inquit,
706 3718 896 3795 procul
929 3718 1090 3776 dubio
1133 3717 1458 3795 ostendens,
1497 3734 1604 3793 nou
1633 3716 1805 3793 solum

216 3737 426 3789 utram,
461 3738 515 3777 lli
558 3737 656 3791 ιιιι,
706 3737 896 3795 procul
929 3737 1090 3776 OllDlO
1133 3737 1458 3795 OSIBDGBDS,
1497 3737 1604 3793 μοι)

216 3816 295 3872 ιι)
357 3737 597 3892 appetitu
649 3826 833 3869 rerum
890 3809 1186 3883 alienarum
1232 3809 1472 3883 animum
1522 3809 1805 3865 continen-

214 3911 391 3975 dum,
432 3896 620 3983 verum
661 3902 825 3962 etiam
863 3902 1082 3981 propria
1108 3896 1524 3977 magnanimiter
1561 3913 1801 3961 contemv

214 4004 427 4065 nenda.
460 4000 573 4059 Hoc
596 3999 740 4077 enim
779 3992 917 4071 etin
957 3992 1180 4071 Actibus
1222 3996 1586 4073 apostolorum
1616 3994 1810 4067 fecisse

213 4098 427 4171 legitur
453 4092 787 4151 credentium
820 4088 1129 4165 multitudo,
1154 4089 1221 4149 de
1246 4104 1353 4163 qua
1388 4087 1589 4144 dicitur
1617 4105 1632 4143 :
1667 4082 1810 4141 Mul-

215 4186 471 4245 titudinis
496 4194 672 4247 autem
721 4182 1041 4257 credentium
1084 4188 1198 4241 erat
1230 4198 1321 4236 cor
1353 4196 1516 4235 unum
1555 4186 1605 4235 et
1632 4178 1809 4233 anima

215 4296 377 4344 una,
418 4293 513 4337 nec
539 4275 814 4351 quisquam
846 4290 1025 4347 eorum
1064 4289 1184 4346 qua:
1229 4269 1526 4346 possidebat
1548 4311 1565 4337 ,
1609 4268 1810 4341 aliquid

216 4387 386 4429 suum
413 4385 524 4427 esse
546 4367 771 4437 dixerat,
794 4364 885 4421 sed
928 4372 1076 4423 erant
1105 4360 1210 4421 illis
1251 4362 1429 4418 om'nia
1467 4360 1763 4423 communia
1789 4374 1809 4413 :

217 4471 479 4537 quotquot
510 4459 647 4517 enim
673 4473 990 4531 possessores
1031 4471 1281 4529 agrorum
1321 4461 1473 4511 erant
1496 4462 1588 4509 aut
1631 4453 1810 4507 domo-

219 4570 373 4618 rum,
415 4550 686 4610 uendentes
725 4549 1012 4626 aﬂ'erebant
1050 4547 1217 4618 pretia
1250 4562 1430 4601 eorum
1471 4560 1589 4621 qua:
1628 4542 1814 4598 vende-

1911 1988 2037 2049 dum
2064 1989 2206 2063 quod
2245 1987 2447 2061 absque
2484 1989 2719 2057 femineo
2763 1999 2942 2059 tactu,
2992 2007 3092 2062 pro
3137 2007 3248 2065 quo
3282 1998 3368 2051 ter
3395 2007 3493 2063 pa-

1907 2076 2160 2139 triarchae
2197 2072 2348 2137 ludas
2395 2079 2537 2149 filius
2580 2097 2612 2137 a
2657 2081 2885 2139 Domino
2929 2096 3224 2155 percussum
3268 2080 3490 2155 legitur,

1910 2170 2136 2243 quodin
2167 2169 2465 2245 Scripturis
2510 2174 2714 2231 sanctis
2750 2174 3091 2237 immunditia
3127 2183 3488 2245 nuncupatur,

1907 2278 2073 2336 super
2097 2278 2205 2335 quo
2224 2261 2513 2335 Apostolus
2536 2263 2588 2337 (1
2619 2262 2743 2320 Cor.
2769 2265 2868 2337 vn)
2895 2283 2909 2320 :
2959 2265 3091 2323 Dico
3134 2274 3308 2335 autem
3334 2266 3493 2322 innu-

1905 2355 2009 2427 ptis
2034 2362 2083 2410 et
2113 2353 2303 2427 viduis,
2329 2354 2520 2421 bonum
2544 2364 2617 2409 est
2642 2353 2747 2410 illis
2776 2357 2821 2413 si
2845 2356 2922 2410 sic
2949 2356 3331 2429 permanserint
3353 2356 3491 2412 sicut

1906 2457 1955 2502 et
1987 2464 2122 2521 ego:
2166 2447 2307 2523 quod
2339 2448 2385 2507 si
2412 2465 2466 2507 se
2495 2466 2598 2505 non
2629 2449 2894 2505 continent
2941 2449 3159 2517 nubant,
3202 2444 3388 2504 melius
3415 2457 3495 2503 est.

1905 2539 2043 2595 enim
2063 2539 2254 2595 nubere
2279 2552 2439 2609 quam
2458 2540 2575 2607 uri;
2602 2538 2819 2595 tertium
2847 2539 2990 2610 quod
3014 2540 3196 2595 animo
3220 2554 3284 2593 ac
3311 2544 3493 2594 mente

1906 2631 2224 2703 concipitur,
2255 2631 2322 2689 de
2345 2647 2452 2701 quo
2478 2630 2741 2687 Dominus
2782 2631 2836 2686 in
2860 2628 3190 2704 Evangelio:
3224 2622 3327 2699 Qui
3350 2628 3491 2685 vide-

1906 2723 1978 2776 rit
2020 2720 2288 2781 mulierem
2311 2720 2381 2776 ad
2421 2720 2886 2787 concupiscendam
2911 2739 3047 2788 eam,
3062 2720 3180 2793 jam
3208 2720 3491 2776 moechatus

1906 2820 1983 2866 est
2006 2828 2121 2869 eam
2148 2810 2205 2865 in
2246 2811 2399 2865 corde
2418 2828 2512 2867 suo
2540 2808 2757 2883 (Matth.
2785 2810 2838 2884 v)
2863 2828 2879 2879 ;
2922 2812 2994 2867 ita
3020 2810 3364 2884 pbilargyriae
3398 2826 3489 2887 ge-

1906 2918 2039 2961 nera
2065 2911 2191 2975 sunt
2220 2902 2324 2959 tria
2360 2919 2374 2933 ο
2426 2901 2658 2973 primum
2702 2902 3073 2971 renuntiantes
3095 2898 3299 2959 divitiis
3325 2917 3388 2957 ac
3412 2894 3493 2976 fa-

1907 2996 2196 3065 cultatibus
2223 2995 2335 3052 suis
2386 2992 2607 3067 spoliari
2638 3010 2742 3059 non
2791 2992 2963 3051 sinit:
3009 2990 3305 3051 secundum
3348 2992 3492 3065 quod

1906 3105 1972 3147 ea
1996 3106 2117 3165 quae
2153 3104 2184 3149 a
2213 3088 2369 3145 nobis
2406 3088 2648 3160 dispersa
2687 3095 2836 3157 sunt,
2866 3086 2954 3143 vel
2988 3084 3354 3158 indigentibus
3383 3082 3491 3141 dis-

1905 3182 2130 3249 tributa,
2177 3195 2453 3237 resumere
2504 3178 2659 3235 nobis
2698 3177 2902 3251 majore
2946 3176 3239 3250 cupiditate
3266 3189 3488 3255 persua-

1831 3268 1878 3349 C.
1907 3271 2034 3329 det:
2068 3268 2285 3327 tertium
2309 3269 2450 3341 quod
2476 3285 2540 3341 ea
2566 3280 2687 3342 quae
2707 3283 2778 3327 ne
2798 3274 2954 3326 antea
2984 3266 3203 3341 quidem
3246 3260 3492 3337 posside~

1908 3382 2031 3427 mus
2055 3365 2362 3423 desiderare
2385 3362 2469 3423 vel
2498 3364 2781 3436 acquirere
2806 3356 3096 3437 compellit.
3130 3358 3201 3416 Et
3224 3362 3286 3415 ut
3304 3364 3488 3414 osten‘

1908 3461 2063 3519 deret
2088 3457 2344 3531 quoniam
2364 3473 2471 3515 non
2493 3465 2670 3530 pateat
2689 3455 2813 3530 quis
2838 3454 2943 3511 ista
2963 3454 3081 3512 sine
3101 3468 3240 3509 noxa
3268 3448 3449 3507 facere
3475 3467 3487 3503 :

1909 3551 2131 3623 Propter
2157 3568 2294 3623 quae,
2341 3550 2535 3623 inquit,
2575 3551 2711 3606 venit
2738 3551 2820 3606 ira
2855 3540 2953 3621 Dei
3001 3564 3156 3621 super
3179 3544 3317 3618 ﬁlios
3353 3540 3489 3621 diﬁ-

1908 3644 2117 3703 dentire.
2151 3641 2386 3717 (Ambr.)
2433 3640 2551 3699 Non
2596 3640 2771 3703 solum
2799 3656 2899 3707 nos
2922 3655 3158 3715 peccare
3196 3634 3489 3709 absurdum

1906 3743 2011 3802 est,
2051 3734 2143 3795 sed
2172 3742 2228 3790 et
2257 3740 2602 3805 resurgentes
2642 3730 2689 3788 si
2718 3731 3103 3805 deliquerimus
3127 3743 3346 3805 poenam
3386 3741 3486 3782 ne-

1908 3825 2204 3891 cessariam
2233 3822 2689 3895 exspectabimus.
2709 3818 2778 3876 In
2796 3820 2983 3893 quibus
3004 3828 3053 3875 et
3075 3835 3165 3875 vos
3184 3814 3489 3889 ambulastis

1908 3918 2216 3992 aliquando,
2242 3932 2361 3973 cum
2384 3916 2614 3971 viveretis
2634 3914 2691 3968 in
2713 3910 2840 3969 illis.
2887 3910 3100 3968 Dudum
3123 3906 3339 3983 quidem
3364 3921 3492 3980 age-

1906 4012 2108 4083 bantur
2151 4023 2185 4069 a
2223 4007 2398 4075 vobis,
2449 4006 2666 4081 quando
2710 4020 2832 4063 cum
2879 4000 3134 4074 praesenti
3163 3996 3275 4055 vita
3322 4002 3497 4065 totam

1910 4119 2063 4183 spem
2101 4110 2339 4169 vestram
2376 4099 2743 4173 dimetiebatis
2784 4096 2920 4171 nihil
2946 4094 3175 4169 amplius
3203 4096 3493 4169 expectan-

1910 4207 2013 4261 tes.
2059 4196 2216 4255 Nunc
2246 4202 2419 4263 autem
2449 4191 2688 4265 deponite
2731 4201 2780 4248 et
2822 4204 2911 4247 vos
2961 4187 3158 4245 omnia.
3202 4184 3320 4249 Jam
3352 4184 3491 4257 ultra

1909 4287 2203 4347 secundum
2228 4284 2317 4355 illa
2349 4284 2530 4349 vivere
2557 4298 2654 4339 vos
2687 4297 2794 4353 non
2825 4278 3099 4350 convenit,
3139 4276 3231 4351 qui
3254 4276 3492 4333 maxime

1909 4379 1967 4439 in
1996 4374 2400 4449 immortalitate
2426 4372 2614 4451 eritis,
2661 4372 2717 4429 in
2766 4387 2872 4444 qua
2908 4369 3210 4444 consistere
3254 4383 3398 4443 nunc
3436 4366 3490 4423 in

1911 4469 2141 4535 formam
2185 4464 2590 4539 existimamini,
2626 4463 2725 4521 sed
2774 4460 3155 4522 discedendum
3208 4459 3367 4529 nobis
3408 4464 3495 4514 est

1914 4560 1982 4617 ab
2001 4558 2087 4631 bis
2105 4556 2374 4629 omnibus,
2405 4563 2460 4613 et
2488 4556 2758 4627 deponere
2781 4554 3040 4615 debemus
3063 4551 3220 4617 iram,
3243 4548 3491 4621 indigna-1

222 4647 359 4725 ⁵9⁷⁸⁸
377 4653 428 4717 ἔτ
448 4642 708 4717 ponebant
733 4606 852 4717 αἵθτὲ
874 4639 1027 4715 Pedis
1062 4634 1421 4715 ⁰Ρ⁰³¹⁰ί⁰ν¹⁸¹⁷⁸
1446 4651 1464 4725 ἶ
1485 4616 1813 4725 άίυίάεζναιξν
1835 4630 1890 4692 Ῐ)
1914 4606 2137 4721 tionem:
2155 4606 2436 4713 malitiam,
2466 4606 2858 4719 blaiphemiam,
2893 4646 3095 4714 turpem
3119 4606 3407 4696 sermonem
3431 4606 3503 4693 de

222 4720 413 4794 autem
449 4733 670 4806 singulis
696 4740 850 4805 prout
902 4731 1087 4802 cuique
1118 4745 1245 4800 opus
1288 4734 1400 4782 erat
1442 4724 1579 4797 (Act.
1607 4722 1704 4796 ιγ).
1748 4720 1817 4797 Et

224 4846 301 4909 ne
351 4828 422 4899 ad
475 4842 677 4905 paucos
736 4825 1009 4897 pertinere
1059 4823 1334 4879 videretur
1378 4820 1480 4875 ista
1533 4815 1813 4889 perfectio,

228 4918 522 4995 avaritiam
569 4917 983 4991 simulacrorum
1038 4912 1355 4969 servitutem
1410 4923 1530 4965 esse
1589 4912 1816 4965 testatus

228 5023 320 5072 est
361 5032 376 5068 :
426 5027 530 5083 nec
585 5008 874 5066 immerito.
924 5005 1178 5085 Quisquis
1220 5002 1364 5060 enim
1410 5017 1518 5058 non
1571 5015 1814 5057 commu-

228 5104 387 5164 nicat
443 5101 856 5161 necessitatibus
913 5111 1245 5179 egenorum,
1311 5100 1366 5155 et
1413 5093 1654 5169 pecuniae
1708 5106 1818 5147 suae

232 5211 405 5273 quam
440 5192 641 5249 inﬁdeli
694 5189 983 5265 tenacitate
1033 5192 1319 5261 conservat
1345 5226 1361 5251 ,
1423 5182 1623 5240 Christi
1676 5196 1816 5261 prae-

232 5300 395 5365 cepta
444 5289 736 5367 postponit,
788 5282 1103 5345 idololatriae
1142 5280 1347 5353 crimen
1389 5277 1818 5367 incurrit,_atuo-

235 5364 357 5440 rem
403 5364 611 5453 scilicet
638 5376 895 5433 materiae
942 5368 1230 5447 mundialis
1288 5369 1481 5445 divinae
1523 5364 1818 5437 praeferens

233 5470 518 5533 cbaritati.
564 5467 821 5544 (Ambr.)
871 5463 1173 5545 Notandum
1216 5461 1359 5533 quod
1400 5456 1664 5529 idolorum
1706 5454 1820 5512 cul-

234 5570 423 5622 turam
472 5558 758 5617 avaritiam
804 5556 1060 5621 vocavit,
1118 5551 1271 5627 quasi
1312 5566 1433 5622 qua:
1490 5564 1523 5605 a
1575 5546 1818 5603 similitu-

239 5656 369 5715 dine
421 5653 517 5711 Dei
543 5667 638 5729 eos
689 5650 859 5729 possit
900 5646 1198 5704 divellere:
1232 5657 1333 5699 nec
1384 5641 1529 5698 enim
1566 5638 1822 5729 possibile

238 5754 330 5805 est
358 5752 419 5800 ut
450 5744 572 5816 quis
602 5757 664 5801 se
698 5727 728 5795 a
768 5736 950 5812 pravis
978 5736 1209 5813 negotiis
1251 5731 1536 5796 abstineat,
1578 5729 1669 5801 qui
1698 5727 1821 5799 plus

1914 4756 2004 4795 ore
2020 4747 2204 4794 vestro.
2232 4732 2773 4810 (Serap.).Sciendum
2792 4742 2970 4788 autem
2985 4731 3128 4803 quod
3141 4724 3238 4786 irae
3251 4729 3353 4795 tria
3368 4737 3495 4785 sunt

1917 4846 2131 4906 genera,
2146 4845 2312 4886 unum
2325 4826 2468 4901 quod
2481 4826 2783 4883 exardescit
2805 4824 3162 4893 intrinsecus;
3185 4818 3330 4880 aliud
3343 4823 3489 4897 quod

1916 4907 1975 4981 in
2010 4923 2243 4983 Verbum
2291 4926 2348 4977 et
2384 4933 2519 4989 opus
2555 4916 2914 4991 effectumque
2959 4915 3299 4991 prorumpit,
3348 4913 3494 4985 quod

1916 5014 2100 5075 odium
2144 5020 2508 5087 nuncupatur,
2543 5010 2609 5065 de
2657 5008 2854 5080 quibus
2882 5015 2938 5064 et
2972 4990 3283 5079 Apostolus,
3334 4991 3494 5061 Nunc

1918 5118 2093 5169 autem
2126 5103 2384 5175 deponite,
2418 5100 2616 5175 inquit,
2661 5109 2709 5156 et
2738 5116 2825 5155 vos
2853 5112 3058 5154 omnem
3097 5100 3232 5155 iram
3275 5106 3325 5153 et
3351 5096 3495 5155 indi-

1915 5200 2251 5274 gnationem:
2288 5193 2505 5266 tertium
2539 5188 2681 5269 quod
2705 5207 2813 5249 non
2842 5199 2904 5247 ut
2932 5190 3023 5247 illa
3054 5189 3268 5255 fervens
3293 5188 3360 5249 ad
3397 5188 3494 5244 ho-

1916 5307 2036 5362 ram
2084 5284 2375 5360 digeritur,
2404 5286 2496 5341 scd
2526 5300 2625 5359 per
2651 5284 2767 5340 dies
2792 5290 2849 5360 et
2886 5289 3130 5359 tempora
3160 5287 3494 5345 reservatur,

1917 5385 2059 5459 quod
2103 5397 2367 5457 annorum
2395 5388 2613 5451 ceutum
2641 5377 2859 5449 dicitur,
2910 5390 3030 5458 quae
3072 5373 3254 5448 omnia
3299 5370 3497 5443 aequali

1918 5487 2045 5536 sunt
2073 5492 2105 5533 a
2138 5476 2295 5547 nobis
2312 5477 2537 5549 horrore
2557 5469 2879 5545 damnanda.
2909 5468 3248 5543 Quapropter
3273 5465 3319 5522 si
3345 5462 3492 5521 illam

1919 5582 2185 5627 summam
2224 5562 2389 5631 divini
2416 5561 2619 5637 praemii
2647 5560 2892 5637 cupimus
2921 5552 3146 5633 adipisci
3173 5556 3241 5631 de
3276 5569 3384 5627 quo
3408 5550 3494 5609 di-

1923 5660 2063 5717 citur
2092 5677 2105 5713 :
2138 5656 2289 5712 Beati
2316 5652 2509 5729 mundo
2539 5652 2713 5721 corde,
2755 5652 3004 5727 quoniam
3029 5649 3126 5721 ipsi
3157 5646 3325 5701 Deum
3348 5642 3494 5715 cide-

1924 5752 2048 5806 bunt
2082 5746 2297 5822 (Matth.
2324 5744 2402 5817 v),
2454 5760 2563 5800 non
2606 5744 2778 5799 solum
2818 5744 2934 5799 haec
2973 5756 3006 5798 e
3035 5736 3235 5794 nostris
3281 5734 3494 5789 actibus

243 5835 480 5898 habendi
497 5832 790 5911 cupiditate
814 5834 1046 5889 tenetur.
1060 5825 1243 5899 (Αασ.)
1270 5825 1392 5882 ldeo
1411 5820 1690 5883 avaritiam
1715 5820 1809 5876 ldo

1927 5820 2252 5911 amputanda
2292 5844 2399 5903 est,
2426 5832 2522 5892 sed
2561 5833 2725 5891 etiam
2747 5830 2816 5891 de
2846 5829 3052 5889 intimis
3074 5827 3268 5885 anima:
3296 5822 3494 5883 radici-
