3986 6338
552 326 654 382 555

1187 324 1249 379 Β.
1293 323 1545 380 RABANI
1585 323 1801 380 MAURI
1837 323 2156 382 ARCHIEP.
2209 324 2517 383 MOGUNT.
2556 325 2842 385 OPERUM
2879 327 3060 382 PARS
3095 329 3178 384 lli.
3663 337 3742 394 538

550 443 650 497 bus
685 438 1052 507 exstirpanda.
1080 437 1194 493 Non
1219 439 1364 493 enim
1393 437 1546 494 valde
1573 437 1812 507 proderit
1837 439 2126 494 iracundia:
2156 445 2207 505 Α
2229 455 2330 510 pro
2357 439 2714 509 possibilitate
2747 441 2800 495 in
2848 443 3099 512 praesenti
3139 443 3250 498 vita
3276 461 3289 497 :
3324 444 3504 500 deinde.
3528 455 3578 503 et
3605 457 3743 506 osten-

547 533 818 588 cohibitus
855 529 1004 586 furor
1031 530 1085 585 in
1115 531 1304 595 verbo,
1346 547 1448 586 nec
1493 531 1548 586 in
1575 529 1826 586 effectum
1864 532 2126 602 prolatus,

546 625 594 679 si
623 623 768 678 illam
803 621 1016 676 arcanis
1043 622 1275 690 pectoris
1300 621 1474 676 nostri
1516 623 1675 685 Deus,
1719 637 1879 691 quem
1919 633 2166 679 secreta-

544 714 788 771 cordium
832 728 939 768 non
996 711 1200 778 latent,
1256 712 1434 767 inesse
1477 714 1858 783 perspexerit:
1917 715 2127 771 radices

544 807 690 862 enim
729 805 980 860 vitiorum
1033 805 1212 874 potius
1256 805 1432 860 excidi
1481 805 1725 874 praecipit
1771 805 2127 876 Evangelicus

545 915 746 964 sermo,
803 914 965 968 quam
995 897 1222 962 fructus,
1273 897 1362 968 qui
1400 896 1752 968 proculdubio
1797 896 1994 952 evulsis
2041 897 2124 952 fo-

542 991 765 1046 mitibus
801 1005 1140 1060 nequaquam
1182 988 1405 1043 ulterius
1435 986 1772 1057 pullulabunt
1801 1006 1814 1042 :
1863 996 2024 1058 atque
2049 989 2125 1043 ita

542 1099 699 1139 mens
733 1083 931 1153 poterit
970 1082 1168 1153 jugiter
1193 1083 1246 1135 in
1271 1081 1416 1136 omni
1463 1080 1720 1150 patientia
1744 1088 1800 1134 et
1838 1082 2126 1135 sanctitate

542 1176 759 1238 durare,
807 1189 928 1230 cum
971 1174 1085 1228 haec
1131 1189 1235 1228 non
1289 1174 1355 1228 de
1383 1171 1666 1243 superficie
1710 1171 2042 1242 operationis
2070 1180 2126 1226 et

541 1277 780 1330 actuum,
814 1269 905 1322 sed
928 1268 993 1322 de
1032 1267 1411 1336 cogitationum
1438 1263 1840 1319 fuerintevulsa
1870 1271 2122 1334 penetra-

539 1360 702 1420 libus.
757 1367 813 1413 et
858 1359 1059 1414 idcirco
1112 1372 1178 1412 ne
1236 1357 1585 1412 homicidium
1623 1364 1984 1425 perpetretur,
2042 1355 2122 1408 ira

539 1451 834 1520 odiumque
863 1449 1174 1513 succiditur,
1222 1449 1340 1503 sine
1367 1447 1562 1517 quibus
1597 1447 1873 1502 homietdii
1915 1446 2120 1501 crimen

539 1541 686 1596 nullo
711 1540 869 1594 modo
896 1539 1096 1594 valebit
1117 1537 1326 1592 admitti
1354 1556 1366 1567 -
1401 1537 1504 1602 Qui
1554 1537 1805 1590 irascitur
1834 1537 1977 1591 enim
2010 1537 2121 1606 fra-

537 1631 607 1684 tri
652 1647 767 1695 suo,
819 1646 935 1683 reus
975 1630 1070 1682 erit
1091 1629 1296 1698 judicio
1347 1627 1562 1699 (Matth.
1599 1627 1694 1695 v);
1750 1634 1840 1681 et:
1874 1626 1976 1692 Qui
2011 1626 2120 1680 odit

535 1720 752 1790 fratrem
781 1736 953 1783 suum,
985 1718 1246 1772 homicida
1288 1727 1363 1773 est
1394 1717 1446 1788 (Ι
1474 1717 1635 1771 Joan.
1669 1717 1773 1784 tn),
1825 1717 1880 1772 in
1921 1733 1986 1772 eo
2010 1719 2115 1773 sci-

2232 531 2365 586 dens
2387 529 2546 598 hujus
2575 532 2922 588 recreationis
2948 533 3146 588 bonum
3172 551 3186 588 :
3223 532 3325 588 Ubi
3358 552 3457 590 non
3479 547 3548 592 est
3571 537 3744 599 Gemitu

2229 630 2278 676 et
2321 621 2562 686 Judteus,
2611 623 2937 677 circumcisio
2980 632 3030 677 et
3059 625 3395 694 prmputium,
3445 627 3680 685 Barbarus
3711 643 3746 688 et

2230 708 2448 779 Scytha,
2480 728 2655 765 servus
2685 721 2734 766 et
2760 711 2906 776 liber,
2935 712 3025 766 sed
3047 713 3220 767 omnia
3247 722 3295 768 et
3324 715 3376 768 in
3403 716 3618 772 omnibus
3637 717 3747 776 Clui-

2228 811 2359 856 stus.
2389 803 2460 856 At
2491 803 2604 868 ubi,
2651 803 2845 873 inquit,
2887 804 2942 857 in
2973 803 3063 858 illa
3094 801 3558 861 transformatione
3586 813 3746 866 consti-

2230 893 2476 957 terimns,
2510 893 2650 947 ultra
2678 909 2783 949 non
2811 894 2918 949 erit
2951 894 3217 950 discretus
3237 894 3452 952 Iudaeus
3473 907 3526 952 et
3549 897 3744 958 Gentilis.

2228 983 2363 1038 Nam
2390 983 2818 1040 circumcisionis
2842 994 2896 1038 et
2931 987 3178 1056 praeputii
3201 987 3458 1043 discretio
3488 989 3749 1062 interempta

2226 1083 2329 1137 est,
2361 1089 2426 1129 eo
2459 1075 2600 1145 quod
2624 1075 2956 1130 immortales
2986 1092 3170 1131 sumus
3193 1076 3371 1133 eﬁ‘ecti
3399 1097 3412 1132 :
3445 1079 3512 1132 ita
3540 1089 3592 1134 ut
3617 1098 3747 1153 neque

2226 1163 2492 1218 barbarus
2508 1179 2679 1234 neque
2694 1163 2845 1220 liberi
2860 1181 3033 1235 neque
3049 1165 3189 1220 servi
3205 1169 3439 1237 poterint
3452 1169 3652 1226 ulterius
3661 1188 3748 1242 per-

2225 1256 2379 1325 spici,
2398 1255 2685 1311 Christo-in
2699 1258 2948 1313 omnibus
2967 1267 3283 1328 apparente,
3307 1261 3370 1314 ad
3389 1263 3535 1333 cujus
3553 1263 3750 1320 similitu-

2226 1349 2406 1404 dinem
2439 1350 2840 1406 immortalitate
2866 1353 3132 1422 potiemur
3159 1371 3171 1408 :
3218 1354 3338 1410 illos
3367 1371 3490 1428 ergo
3509 1359 3590 1428 qui
3613 1359 3750 1430 hujus-

2225 1443 2370 1498 modi
2415 1443 2590 1499 induti
2631 1456 2756 1500 sunt
2799 1446 3073 1502 hominem
3125 1456 3182 1502 et
3218 1449 3274 1503 in
3326 1450 3417 1506 illo
3463 1462 3575 1506 sunt
3619 1453 3748 1509 allecti

2225 1537 2519 1591 secundum
2562 1535 2816 1603 formam,
2851 1554 2971 1608 quas
2997 1541 3334 1595 conveniunt
3357 1542 3470 1597 vult
3494 1545 3743 1600 observare.

2225 1625 2410 1698 (Aug.)
2434 1625 2490 1682 Si
2522 1643 2650 1698 ergo
2676 1627 2878 1698 Spiritu
2905 1631 3101 1686 mentis
3133 1646 3476 1698 renovamur,
3497 1642 3542 1688 et
3578 1635 3668 1703 ipse
3691 1646 3747 1689 est

2225 1737 2397 1778 novus
2425 1723 2604 1787 homo,
2636 1723 2727 1792 qui
2762 1733 3054 1778 renovatur
3082 1724 3136 1778 in
3174 1726 3448 1794 agnitione
3477 1727 3556 1781 Det
3601 1742 3745 1782 secun-

532 1809 660 1864 licet
686 1825 792 1880 quo
843 1825 966 1864 eum
995 1811 1156 1864 corde
1186 1809 1367 1879 cupiat
1416 1808 1658 1872 interire,
1691 1807 1844 1877 Clljlls
1872 1822 2120 1864 cruorem
2151 1815 2199 1874 B
2227 1813 2352 1868 dum
2378 1814 2664 1886 imaginem
2689 1813 2802 1883 ejus
2825 1815 2915 1885 qui
2937 1815 3143 1870 creavit
3168 1832 3317 1881 eum,
3339 1816 3466 1872 nulli
3487 1817 3672 1872 dubium
3689 1825 3747 1871 est

532 1902 749 1971 propria
776 1917 967 1964 manu,
1016 1900 1100 1954 vel
1133 1900 1237 1955 telo
1280 1899 1420 1969 apud
1469 1899 1714 1954 homines
1750 1899 1970 1954 minime
1999 1899 2121 1954 fun-

531 1992 676 2047 disse
704 1993 1071 2063 cognoscitur,
1101 1991 1294 2046 affectu
1322 1992 1415 2046 ira!
1441 1991 1713 2047 homicida
1733 1993 2123 2061 pronuntiatur

537 2101 568 2138 a
597 2085 843 2151 Domino,
880 2085 1005 2154 quia
1046 2100 1149 2140 non
1196 2085 1366 2140 solum
1406 2099 1504 2156 pro
1545 2084 1876 2154 operationis
1904 2084 2118 2151 eﬁ'ectu,

530 2175 626 2231 sed
655 2177 816 2231 etiam
843 2192 944 2248 pro
972 2177 1265 2232 voluntatis
1292 2192 1357 2232 ac
1387 2177 1498 2231 voti
1521 2176 1814 2246 unicuique
1847 2185 1940 2230 aut
1978 2191 2118 2247 pree—

531 2270 699 2324 mium
743 2271 930 2326 reddet
956 2279 1049 2324 aut
1095 2285 1330 2341 pmnam.
1369 2267 1614 2341 (Albert.)
1657 2268 1794 2324 Hinc
1820 2269 1949 2324 item
1979 2269 2121 2338 Apo-

534 2363 704 2418 stolus
733 2363 862 2418 dicit
903 2363 1148 2418 scribens
1180 2363 1247 2417 ad
1277 2362 1540 2432 Ephesios
1565 2381 1576 2415 :
1609 2360 1790 2415 Omnis
1818 2360 2119 2416 amaritudo

530 2465 580 2510 et
610 2456 692 2509 ira
726 2464 774 2509 et
803 2455 1094 2524 indignatio
1121 2463 1170 2508 et
1191 2454 1391 2508 clamor
1410 2463 1459 2507 et
1489 2452 1809 2522 blasphemia
1839 2451 2058 2505 tollatur
2085 2469 2117 2506 a

531 2546 674 2600 nobis
709 2562 828 2600 cum
857 2546 996 2600 omni
1025 2545 1227 2599 malitia
1258 2543 1473 2616 (Ephes.
1503 2545 1578 2614 v).
1630 2543 1729 2598 Hic
1755 2543 1992 2599 ostendit
2018 2558 2119 2613 pro

526 2637 732 2708 quibus
774 2637 1124 2692 contristetur
1172 2635 1407 2706 Spiritus
1454 2643 1694 2699 sanctus,
1750 2641 1807 2689 et
1849 2633 2118 2704 relinquat

533 2743 630 2784 cor
659 2728 713 2783 in
739 2743 846 2798 quo
877 2728 1156 2783 habitabat
1197 2741 1294 2797 per
1338 2726 1657 2781 charitatem
1685 2733 1739 2781 et
1770 2725 2112 2780 modestiam.

533 2821 852 2878 Amaritudo
879 2821 1152 2877 contraria
1178 2828 1264 2875 est
1292 2819 1564 2883 suavitati,
1607 2826 1662 2874 et
1687 2817 1954 2874 dulcedini
1985 2833 2114 2872 san-

533 2915 606 2970 cti
636 2914 908 2984 Spiritus;
940 2911 1093 2968 furor
1131 2928 1262 2969 vero
1310 2911 1569 2980 insipiens
1597 2911 1677 2965 ira
1706 2917 1807 2974 est,
1839 2917 1894 2964 et
1941 2909 2119 2964 ferve-

535 3021 691 3062 scens
727 3007 782 3061 in
812 3007 918 3061 ima
971 3005 1344 3075 perturbatio;
1402 3002 1698 3074 indignatio
1744 3017 1812 3055 ex
1861 3001 2114 3072 superbia

533 3103 794 3166 nascitur,
824 3117 946 3158 cum
973 3102 1206 3171 aliquem
1231 3099 1537 3170 judicamus
1563 3098 1862 3168 indignum,
1896 3103 1952 3150 et
1993 3095 2114 3150 ideo

2227 1921 2334 1960 non
2382 1909 2676 1963 secundum
2719 1923 2950 1980 corpus,
2983 1923 3160 1978 neque
3193 1911 3484 1965 secundum
3515 1911 3744 1982 quamlibet

2226 2004 2438 2066 partem
2475 1998 2663 2062 animi,
2699 2001 2794 2055 sed
2839 2000 3139 2056 secundum
3192 2002 3506 2058 rationalem
3545 2015 3742 2068 mentem,

2223 2089 2317 2144 ubi
2343 2099 2522 2160 potest
2540 2106 2663 2148 esse
2688 2092 2889 2164 agnitio
2919 2092 3037 2157 Dei,
3063 2094 3339 2150 hominem
3365 2094 3551 2150 factum
3578 2095 3630 2149 ad
3649 2097 3743 2149 ima-

2223 2179 2400 2249 ginem
2425 2181 2540 2253 ejus
2568 2183 2661 2254 qui
2698 2186 2905 2240 creavit
2929 2201 3051 2241 eum
3079 2201 3094 2252 ;
3125 2188 3422 2242 secundum
3463 2187 3587 2242 hanc
3609 2196 3742 2241 autem

2225 2272 2630 2328 renovationem
2683 2273 2946 2330 efﬁcimur
2993 2277 3162 2332 etiam
3214 2278 3309 2333 filii
3362 2279 3450 2334 Dei
3481 2279 3742 2349 perbaptis-

2223 2377 2370 2415 mum
2384 2361 2608 2430 Christi,
2627 2372 2680 2419 et
2703 2364 2986 2422 induentes
3007 2383 3209 2424 novum
3232 2368 3516 2434 hominem,
3530 2368 3741 2423 Christum

2223 2449 2410 2519 utique
2455 2451 2728 2508 induimus
2762 2469 2860 2523 per
2899 2454 3078 2511 ﬁdem.
3137 2456 3275 2524 Quis
3325 2467 3408 2514 est
3451 2473 3568 2530 ergo
3591 2459 3665 2528 qui
3693 2457 3740 2511 ab

2223 2539 2326 2594 hoc
2347 2541 2621 2596 consortio
2658 2541 2890 2599 feminas
2934 2545 3138 2600 alienat
3167 2587 3180 2612 ,
3231 2563 3355 2602 cum
3384 2548 3487 2602 sint
3528 2547 3746 2602 nobiscum

2221 2631 2408 2702 gratiae
2445 2633 2796 2688 colueredes?
2833 2643 2887 2688 et
2925 2635 3031 2691 alio
3076 2637 3196 2693 loco
3236 2638 3380 2694 idem
3423 2637 3671 2709 Apostolus
3693 2636 3748 2691 di-

2220 2731 2310 2778 cat
2340 2721 2490 2795 (Gal.
2520 2723 2604 2794 ιιι)
2629 2741 2644 2791 ;
2701 2723 2893 2782 Omnes
2938 2729 3077 2782 enim
3113 2729 3228 2799 lilii
3257 2729 3354 2784 Dei
3391 2731 3503 2785 estis
3528 2745 3607 2800 per
3634 2730 3746 2797 [idem

2219 2805 2276 2870 ἰη
2325 2814 2534 2870 Christo
2559 2815 2689 2872 Iesu
2711 2835 2730 2872 :
2783 2818 3091 2892 Quicunque
3129 2823 3280 2876 enim
3331 2824 3386 2877 in
3422 2819 3604 2878 Christo
3629 2820 3748 2890 bapti-

2219 2907 2328 2960 καιὶ
2367 2909 2488 2962 estis
2517 2904 2783 2964 Christum
2831 2910 3095 2966 induistis.
3151 2912 3290 2968 Non
3318 2923 3389 2968 est
3415 2913 3610 2968 Judteus
3632 2928 3747 2981 neque

2219 2994 2462 3064 Graecus,
2492 3016 2596 3054 non
2622 3011 2696 3056 est
2727 3019 2907 3056 servus
2937 3021 3098 3074 neque
3125 3004 3291 3071 liber,
3321 3023 3422 3060 non
3449 3016 3516 3060 est
3545 3001 3744 3058 masculus

2220 3107 2383 3159 neque
2414 3091 2609 3161 femina
2635 3109 2656 3149 :
2691 3111 2867 3151 omnes
2895 3099 3032 3150 enim
3059 3115 3146 3152 vos
3175 3115 3350 3153 unum
3391 3101 3503 3153 estis
3527 3099 3572 3151 in
3595 3095 3746 3152 Christo

535 3209 655 3250 eum
696 3195 946 3248 nolumus
987 3195 1293 3248 sustinere:
1343 3191 1421 3245 ira
1451 3199 1632 3245 autem
1676 3197 1759 3244 est
1790 3188 1942 3258 cujus
1971 3203 2122 3242 ama-
2147 3168 2195 3231 C
2224 3182 2375 3238 Jesu.
2433 3183 2814 3254 Nunquidnam
2880 3188 3044 3259 igitur
3101 3188 3300 3245 ﬁdeles
3360 3189 3555 3246 femina:
3610 3202 3747 3242 sexum

534 3285 714 3340 ritudo
742 3293 798 3340 et
831 3283 980 3339 furor
1017 3291 1072 3338 et
1123 3283 1418 3354 indignatio
1459 3281 1665 3352 species
1692 3287 1840 3344 sunt,
1875 3295 1995 3349 quae
2035 3279 2118 3332 l‘u-

533 3389 659 3430 rore
687 3374 949 3430 restincto
973 3373 1246 3428 desiderat
1266 3372 1551 3437 ultionem,
1599 3379 1654 3425 et
1681 3386 1804 3426 eum
1835 3385 1994 3440 quem
2025 3386 2121 3425 no-

533 3467 710 3524 cuisse
742 3474 913 3536 putat,
946 3465 1060 3519 vult
1094 3465 1306 3521 laedere.
1342 3464 1494 3520 Unde
1520 3464 1676 3519 nobis
1707 3463 1884 3519 omnis
1923 3463 2122 3517 amari-

535 3559 662 3613 tudo
690 3566 744 3611 et
783 3556 932 3612 furor
971 3563 1026 3612 et
1054 3557 1134 3610 ira
1164 3563 1219 3612 et
1261 3555 1582 3628 indignatio,
1616 3564 1671 3611 et
1697 3556 1902 3610 clamor
1931 3554 2122 3609 tollen-

533 3651 633 3706 dus
661 3660 761 3706 est.
800 3649 928 3705 Post
973 3650 1090 3705 haec
1126 3649 1305 3704 omnia
1360 3657 1507 3705 recte
1557 3648 1762 3704 clamor
1807 3662 2020 3717 quoque
2064 3653 2120 3702 et

531 3742 863 3812 blasphemia
915 3743 1272 3813 prohibentur
1322 3742 1376 3796 in
1415 3741 1603 3806 nobis,
1646 3742 1770 3811 quia
1817 3742 1906 3810 qui
1953 3739 2120 3796 semel

534 3834 694 3889 fuerit
728 3833 910 3889 furore
939 3842 1245 3904 superatus,
1287 3847 1428 3902 saepe
1454 3833 1686 3902 erumpit
1718 3833 1786 3887 ad
1825 3830 2120 3886 clamorem

532 3936 588 3982 et
613 3927 825 3983 turbide
856 3925 1096 3983 fremens
1127 3925 1415 3982 ventilatur
1456 3927 1511 3980 in
1542 3925 1761 3980 modum
1803 3922 1935 3978 folii.
1967 3923 2120 3978 Blas-

531 4021 745 4092 phemia
767 4028 870 4087 est,
919 4036 1039 4074 cum
1067 4020 1134 4076 de
1157 4018 1268 4076 Deo
1311 4019 1444 4074 falsa
1474 4017 1763 4090 ﬁnguntur,
1809 4024 1902 4071 aut
1931 4016 1986 4070 in
2017 4014 2123 4071 ﬁde

532 4113 798 4168 catholica
851 4112 1111 4168 hmretica
1158 4112 1425 4182 pravitate
1473 4111 1729 4181 deceptus
1767 4123 1958 4164 errare
2000 4108 2122 4179 quis

531 4207 812 4276 probatur.
838 4203 1141 4258 Novissime
1169 4202 1376 4256 addidit
1397 4202 1511 4256 haec
1532 4200 1666 4255 vitia
1695 4217 1814 4254 cum
1846 4200 1987 4253 omni
2015 4214 2124 4251 ma-

533 4294 650 4349 litia
676 4311 705 4348 a
740 4294 897 4348 nobis
927 4308 1047 4348 esse
1092 4293 1327 4348 tollenda
1355 4305 1368 4346 :
1397 4293 1602 4347 malitia
1627 4299 1714 4348 est
1730 4290 1990 4361 quidquid
2014 4290 2123 4343 vir-

534 4388 639 4442 tuti
693 4387 1028 4444 contrarium
1065 4395 1167 4450 est,
1217 4402 1336 4456 quae
1369 4385 1472 4440 alio
1525 4386 1744 4440 nomine
1798 4385 1988 4438 vitium
2016 4381 2124 4436 dici

531 4487 733 4550 potest.
765 4477 945 4534 Nolite
974 4479 1182 4534 mentiri
1216 4479 1270 4532 in
1301 4478 1542 4532 invicem.
1585 4477 1812 4548 (Ambr.)
1841 4476 1956 4532 Non
1986 4476 2120 4533 dixit

535 4573 876 4638 alterutrum,
923 4573 1020 4627 sed
1053 4572 1109 4624 in
1151 4571 1390 4635 invicem,
1437 4571 1542 4626 hoc
1583 4573 1728 4626 enim
1761 4569 1874 4624 vult
1916 4571 2114 4635 dicere,

535 4661 791 4732 quoniam
837 4676 945 4718 non
970 4667 1054 4716 est
1077 4661 1283 4731 justum
1319 4669 1378 4714 ut
1425 4675 1548 4715 cum
1577 4660 1921 4716 simulatione
1967 4662 2121 4716 vobis

536 4753 790 4814 narretis,
827 4753 921 4808 sed
969 4753 1181 4808 sincera
1227 4760 1428 4817 mente,
1478 4760 1532 4807 et
1577 4753 1835 4823 quoniam
1875 4755 2122 4809 membra

536 4844 860 4907 nominavit,
893 4852 1048 4899 actus
1096 4845 1330 4914 seipsum
1354 4853 1642 4914 sequentes
1666 4844 1889 4912 adjicit:
1923 4843 2126 4916 Exspa-

537 4937 724 4990 liantes
754 4951 841 4990 vos
869 4945 1086 4990 ueterem
1107 4937 1366 4991 hominem
1396 4954 1513 4991 cum
1535 4937 1737 4991 actibus
1757 4937 1892 5008 ejus.
1935 4937 2015 4991 Ex
2042 4937 2124 4991 in-

537 5040 712 5098 tegro,
745 5028 949 5098 inquit,
1005 5031 1258 5084 convenit
1309 5045 1404 5085 vos
1455 5029 1738 5084 mortalem
1790 5029 2124 5097 deponenles

537 5118 814 5173 hominem
843 5117 1111 5188 deponere
1156 5121 1318 5174 etiam
1357 5131 1411 5174 et
1447 5129 1600 5174 actus
1629 5127 2020 5188 consequentes
2062 5119 2124 5173 il-

538 5206 669 5262 lum.
704 5205 772 5260 Et
799 5206 998 5261 induite
1026 5225 1212 5262 novum
1241 5226 1361 5262 eum
1385 5248 1399 5273 ,
1447 5209 1538 5278 qui
1567 5217 1848 5261 renovatur
1889 5209 1944 5262 in
1973 5209 2124 5279 agni-

539 5298 753 5362 tionem,
805 5299 1089 5353 secundum
1118 5300 1399 5370 imaginem
1445 5299 1580 5368 ejus,
1627 5299 1714 5371 qui
1741 5301 1932 5353 creavit
1980 5317 2120 5356 eum.

538 5387 922 5444 Consentanea
971 5405 1136 5459 agere
1163 5389 1373 5445 debetis
1420 5390 1546 5444 huie
1576 5406 1715 5446 novo
1761 5407 1921 5460 quem
1948 5392 2122 5448 induti

541 5480 674 5535 estis
707 5479 948 5534 renovati
976 5490 1030 5534 et
1053 5479 1181 5534 facti
1208 5480 1499 5535 secundum
1527 5481 1816 5553 imaginem
1844 5481 1980 5551 ejus,
2029 5485 2129 5553 qui.

543 5569 698 5625 istius
730 5571 1076 5626 recreationis
1101 5571 1250 5625 vobis
1273 5580 1461 5627 auctor
1481 5573 1708 5638 exstitit,
1724 5582 1786 5628 ut
1804 5575 1949 5629 dicat
1969 5574 2126 5629 Chri-

543 5660 613 5714 sti
640 5674 654 5713 :
685 5660 864 5730 itaque
890 5661 1032 5715 enim
1059 5661 1493 5718 inconvertibiles
1521 5679 1741 5719 manere
1775 5681 1871 5720 vos
1900 5667 1952 5720 in
1983 5667 2125 5722 bono

543 5765 641 5820 per
663 5752 843 5807 omnia
865 5752 1135 5817 convenit,
1161 5752 1262 5810 hoc
1289 5755 1435 5809 enim
1455 5755 1608 5812 vobis
1630 5756 1685 5811 in
1715 5755 1899 5812 futuro
1925 5757 2120 5823 aderit,

2225 3275 2469 3344 corporis
2512 3275 2854 3330 amiserunt?
2903 3280 2996 3332 sed
3044 3279 3167 3348 quia
3240 3269 3324 3334 ibi.
3370 3287 3658 3335 renovantur
3700 3276 3746 3330 ad

2225 3367 2516 3437 imaginem
2559 3369 2652 3422 Dei
2683 3369 2773 3424 ubi
2814 3383 2974 3427 sexus
3021 3371 3198 3428 nullus
3261 3382 3372 3438 est,
3421 3374 3486 3428 ibi
3513 3372 3658 3428 factus
3689 3376 3746 3424 est

2225 3457 2388 3511 homo
2421 3459 2489 3512 ad
2545 3458 2834 3529 imaginem
2891 3461 2982 3515 Dei
3024 3461 3111 3515 ubi
3165 3477 3339 3519 sexus
3377 3463 3539 3518 nullus
3563 3471 3648 3526 est,
3677 3462 3747 3514 hoc

2224 3557 2328 3615 est,
2357 3549 2412 3603 in
2453 3548 2660 3618 Spiritu
2702 3553 2900 3606 mentis
2928 3569 3056 3607 suat.
3091 3553 3252 3610 Sicut
3291 3556 3430 3611 enim
3455 3563 3564 3627 post
3586 3554 3740 3623 lapsum

2223 3640 2430 3710 peccati
2455 3640 2618 3694 homo
2647 3640 2701 3694 in
2739 3642 3014 3712 agnitione
3059 3643 3154 3699 Dei
3186 3654 3475 3700 renovatur
3509 3642 3741 3699 secundum

2223 3733 2514 3804 imaginem
2559 3733 2677 3804 ejus
2718 3735 2809 3804 qui
2845 3738 3050 3792 creavit
3091 3753 3258 3805 eum,
3306 3741 3380 3794 ita
3424 3740 3471 3793 in
3507 3739 3605 3807 ipsa
3636 3747 3744 3789 crea-

2225 3825 2372 3879 tione
2431 3835 2648 3881 creatus
2699 3835 2783 3882 est
2833 3837 3122 3898 antequam
3182 3831 3380 3888 delicto
3430 3832 3741 3885 veterescerel.

2225 3921 2368 3975 unde
2409 3935 2598 3976 rursus
2633 3921 2687 3975 in
2717 3923 2907 3977 eadem
2953 3924 3232 3993 agnitione
3279 3934 3635 3988 renovaretur;
3672 3923 3743 3975 islt

2224 4015 2506 4068 renovatio
2541 4012 2962 4086 reformatioque
2990 4018 3181 4073 mortis
3209 4020 3498 4075 secundum
3524 4017 3662 4072 Deum
3686 4009 3745 4064 vel

2224 4106 2519 4161 secundum
2545 4106 2834 4178 imaginem
2863 4107 2960 4163 Dei
2984 4127 2998 4163 :
3029 4111 3123 4165 sed
3152 4109 3278 4166 ideo
3300 4111 3491 4167 dicitur
3510 4107 3744 4166 secundum

2223 4198 2420 4262 Deum,
2447 4214 2516 4252 ne
2543 4199 2838 4254 secundum
2863 4199 3024 4255 aliam
3069 4211 3381 4257 creaturam
3413 4201 3523 4256 ﬁeri
3558 4205 3743 4270 putetur.

2223 4289 2346 4348 ldeo
2387 4297 2566 4343 autem
2598 4289 2893 4345 secundum
2921 4291 3233 4365 imaginem,
3285 4303 3344 4350 ut
3368 4295 3420 4350 in
3443 4309 3502 4349 ea
3523 4307 3576 4347 re
3598 4286 3746 4346 intelli-

2225 4389 2384 4451 gatur
2415 4380 2533 4436 ﬁeri
2563 4381 2678 4436 huic
2719 4383 3000 4439 renovatio
3043 4382 3136 4439 ubi
3164 4395 3251 4441 est
3275 4387 3449 4459 imago
3472 4385 3574 4446 Dei,
3603 4383 3646 4438 id
3669 4387 3744 4440 est.

2226 4471 2280 4525 in
2320 4480 2523 4526 mente.
2576 4469 2692 4526 Non
2743 4472 2928 4543 itaque
2966 4475 3046 4530 sic
3095 4476 3476 4549 intelligamus,
3519 4470 3746 4529 secundum

2225 4563 2506 4633 imaginem
2531 4563 2644 4634 ejus
2673 4565 2763 4635 qui
2802 4567 2991 4620 creavit
3034 4583 3174 4634 eum,
3223 4570 3376 4638 quasi
3407 4567 3506 4622 alia
3532 4565 3594 4620 sit
3615 4564 3747 4626 imago

2225 4653 2521 4709 secundum
2569 4669 2734 4724 quam
2790 4666 3120 4724 renovatur,
3168 4673 3278 4714 non
3340 4658 3452 4728 ipsa
3479 4669 3586 4726 qua:
3625 4658 3748 4706 reno-

2225 4751 2405 4798 vatur.

2294 4831 2508 4888 Induite
2557 4851 2675 4904 ergo
2717 4851 2806 4890 vos
2860 4838 2995 4890 sicut
3033 4837 3179 4892 electi
3223 4838 3318 4894 Dei
3349 4837 3511 4894 sancti
3536 4843 3578 4890 et
3614 4825 3752 4886 dilecti

2223 4926 2424 4981 viscera
2455 4927 2850 4996 misericordiae,
2882 4929 3274 5001 benignitatem,
3305 4929 3645 4984 humilitatem.
3671 4934 3750 4972 πιο·

2226 5016 2465 5085 destiam,
2502 5020 2831 5090 patientiam.
2866 5021 3062 5094 (Hier.)
3099 5023 3167 5077 Et
3207 5023 3274 5077 de
3308 5037 3498 5092 sponsa
3523 5016 3690 5073 dicitur
3707 5009 3756 5063 in

2224 5115 2471 5184 psalmo:
2525 5116 2739 5171 Adstitit
2783 5120 2962 5188 regina
2991 5137 3022 5172 a
3053 5118 3248 5173 dextris
3291 5120 3396 5173 tuis
3418 5119 3470 5171 in
3495 5111 3654 5170 vestitu
3682 5105 3746 5157 tlt-

2227 5215 2438 5270 aurato,
2469 5207 2794 5263 circumdata
2842 5210 3088 5265 varietate
3122 5208 3294 5282 (Psal.
3327 5210 3489 5279 XLIV).
3529 5202 3648 5270 Quid
3670 5198 3745 5252 hac

2226 5297 2488 5353 varietate
2515 5299 2836 5368 pulchrius?
2876 5301 2942 5354 de
2969 5316 3074 5370 qua
3099 5309 3154 5357 et
3177 5301 3276 5356 Job
3307 5297 3624 5370 loquebatur,
3647 5284 3745 5352 θυῖε

2226 5389 2367 5443 dedit
2407 5389 2710 5445 mulieribus
2763 5401 2982 5448 textura:
3022 5393 3352 5463 sapientiam,
3398 5398 3487 5444 aut
3529 5375 3746 5440 varietati!

2225 5481 2610 5551 disciplinam?
2667 5481 2812 5552 (Job.
2867 5481 3098 5556 xxxvm)
3146 5492 3200 5540 et
3244 5479 3479 5552 pontifex
3525 5469 3666 5531 semel
3702 5466 3743 5519 in

2225 5590 2386 5640 anno,
2419 5576 2634 5644 quando
2671 5592 2770 5647 pro
2806 5576 3005 5646 populo
3035 5575 3282 5630 adolebat
3312 5574 3593 5647 incensum,
3615 5571 3660 5618 et
3683 5560 3744 5612 in-

2223 5669 2566 5739 grediebatur
2591 5669 2642 5723 in
2670 5679 2852 5725 sancta
2882 5678 3210 5732 sanctorum,
3234 5665 3396 5720 variis
3422 5645 3635 5718 vestib'us
3655 5660 3742 5707 ute-

2225 5759 2404 5812 batur.
2453 5759 2610 5814 Certe
2640 5760 2686 5814 si
2735 5760 2932 5814 divitiae
2960 5759 3271 5815 varietatem
3320 5755 3533 5810 vestium
3573 5756 3622 5804 et
3657 5757 3739 5799 non
