3986 6338
248 374 356 428 537
785 374 1336 433 ENARRATIONUM
1371 374 1440 430 IN
1477 375 1626 432 EPP.
1670 376 1873 432 PAULI
1911 377 2038 433 LIB.
2079 377 2196 432 ΧΧ.
2236 405 2305 418 —-
2340 375 2406 432 IN
2444 377 2658 432 EPIST.
2701 377 2793 433 AD
2828 376 2979 433 COL.
3403 374 3509 432 538

247 490 512 548 sanctitas
553 491 758 546 laceret
782 491 1152 545 diversitatem
1187 491 1447 544 virtutum
1476 531 1491 555 ,
1533 489 1743 544 Pharao
1769 498 1826 544 et
1851 492 1906 552 Α
1931 497 2018 544 tur
2069 491 2136 544 ad
2195 489 2484 560 specialem
2534 487 2960 544 consolationem
3003 488 3226 544 dicens:
3262 488 3510 546 Mulieres

247 583 749 639 Nabuchodonosor
803 584 918 639 hmc
971 585 1293 639 vestimenta
1339 584 1594 639 habuisse
1624 585 1828 639 scribe-
1932 587 2153 641 subdita:
2179 594 2336 639 estote
2365 585 2488 639 viris
2536 585 2674 638 sicut
2703 593 2900 653 oportet
2926 587 2982 639 in
3011 583 3254 638 Domino.
3302 583 3514 642 Uxores

247 687 458 740 rentur,
491 686 545 731 et
569 692 671 731 non
693 676 912 746 Joseph,
941 677 1031 746 qui
1061 678 1162 732 sub
1185 677 1470 748 peregrino
1497 685 1551 731 ct
1578 677 1833 748 pastorali
1927 675 2078 746 jubet
2107 677 2350 732 subditas
2374 691 2494 732 esse
2539 674 2770 730 maritis.
2833 672 2942 728 Viri
2982 673 3181 744 diligite
3219 691 3405 730 uxores
3430 693 3514 732 ve-

247 783 406 846 patre
444 782 621 829 vestes
652 772 945 828 discolores
990 780 1048 828 et
1088 773 1264 843 regias
1305 773 1507 828 habere
1548 787 1654 826 non
1691 779 1838 840 pote-
1884 821 1888 824 .
1931 783 2086 838 stras,
2135 781 2182 826 et
2220 771 2380 826 nolite
2407 772 2578 824 amari
2625 786 2734 824 esse
2782 769 2850 822 ad
2894 766 3035 822 illas.
3079 768 3239 823 Viros
3261 769 3516 826 admonet

247 873 358 920 rat.
391 863 618 936 (Ambu)
641 862 748 917 Per
775 863 956 918 omnia
997 863 1101 918 ista
1145 863 1316 917 suasit
1344 870 1406 916 ut
1430 861 1576 915 illam
1605 876 1725 930 quae
1749 861 1834 914 in-

246 958 427 1012 vicem
454 963 536 1012 est
561 957 884 1011 charitatem
919 955 972 1010 in
994 955 1150 1010 nobis
1176 956 1568 1019 custodiamus,
1599 955 1836 1009 Charita-

249 1048 322 1102 tis
345 1047 491 1101 enim
520 1061 683 1116 opera
709 1055 836 1101 sunt
860 1047 982 1112 ista,
1012 1053 1063 1100 et
1092 1062 1416 1116 permanens
1451 1047 1504 1100 in
1530 1046 1718 1100 iisdem
1741 1046 1835 1099 ad-

240 1137 368 1207 jicit
393 1155 406 1190 :
441 1136 822 1206 Supportantes
849 1137 1065 1189 invicem
1094 1145 1141 1189 et
1169 1142 1422 1189 donantes
1462 1134 1836 1203 vobismetipsis

246 1229 294 1283 si
320 1229 441 1299 quis
464 1227 713 1281 adversus
743 1227 969 1298 aliquem
993 1227 1147 1281 habet
1175 1227 1462 1298 querelam,
1509 1237 1564 1282 et
1593 1225 1838 1295 exemplo

247 1321 358 1376 illis
386 1320 616 1375 suadere
649 1321 870 1390 cupiens
895 1321 1008 1374 ait:
1057 1318 1204 1375 Sicut
1241 1329 1288 1374 et
1336 1320 1589 1374 Dominus
1627 1320 1837 1373 donavit

248 1415 416 1476 vobis,
449 1415 522 1466 ita
551 1423 598 1467 et
623 1430 732 1467 vos.
765 1412 967 1467 Deinde
988 1412 1054 1466 ad
1079 1411 1544 1466 conﬁrmationem
1573 1411 1839 1465 dictorum

249 1520 415 1575 super
441 1521 655 1560 omnem
701 1505 840 1559 hanc
885 1504 1204 1558 cbaritatem
1250 1503 1631 1573 compendiose
1658 1501 1841 1556 dicere

185 1659 188 1664 _
251 1597 385 1662 vult,
417 1596 699 1652 charitatis
733 1595 927 1650 habete
956 1594 1309 1664 diligentiam,
1343 1601 1396 1647 et
1423 1608 1490 1648 ex
1514 1607 1619 1661 qua
1644 1592 1839 1645 borum

249 1691 480 1746 directio
511 1687 760 1753 efﬁcitur,
819 1697 870 1742 et
900 1687 1193 1742 ostendens
1221 1685 1504 1740 charitatis
1551 1683 1839 1738 utilitatem

250 1782 446 1852 adjicit
472 1799 485 1836 :
521 1780 674 1847 Quod
703 1790 779 1834 est
807 1778 1067 1834 vinculum
1107 1779 1463 1849 perfectionis.
1495 1776 1727 1841 Etenim,
1759 1775 1840 1829 in-

1935 865 2156 936 diligere
2189 881 2314 920 suas
2356 879 2552 918 uxores
2594 877 2696 918 nec
2724 862 2950 917 moleste
2977 877 3103 933 erga
3132 861 3252 916 illas
3283 861 3514 919 versari.

1935 957 2066 1012 Filii
2087 957 2286 1012 obedite
2314 957 2614 1028 parentibus
2631 973 2723 1024 per
2744 957 2920 1009 omnia
2944 971 2962 1009 :
2983 956 3079 1009 hoc
3105 956 3240 1009 enim
3262 955 3516 1026 placitum

1935 1059 2009 1106 est
2039 1050 2095 1103 in
2118 1049 2362 1102 Domino.
2397 1047 2600 1102 Suadet
2632 1047 2754 1102 liliis
2780 1046 3150 1102 utobaudiant
3173 1045 3510 1114 parentibus.

1939 1141 2127 1196 Patres
2150 1141 2307 1196 nolite
2332 1141 2400 1194 ad
2428 1141 2842 1211 indignationem
2863 1139 3137 1208 provocari
3161 1137 3302 1207 ﬁlios
3325 1146 3518 1193 vestros

1938 1241 1995 1286 ut
2042 1249 2145 1286 non
2190 1230 2546 1302 pusillanimes
2589 1230 2739 1298 ﬁant.
2801 1228 3054 1284 Patribus
3093 1229 3286 1283 suadet
3324 1236 3382 1281 ut
3411 1243 3518 1284 non

1939 1321 2204 1392 superﬂue
2235 1321 2448 1375 tristent
2478 1319 2616 1375 lilios
2647 1335 2793 1374 suos.
2830 1316 2974 1372 Servi
3003 1317 3205 1372 obedite
3231 1333 3324 1388 per
3343 1318 3522 1373 omnia

1939 1416 2165 1470 dominis
2202 1413 2521 1474 carnalibus,
2570 1429 2673 1466 non
2699 1411 2766 1464 ad
2795 1409 3004 1464 oculum
3051 1409 3324 1464 servientes
3370 1408 3522 1478 quasi

1938 1507 2234 1562 hominibus
2257 1504 2536 1576 placentes,
2563 1503 2653 1557 sed
2678 1505 2733 1556 in
2771 1501 3101 1570 simplicitate
3130 1501 3302 1555 cordis
3333 1501 3521 1554 timen-

1941 1609 2014 1652 tes
2043 1598 2212 1652 Deum
2253 1611 2272 1649 .'
2312 1595 2655 1667 quodcunque
2688 1593 2863 1662 facitis
2907 1608 2971 1646 ex
3019 1593 3193 1645 animo
3239 1589 3528 1661 operamini

1940 1692 2073 1745 sicut
2099 1688 2322 1742 Domino
2355 1696 2402 1741 et
2427 1703 2531 1740 non
2569 1684 2884 1746 hominibus,
2922 1683 3162 1746 scientes,
3192 1681 3330 1752 quod
3354 1698 3386 1733 a
3413 1679 3524 1734 Do-

1943 1781 2083 1835 mino
2134 1779 2396 1848 accipietis
2456 1775 2844 1831 retributionem
2891 1772 3211 1827 Iuvreditatis
3234 1812 3248 1834 ,
3303 1771 3528 1824 Domino

251 1876 394 1947 quit,
428 1875 483 1928 in
515 1872 697 1927 futuro
726 1870 943 1936 saeculo,
975 1886 1039 1926 ac
1066 1871 1158 1925 ubi
1184 1869 1606 1933 constiterimUS,
1635 1867 1688 1920 in
1712 1865 1842 1920 iIIUd
1873 1852 1919 1913 Β
1945 1870 2152 1926 Christo
2181 1871 2383 1925 servile.
2415 1868 2580 1924 Jubet
2611 1877 2665 1924 et
2691 1882 2875 1923 servos
2903 1865 3122 1922 obedire
3161 1864 3272 1920 suis
3301 1863 3532 1918 dominis

251 1963 398 2037 quod
425 1972 752 2034 praeceptum
777 1970 861 2017 est
881 1961 1076 2025 adhuc,
1101 1961 1153 2016 id
1181 1969 1266 2016 est
1287 1960 1574 2025 cbaritate,
1600 1956 1839 2027 colligati

251 2057 308 2112 in
367 2055 626 2118 invicem,
685 2052 1143 2124 permanebimus,
1193 2050 1394 2106 nullam
1452 2048 1846 2120 scparationem

252 2148 484 2205 ulterius
536 2146 900 2202 sustinentes:
959 2144 1263 2199 tenebimur
1308 2157 1438 2198 vero
1469 2142 1521 2195 in
1553 2139 1846 2196 concordia

255 2239 345 2295 illa
378 2253 500 2309 quze
529 2252 658 2305 erga
685 2235 1005 2291 alterutrum
1030 2242 1115 2290 est
1143 2234 1372 2303 idipsum
1399 2232 1737 2287 alterutrum.
1777 2228 1847 2282 Et

256 2349 364 2404 patr.
403 2330 600 2386 Christi
629 2327 850 2384 exsultet
876 2329 930 2382 in
961 2325 1204 2381 cordibus
1235 2325 1434 2379 vestris.
1488 2321 1679 2378 Sciens
1705 2320 1847 2376 enim

259 2426 454 2481 beatus
481 2421 680 2477 Paulus
709 2419 964 2490 quoniam
994 2417 1258 2473 charitate
1288 2423 1539 2469 manente
1563 2412 1742 2469 omnia
1771 2410 1851 2465 fa-

257 2515 366 2571 cile
395 2514 714 2583 diriguntur,
749 2510 856 2565 illis
888 2525 1015 2564 vero
1043 2525 1164 2579 quae
1190 2507 1463 2563 contraria
1492 2513 1620 2562 sunt
1659 2514 1850 2559 tenen-

258 2607 406 2662 tibus
458 2604 591 2660 nihil
620 2602 855 2658 el‘licitur
901 2616 968 2656 ex
1012 2600 1118 2656 illis
1147 2615 1266 2670 qua:
1305 2599 1652 2662 conveniunt,
1703 2595 1852 2651 omni

256 2698 380 2755 loco
412 2697 480 2752 de
510 2683 774 2752 charitate
801 2693 1027 2749 multum
1057 2692 1236 2747 facere
1275 2691 1488 2747 videtur
1520 2703 1850 2754 sermonem,

258 2800 315 2847 et
349 2789 644 2845 ostendens
665 2785 1054 2843 exhortationis
1093 2783 1382 2839 utilitatem
1419 2780 1624 2850 adjicit.
1655 2779 1724 2834 In
1745 2796 1853 2851 qua

259 2890 308 2935 et
335 2878 508 2933 vocati
544 2879 663 2932 estis
685 2877 741 2931 in
780 2892 884 2930 uno
914 2890 1151 2946 corpore,
1193 2882 1242 2928 et
1283 2875 1420 2944 grati
1441 2869 1620 2928 estote.
1673 2871 1852 2927 Unum

258 2971 534 3044 quoddam
581 2983 776 3040 corpus
806 2983 903 3039 per
939 2965 1399 3038 regenerationem
1439 2963 1568 3018 facti
1617 2977 1804 3018 sumus
1834 2979 1848 3015 :

259 3062 485 3118 evidens
537 3067 622 3116 est
665 3067 844 3114 autem
886 3057 1138 3128 quoniam
1175 3057 1228 3111 in
1259 3071 1390 3126 pace
1421 3071 1606 3111 sumus
1647 3053 1848 3119 vocati,

258 3167 327 3207 eo
357 3149 500 3221 quod
531 3165 634 3205 nec
661 3164 857 3220 corpus
888 3149 988 3204 sibi
1024 3148 1124 3216 ipsi
1151 3162 1389 3218 unquam
1412 3147 1514 3202 scit
1541 3147 1846 3202 dissentire.

262 3244 340 3298 Ita
371 3243 626 3298 convenit
653 3256 748 3296 vos
771 3241 839 3296 ob
870 3240 1010 3296 banc
1035 3240 1202 3309 ipsam
1231 3240 1566 3295 vocationem
1597 3240 1851 3309 operibus
1880 3217 1925 3280 Ο

261 3342 451 3407 gratos
478 3332 664 3388 habitu
686 3347 780 3388 vos
801 3330 1032 3395 ostendi,
1065 3330 1430 3386 custodientes
1453 3329 1597 3384 illam
1620 3344 1746 3400 erga
1777 3328 1854 3383 al-

263 3433 534 3482 terutrum
548 3425 813 3495 integram
826 3423 1182 3478 vocationem.
1206 3420 1431 3476 Verbum
1446 3422 1642 3477 Christi
1659 3421 1854 3476 habitet

265 3519 320 3572 in
367 3516 510 3571 vobis
553 3515 899 3570 abundanter.
933 3514 1206 3570 Ditissime
1235 3515 1323 3579 sit,
1372 3515 1565 3585 inquit,
1611 3515 1664 3569 in
1702 3513 1856 3571 vobis

266 3611 418 3681 larga
447 3608 651 3664 Christi
701 3609 966 3674 doctrina,
1017 3608 1467 3678 quemadmodum
1499 3608 1552 3662 in
1587 3607 1736 3663 omni
1763 3624 1854 3663 sa-

263 3701 468 3770 pientia
491 3699 730 3754 docentes
773 3709 822 3754 et
852 3709 1228 3754 commoventes
1257 3701 1612 3770 vosmetipsos.
1669 3698 1759 3756 Sic
1788 3701 1855 3754 iI-

266 3792 448 3848 lorum
475 3791 746 3846 assiduam
776 3792 974 3847 habete
1003 3792 1323 3846 memoriam
1352 3799 1414 3846 ut
1439 3807 1652 3863 semper
1673 3793 1855 3848 videa-

267 3883 404 3940 mini
438 3883 682 3952 vosipsos
708 3883 902 3938 docere
929 3891 983 3938 et
1008 3883 1298 3938 admonere
1327 3891 1745 3953 consequentem
1777 3884 1858 3940 eis

266 3973 536 4029 doctrina:
565 3973 1030 4029 conversationem
1066 3981 1401 4030 ostentantes
1425 3992 1440 4039 ;
1473 3975 1552 4030 sic
1579 3976 1722 4030 enim
1752 3975 1858 4030 erit

265 4066 539 4124 ditissima
570 4065 624 4120 in
651 4066 804 4121 vobis
845 4064 962 4134 ejus
991 4066 1233 4122 doctrina
1253 4107 1268 4132 ,
1303 4067 1347 4122 si
1379 4082 1592 4138 semper
1622 4068 1737 4122 haec
1761 4082 1856 4122 ea-

266 4157 394 4213 dem
425 4157 728 4228 c0gitantes
777 4158 832 4213 in
865 4167 1046 4214 vestro
1093 4174 1255 4214 sensu
1303 4174 1424 4214 eam
1461 4159 1732 4216 custodire
1758 4175 1857 4215 vo-

267 4248 503 4304 lueritis.
549 4247 685 4304 Nam
713 4249 855 4319 quod
885 4250 1020 4305 dixit
1051 4251 1103 4305 in
1147 4251 1289 4305 omni
1318 4252 1608 4322 sapientia,
1645 4253 1860 4321 sapien-

271 4341 406 4395 tiam
439 4340 654 4395 vocavit
688 4339 836 4395 illum
863 4341 1191 4396 intellectum
1205 4342 1298 4411 qui
1328 4342 1392 4398 de
1418 4341 1534 4397 istis
1557 4349 1680 4398 est:
1710 4339 1862 4397 Psal-

271 4431 398 4496 mis,
429 4431 654 4500 hymnis,
699 4431 917 4484 canticis
945 4431 1285 4501 spiritalibus,
1313 4432 1368 4486 in
1393 4433 1565 4503 gratia
1592 4442 1859 4488 cantantes

267 4525 328 4578 in
353 4521 597 4576 cordibus
621 4523 800 4576 vestris
831 4521 958 4576 Deo.
986 4521 1228 4592 Semper,
1258 4523 1452 4593 inquit,
1486 4524 1538 4579 in
1568 4539 1728 4580 sensu
1764 4539 1858 4580 ve-

269 4623 392 4668 stro
422 4613 793 4683 gratiasagite
821 4613 928 4668 Deo
966 4629 1066 4684 pro
1093 4614 1289 4684 quibus
1334 4615 1460 4670 talia
1492 4616 1742 4684 praestitit
1769 4631 1861 4672 vo-
1887 4594 1937 4656 D

271 4705 375 4760 bis.
409 4700 577 4758 Omne
600 4702 943 4775 quodcunque
984 4704 1156 4774 facitis
1182 4705 1239 4759 in
1265 4705 1418 4760 verba
1461 4717 1552 4760 aut
1602 4706 1657 4760 in
1685 4724 1858 4778 opere,

271 4796 452 4850 omnia
481 4796 536 4849 in
565 4796 771 4850 nomine
800 4795 1008 4850 Domini
1029 4795 1159 4851 Jesu
1190 4797 1369 4866 facite,
1401 4801 1600 4869 gratias
1651 4811 1859 4872 agentes

271 4885 386 4940 Deo
415 4885 568 4940 Patri
589 4903 679 4956 per
704 4886 890 4956 ipsum.
911 4887 977 4940 Et
996 4889 1369 4958 quodcunque,
1393 4889 1588 4960 inquit,
1607 4900 1699 4946 aut
1723 4891 1853 4947 dici-

273 4975 366 5039 tis,
383 4983 477 5029 aut
497 4975 674 5046 agitis,
701 4975 972 5032 intuentes
997 4977 1047 5032 in
1064 4977 1298 5045 Christo,
1313 4979 1549 5035 debitam
1565 4981 1861 5051 gratiarum

273 5067 550 5121 actionem
571 5066 683 5121 Deo
709 5074 765 5121 et
781 5066 928 5122 Patri
950 5069 1155 5124 referre
1177 5078 1464 5142 properate
1490 5088 1588 5142 pro
1611 5073 1716 5129 illis
1743 5089 1861 5144 qum

274 5172 374 5228 per
397 5155 679 5213 Christum
705 5160 858 5216 vobis
905 5170 1032 5216 sunt
1073 5164 1352 5232 praestita:
1390 5167 1587 5221 etenim
1619 5167 1672 5222 in
1717 5169 1864 5238 psal-

274 5247 382 5302 mis
430 5255 485 5303 et
537 5249 750 5319 hymnis
805 5259 861 5306 et
910 5253 1139 5309 canticis
1191 5256 1523 5326 spiritalibus
1568 5260 1862 5330 gratiarum

272 5339 545 5395 actionem
602 5343 845 5408 vocavit,
914 5345 1018 5400 hoc
1072 5345 1296 5414 dicens,
1353 5351 1408 5405 in
1463 5353 1715 5410 cordibus
1772 5370 1866 5411 ve-

273 5430 406 5486 stris
434 5431 638 5501 gratias
674 5433 815 5504 agite
861 5435 1001 5502 Deo,
1032 5446 1126 5492 aut
1155 5439 1512 5511 quodcunque
1555 5452 1648 5498 aut
1686 5445 1866 5501 dicitis

273 5530 375 5578 aut
402 5523 580 5594 agitis,
614 5525 694 5580 sic
729 5535 784 5581 et
811 5527 970 5583 dicite
999 5538 1054 5584 et
1103 5531 1244 5602 agite
1272 5532 1412 5588 sicut
1432 5533 1638 5604 justum
1667 5549 1750 5594 est
1778 5539 1861 5594 di-

274 5629 406 5674 cere
439 5618 577 5684 illos,
609 5621 700 5690 qni
739 5621 863 5679 talia
911 5626 1124 5696 assequi
1155 5627 1298 5698 digni
1325 5639 1451 5684 sunt
1500 5632 1688 5688 habiti.
1740 5633 1866 5691 Ilaec

274 5713 425 5767 enim
464 5720 550 5766 est
593 5727 719 5768 vera
753 5718 1048 5787 gratiarum
1099 5724 1276 5780 actio:
1329 5726 1519 5782 deinde
1565 5737 1620 5784 et
1670 5730 1722 5785 in
1764 5732 1868 5788 hac

276 5811 438 5864 parte
462 5803 679 5861 imitans
703 5805 796 5862 illa
820 5823 944 5878 qua:
977 5810 1045 5867 ad
1069 5811 1330 5883 Ephesios
1364 5818 1655 5892 scripserat
1701 5823 1868 5879 verti-

1949 1962 2297 2033 inspicientes
2322 1961 2377 2014 in
2407 1960 2553 2016 illam
2577 1958 2843 2014 mercedis
2871 1956 3385 2018 remunerationem,
3411 1967 3530 2022 quae

1949 2072 1979 2112 a
2013 2057 2123 2111 Deo
2168 2055 2272 2110 illis
2304 2055 2634 2109 retribuetur
2661 2067 2759 2122 pro
2805 2049 2945 2105 ﬁdeli
2975 2049 3218 2136 servitio,
3252 2055 3308 2102 et
3346 2047 3420 2100 ita
3447 2045 3533 2099 fa-

1953 2150 2060 2205 cite
2088 2150 2232 2204 sicut
2278 2159 2340 2206 et
2366 2149 2571 2218 justum
2601 2154 2684 2202 est
2729 2144 2910 2201 facere
2937 2158 3053 2210 eos,
3094 2143 3188 2213 qui
3215 2158 3246 2196 a
3276 2140 3388 2196 Deo
3427 2139 3532 2196 sibi

1951 2241 2254 2296 mercedem
2288 2239 2453 2294 tribui
2496 2243 2831 2307 exspectant.
2874 2234 2989 2291 Non
3039 2235 3179 2290 sicut
3229 2231 3536 2288 hominibus

1950 2333 2272 2397 servientes,
2324 2330 2417 2384 sed
2458 2329 2598 2384 sicut
2646 2326 2720 2381 illi
2752 2341 2782 2380 a
2812 2339 2918 2395 quo
2952 2324 3008 2379 e’t
3038 2321 3341 2378 mercedem
3377 2319 3538 2375 vicis-

1951 2425 2052 2480 sim
2081 2423 2183 2479 sibi
2214 2421 2376 2476 tribui
2399 2426 2717 2490 exspectant
2759 2417 2956 2486 quibus
2991 2412 3221 2484 adjicit:
3272 2411 3375 2476 Qui
3398 2409 3538 2464 enim

1950 2515 2206 2586 injuriam
2247 2513 2393 2582 facit,
2431 2512 2642 2582 recipiet
2670 2508 2724 2562 id
2764 2507 2903 2579 quod
2939 2507 3117 2576 inique
3148 2502 3303 2576 gessit
3357 2510 3537 2557 etnon

1951 2615 2026 2661 est
2055 2620 2396 2677 personarum
2440 2602 2667 2672 acceptio
2713 2598 2852 2670 apud
2881 2597 3070 2652 Deum.
3123 2593 3390 2662 Quoniam
3436 2590 3539 2646 etsi

1955 2697 2134 2766 aliqua
2164 2696 2374 2750 ratione
2401 2692 2602 2762 injuste
2626 2707 2720 2746 eos
2748 2687 2953 2744 domini
2980 2684 3216 2756 afﬂigere
3243 2681 3535 2746 voluerint,

1951 2803 2060 2842 non
2087 2794 2247 2840 erunt
2274 2783 2504 2848 innoxii,
2528 2782 2637 2838 Deo
2664 2779 2871 2836 scilicet
2901 2777 3102 2833 nullius
3130 2789 3418 2847 personam
3445 2779 3540 2827 aut

1954 2877 2272 2943 accipiente,
2301 2883 2394 2930 aut
2421 2882 2720 2930 reverente.

2557 3004 2785 3063 CAPUT
2827 3004 2918 3061 IV.

1954 3103 2207 3158 Dominae
2259 3101 2473 3155 instruit
2506 3096 2827 3169 Apostolus;
2877 3093 3380 3169 etcommendat‘se
3421 3107 3542 3169 ora-_

2028 3173 2254 3228 tionibus
2303 3161 2711 3232 Colossensium,
2763 3161 3038 3222 ostendens
3085 3163 3344 3233 quomodo
3378 3178 3432 3216 se
3473 3161 3542 3214 ad

2027 3244 2262 3312 inﬁdeles
2288 3243 2477 3312 habere
2509 3241 2773 3312 debeant;
2823 3248 2870 3292 et
2894 3232 3106 3308 ponitur
3143 3232 3395 3305 Epistolas
3423 3246 3542 3286 con-

2025 3311 2190 3369 clusio
2211 3330 2303 3385 per
2323 3311 2716 3367 salutationem.

2025 3427 2270 3493 Domini,
2290 3425 2428 3498 quod
2458 3424 2663 3496 justum
2689 3432 2765 3480 est
2787 3434 2836 3480 et
2861 3438 3065 3496 wquum
3096 3423 3256 3478 servis
3275 3427 3545 3492 prastate,

1955 3520 2171 3574 scientes
2194 3516 2334 3589 quod
2363 3528 2412 3571 et
2437 3533 2524 3572 vos
2552 3515 2833 3570 Dominum
2857 3515 3058 3570 habetis
3083 3516 3140 3570 in
3159 3512 3306 3569 cmlo.
3334 3510 3544 3585 (Amb.)

1955 3612 2024 3668 Et
2067 3612 2300 3668 dominis
2351 3612 2541 3667 suadet
2588 3617 2649 3665 ut
2691 3609 2821 3666 illud
2867 3610 3011 3680 quod
3065 3609 3326 3666 wndecet
3373 3605 3546 3663 servis

1957 3705 2219 3771 tribuant,
2249 3703 2483 3759 burnane
2513 3719 2640 3775 erga
2668 3719 2763 3758 eos
2792 3711 3012 3773 agentes
3037 3711 3092 3758 et
3134 3702 3189 3757 in
3217 3715 3382 3770 opere
3410 3699 3545 3755 dile—

1957 3797 2190 3851 ctionem
2218 3796 2324 3851 illis
2351 3797 2677 3866 praebentes,
2707 3803 2764 3850 et
2791 3795 3128 3864 diligentiam
3149 3793 3364 3849 illorum
3393 3793 3549 3847 adhi-

1956 3886 2166 3952 bentes,
2200 3896 2361 3958 prout
2387 3895 2600 3957 potest,
2636 3896 2692 3942 et
2729 3887 2942 3942 veniam
2977 3887 3082 3942 illis
3111 3885 3547 3956 delinquentibus

1958 3980 2220 4045 tribuant,
2253 3995 2376 4035 cum
2405 3994 2500 4035 eos
2542 3994 2770 4051 peccare
2799 3980 3078 4045 acciderit,
3111 3981 3217 4035 hoc
3243 3979 3389 4034 enim
3417 3978 3550 4033 dicit

1953 4075 2161 4145 justum
2191 4082 2246 4129 et
2269 4089 2505 4143 aequum,
2537 4081 2596 4127 ut
2620 4089 2729 4128 non
2763 4073 2998 4144 aequales
3036 4073 3136 4128 sibi
3167 4087 3260 4128 eos
3288 4085 3408 4126 esse
3435 4071 3550 4126 exi-

1959 4167 2218 4222 stiment:
2251 4166 2370 4222 ﬁeri
2394 4166 2539 4222 enim
2569 4173 2746 4236 potest
2779 4166 2996 4236 quando
3036 4173 3094 4219 ut
3119 4165 3360 4220 serviant
3380 4162 3548 4230 servi,

1959 4269 2016 4318 et
2036 4276 2161 4316 cum
2192 4260 2402 4331 integro
2424 4261 2662 4316 serviant
2690 4259 2904 4317 ell‘ectu.
2935 4259 3107 4314 Tanta
3139 4259 3388 4329 scripsit;
3423 4273 3548 4313 sua-

1961 4355 2052 4409 det
2073 4363 2254 4410 autem
2279 4362 2335 4409 et
2359 4354 2446 4409 his
2469 4354 2585 4409 haec
2621 4352 2891 4410 custodire
2916 4353 3008 4408 illa
3036 4353 3314 4416 memoria,
3339 4352 3465 4421 quia
3491 4358 3550 4406 et

1961 4447 2060 4517 ipsi
2091 4447 2198 4503 sint
2227 4448 2327 4503 sub
2359 4447 2586 4502 Domino
2615 4447 2704 4502 illo
2730 4447 2823 4516 qui
2850 4447 2903 4501 in
2933 4445 3087 4524 caelis
3111 4452 3228 4500 est:
3263 4451 3319 4498 et
3349 4444 3546 4498 iterum

1963 4538 2032 4593 ad
2061 4538 2493 4594 communionem
2534 4538 2782 4603 vertitur,
2827 4545 2884 4594 et
2927 4537 3041 4592 ait:
3080 4535 3322 4590 Orationi
3345 4536 3548 4591 instan-

1967 4639 2062 4694 tes,
2102 4627 2371 4699 vigilantes
2404 4629 2461 4683 in
2484 4645 2545 4682 ea
2588 4629 2646 4682 in
2683 4629 2974 4700 gratiarum
3025 4627 3248 4682 actione.
3283 4625 3547 4698 Praecepit

1967 4720 2148 4776 sobria
2168 4729 2348 4775 mente
2372 4720 2586 4776 assidue
2611 4735 2792 4782 orare.
2838 4727 3002 4789 atque
3037 4720 3241 4789 gratias
3261 4733 3421 4790 agere
3445 4735 3544 4790 pro

1968 4813 2073 4868 illis
2096 4813 2252 4868 bonis
2270 4829 2392 4884 quae
2421 4813 2524 4868 sibi
2551 4823 2676 4867 sunt
2701 4829 2730 4867 a
2757 4812 2866 4868 Deo
2897 4812 3114 4867 tributa.
3148 4809 3372 4868 Orantes
3391 4812 3550 4867 simul

1966 4911 2015 4958 et
2042 4919 2137 4974 pro
2165 4903 2311 4957 nobis
2341 4913 2398 4957 ut
2441 4902 2578 4958 Deus
2602 4903 2804 4973 aperiat
2835 4902 2982 4958 nobis
3023 4903 3218 4959 ostium
3240 4903 3381 4959 verbi
3403 4901 3548 4976 loqui

1967 4994 2214 5063 mysteria
2240 4992 2454 5058 Christi,
2497 5003 2708 5064 propter
2731 4992 2870 5064 quod
2889 5002 2939 5048 et
2963 4995 3156 5065 ligatus
3176 5010 3318 5061 sum,
3343 5004 3400 5049 ut
3427 5010 3547 5048 ma-

1965 5085 2203 5154 nifestem
2225 5084 2358 5140 illud
2383 5087 2516 5140 sicut
2545 5087 2779 5140 convenit
2807 5085 2948 5157 loqui
2973 5101 3072 5142 me.
3101 5086 3207 5143 Sed
3237 5097 3293 5144 et
3330 5102 3430 5158 pro
3451 5101 3550 5144 no-

1965 5176 2068 5242 bis,
2085 5179 2281 5250 inquit,
2306 5189 2457 5235 orate
2481 5188 2542 5234 ut
2565 5190 2884 5251 cooperetur
2913 5182 3067 5238 nobis
3091 5182 3357 5249 Christus,
3371 5191 3424 5237 et
3444 5181 3546 5236 do-

1967 5286 2090 5326 cere
2126 5287 2314 5328 omnes
2363 5275 2631 5344 possimus
2683 5274 2829 5330 illam
2881 5291 3001 5346 quae
3046 5277 3101 5332 in
3151 5275 3424 5333 Christum
3463 5284 3550 5332 est

1968 5363 2270 5430 veritatem,
2301 5380 2400 5435 pro
2427 5382 2535 5436 quo
2563 5375 2620 5422 et
2655 5367 2907 5438 alligatus
2931 5384 3052 5424 sum
3091 5370 3158 5424 ad
3191 5384 3449 5440 praesens.
3477 5367 3548 5423 In

1968 5457 2222 5526 sapientia
2249 5458 2513 5514 ambulate
2540 5462 2609 5515 ad
2638 5479 2724 5517 eos
2744 5464 2834 5534 qui
2861 5462 2990 5534 foris
3015 5473 3158 5531 sunt,
3189 5475 3388 5535 tempus
3415 5461 3550 5517 redi-

1966 5559 2180 5604 mentes.
2227 5549 2359 5606 Cum
2410 5553 2716 5622 prudentia,
2764 5556 2958 5626 inquit,
3001 5555 3107 5611 illis
3158 5557 3252 5628 qui
3299 5553 3544 5610 extranei

1969 5650 2096 5697 sunt
2116 5657 2146 5696 a
2169 5641 2274 5697 lide
2300 5643 2696 5716 disceptamini,
2729 5664 2970 5720 praesens
2999 5657 3208 5718 tempus
3232 5657 3392 5719 prout
3418 5682 3438 5700 ι
3459 5662 3549 5702 m-

1969 5736 2188 5790 veniens
2223 5744 2307 5790 est
2330 5737 2481 5792 vobis
2511 5738 2824 5807 abutentes,
2857 5756 2922 5797 eo
2958 5742 3101 5810 quod
3148 5740 3236 5796 ille
3277 5740 3367 5812 qui
3397 5755 3550 5795 com-

1969 5835 2129 5896 parat
2159 5826 2384 5898 aliquid,
2404 5830 2473 5886 ad
2499 5846 2657 5888 usum
2683 5848 2902 5888 suarum
2927 5833 3220 5890 utilitatum
3242 5834 3372 5890 illud
3399 5849 3549 5894 eom-
