3986 6338
471 373 578 430 839

1109 370 1173 430 Β.
1211 369 1466 430 ιιΑεΑΝι
1503 370 1725 438 unum
1760 365 2431 448 ancmfnocuur.
2465 379 2753 442 OPERUM
2790 378 2969 438 PARS
3004 379 3091 443 Ill.
3133 455 3144 465 υ

3632 388 3735 445 540

470 503 647 568 parat.
709 491 824 550 Hoc
870 489 1040 548 voluit
1099 489 1281 548 dicere
1331 492 1642 562 mprtesenti
1695 500 1956 563 tempore,
2009 498 2501 568 mAlicitudinem
2549 514 2674 555 eum
2719 500 2922 555 haoere
2971 500 3039 556 de
3083 500 3188 566 eis,
3241 503 3318 558 ita
3375 513 3434 556 ut
3479 517 3637 570 oret,
3685 517 3744 562 ιιι

472 601 580 658 quo
631 583 776 640 mala
827 582 1144 649 abundant,
1191 597 1290 654 pro
1338 583 1536 640 virium
1583 592 1886 640 vestrarum
1933 602 2064 658 qna-

2164 589 2306 645 ﬁrmi
2358 597 2714 660 permaneant
2765 588 2820 644 in
2861 587 2969 646 ﬁde
3007 588 3030 644 ?
3087 587 3230 644 Dicit
3275 589 3422 645 enim
3462 591 3745 662 Apostolus

471 675 621 733 litate
670 675 801 734 illud
863 689 1024 748 agere
1075 683 1365 746 properate
1418 676 1563 748 quod
1615 675 1767 733 vobis
1812 679 2065 748 expedire
2163 681 2532 737 testimonium
2575 679 2860 752 perhibere
2904 679 2984 736 eis
3031 680 3290 749 quoniam
3335 681 3742 740 sollicitudinem

471 767 832 840 cognoscitis,
879 777 939 822 ut
984 775 1040 824 et
1073 768 1353 826 mercedes
1389 768 1544 828 vobis
1585 768 1640 824 in
1689 769 1926 826 futurum
1965 787 2062 842 pro

471 862 572 918 hac
619 861 1029 934 conversatione
1072 861 1404 932 provideatis
1451 878 1550 934 pro
1599 865 1796 934 quibus
1831 865 1886 920 in
1920 879 2059 936 prae—

470 955 609 1012 senti
664 956 861 1014 smculo
918 957 1351 1016 commoramini.
1408 955 1591 1011 Sermo
1648 966 1812 1012 vester
1861 975 2061 1028 semper

467 1045 523 1122 in
573 1046 742 1118 gratia
789 1044 898 1102 sale
939 1047 1006 1100 sit
1053 1047 1324 1114 conditus,
1369 1056 1424 1102 ut
1459 1048 1635 1102 sciatis
1672 1049 1930 1119 quomodo
1974 1067 2058 1104 vos

469 1150 668 1212 oportet
692 1141 969 1211 unicuique
999 1141 1328 1210 respondere.
1391 1140 1704 1212 Properate,
1740 1142 1936 1213 inquit,
1967 1142 2056 1196 illa

467 1248 587 1306 qua:
619 1234 918 1304 prudentiae
969 1248 1185 1304 semper
1234 1232 1390 1302 plena
1422 1243 1547 1288 sunt
1581 1233 1848 1304 proloqui,
1881 1234 2057 1289 consi-

468 1327 721 1390 derantes
756 1327 898 1396 quod
925 1335 1175 1397 oporteat
1204 1327 1496 1398 unicuique
1551 1328 1679 1386 dare
1711 1344 2052 1398 responsum,

2160 772 2229 829 tle
2257 772 2360 830 illis
2387 774 2635 840 haberet,
2667 787 2766 827 nec
2787 787 2894 827 non
2930 779 2984 826 ct
3005 771 3109 830 illis
3133 773 3225 844 qui
3253 772 3308 828 in
3341 772 3596 831 Laodicia
3627 783 3745 831 sunt

2161 875 2216 922 et
2252 867 2307 920 in
2340 865 2628 936 Hierapoli.
2659 865 2872 922 Salutat
2892 882 2978 921 vos
3012 863 3183 920 Lucas
3229 867 3464 922 medicus
3502 869 3742 926 charissi-

2159 974 2274 1012 mus
2299 967 2346 1012 et
2381 957 2592 1012 Demas.
2641 957 2850 1013 Salutat
2893 971 2988 1012 eos
3031 965 3086 1012 et
3134 974 3166 1014 a
3204 957 3348 1014 Luca
3393 959 3604 1016 medico
3652 962 3740 1032 qui

2157 1051 2512 1124 Evangelium
2552 1051 2891 1122 conscripsit,
2942 1067 3044 1106 nec
3081 1066 3187 1106 non
3221 1061 3276 1108 et
3313 1053 3503 1112 Dema.
3543 1053 3742 1112 Deinde

2159 1145 2350 1200 scribit
2400 1145 2524 1200 eis:
2583 1143 2819 1200 Salutate
2854 1145 3043 1214 fratres
3098 1145 3186 1215 qui
3243 1155 3364 1200 sunt
3395 1143 3664 1200 Laodicia
3695 1155 3742 1201 et

2158 1233 2480 1304 Nympham,
2512 1242 2560 1288 et
2588 1250 2704 1304 quae
2734 1234 2788 1288 in
2818 1233 2971 1290 domo
3017 1233 3133 1304 ejus
3175 1244 3272 1300 est,
3314 1233 3606 1290 ecclesiam.
3648 1235 3744 1291 Sa-

2154 1324 2346 1390 lutate,
2395 1325 2582 1396 inquit,
2629 1325 2747 1382 illos
2779 1326 2874 1395 qui
2915 1327 2968 1382 in
3013 1327 3270 1382 Laodicia
3311 1335 3438 1384 sunt
3477 1337 3533 1384 et
3577 1328 3740 1399 Nym-

466 1419 847 1478 convenienter
875 1419 1228 1489 disputantes,
1257 1419 1327 1474 ita
1345 1427 1401 1473 ut
1425 1419 1596 1489 magis
1627 1421 1825 1476 donum
1847 1421 2051 1490 aliquid
2153 1417 2316 1486 pham
2343 1432 2464 1471 cum
2490 1418 2741 1472 omnibus
2774 1418 2886 1478 suis
2931 1418 3020 1487 qui
3061 1417 3114 1472 in
3155 1419 3315 1474 domo
3358 1417 3476 1487 ejus
3519 1427 3667 1482 sunt,
3689 1430 3742 1473 et

464 1523 532 1564 ex
561 1510 755 1564 vestris
787 1510 1126 1566 sermonibus
1156 1510 1341 1580 perﬁci
1370 1512 1634 1572 videatur,
1663 1512 1747 1568 his
1768 1512 1982 1581 adjecit.
2153 1510 2339 1578 adjicit
2367 1528 2380 1564 :
2413 1509 2480 1564 Et
2511 1528 2628 1566 cum
2649 1510 2780 1566 lecta
2802 1512 2966 1580 fuerit
2997 1509 3236 1581 Epistola
3263 1513 3405 1583 apud
3435 1531 3540 1573 vos.
3589 1514 3742 1582 facile

535 1599 667 1667 Quae
694 1603 834 1656 circa
858 1617 936 1662 me
968 1613 1086 1658 sunt
1125 1603 1303 1656 omnia
1336 1603 1478 1658 vobis
1515 1613 1638 1658 nota
1663 1603 1820 1674 faciet
1863 1603 2052 1674 Tychi-
2149 1611 2207 1655 ut
2231 1602 2283 1658 in
2312 1602 2711 1658 Laodicensium
2730 1601 2966 1657 Ecclesia
2989 1603 3210 1671 legatur,
3243 1611 3290 1656 et
3319 1619 3433 1656 eam
3460 1620 3579 1674 qute
3609 1602 3740 1656 Lao-

461 1709 552 1748 cus
575 1694 912 1748 charissimus
946 1692 1110 1762 frater
1137 1703 1183 1748 et
1211 1692 1384 1762 ﬁdelis
1427 1694 1662 1750 minister
1699 1705 1747 1750 et
1773 1713 2048 1753 conservus
2151 1695 2439 1750 dicensium
2459 1704 2557 1759 est,
2583 1709 2669 1750 vos
2691 1694 2890 1765 legatis.
2913 1694 3094 1764 itaque
3125 1695 3266 1750 hanc
3285 1695 3578 1763 Epistolam
3593 1702 3738 1764 post-

459 1784 514 1840 in
540 1782 792 1852 Domino,
819 1802 972 1856 quem
995 1786 1114 1840 misi
1139 1785 1206 1840 ad
1238 1803 1324 1842 vos
1348 1786 1416 1844 ad
1437 1788 1533 1844 hoc
1556 1789 1747 1859 ipsum,
1776 1799 1832 1844 ut
1859 1806 2049 1860 cogno-
2151 1801 2312 1856 quam
2345 1784 2413 1838 ab
2447 1784 2553 1839 illis
2593 1785 2755 1839 fuerit
2798 1784 2956 1847 laeta,
3002 1784 3107 1854 legi
3143 1792 3193 1840 et
3231 1784 3284 1838 in
3324 1784 3738 1840 Laodicensium

458 1885 569 1932 seat
597 1894 714 1946 qutv
755 1878 894 1932 circa
927 1895 1015 1932 vos
1046 1886 1166 1932 sunt
1187 1917 1202 1942 ,
1244 1886 1298 1932 ut
1341 1878 1640 1934 consoletur
1669 1880 1830 1934 corda
1881 1891 2047 1936 vestra
2077 1871 2124 1931 B
2151 1877 2392 1934 Ecclesia
2415 1877 2680 1948 praecipit.
2713 1875 2857 1934 Dicit
2878 1885 3056 1932 autem
3089 1877 3167 1932 eis
3199 1885 3334 1932 utet
3357 1876 3505 1931 illam
3529 1892 3650 1946 qtae
3673 1893 3739 1932 es

457 1987 574 2026 cum
616 1970 860 2026 Onesimo
904 1973 1211 2028 charissima
1247 1981 1294 2027 et
1334 1973 1480 2042 fideli
1521 1975 1705 2044 fratre,
1749 1976 1840 2046 qui
1871 1985 1943 2030 est
1985 1993 2050 2031 ea:
2150 1971 2403 2027 Laodicia
2433 1978 2515 2024 est
2535 1969 2749 2039 legant,
2773 1968 3026 2038 nonquia
3050 1968 3118 2022 ad
3136 1967 3502 2024 Laodicenses
3527 1967 3736 2024 scribit.

457 2062 643 2118 vobis:
689 2065 866 2120 omnia
915 2081 1032 2136 qua:
1071 2065 1156 2120 llic
1206 2076 1438 2136 aguntur
1484 2077 1606 2121 nota
1657 2067 1850 2136 facient
1885 2070 2046 2124 vobis.

454 2153 746 2224 Propterea
797 2171 827 2212 a
879 2171 965 2212 me
994 2157 1232 2212 directus
1274 2169 1360 2214 est
1388 2173 1508 2214 cum
1555 2159 1811 2215 Onesimo
1854 2160 2044 2225 fratre,

455 2245 544 2316 qui
575 2260 603 2300 a
631 2247 784 2303 vobis
808 2256 1062 2314 venerat,
1090 2257 1150 2304 ιιι
1181 2257 1305 2306 nota
1345 2252 1498 2306 vobis
1529 2250 1728 2306 faciant
1772 2269 1891 2322 qua:
1918 2269 2048 2323 erga

455 2352 554 2393 nos
581 2347 708 2393 sunt
736 2351 788 2392 et
829 2339 1102 2396 oblectent
1130 2357 1226 2398 vos
1261 2357 1356 2412 per
1385 2358 1542 2397 suum
1581 2348 1868 2398 adventum
1889 2381 1903 2407 ,
1931 2359 2050 2398 om-

455 2429 543 2484 nia
582 2443 702 2498 quae
734 2430 824 2486 hic
861 2441 1093 2500 aguntur
1129 2433 1414 2490 manifesta
1450 2434 1712 2490 facientes
1746 2437 1916 2492 vobis.
1949 2435 2050 2492 Sa-

455 2517 586 2574 lutat
635 2536 723 2576 vos
765 2521 1102 2578 Aristarchus
1155 2526 1486 2594 concaptivus
1533 2544 1678 2582 meus
1728 2537 1775 2581 et
1831 2527 2046 2583 Marcus

457 2610 796 2668 consobrinus
838 2612 1100 2680 Barnast
1137 2615 1201 2670 de
1231 2633 1334 2688 quo
1367 2619 1635 2689 accepistis
1673 2619 1968 2684 mandata;
2001 2621 2046 2674 si

455 2703 650 2760 uenerit
680 2703 750 2760 ad
772 2721 881 2771 vos,
919 2707 1140 2776 excipite
1159 2706 1332 2763 illum.
1379 2708 1582 2766 Deinde
1613 2710 1812 2768 salutat
1849 2725 1944 2768 eos
1977 2711 2046 2766 ab

451 2793 786 2858 Aristarcho.
829 2813 990 2868 quem
1018 2807 1075 2854 et
1097 2801 1370 2870 captivum
1397 2817 1554 2858 suum
1579 2803 1744 2858 edicit
1767 2818 1909 2870 esse,
1960 2813 2046 2858 ut-

451 2896 576 2958 pote
600 2888 906 2960 colligatum
937 2891 1060 2956 sibi,
1090 2900 1147 2946 et
1171 2907 1202 2945 a
1237 2891 1414 2949 Marco
1445 2900 1605 2963 quem
1635 2903 1888 2965 nepotem
1914 2895 2048 2952 dicit

452 2994 573 3036 esse
625 2979 907 3048 Barnabas,
954 2982 1020 3038 de
1055 2998 1163 3053 quo
1208 2983 1372 3048 etiam
1403 2986 1714 3046 mandatum
1760 3001 1855 3041 eos
1884 3002 2042 3042 acce-

450 3073 596 3154 pisse
624 3074 822 3136 edicit,
867 3075 939 3129 ita
971 3083 1030 3148 ut
1069 3077 1371 3146 venientem
1400 3091 1523 3132 eum
1561 3080 1860 3150 recipiant:
1915 3081 2045 3154 dicit

451 3175 632 3222 autem
661 3165 740 3222 eis
783 3168 1056 3238 accepisse
1105 3168 1418 3224 mandatum
1461 3185 1566 3228 non
1598 3171 1666 3226 ab
1696 3169 1803 3226 alio
1835 3170 2038 3241 aliquo,

451 3273 630 3328 neque
656 3273 688 3311 a
717 3272 799 3324 se,
851 3257 946 3313 sed
973 3259 1040 3313 ab
1089 3259 1180 3314 illo
1210 3261 1300 3330 qui
1331 3261 1722 3332 praedicaverat
1748 3262 1828 3318 eis
1861 3239 2041 3318 Evan-
2065 3239 2112 3303 (ἶ

449 3350 666 3420 gelium,
691 3366 866 3420 neque
892 3367 924 3407 a
950 3367 1030 3417 se,
1053 3355 1195 3424 quod
1219 3355 1334 3410 ﬁeri
1358 3353 1573 3424 quidem
1599 3371 1704 3410 non
1732 3363 1946 3427 poterat
1975 3372 2040 3413 eo

452 3442 596 3513 quod
625 3443 853 3499 necdum
879 3444 1087 3500 viderat
1105 3460 1218 3500 eos.
1251 3446 1320 3500 Et
1341 3444 1498 3501 Iesus
1518 3447 1608 3518 qui
1629 3447 1824 3506 dicitur
1835 3447 2038 3518 justus,

447 3533 540 3603 qui
567 3542 688 3588 sunt
719 3549 781 3588 ea:
809 3535 1224 3603 circumcisione,
1262 3537 1318 3591 hi
1341 3537 1440 3592 soli
1479 3547 1602 3593 sunt
1641 3538 1912 3609 adjutores
1938 3542 2042 3596 mei

377 3617 390 3630 ³
449 3625 505 3680 in
546 3641 701 3694 regno
745 3625 860 3690 Dei.
907 3627 998 3698 qui
1037 3627 1163 3682 mihi
1203 3629 1413 3699 fuerunt
1439 3628 1650 3684 solatio.
1699 3629 1912 3685 Salutat
1940 3645 2038 3686 eos

447 3723 506 3769 et
529 3714 598 3770 ab
625 3712 752 3780 lesu
796 3714 888 3786 qui
927 3717 1336 3787 cognominatur
1356 3717 1563 3789 justus,
1601 3718 1702 3774 hos
1729 3717 1874 3776 solos
1904 3718 2036 3775 dicit

447 3809 516 3862 de
541 3806 650 3866 illis
679 3807 772 3877 qui
800 3822 869 3866 ex
912 3808 1324 3874 circumcisione
1371 3811 1736 3878 crediderunt,
1772 3825 2033 3882 coopera-

447 3899 559 3958 rios
581 3899 682 3956 sibi
698 3914 818 3962 esse
842 3901 897 3964 iu
923 3900 1237 3972 Evangelia,
1259 3918 1394 3973 quos
1418 3912 1475 3960 et
1495 3903 1745 3964 solatium
1771 3904 1872 3964 sibi
1899 3919 2030 3975 prse-

447 3991 630 4050 buisse
659 3992 833 4050 dixit:
882 3991 1098 4054 Salutat
1131 4011 1216 4052 vas
1246 3993 1523 4066 Epaphras
1558 3996 1648 4067 qui
1675 4012 1742 4051 ea:
1780 3995 1923 4058 vobis
1957 4005 2034 4051 est

445 4099 625 4139 servus
653 4081 867 4150 Christi,
914 4101 1116 4157 semper
1143 4084 1397 4144 sollicitus
1437 4103 1531 4157 pro
1560 4087 1700 4143 vobis
1737 4086 1792 4148 ia
1837 4087 2035 4144 oratio-

447 4173 617 4238 nibus,
656 4183 712 4234 ut
741 4179 888 4232 stetis
927 4175 1144 4246 perfecti
1169 4185 1217 4245 et
1261 4175 1443 4248 repleti
1489 4177 1544 4232 in
1583 4192 1727 4232 omni
1769 4185 2036 4234 commate

448 4264 570 4330 Dei,
599 4265 952 4322 testimonium
975 4268 1114 4322 enim
1161 4266 1241 4322 illi
1279 4268 1519 4337 perhibes
1551 4267 1689 4339 quod
1718 4267 1870 4322 habet
1899 4267 2038 4322 mul-

449 4365 560 4414 tum
606 4355 840 4424 laborem
890 4375 985 4430 pro
1041 4359 1184 4420 vobis
1227 4369 1276 4422 el
1315 4377 1410 4429 pro
1456 4359 1537 4427 Itis
1593 4361 1684 4432 qui
1730 4368 1850 4426 sunt
1895 4359 2035 4424 Lao-

450 4449 602 4504 dicite
666 4457 714 4504 et
769 4449 859 4522 qui
915 4448 1210 4522 Hierapoli.
1289 4450 1491 4506 Deinde
1555 4450 1758 4506 salutat
1815 4463 1910 4512 eos
1963 4452 2032 4506 ab

451 4541 700 4614 Epaphra
747 4543 840 4614 qui
892 4540 1207 4616 praedicavit
1251 4546 1361 4610 eis.
1414 4545 1599 4604 dicens
1650 4543 1878 4602 multam
1925 4545 2032 4602 sol-

2152 2067 2303 2122 Unde
2362 2065 2579 2135 quidam
2645 2064 2836 2120 falsam
2889 2064 3186 2134 Epistulam
3252 2064 3319 2120 ad
3378 2063 3738 2122 Laodicenses

2147 2175 2214 2216 ex
2243 2161 2458 2214 nomine
2484 2159 2624 2213 beati
2657 2158 2806 2212 Pauli
2831 2156 3242 2228 conﬁngendam
3291 2171 3414 2211 esse
3460 2157 3739 2212 existima-

2146 2261 2359 2315 verunt,
2383 2265 2482 2306 nec
2502 2249 2642 2304 enim
2671 2257 2789 2304 erat
2819 2263 2944 2303 vera
2979 2247 3240 2316 Epistula.
3297 2245 3734 2302 :‘Estimaverunt

2149 2351 2328 2397 autem
2359 2342 2578 2412 quidam
2606 2340 2747 2395 illam
2776 2353 2914 2404 esse,
2946 2355 3066 2408 qua:
3095 2339 3146 2394 in
3171 2339 3273 2393 hoc
3297 2337 3416 2392 loco
3456 2348 3544 2393 est
3569 2338 3740 2407 signi-

2149 2438 2329 2491 ﬁcata.
2361 2433 2650 2505 Apostolus
2679 2447 2807 2487 vero
2832 2447 2940 2486 non
2964 2429 3326 2486 Laodicenses
3355 2429 3505 2495 dicit,
3545 2430 3640 2486 sed
3665 2445 3732 2484 es

2147 2529 2399 2586 Laodicia
2453 2542 2614 2597 quam
2672 2525 2746 2580 illi
2795 2525 3126 2594 scripserunt
3175 2521 3242 2578 ad
3285 2521 3630 2593 Apostolum,
3688 2522 3740 2578 in

2147 2637 2306 2694 quam
2371 2620 2550 2690 aliqua
2625 2616 3060 2689 reprehensionis
3127 2615 3287 2686 digna
3341 2614 3734 2681 inferebantur,

2145 2727 2306 2783 quam
2339 2711 2498 2764 etiam
2523 2710 2624 2764 hac
2646 2709 2710 2763 de
2731 2723 2894 2763 causa
2909 2705 3076 2775 jussit
3095 2705 3237 2776 apud
3260 2720 3354 2762 eos
3391 2705 3517 2775 legi.
3544 2705 3618 2760 Ut
3637 2705 3738 2777 ipsi

2145 2802 2548 2875 reprehendant
2600 2802 2808 2870 seipsos
2859 2799 3128 2864 discentes
3179 2813 3300 2868 quas
3345 2797 3412 2852 de
3457 2797 3564 2852 illis
3615 2805 3740 2854 sunt

2145 2897 2376 2964 scripta;
2403 2902 2456 2949 et
2476 2905 2696 2965 propter
2721 2893 2842 2959 hoc,
2866 2901 2926 2947 ut
2952 2891 3110 2946 datur
3136 2891 3378 2962 intelligi,
3399 2907 3578 2960 neque
3598 2891 3735 2946 scri-

2143 2987 2273 3042 bere
2296 2987 2376 3041 eis
2397 2987 2617 3057 dignum
2646 2985 3007 3039 existimavit:
3035 2984 3129 3038 sed
3153 2982 3296 3036 illam
3313 2997 3434 3052 qua
3456 2980 3524 3036 ad
3545 2981 3737 3038 Colus-

2145 3095 2333 3136 senses
2359 3080 2559 3149 scripta
2583 3087 2722 3142 erat,
2755 3077 2855 3148 legi
2883 3085 2938 3132 et
2959 3076 3099 3147 apud
3131 3075 3252 3131 illos
3264 3075 3524 3146 praecepit
3551 3085 3615 3130 ut
3637 3077 3736 3130 bo-

2142 3189 2336 3230 norum
2359 3175 2564 3244 pariter
2593 3170 2889 3240 suscipiant
2937 3167 3287 3223 monitionem
3338 3176 3394 3221 et
3436 3167 3490 3220 in
3545 3167 3740 3222 melius

2143 3275 2544 3328 convertantur,
2576 3279 2641 3319 eo
2675 3261 2817 3332 quod
2845 3261 2924 3317 sic
2957 3259 3264 3332 reprehensi
3310 3265 3436 3314 sunt
3485 3273 3516 3313 ιι
3558 3257 3730 3314 Paulo

2141 3365 2196 3412 et
2218 3371 2392 3428 neque
2415 3355 2616 3425 scripta
2641 3353 2708 3407 ab
2729 3367 2796 3408 eo
2821 3351 3101 3423 percipere
3119 3349 3267 3420 digni
3294 3348 3525 3405 fuissent
3546 3350 3738 3404 existi-

2141 3447 2293 3504 mati.
2327 3446 2530 3501 Deinde
2556 3444 2687 3499 dicit
2721 3442 2788 3497 ad
2814 3458 2907 3498 eos
2932 3481 2946 3496 .
2975 3441 3042 3494 Et
3071 3441 3229 3495 dicite
3252 3440 3516 3510 Archippo
3545 3456 3564 3495 :
3601 3438 3734 3494 Vide

2141 3539 2488 3592 ministerium
2508 3535 2647 3606 quod
2669 3533 2909 3605 accepisti
2937 3533 2992 3588 in
3017 3533 3242 3588 Domino
3263 3543 3320 3586 ut
3341 3532 3475 3586 illud
3493 3531 3732 3604 isttpleas.

2139 3630 2343 3686 Deinde
2368 3630 2499 3684 dicit
2520 3629 2623 3693 eis,
2650 3628 2812 3684 dicite
2830 3627 3102 3698 Archippo
3119 3635 3180 3680 ut
3201 3626 3562 3681 ministerium
3586 3625 3734 3696 quod

2137 3721 2345 3795 accepit
2375 3722 2612 3794 impleat.
2637 3719 2709 3777 Ut
2728 3732 2909 3776 autem
2936 3723 3017 3776 eis
3062 3735 3131 3775 es
3169 3719 3363 3774 litteris
3408 3719 3731 3775 existimare

2137 3818 2279 3888 apud
2319 3815 2700 3879 Laodicenses,
2760 3813 2813 3869 id
2851 3821 2954 3879 est,
2999 3813 3198 3883 degens
3233 3810 3597 3865 ministerium
3638 3808 3734 3865 do-

2136 3910 2328 3966 ctrinae
2347 3908 2697 3965 commissum
2718 3907 2917 3962 habere
2946 3906 3249 3969 videbatur,
3272 3903 3358 3958 his
3381 3901 3600 3972 adjicit:
3626 3901 3732 3957 8a-

2136 4001 2324 4056 lutatio
2347 4017 2461 4055 mea
2491 4015 2652 4054 manu
2679 3996 2859 4052 Pauli.
2888 3997 3150 4064 Quoniam
3175 4009 3270 4051 sua
3314 4009 3475 4049 manu
3525 3993 3730 4049 saluts-

2136 4092 2338 4146 tionem
2372 4090 2594 4160 scripsit
2618 4089 2804 4145 dicens
2851 4106 2864 4143 :
2905 4087 3163 4143 Memores
3199 4095 3357 4140 estote
3394 4082 3731 4138 vinculorum

2136 4198 2388 4237 meorum.
2423 4181 2537 4237 Hoc
2581 4189 2688 4247 est,
2715 4180 2781 4235 ad
2820 4194 2992 4234 meam
3029 4179 3386 4254 imitationem
3427 4176 3591 4232 etiam
3631 4191 3730 4246 pro

2136 4275 2364 4330 veritate
2381 4275 2493 4344 pati
2552 4274 2718 4329 nolite
2756 4273 2956 4344 pigere.
2981 4270 3192 4340 Adjecit
3227 4277 3544 4326 consuetam
3592 4282 3726 4322 eone

2133 4367 2430 4423 clusionem
2465 4385 2478 4420 :
2510 4365 2694 4422 Gratia
2736 4365 2998 4420 vobiscum
3039 4379 3210 4417 amen.
3237 4361 3292 4417 In
3315 4361 3422 4416 hac
3467 4360 3722 4428 designa-

2134 4460 2280 4516 tione
2303 4458 2557 4530 Epistoltc
2581 4456 3100 4516 consummationem
3123 4454 3316 4510 fecisse
3339 4453 3573 4510 videtur.

541 4645 3704 4678 W—M

1180 4693 1599 4887 LIBER
1682 4767 2456 4890 VICESIMUS
2543 4766 2967 4886 UNUS.

655 5041 1208 5148 EXPQSITIO
1281 5043 1392 5126 IN
1466 5041 2053 5144 EPISTULAM
2126 5044 2161 5124 Ι
2232 5041 2364 5124 ΑΙ)
2438 5043 3491 5133 THESSALONICENSES.

975 5197 1484 5258 ARGUMENTUM.

522 5290 718 5348 Beatus
739 5289 1026 5361 Apostolus
1061 5291 1259 5348 Paulus
1300 5291 1626 5363 peragrabat
1655 5293 1898 5349 diversas
1943 5293 2023 5350 ci-

2053 5209 2100 5270 D
2127 5203 2568 5276 indignantibus,
2613 5202 2793 5257 evenit
2838 5211 2898 5258 ut
2939 5201 3104 5257 multa
3149 5209 3453 5284 pateretur,
3503 5201 3559 5260 id
3607 5214 3716 5270 est,

2126 5295 2432 5365 Apostolus,
2446 5295 2500 5350 in
2520 5295 2709 5350 eadem
2727 5293 2944 5349 civitate
2959 5293 3516 5370 Thessalonicensium
3540 5295 3592 5353 in
3606 5313 3716 5370 qua

453 5382 647 5442 vitales
674 5383 976 5454 pradicans
999 5383 1160 5442 ﬁdem
1180 5399 1300 5454 quae
1328 5385 1378 5439 in
1416 5384 1633 5442 Christo
1671 5393 1800 5442 est:
1843 5385 2022 5442 divina
2128 5395 2183 5441 et
2209 5385 2285 5441 illi
2339 5385 2432 5457 qui
2479 5385 2825 5441 crediderunt
2869 5383 3085 5440 Christo
3121 5385 3288 5440 multa
3333 5387 3720 5444 sustinuerunt

453 5490 584 5536 vero
605 5476 844 5534 monitus
867 5476 1194 5534 revelatioue
1226 5476 1375 5534 venit
1401 5477 1470 5532 ad
1499 5477 1746 5533 civitates
1775 5475 2024 5532 Macedo-

2127 5475 2269 5533 mala
2305 5493 2334 5531 a
2383 5476 2775 5532 contribulibus
2808 5475 2938 5540 suis,
2986 5476 3058 5530 ita
3085 5483 3146 5530 ut
3187 5483 3473 5546 cogeretur
3515 5477 3720 5546 beatus

452 5568 558 5628 nia:
581 5587 593 5623 :
618 5569 810 5628 exinde
833 5582 964 5625 vero
985 5568 1133 5632 venit
1164 5575 1222 5624 et
1266 5565 1724 5633 Thessalonicam,
1758 5568 1900 5623 sicut
1939 5575 2024 5622 est
2121 5567 2408 5638 Apostolus
2457 5585 2486 5623 a
2531 5566 2907 5623 Thessalonica
2941 5566 3222 5624 discedens
3267 5568 3508 5624 Athenas
3540 5570 3719 5646 proﬁ-

455 5662 762 5718 cautissime
810 5661 1018 5718 discere
1059 5675 1128 5718 ex
1170 5660 1309 5716 libro
1360 5661 1592 5718 Actuum
1635 5661 2020 5731 apostolorum,

453 5754 762 5824 praedicavit
780 5768 908 5824 ergo
935 5753 1075 5808 inter
1101 5762 1328 5814 caeteras
1345 5753 1504 5808 etiam
1534 5752 2028 5808 Thessalonicensi-

2125 5660 2293 5714 cisci:
2327 5660 2715 5729 pertimescens
2735 5673 2864 5714 vero
2920 5660 2986 5715 de
3033 5659 3138 5714 illis
3193 5659 3285 5730 qui
3335 5661 3715 5726 crediderant,

2126 5769 2193 5808 ne
2222 5753 2362 5808 forte
2383 5753 2665 5807 atrocitate
2693 5752 3126 5806 adversariorum
3153 5750 3365 5821 impulsi
3390 5765 3421 5806 a
3463 5766 3563 5807 suo
3617 5751 3720 5805 de-

457 5847 556 5916 luit
574 5849 790 5919 pietatis
805 5849 1123 5912 Micam.
1154 5848 1500 5908 Adversariis
1538 5863 1668 5906 vero
1712 5863 1874 5934 super
1917 5848 2028 5903 hoc
2124 5846 2334 5902 viarent
2353 5846 2650 5918 proposito,
2689 5854 2914 5901 coaetus
2935 5845 3278 5903 Timotheum
3304 5843 3454 5901 misit
3497 5843 3567 5900 ad
3614 5857 3721 5900 eos
