3986 6338
273 409 372 466 5H

704 402 1250 462 ENARRATIONUM
1287 403 1356 462 IN
1393 403 1539 461 EPP.
1583 401 1787 461 PAULI
1822 403 1948 462 LIB.
1989 403 2130 462 XXI.
2165 424 2239 449 -ἀ-
2272 401 2342 464 ΙΝ
2378 403 2593 462 EPIS'I‘.
2630 405 2652 464 I
2687 405 2778 472 AD
2813 407 3050 462 TllESS.

3401 416 3512 486 ista

272 521 430 578 Simul
460 527 519 575 υί
540 523 595 574 et
629 518 714 574 in“
747 532 866 588 (1³³³⁸
894 526 1042 586 8⁸⁵⁸⁸
1087 515 1299 572 fueram
1339 517 1588 610 ἀίῖδθθτθιν
1621 525 1678 572 ⁸⁸
1721 515 1850 572 me"
1877 519 1928 582 Α
1952 543 2018 598 lis
2043 558 2073 598 a
2097 549 2280 597 vestro
2301 540 2587 596 discedatis
2627 541 2922 610 proposito,
2963 539 3157 595 deinde
3194 547 3250 594 et
3297 554 3365 595 ex
3414 541 3520 596 illis

269 615 402 671 lium
424 615 634 668 animos
665 620 776 668 tam
820 624 916 666 sua
954 610 1240 680 praesentia
1283 608 1645 672 conﬁrmaret,
1684 623 1845 677 quam

267 707 436 762 etiam
456 721 522 760 ex
547 703 792 759 oratione
831 701 1034 756 salubri
1064 710 1306 756 moneret
1331 700 1382 755 in
1407 699 1508 754 ﬁde
1535 699 1844 770 persistere,

266 796 362 868 qui
386 796 550 850 etiam
579 801 771 848 cuncta
799 791 889 847 illa
923 791 1154 861 implcns
1173 806 1290 861 qum
1321 789 1422 844 sibi
1450 805 1481 844 a
1517 789 1674 844 beato
1706 789 1848 852 Apo—

267 886 410 941 stolo
436 885 648 940 fuerant
669 883 932 953 injuncta,
971 897 1220 937 reversus
1251 882 1316 936 ad
1352 895 1474 936 cum
1504 881 1769 936 nuntiavit
1795 878 1846 936 ei

267 977 524 1047 quoniam
552 975 716 1030 multa
733 976 801 1029 ab
826 973 1148 1028 adversariis
1161 974 1402 1042 perpessi
1417 972 1556 1028 mala
1572 973 1846 1028 sustinue-

267 1069 398 1128 rint,
417 1081 517 1122 nec
529 1084 558 1120 a
580 1066 682 1120 ﬁde
694 1066 1051 1121 discesserint.
1068 1064 1211 1118 inter
1233 1072 1426 1119 cetera
1442 1079 1569 1120 vero
1583 1064 1848 1120 nuntiavit

263 1160 314 1214 ei
344 1175 468 1215 esse
490 1159 666 1228 aliqua
699 1159 836 1228 apud
864 1158 1000 1222 illos,
1025 1173 1143 1228 quin
1171 1158 1364 1229 corrigi
1393 1158 1640 1213 debeant.
1667 1157 1792 1214 Haec
1813 1175 1844 1214 a

265 1249 558 1304 Timotheo
583 1250 794 1304 discens
838 1247 1125 1318 Apostolus
1171 1249 1360 1304 scribit
1395 1249 1462 1303 ad
1506 1247 1848 1305 Thessaloni-

263 1353 462 1394 censes
484 1339 709 1409 primam
745 1339 885 1394 hanc
909 1339 1223 1409 Epistolam,
1254 1340 1476 1395 laudans
1505 1356 1598 1396 eos
1623 1342 1765 1412 quod
1791 1342 1846 1396 in

261 1434 514 1489 adversis
543 1433 704 1488 rebus
731 1433 808 1488 ita
831 1432 1058 1489 ﬁdeliter
1091 1435 1464 1489 sustinuerunt
1490 1449 1588 1505 pro
1620 1434 1726 1489 ﬁde
1749 1434 1846 1488 de-

262 1533 580 1590 certantes;
614 1524 834 1580 instruit
852 1541 981 1580 vero
1004 1541 1098 1582 eos
1122 1535 1177 1581 et
1207 1527 1274 1582 de
1297 1527 1423 1591 illis,
1454 1542 1573 1596 quae
1593 1527 1732 1597 apud
1753 1542 1848 1584 eos

263 1617 710 1672 inconvenienter
737 1617 850 1686 geri
874 1627 1217 1688 cognoverat.
1259 1617 1447 1674 Omnia
1478 1634 1607 1673 vero
1641 1619 1844 1674 avidis-

263 1709 408 1764 sime
429 1724 497 1764 ex
522 1708 612 1764 illa
633 1708 1095 1779 interpretatione,
1121 1725 1239 1780 quae
1265 1726 1362 1781 per
1402 1719 1591 1780 partes
1614 1711 1694 1776 ﬁt,
1723 1725 1840 1766 me-

258 1800 370 1856 lius
391 1815 686 1872 agnoscere
722 1801 1033 1874 poterimus.

779 1913 1005 1972 CAPUT
1036 1915 1324 1972 PRIMUM.

262 2004 552 2078 Apostolus
601 2005 708 2076 agit
764 2007 962 2078 gratias
999 2006 1074 2078 ode
1123 2001 1661 2078 Thessalonicensium
1709 2005 1844 2061 bona

438 2077 783 2143 inchoatione,
826 2087 876 2138 et
919 2077 1196 2148 diﬁ‘usioue
1224 2077 1385 2146 hujus
1406 2076 1670 2132 bonitatis.

332 2187 542 2244 Paulus
561 2197 608 2244 et
633 2189 899 2254 Silvanus,
931 2199 978 2245 et
1013 2189 1334 2253 Timotheus,
1355 2189 1602 2244 Ecclesia:
1627 2189 1846 2245 Thessa-

254 2279 626 2336 lonicensium.
663 2280 845 2352 (Aug)
873 2279 1178 2336 Judzcorum
1207 2281 1422 2354 proprie
1449 2296 1716 2354 synagoga
1738 2282 1842 2336 dici

257 2373 426 2435 solet,
455 2373 698 2444 quamvis
720 2381 772 2428 et
819 2373 1056 2429 Ecclesia
1104 2374 1244 2429 dicta
1283 2373 1389 2430 sit:
1430 2383 1671 2430 nostram
1714 2389 1844 2429 vero

255 2465 504 2536 Apostoli
533 2481 807 2537 nunquam
869 2483 1192 2539 synagogam
1227 2461 1500 2533 dixerunt,
1550 2467 1644 2523 sed
1697 2483 1841 2522 sem-

252 2571 361 2626 per
385 2557 696 2622 Erclesiam,
727 2558 840 2613 sive
865 2559 1202 2613 discernendi
1231 2573 1416 2625 causa,
1449 2559 1560 2614 sive
1582 2559 1724 2629 quod
1757 2560 1840 2612 in-

252 2657 348 2702 ter
365 2649 860 2720 congregationem,
884 2650 1027 2707 unde
1066 2665 1353 2722 synagoga,
1401 2658 1456 2706 et
1500 2652 1842 2706 convocatio-

253 2755 404 2803 nem,
441 2743 584 2796 unde
610 2740 846 2797 Ecclesia
883 2757 1075 2796 nomen
1130 2743 1356 2813 accepit,
1405 2743 1568 2798 distet
1617 2743 1838 2814 aliquid,

253 2833 406 2904 quod
439 2833 644 2888 scilicet
663 2833 974 2905 congregari
998 2841 1052 2890 et
1079 2849 1270 2904 pecora
1319 2835 1525 2900 solent,
1555 2836 1856 2908 convocari.

254 2935 444 2982 autem
472 2926 642 2998 magis
675 2935 759 2982 est
785 2927 1048 2982 utentium
1081 2927 1307 2990 ratione,
1339 2928 1479 2982 sicut
1521 2936 1644 2982 sunt
1665 2927 1844 2983 homi-

253 3031 376 3070 nes.
402 3015 470 3070 In
501 3015 608 3071 Deo
635 3013 794 3070 Patre
818 3025 865 3071 et
897 3016 1119 3070 Domino
1139 3015 1266 3070 Jesu
1291 3015 1495 3072 Christo
1539 3017 1710 3088 gra'ia
1753 3034 1841 3071 vo-

254 3108 337 3160 bis
363 3117 412 3160 et
437 3124 560 3177 pas.
587 3107 820 3180 (Ambr.)
852 3107 964 3164 Hoc
988 3109 1039 3162 in
1069 3108 1186 3164 loco
1209 3108 1290 3164 vel
1314 3109 1547 3165 maxime
1581 3109 1835 3174 ostendit,

252 3201 516 3272 quoniam
569 3201 740 3272 gratia
768 3201 910 3256 vobis
955 3201 1034 3257 sic
1063 3203 1230 3272 ponit,
1271 3201 1426 3256 sicuti
1474 3217 1571 3256 nos
1600 3199 1651 3256 in
1696 3217 1836 3272 prte-

253 3293 555 3362 scriptione
581 3292 832 3363 Epistolas
855 3291 1087 3347 solemus
1126 3293 1349 3349 salutem
1399 3307 1636 3363 ponere:
1662 3294 1840 3365 posuit

254 3401 392 3441 vero
419 3393 474 3440 et
501 3385 555 3439 in
583 3385 692 3440 Deo
728 3386 884 3440 Patre
915 3387 1053 3442 sicut
1085 3395 1141 3442 et
1173 3403 1270 3442 nos
1291 3389 1532 3444 scribere
1557 3387 1841 3444 consuevi-

255 3493 381 3533 mus
405 3477 457 3532 in
479 3477 726 3532 Domino.
757 3475 968 3532 Gratias
990 3477 1190 3548 agimus
1221 3477 1329 3532 Deo
1358 3495 1559 3553 semper
1593 3495 1685 3549 pro
1731 3494 1843 3532 om-

255 3571 414 3626 nibus
443 3571 584 3626 vobis
618 3571 922 3626 memoriam
954 3573 1108 3626 vestri
1150 3571 1398 3642 facientes
1435 3573 1488 3626 in
1520 3571 1844 3626 orationibus

257 3665 459 3719 nostris
514 3667 624 3720 sine
671 3663 1052 3720 intermissione
1076 3681 1326 3720 memores
1373 3667 1541 3736 aperis
1592 3665 1716 3735 ﬁdei
1760 3683 1845 3722 ve—

255 3765 386 3810 stra:
408 3765 457 3810 et
484 3756 679 3811 laboris
719 3765 766 3810 et
782 3756 1052 3810 charitatis
1074 3766 1119 3810 et
1143 3757 1465 3811 sustinentia:
1494 3757 1602 3827 spei
1633 3756 1846 3812 Domini

256 3847 429 3902 nostri
446 3845 573 3902 Jesu
599 3844 792 3901 Christi
814 3857 934 3902 ante
958 3845 1122 3902 Deum
1148 3857 1194 3901 et
1224 3843 1436 3902 Patrem
1486 3858 1739 3903 nostrum.
1781 3846 1849 3904 Et

255 3941 486 4012 gratias,
522 3939 714 4011 inquit,
748 3938 956 4014 agimus
992 3955 1088 4010 pro
1121 3937 1293 4006 vobis,
1337 3947 1392 3994 et
1428 3939 1544 3994 sine
1575 3940 1848 3995 intermis-

254 4034 416 4089 sione
441 4049 550 4103 pro
578 4033 730 4088 vobis
758 4048 978 4088 oramus
1010 4051 1023 4088 :
1057 4048 1324 4088 memores
1353 4033 1496 4088 enim
1529 4049 1712 4088 sumus
1759 4031 1848 4089 illa

253 4140 382 4196 qua:
413 4139 511 4193 pro
535 4123 636 4178 ﬁde
661 4123 791 4179 estis
816 4124 1023 4193 operati
1044 4132 1098 4178 et
1118 4121 1355 4179 laborem
1382 4123 1549 4188 illum,
1575 4111 1735 4194 quem
1751 4138 1850 4193 pro

253 4217 528 4271 charitate
553 4214 753 4272 Christi
788 4217 1138 4290 sustinuistis,
1165 4226 1219 4272 et
1245 4216 1584 4273 tolerantiam
1608 4231 1769 4287 quam
1797 4217 1849 4272 in

1943 649 2062 708 quae
2087 649 2214 706 erga
2239 641 2473 689 seerant
2511 633 2745 688 suadens
2789 631 2894 688 illis
2935 630 3158 700 adjicit:
3189 631 3339 688 Sicut
3375 633 3520 688 scitis

1941 730 2120 798 quales
2145 727 2396 798 fuerimus
2418 727 2471 782 in
2509 726 2648 782 vobis
2671 736 2878 798 propter
2899 741 3006 782 vos.
3036 725 3144 781 Sed
3167 733 3224 780 et
3262 723 3352 779 illa
3401 739 3522 794 qute

1944 835 2070 894 erga
2102 837 2199 878 nos
2222 830 2346 878 sunt
2367 823 2568 892 optime
2587 819 2989 890 recognoscitis,
3015 819 3070 874 in
3099 818 3293 889 quibus
3319 825 3376 872 et
3413 816 3515 886 ipsi

1943 911 2203 966 fuerimus
2229 911 2511 982 pressaris,
2559 919 2615 965 et
2659 921 2857 982 quanta
2885 912 3145 967 fuerimus
3166 912 3329 967 vestri
3352 927 3514 967 causa

1943 1005 2182 1076 perpessi
2228 1022 2241 1058 :
2287 1003 2425 1058 bene
2461 1005 2634 1074 posuit
2669 1010 2888 1077 propter
2933 1021 3061 1070 vos,
3119 1013 3177 1060 ut
3213 1020 3307 1061 eos
3346 1005 3516 1076 magis

1946 1097 2012 1153 ad
2059 1097 2414 1152 reverentiam
2471 1097 2726 1153 invitaret
2777 1117 2790 1154 :
2835 1099 2879 1154 si
2922 1100 3065 1154 enim
3105 1101 3217 1171 ipse
3271 1113 3368 1170 pro
3415 1097 3518 1152 illis

1942 1189 2278 1261 patiebatur,
2322 1189 2490 1244 multo
2523 1190 2693 1261 magis
2729 1189 2804 1244 illi
2851 1190 2954 1258 ipsi
2987 1205 3085 1260 pro
3132 1205 3192 1245 se
3234 1187 3342 1260 pati
3374 1186 3522 1258 justa

1946 1283 2156 1338 ratione
2191 1283 2488 1347 debebant;
2517 1281 2658 1352 quod
2687 1289 2887 1336 etcum
2917 1281 3148 1336 veritate
3180 1281 3380 1335 dictum
3409 1293 3523 1332 ma-

1941 1372 2030 1443 jus
2057 1371 2152 1428 eos
2182 1372 2454 1428 adhortari
2498 1371 2822 1426 videbatur:
2868 1371 3114 1426 amabilis
3161 1369 3360 1426 etenim
3397 1375 3526 1422 tunc

1947 1473 2032 1520 est
2064 1464 2150 1520 vel
2179 1465 2410 1519 maxime
2439 1461 2574 1530 laus,
2602 1464 2815 1534 quando
2852 1475 2959 1516 non
2997 1459 3158 1515 fuerit
3213 1461 3383 1531 gratis
3423 1455 3526 1512 ali-

1948 1555 2035 1612 cui
2063 1555 2388 1618 tributa,sed
2413 1571 2478 1609 ex
2493 1553 2922 1626 praecedentibus
2943 1549 3173 1624 negotiis
3195 1551 3433 1605 animum
3456 1549 3523 1602 ad

1945 1645 2176 1701 virtutes
2207 1647 2373 1702 soleat
2394 1646 2652 1701 excitare.
2677 1629 2743 1700 Et
2774 1662 2862 1700 vos
2893 1645 3180 1698 imitatores
3203 1642 3367 1696 nostri
3391 1640 3522 1709 facti

1950 1739 2093 1804 estis,
2119 1747 2166 1792 et
2195 1737 2420 1791 Domini.
2449 1735 2583 1791 Nam
2607 1736 2731 1806 quia
2758 1736 2969 1790 dixerat
2989 1741 3045 1788 et
3079 1732 3170 1787 illa
3207 1747 3328 1802 quas
3367 1733 3434 1786 ab
3463 1731 3528 1785 il-

1949 1831 2020 1886 lis
2036 1830 2284 1886 similiter
2305 1838 2481 1896 erant,
2508 1830 2805 1894 exstitisse,
2830 1826 2984 1882 valde
3009 1833 3257 1896 poterant
3301 1824 3530 1882 suadere

1951 1939 2046 1979 eos
2058 1931 2116 1978 ut
2133 1923 2256 1978 inde
2272 1922 2430 1976 iidcm
2452 1929 2853 1993 permanerent.
2870 1917 3024 1975 Unde
3035 1917 3236 1988 optime
3249 1923 3305 1970 et
3319 1913 3530 1970 Domini

1949 2015 2156 2072 faciens
2189 2014 2758 2072 commemorationem
2800 2011 3060 2082 majorem
3088 2007 3283 2064 fecisse
3315 2005 3531 2062 videtur

1949 2109 2400 2173 exhortationem,
2417 2105 2680 2178 siquidem
2708 2105 2760 2160 in
2787 2103 3055 2176 pressuris
3083 2116 3185 2156 non
3209 2099 3378 2156 solum
3411 2099 3532 2153 imi-

1949 2201 2050 2255 tari
2075 2200 2344 2270 apostolos
2370 2200 2597 2263 videtur,
2625 2197 2719 2252 sed
2741 2204 2794 2251 et
2818 2197 2990 2266 ipsum
3006 2194 3287 2249 Dominum
3309 2191 3532 2246 :deinde

1947 2301 2000 2349 et
2019 2292 2359 2364 manifestam
2381 2292 2511 2347 facit
2532 2290 2883 2345 imitationem
2907 2303 3028 2342 cum
3051 2285 3182 2340 dicit
3203 2301 3215 2338 :
3235 2281 3534 2348 Suscipien-

1946 2394 2020 2439 tes
2067 2385 2271 2438 verbum
2301 2385 2353 2438 in
2386 2381 2716 2438 tribulatione
2748 2378 2917 2436 multa
2943 2395 3060 2433 eum
3080 2375 3270 2448 gaudio
3302 2374 3534 2446 Spiritus

1944 2477 2131 2530 sancti.
2157 2473 2352 2529 Passus
2377 2482 2478 2538 est,
2504 2471 2696 2544 inquit,
2713 2471 2969 2527 Dominus
2990 2483 3087 2540 pro
3109 2466 3263 2522 nobis
3289 2479 3388 2535 per
3411 2479 3535 2519 eru-

1945 2585 2060 2624 cem
2083 2567 2308 2623 salutem
2337 2565 2489 2622 nobis
2519 2565 2902 2636 expediens,et
2927 2562 3026 2632 ipsi
3047 2575 3147 2632 pro
3179 2555 3266 2614 illa
3289 2558 3390 2613 ﬁde
3413 2567 3534 2628 quas

1945 2661 1998 2716 in
2022 2677 2142 2716 eum
2167 2671 2249 2716 est
2269 2659 2667 2717 tribulationem
2691 2659 3040 2722 sustinentes,
3071 2663 3131 2710 ut
3151 2654 3338 2710 sciatis
3356 2661 3411 2709 et
3431 2667 3532 2708 nos

1944 2759 1998 2806 et
2025 2752 2193 2806 Deum
2227 2751 2448 2816 imitari,
2474 2751 2727 2820 quoniam
2763 2749 2850 2804 illa
2899 2763 3018 2818 quae
3068 2747 3243 2802 tristia
3272 2752 3429 2800 erant
3458 2745 3532 2799 ita

1944 2842 2276 2896 sustinuistis
2317 2857 2438 2896 cum
2469 2841 2679 2911 gaudio,
2729 2855 2840 2896 non
2881 2838 3120 2910 graviter
3166 2836 3253 2891 illa
3296 2835 3532 2890 ferentes

1945 2950 2066 3005 quae
2087 2935 2239 2989 vobis
2264 2933 2596 2998 accidebant,
2617 2932 2710 2986 sed
2751 2933 2893 2986 bono
2921 2930 3100 2983 animo
3129 2927 3306 2982 fuistis
3333 2925 3405 2981 ob
3434 2925 3528 2980 illa

1941 3025 2102 3091 bona,
2127 3041 2245 3095 qua:
2268 3025 2393 3080 hinc
2417 3025 2568 3080 vobis
2608 3023 2834 3078 retribui
2869 3030 3269 3091 exspectantur.
3305 3019 3371 3073 Et
3399 3020 3538 3073 bene

1945 3117 2138 3190 adjecit
2164 3118 2347 3172 dicens
2381 3131 2398 3170 :
2423 3115 2653 3186 Spiritus
2681 3115 2850 3169 sancti
2877 3127 2895 3166 :
2923 3129 3023 3168 nec
3061 3113 3204 3186 enim
3227 3119 3347 3180 erat
3375 3110 3536 3164 aliter

1868 3235 1913 3300 α
1946 3201 2180 3280 gaudere
2207 3207 2323 3263 illos
2369 3207 2460 3276 qui
2484 3207 2551 3262 ad
2593 3221 2849 3300 prtesens‘
2881 3204 3233 3300 tristabantur
3277 3217 3376 3273 pro
3409 3196 3534 3300 ~illis

1943 3301 2033 3372 qui
2057 3301 2282 3356 necdum
2306 3300 2644 3365 videbantur,
2671 3299 2768 3354 nisi
2799 3297 2886 3353 illa
2909 3295 3188 3359 miracula,
3207 3309 3327 3366 quae
3347 3310 3377 3348 a
3405 3292 3528 3364 Spi-

1945 3393 2050 3448 ritu
2077 3391 2274 3447 ﬁebant
2295 3392 2502 3445 tirmam
2527 3387 2634 3444 illis
2658 3388 2816 3444 ﬁdem
2839 3388 2905 3443 de
2959 3385 3153 3441 futuris
3197 3391 3522 3455 praeparent,

1944 3491 2006 3540 ut
2035 3485 2101 3540 ad
2124 3483 2247 3539 illas
2269 3483 2496 3538 virtutes
2545 3481 2892 3552 inspicientes
2931 3475 3089 3533 facile
3137 3475 3280 3532 ferre
3325 3475 3535 3547 possint

1948 3577 2060 3646 illa,
2091 3593 2209 3649 qum
2233 3579 2287 3632 in
2307 3575 2559 3646 prresenti
2587 3573 2824 3644 tristitire
2849 3571 3000 3642 plena
3034 3585 3156 3626 esse
3184 3568 3528 3632 videbantur,

1947 3685 2000 3726 et
2019 3685 2220 3741 augens
2240 3669 2293 3723 in
2317 3665 2528 3722 laudem
2550 3681 2736 3722 eorum
2763 3663 2848 3718 illa
2867 3678 2987 3744 quae
3008 3662 3073 3717 ad
3095 3657 3526 3717 exhortationem

1947 3763 2159 3820 illorum
2198 3763 2301 3818 illis
2330 3761 2459 3832 ipsis
2488 3767 2740 3832 poterunt
2765 3756 3076 3821 convenire,
3113 3753 3199 3808 Ita
3225 3762 3303 3816 ut,
3333 3751 3533 3820 inquit,

1947 3857 2140 3927 ﬁeretis
2168 3857 2338 3926 [arma
2387 3852 2624 3908 omnibus
2670 3849 2994 3905 credentibus
3037 3845 3092 3900 in
3139 3841 3449 3898 Macedonia
3489 3848 3540 3895 et

1951 3947 2170 4002 Achaia.
2189 3945 2297 4000 Vos
2309 3944 2450 3999 enim
2467 3942 2810 4013 inSpicientes
2823 3937 2896 3994 illi
2912 3939 3002 4009 qui
3021 3939 3072 3992 in
3091 3934 3398 3990 Macedonia
3416 3937 3540 4009 sunt

1951 4047 2006 4095 et
2026 4037 2246 4101 Achaia,
2267 4044 2323 4091 et
2348 4034 2574 4091 credunt
2595 4041 2649 4088 et
2672 4029 2937 4086 sustinent
2958 4026 3385 4100 persecutionem
3415 4038 3535 4077 eru-

1950 4131 2232 4186 bescentes
2257 4144 2322 4182 ne
2345 4123 2631 4181 dissimiles
2654 4122 2805 4178 vobis
2829 4121 2883 4176 in
2902 4121 3003 4176 hoc
3024 4118 3219 4175 sacculo
3233 4116 3536 4180 videantur,

1952 4233 2008 4277 et
2048 4219 2279 4294 quodam
2319 4217 2478 4272 modo
2514 4215 2699 4270 forma:
2743 4213 3066 4269 exstiterunt
3106 4207 3319 4264 illorum
3358 4207 3446 4278 qui
3481 4219 3540 4262 se

254 4307 696 4363 tribulationibus
744 4308 873 4378 ipsis
942 4309 1194 4379 operibus
1234 4310 1547 4364 ostendistis
1573 4351 1586 4375 ,
1634 4317 1853 4379 propter
1955 4329 2060 4368 non
2101 4311 2368 4366 viderant.
2397 4309 2440 4361 A
2468 4308 2606 4362 vobis
2651 4307 2786 4360 enim
2832 4305 3164 4374 diﬂ'amatum
3213 4309 3289 4354 est
3327 4297 3538 4354 verbum

255 4401 348 4457 in“
373 4417 494 4472 (illi?
515 4410 731 4472 590mm
746 4401 896 4470 "illis
913 4399 1100 4459 adesse
1115 4417 1214 4472 PI‘O
1232 4402 1318 4457 illa
1335 4401 1563 4472 quamin
1579 4399 1852 4456 Christum
1957 4405 2168 4460 Domini
2200 4421 2301 4458 non
2325 4401 2495 4458 solum
2524 4402 2579 4455 in
2615 4397 2923 4455 Macedonia
2949 4408 2997 4451 et
3023 4395 3239 4458 Achaia,
3267 4391 3358 4448 sed
3407 4402 3454 4446 et
3483 4392 3538 4446 in

255 4494 492 4554 habetis,
525 4494 648 4549 ﬁde.
681 4493 825 4549 Bene
846 4501 1021 4562 autem
1049 4494 1458 4565 adjecit,coram
1486 4493 1590 4547 Deo
1621 4501 1668 4547 et
1694 4487 1852 4547 Patre

1957 4497 2098 4551 omni
2133 4493 2244 4550 loco
2272 4495 2403 4564 ﬁdes
2431 4503 2599 4548 vestra
2627 4507 2743 4563 qua:
2773 4489 2842 4544 ad
2871 4487 3038 4542 Deum
3069 4486 3246 4540 exivit.
3301 4481 3539 4537 Verbum

257 4595 472 4650 nostra,
497 4595 555 4639 ut
585 4587 730 4641 dicat
761 4603 774 4641 :
813 4586 1004 4657 placite
1025 4587 1134 4642 Deo
1165 4589 1265 4642 ista
1297 4587 1534 4651 faciatis,
1569 4586 1640 4639 ita
1679 4593 1738 4639 ut
1777 4583 1854 4638 vi—
1877 4597 1931 4658 ῃ
1957 4587 2050 4642 Dei
2082 4587 2184 4641 hoc
2211 4585 2262 4639 in
2291 4579 2410 4639 loco
2449 4597 2556 4638 non
2599 4581 2757 4636 ﬁdem
2788 4579 2938 4642 dicit,
2985 4591 3087 4631 nec
3114 4574 3259 4629 enim
3289 4569 3422 4640 ﬁdes
3468 4568 3538 4624 ab

255 4675 455 4732 deatur
488 4675 619 4732 ﬁdes
645 4677 730 4731 illa
752 4717 768 4743 ,
801 4677 919 4749 quae
945 4693 1069 4750 erga
1094 4677 1364 4734 Christum
1392 4687 1506 4744 est,
1539 4689 1593 4732 et
1625 4677 1849 4733 affectus

256 4765 822 4832 ille,secundum'Dei
871 4771 987 4826 ﬁeri
1035 4771 1398 4836 voluntatem,
1445 4779 1500 4825 et
1528 4769 1726 4825 docens
1755 4785 1849 4825 eos

255 4863 512 4933 quoniam
543 4864 686 4933 juste
714 4865 893 4919 omnia
926 4880 1022 4936 pro
1050 4863 1150 4919 ﬁde
1171 4865 1457 4919 sustinent.

329 4954 564 5009 Scientes
601 4955 789 5026 fratres
828 4957 1002 5011 dilecti
1039 4974 1070 5010 a
1114 4955 1220 5022 Deo
1267 4955 1565 5009 electionem
1598 4963 1842 5020 vestram,

255 5049 382 5120 quia
415 5045 757 5118 Evangelium
779 5059 1014 5104 nostrum
1042 5067 1146 5105 non
1171 5051 1269 5120 fuit
1300 5051 1369 5104 ad
1389 5067 1477 5105 vos
1515 5052 1569 5105 in
1610 5067 1845 5105 sermone

254 5147 464 5194 tantum
484 5179 498 5203 ,
535 5137 628 5194 sed
656 5139 710 5194 in
732 5142 917 5195 virtute
945 5152 990 5194 et
1020 5143 1073 5195 in
1101 5140 1303 5212 Spiritu
1348 5151 1527 5194 sancto
1562 5150 1608 5194 et
1645 5139 1699 5194 in
1737 5139 1844 5211 ple-

255 5231 499 5284 nitudine
527 5229 711 5284 multa.
753 5229 935 5297 Scitis,
985 5231 1180 5302 inquit,
1204 5232 1654 5302 quemadmodum
1687 5231 1844 5286 electi

255 5322 415 5386 estis,
443 5322 544 5376 hoc
593 5329 694 5388 est,
737 5321 1188 5393 quemadmodum
1237 5323 1304 5377 ad
1345 5321 1502 5376 ﬁdem
1542 5321 1838 5388 accessitis,

256 5429 366 5469 non
400 5414 548 5482 puris
575 5413 912 5470 sermonibus
960 5415 1158 5469 nostris
1199 5415 1500 5470 credentes.
1547 5413 1657 5471 Nec
1696 5416 1842 5472 enim

256 5506 572 5561 dicebamus
602 5516 834 5571 tantum,
862 5508 954 5561 sed
999 5515 1052 5560 et
1094 5505 1349 5560 miracula
1393 5522 1583 5577 magna
1629 5513 1683 5562 et
1727 5507 1842 5576 glo-

257 5597 403 5654 riosa
427 5614 524 5668 per
543 5599 798 5654 virtutem
825 5598 1058 5670 Spiritus
1083 5599 1293 5664 effecta,
1324 5616 1390 5654 ex
1422 5587 1616 5668 quibus
1648 5599 1843 5654 conﬁr-

255 5691 536 5746 mahimini
565 5691 630 5745 de
650 5691 732 5746 bis
757 5707 876 5761 qua:
923 5708 951 5745 a
983 5691 1136 5746 nobis
1165 5691 1228 5745 ad
1255 5705 1348 5745 vos
1373 5690 1706 5745 dicebantur.
1738 5689 1840 5743 Ita-

254 5795 365 5852 que
397 5797 524 5854 ergo
552 5797 671 5852 (luce
701 5783 1027 5853 cognovistis
1063 5782 1372 5837 cautissime
1401 5781 1489 5837 illa
1520 5798 1641 5837 cum
1677 5779 1840 5852 justi-

257 5874 336 5946 tia
371 5875 623 5945 retinete,
651 5890 826 5933 neoue
851 5875 920 5933 ab
948 5873 1052 5932 illis
1085 5891 1206 5946 quae
1237 5876 1390 5934 vobis
1433 5873 1682 5932 accidunt
1725 5885 1842 5928 ma-

1949 4675 2055 4734 illis
2079 4677 2288 4748 accepit
2316 4675 2660 4747 principium,
2693 4673 2784 4728 sed
2806 4683 3016 4731 omnes,
3043 4665 3235 4737 inquit,
3273 4675 3511 4734 cognove

1950 4777 2074 4824 runt
2103 4775 2301 4836 quanta
2325 4781 2424 4835 pro
2445 4763 2547 4818 ﬁde
2575 4762 2719 4832 passi
2751 4759 2902 4824 estis,
2940 4764 2996 4812 et
3035 4769 3220 4810 omnes
3272 4752 3397 4808 ﬁdei
3441 4765 3505 4805 ve

1935 4869 2074 4915 .stra:
2098 4857 2410 4913 ﬁrmitatem
2435 4856 2723 4919 mirantur,
2763 4853 2836 4906 ita
2861 4858 2920 4905 ut
2951 4861 3005 4905 et
3027 4849 3225 4904 alteros
3245 4845 3507 4901 adhorten

1948 4959 2080 5018 tur;
2117 4958 2172 5005 et
2198 4947 2558 5004 abundantius
2589 4943 2676 4999 illa
2716 4943 2828 5014 ipsa
2875 4941 3248 5012 constringens
3297 4937 3374 4992 ait
3406 4955 3420 4990 :
3450 4933 3534 4990 Its

1949 5054 2130 5098 utnon
2155 5057 2355 5096 necesse
2373 5038 2656 5092 habeamus
2682 5035 2824 5106 loqui
2849 5033 3096 5105 aliquid:
3138 5031 3239 5101 ipsi
3288 5029 3426 5084 enim
3473 5027 3538 5082 de

1951 5142 2097 5196 nobis
2119 5138 2436 5194 annuntiant
2455 5131 2662 5204 qualem
2685 5128 2955 5184 introitum
2977 5122 3311 5179 habuerimus
3334 5120 3403 5174 ad
3425 5136 3512 5174 vos

1947 5244 1994 5289 et
2025 5231 2284 5302 quomodo
2313 5225 2546 5283 conversi
2570 5223 2692 5278 estis
2714 5220 2785 5275 ad
2813 5218 3096 5274 Dominum
3140 5231 3172 5268 a
3211 5211 3530 5276 simulacris,

1945 5325 2136 5379 servire
2153 5321 2258 5375 Deo
2290 5319 2398 5374 viso
2427 5325 2476 5372 et
2495 5331 2610 5371 vero
2639 5323 2687 5370 et
2709 5320 3004 5382 exspectare
3023 5307 3192 5378 ﬁlium
3206 5305 3323 5375 ejus
3351 5303 3417 5357 de
3435 5319 3533 5356 caa-

1945 5414 2030 5479 lis,
2061 5429 2212 5484 quem
2257 5407 2524 5465 suscitauit
2552 5423 2617 5461 ea:
2637 5405 2854 5460 mortuis
2884 5399 3088 5467 Iesum,
3115 5399 3205 5469 qui
3233 5396 3414 5467 eripiet
3428 5409 3532 5484 nos

1946 5505 2010 5559 ab
2031 5483 2113 5558 ira
2152 5512 2386 5558 ventura.
2417 5499 2528 5554 Nec
2564 5495 2708 5553 enim
2742 5495 3040 5566 indigemus
3070 5491 3377 5558 ubicunque
3415 5483 3535 5564 fue-

1948 5596 2118 5650 rimus
2147 5591 2349 5663 aliquid
2378 5591 2442 5647 de
2461 5591 2612 5645 vobis
2643 5587 2843 5653 dicere,
2875 5601 2941 5641 eo
2958 5584 3100 5656 quod
3155 5580 3364 5650 cognita
3408 5581 3535 5631 sunt

1946 5687 2196 5744 omnibus
2243 5685 2330 5742 illa
2375 5700 2495 5757 quae
2537 5701 2666 5756 erga
2719 5698 2817 5738 vos
2858 5679 2999 5750 facta
3046 5677 3296 5740 fuerunt,
3349 5674 3422 5728 ita
3475 5679 3531 5726 ut

1948 5781 2091 5838 nulla
2121 5781 2191 5836 sit
2217 5779 2412 5836 invidia
2434 5777 2789 5834 referentibus
2817 5769 3272 5846 quemadmodum
3297 5765 3530 5837 suscepti

1952 5887 2140 5932 sumus
2161 5889 2192 5930 a
2219 5873 2374 5930 vobis
2401 5886 2526 5928 eum
2553 5869 2865 5934 celeritate,
2893 5867 2999 5923 hoc
3023 5862 3169 5922 enim
3197 5859 3354 5927 dicit,
3394 5873 3530 5928 aua-
