3986 6338
449 393 554 448 διε.

1081 395 1139 450 Β.
1180 395 1360 450 RABA
1370 394 1434 449 Nl
1471 393 1688 451 MAURI
1705 384 2008 452 -ARCHIEP

2110 394 2388 452 iOGUNT.
2429 393 2711 452 OPERUM
2747 393 2927 449 PARS
2964 393 3046 448 Ill.

3590 390 3716 449 5“

448 511 543 564 leni
577 510 845 562 introitum
893 509 1168 563 habuimus
1210 509 1277 561 ad
1339 524 1448 574 vos,
1472 516 1526 562 et
1565 506 2014 576 quemadmodum
2041 507 2091 570 Α
2117 506 2288 561 ditum
2313 505 2522 562 cautela
2565 513 2620 560 et
2669 505 2953 569 munditia,
3015 505 3158 575 quod
3214 515 3268 560 et
3310 507 3612 576 probabitis
3649 518 3720 564 et

444 601 646 659 nostris
672 600 883 670 placitis
910 601 1190 664 doctrinis,
1210 599 1532 656 discessistis
1560 599 1777 670 quidem
1797 615 1827 652 a
1853 601 2019 655 simu-

447 694 720 750 lacrorum
744 691 976 757 cultura,
1024 692 1414 763 recognovistis
1461 705 1590 746 vero
1636 699 1873 745 vestrum
1919 691 2020 746 Do-

447 789 672 848 minum,
695 784 863 854 quiet
889 799 1014 839 vere
1040 784 1164 838 vivit
1199 793 1354 838 etest
1381 782 1518 836 Deus
1540 796 1700 837 verus
1729 783 2020 838 :credidis-

451 879 521 931 tis
551 885 727 929 autem
756 883 810 928 et
830 873 934 928 illis
961 888 1080 943 qua:
1101 873 1168 928 de
1189 871 1316 926 Jesu
1347 871 1487 927 dicta
1511 880 1638 926 sunt
1664 872 1837 937 vobis,
1887 887 2021 941 quo-

452 967 594 1021 niam
624 964 920 1019 resurrexit
948 980 978 1018 a
1008 962 1266 1028 mortuis,
1319 971 1376 1017 ut
1425 977 1611 1017 omnes
1655 978 1754 1018 nos
1809 963 1898 1032 qui
1963 963 2019 1018 in

449 1071 569 1111 eum
598 1056 866 1110 credimus
895 1054 963 1110 ab
996 1061 1305 1126 exspectata
1349 1053 1542 1108 liberet
1590 1068 1774 1123 pmna,
1812 1063 1868 1109 et
1885 1069 2020 1124 quo-

449 1149 592 1202 niam
627 1148 692 1203 de
720 1146 855 1203 caelo
880 1147 1058 1203 veniet
1105 1145 1353 1201 omnibus
1387 1147 1542 1201 nobis
1583 1145 1840 1200 beneﬁcia
1887 1160 2021 1215 pra)-

452 1245 621 1293 stans.
650 1236 795 1291 Bene
821 1246 1000 1292 autem
1027 1237 1260 1307 primum
1286 1236 1420 1291 dixit
1457 1238 1743 1291 adventum
1795 1235 1912 1306 ejus
1954 1238 2022 1292 de

447 1330 603 1392 caelo,
626 1329 818 1384 deinde
843 1329 1314 1394 resurrectionem,
1341 1336 1396 1382 et
1436 1327 1652 1398 quidem
1683 1343 1803 1383 cum
1829 1329 2020 1384 ordine

447 1421 500 1475 id
521 1419 815 1474 secundum
853 1433 971 1474 esse
997 1418 1290 1484 videretur,
1343 1433 1409 1473 eo
1449 1419 1589 1489 quod
1619 1420 1686 1473 ad
1723 1419 1845 1474 ﬁdei
1885 1435 2018 1475 con-

442 1513 802 1568 ﬁrmationem
843 1511 969 1566 illud
991 1511 1321 1567 velmaxime
1345 1512 1727 1581 eratdignum,
1771 1512 1914 1583 quod
1952 1512 2020 1568 de

443 1601 578 1656 etelo
606 1602 674 1656 sit
704 1601 756 1656 in
785 1601 888 1656 ﬁne
914 1601 1093 1657 saaculi
1122 1602 1462 1672 appariturus
1499 1601 1689 1672 gloria.
1715 1601 2018 1658 Notandum

443 1703 526 1747 est
567 1702 746 1748 autem
796 1692 1048 1762 quoniam
1100 1692 1152 1745 in
1213 1691 1623 1747 simulacrorum
1675 1694 2020 1749 abdicatione

441 1782 606 1837 Deum
628 1784 808 1837 vivum
838 1792 892 1838 et
921 1798 1106 1837 verum
1133 1799 1253 1839 esse
1281 1786 1535 1850 asseruit,
1579 1795 1640 1841 ut
1678 1801 1710 1841 e
1744 1789 2018 1844 contrario

2119 600 2274 654 nobis
2303 599 2565 654 creditum
2587 613 2706 653 esse
2731 597 2959 662 videtur,
2985 597 3129 652 unde
3153 605 3208 652 et
3234 597 3335 668 ipsi
3377 599 3718 668 probatione

2119 696 2508 757 consequenter
2545 686 2910 757 perstetimus.
2953 696 3191 757 agentes,
3211 687 3396 757 sicque
3422 688 3551 744 illud
3572 706 3713 744 cum

2119 777 2310 832 ﬁducia
2339 778 2602 843 dicentes,
2629 777 2788 833 sicuti
2824 778 3178 833 conveniebat
3215 793 3310 834 eos
3361 778 3556 845 facere,
3604 780 3713 850 qui

2120 885 2224 924 non
2245 870 2550 924 hominibus
2575 869 2788 938 placere
2825 870 3062 932 student,
3085 869 3179 924 sed
3205 869 3333 935 Deo,
3350 872 3439 942 qui
3461 882 3712 928 mentem

2119 959 2430 1014 cautissime
2471 959 2743 1029 cognoscit
2772 977 2784 990 ο
2819 960 2932 1013 haec
2968 974 3095 1013 vero
3133 961 3384 1016 universa
3417 963 3717 1032 conjunxit

2118 1055 2179 1101 ut
2203 1048 2718 1116 ostendatquoniaiu
2733 1047 2876 1117 justa
2907 1050 3116 1104 ratione
3131 1051 3325 1105 ﬁducia
3349 1064 3432 1108 est
3455 1054 3666 1110 abusus
3695 1075 3710 1110 :

2119 1139 2414 1208 persistens
2441 1155 2570 1194 vero
2619 1139 2824 1195 referre
2873 1141 2957 1195 illa
2983 1157 3104 1210 qua:
3154 1145 3447 1199 secundum
3486 1162 3546 1201 se
3576 1160 3718 1202 sunt

2119 1229 2186 1282 ad
2214 1231 2518 1286 edocendos
2542 1245 2636 1286 eos
2661 1233 2827 1286 edicit
2861 1251 2873 1286 :

2193 1321 2303 1375 Nec
2323 1323 2458 1376 enim
2483 1322 2766 1393 aliquando
2786 1325 2840 1377 in
2862 1325 3009 1378 verbo
3034 1326 3358 1382 adulationis
3380 1329 3580 1398 fuimus
3602 1333 3718 1385 sic—

2118 1421 2174 1466 ut
2203 1414 2303 1481 ipsi
2331 1414 2491 1467 scitis.
2526 1414 2842 1470 Econtrario
2870 1419 3065 1471 etenim
3099 1420 3428 1484 dicebamus,
3455 1425 3602 1491 quod
3627 1425 3718 1481 illi

2118 1505 2208 1574 qui
2234 1504 2319 1573 pic
2344 1505 2523 1558 vivere
2575 1506 2797 1575 cupiunt
2828 1509 3201 1565 tribulationes
3247 1516 3532 1580 prarscntis
3578 1518 3716 1570 vita:

2118 1605 2244 1650 sunt
2272 1595 2503 1665 passuri.
2531 1595 2675 1649 Bene
2696 1608 2875 1651 autem
2923 1598 3142 1667 adjecit,
3190 1603 3322 1654 sicut
3374 1604 3540 1668 scitis,
3587 1605 3714 1660 illos

2121 1688 2265 1757 ipsos
2295 1697 2458 1742 testes
2506 1703 2727 1742 suorum
2783 1693 3068 1745 verborum
3096 1695 3396 1762 producere
3419 1706 3707 1766 properat.

2120 1776 2302 1848 Neque
2323 1778 2377 1831 in
2402 1779 2672 1832 occasione
2686 1781 2941 1842 avaritite,
2965 1797 3127 1852 neque
3153 1783 3223 1836 ad
3241 1795 3496 1854 quaestum
3529 1803 3711 1856 respe-

439 1875 686 1930 ostendat
718 1874 1004 1930 simulacra
1035 1890 1209 1944 neque
1257 1875 1526 1942 vivorum,
1552 1893 1728 1948 neque
1761 1895 2008 1935 verorum

2113 1870 2392 1933 ximus;et
2413 1869 2514 1924 hoc
2551 1869 2738 1926 dicens
2771 1887 2875 1925 non
2903 1872 3098 1942 adjecit
3135 1873 3297 1939 ultra,
3344 1876 3486 1931 sicut
3525 1879 3710 1944 scitis,

435 1981 554 2020 esse
592 1966 835 2032 deorum,
882 1967 975 2021 sed
1007 1975 1211 2021 tantum
1236 1967 1361 2036 quia
1388 1966 1524 2023 falso
1551 1970 1766 2024 nomine
1787 1971 1838 2024 id
1861 1971 2012 2026 dica-

436 2064 543 2109 tur.
580 2055 748 2126 lgitur
783 2057 1089 2126 ubicunque
1117 2073 1302 2112 vocem
1336 2059 1475 2114 hanc
1507 2061 1844 2126 inveneritis,
1873 2063 2015 2118 scire

433 2158 528 2198 vos
551 2147 818 2209 convenit,
843 2147 1091 2215 quoniam
1117 2163 1288 2218 neque
1308 2150 1373 2204 de
1399 2148 1559 2205 Patre
1585 2151 1653 2204 ad
1679 2151 2016 2224 interceptio-

433 2250 557 2290 nem
585 2238 687 2292 dici
707 2239 875 2308 possit
891 2239 1034 2305 Filii,
1048 2256 1222 2311 neque
1242 2243 1307 2297 de
1325 2241 1460 2296 Filio
1479 2243 1544 2296 ad
1570 2243 2013 2314 intereeptionem

433 2326 537 2381 dici
560 2329 913 2397 possitPatris
932 2351 944 2385 :
971 2332 1218 2387 similiter
1234 2343 1288 2388 et
1303 2331 1537 2398 Patrem,
1555 2343 1612 2388 et
1630 2334 1823 2389 Filium
1848 2335 2014 2392 Deum

431 2419 573 2487 apud
609 2434 796 2475 omnes
834 2421 951 2490 pios
989 2437 1108 2477 esse
1135 2425 1420 2478 creditura.
1453 2424 1648 2480 Dicens
1688 2435 1868 2480 autem
1909 2428 2010 2482 ista

433 2510 501 2563 ad
527 2511 955 2567 exhortationem
984 2528 1170 2569 eorum
1192 2525 1527 2571 memoratur
1545 2517 1682 2572 ultra
1699 2527 1753 2573 et
1781 2518 1871 2574 illa
1894 2535 2014 2590 qua:

433 2602 723 2656 secundum
747 2618 804 2658 se
826 2613 970 2672 sunt,
989 2605 1079 2660 illa
1101 2607 1186 2661 vel
1210 2609 1443 2663 maxime
1466 2610 1651 2664 dicens
1670 2626 1790 2680 quae
1812 2612 1886 2666 illi
1909 2613 2012 2682 ipsi

432 2693 571 2762 apud
610 2708 668 2748 se
711 2694 856 2751 facta
881 2712 1000 2752 esse
1045 2699 1308 2766 sciebant,
1358 2709 1414 2755 et
1453 2711 1514 2755 ut
1552 2701 1642 2756 illa
1692 2719 1810 2772 quae
1848 2703 1916 2758 de
1951 2718 2010 2760 se

430 2793 583 2840 erant
613 2801 733 2842 cum
765 2788 868 2844 illis
896 2806 1346 2859 commemorans,
1386 2795 1638 2851 suaderet
1657 2795 1762 2852 illis
1784 2813 1892 2852 non
1918 2813 2008 2855 ce-

431 2873 558 2930 dere
585 2877 838 2935 tristitiae.

1061 3013 1289 3074 CAPUT
1311 3017 1374 3073 ll.

429 3118 744 3202 Consolatur
783 3141 904 3180 suos
942 3127 1005 3202 in_
1047 3129 1278 3202 adversis
1313 3147 1407 3202 per
1460 3133 1876 3202 canformitatem
1933 3137 2002 3193 ad

569 3196 737 3262 ipsum
761 3206 914 3266 atque
935 3198 1005 3250 ad
1036 3196 1323 3254 Ecclesium
1349 3200 1398 3254 Η
1406 3196 1857 3273 ierosolymorum.

498 3325 610 3396 Ipsi
637 3329 774 3382 enim
810 3330 972 3384 nostis
997 3331 1185 3399 fratres
1214 3334 1483 3388 introitum
1515 3345 1748 3392 nostrum
1777 3343 1867 3410 qui
1906 3341 2005 3412 fuit

428 3415 498 3469 ad
524 3432 626 3480 vos,
645 3419 889 3488 quoniam
921 3436 1024 3473 non
1049 3422 1221 3476 inanis
1243 3423 1365 3492 fuit,
1389 3425 1479 3479 sed
1499 3438 1617 3482 ante
1644 3430 1786 3499 passi
1820 3443 1867 3485 et
1889 3449 2008 3489 con-

427 3505 649 3561 tumeliis
689 3509 882 3578 aﬂ'ecti,
904 3511 1039 3565 sicut
1064 3515 1226 3569 nostis
1269 3518 1324 3570 in
1374 3515 1658 3591 Philippis,
1689 3523 2007 3592 ﬁducialiter

425 3601 624 3669 egimus
642 3601 696 3654 in
719 3601 829 3656 Deo
872 3614 1070 3672 nostro,
1115 3606 1252 3678 loqui
1291 3610 1362 3663 ad
1397 3628 1481 3666 eos
1525 3613 1866 3686 Evangelium
1908 3619 2005 3675 Dei

428 3692 484 3744 iu
511 3690 674 3744 multa
712 3691 1010 3750 solitudine.
1039 3696 1270 3770 (Ambr).
1297 3698 1479 3769 Scitis,
1525 3705 1720 3774 inquit,
1749 3711 2002 3778 quoniam

429 3797 532 3836 non
561 3782 818 3850 absolute,
855 3803 953 3842 nec
976 3788 1199 3845 fortuito
1229 3792 1296 3847 ad
1327 3808 1421 3849 vos
1445 3797 1712 3862 venimus,
1738 3802 1834 3856 sed
1879 3802 2006 3858 licet

427 3873 593 3929 multa
621 3876 758 3931 mala
780 3878 1037 3951 Philippis
1063 3884 1207 3953 passi
1231 3883 1516 3953 fuerimus,
1557 3897 1737 3946 tamen
1771 3909 1876 3949 non
1907 3896 2002 3950 de-

424 3964 622 4022 fuimus
645 3969 710 4023 ad
731 3985 827 4024 vos
849 3973 1124 4030 venientes
1145 3991 1268 4032 cum
1291 3977 1484 4035 ﬁducia
1524 3985 1820 4052 praedicare
1849 3989 2003 4044 vobis

422 4057 694 4128 pietatem,
728 4071 782 4116 et
815 4064 1027 4133 quidem
1057 4083 1179 4122 cum
1212 4070 1377 4127 multa
1407 4075 1562 4130 nobis
1593 4091 1621 4130 a
1668 4078 1874 4136 dextris
1917 4083 2002 4136 in-

421 4150 703 4205 cumberet
724 4155 1018 4211 necessitas
1045 4175 1058 4210 :
1085 4159 1221 4214 bene
1254 4171 1435 4218 autem
1471 4165 1629 4233 dixit,
1660 4170 1787 4238 quia
1816 4171 1867 4226 in
1893 4173 2003 4229 Deo

422 4235 746 4294 ﬁducialiter
781 4245 1074 4312 gessimus,
1115 4264 1184 4304 ne
1223 4251 1324 4307 sibi
1355 4253 1629 4310 videretur
1665 4235 1836 4328 ipsam
1868 4261 2004 4317 ﬁdu-

348 4317 354 4332 ’
421 4328 561 4385 ciam
583 4331 873 4397 ascribere,
903 4334 1129 4406 ideoque
1155 4353 1276 4396 eam
1299 4347 1663 4414 cooperatioui
1686 4317 1890 4408 divinae
1909 4369 2000 4410 as-

423 4421 627 4493 cripsit.
667 4424 1046 4483 Demirandum
1070 4440 1152 4486 est
1185 4442 1361 4490 autem
1402 4444 1457 4491 et
1498 4438 1646 4507 illud,
1682 4445 1826 4512 quod
1867 4446 2004 4503 dixit

423 4513 729 4584 Apostolus,
752 4521 1004 4587 quoniam
1029 4539 1136 4579 non
1163 4525 1260 4580 fuit
1298 4527 1475 4584 inanis
1498 4531 1750 4590 introitus
1796 4546 2020 4606 noster,.

423 4615 488 4658 eo
517 4607 658 4674 quod
687 4609 855 4665 multa
878 4622 996 4668 erat
1033 4625 1158 4672 ante
1200 4634 1411 4687 passus,
1461 4625 1615 4692 quasi
1643 4643 1773 4699 ergo
1814 4631 1904 4701 qui
1949 4633 2003 4688 in

423 4700 756 4767 passionibus
783 4703 913 4773 ipsis
933 4707 1138 4764 lucrum
1165 4713 1266 4767 sibi
1293 4714 1540 4782 collocet,
1564 4719 1689 4774 dum
1741 4700 1874 4777 nihil
1894 4727 2008 4780 exi-

423 4789 606 4844 stimat
626 4806 683 4846 se
713 4795 871 4852 inane
894 4796 1092 4866 facere,
1114 4806 1331 4873 quando
1360 4816 1415 4860 et
1439 4809 1548 4878 pati
1573 4825 1696 4866 eum
1715 4817 2006 4886 contigerit

421 4885 490 4939 ob
520 4885 772 4955 pietatem
799 4907 813 4942 :
835 4898 890 4944 et
917 4895 1331 4962 quoniam'dixit
1353 4901 1658 4968 passiones,
1679 4905 1812 4960 dicit
1837 4885 2003 4963 etiam

419 4983 475 5031 et
504 4977 759 5033 doctrinae
783 4983 998 5037 modum
1032 5003 1044 5037 :
1075 4985 1375 5042 Consolatio
1406 4991 1543 5045 enim
1576 5005 1754 5049 nostra
1792 5013 1895 5052 non
1936 5017 2001 5053 ex

418 5083 614 5134 errore,
645 5086 806 5140 neque
830 5089 894 5126 ex
913 5073 1269 5143 immunditia,
1294 5096 1456 5152 neque
1480 5101 1545 5139 ex
1569 5087 1708 5150 dolo,
1745 5090 1839 5145 sed
1863 5094 1997 5148 sicut

417 5157 622 5228 probati
651 5175 830 5214 sumus
853 5178 886 5215 a
910 5161 1020 5217 Deo
1041 5175 1094 5218 ut
1136 5168 1431 5226 crederetur
1451 5177 1590 5231 vobis
1629 5178 1995 5252 Evangelium,

419 5248 495 5301 sic
534 5247 794 5318 loquimur
843 5269 948 5308 non
977 5264 1225 5326 tanquam
1271 5260 1565 5320 hominibus
1598 5247 1878 5340 placentes,
1906 5247 1996 5330 sed

424 5343 550 5410 Deo,
573 5346 663 5415 qui
688 5347 870 5415 probat
895 5352 1055 5406 corda
1088 5365 1285 5411 nostra.
1311 5358 1740 5421 Consolationem
1790 5369 1874 5423 vel
1899 5385 1995 5426 ex-

417 5433 776 5492 hortationem
804 5439 979 5497 hocin
1013 5442 1131 5499 loco
1171 5458 1327 5503 vocat
1351 5449 1673 5514 doctrinam.
1730 5458 1810 5513 sic
1845 5461 1990 5517 enim

416 5539 537 5616 vos,
560 5525 750 5597 inquit,
769 5529 1047 5589 docuimus
1088 5551 1195 5592 non
1243 5539 1385 5596 sicut
1427 5541 1500 5598 illi
1558 5545 1732 5602 solent
1774 5549 1989 5616 docere,

419 5615 509 5686 qui
535 5617 791 5675 seducere
834 5622 1019 5678 volunt
1060 5625 1180 5683 illos
1214 5644 1350 5700 quos
1390 5632 1604 5701 docent,
1649 5647 1742 5694 aut
1792 5640 1994 5712 aliquid

419 5707 524 5765 illis
551 5711 753 5770 referre
779 5732 886 5772 non
928 5733 1134 5792 verum,
1181 5724 1275 5794 qui
1313 5733 1368 5781 et
1403 5726 1527 5783 dolo
1565 5745 1706 5801 saepe
1737 5732 1826 5788 illa
1875 5707 1994 5805 quae

420 5802 602 5860 dicunt
629 5809 921 5878 occultant,
944 5812 1039 5870 sed
1060 5814 1251 5885 dogma
1278 5832 1464 5876 verum
1488 5828 1546 5876 et
1591 5821 1820 5880 plurima
1863 5802 1995 5883 orae-

2115 1961 2208 2016 sed
2241 1960 2382 2016 Deus
2420 1962 2574 2017 testis
2601 1971 2702 2027 est,
2726 1962 2870 2031 justa
2899 1958 3104 2019 ratione
3132 1966 3256 2021 vitm
3286 1982 3396 2021 sua:
3426 1975 3567 2022 teste
3597 1969 3712 2025 Deo

2113 2061 2197 2107 est
2221 2068 2350 2107 usus
2369 2054 2520 2123 quasi
2551 2053 2668 2123 plus
2691 2054 2900 2110 idoneo.
2929 2055 3110 2126 Neque
3128 2067 3418 2128 qua’rentes
3443 2077 3508 2114 ex
3535 2063 3711 2114 homi-

2116 2144 2265 2198 nibus
2287 2145 2529 2216 gloriam,
2564 2163 2724 2219 neque
2751 2165 2782 2202 a
2811 2147 2970 2215 vobis,
2996 2167 3159 2220 neque
3186 2151 3248 2204 ab
3274 2153 3413 2207 aliis.
3461 2151 3570 2208 Sed
3608 2172 3708 2211 ne-

2114 2249 2218 2304 que
2285 2236 2620 2305 respeximus
2693 2238 2984 2308 aliquando
3063 2240 3297 2310 qualiter
3343 2245 3701 2314 acquiramus

2113 2323 2350 2390 lau'dem,
2371 2337 2462 2379 aut
2487 2342 2516 2380 a
2544 2327 2696 2382 vobis
2719 2338 2812 2382 aut
2833 2330 2900 2384 ab
2923 2329 3043 2384 aliis
3060 2330 3348 2400 aliquibus.
3375 2331 3708 2390 Cautissime

2113 2415 2255 2468 enim
2299 2417 2478 2485 posuit
2509 2433 2612 2472 non
2635 2429 2947 2489 quwrentes,
2975 2421 3074 2476 hoc
3103 2431 3204 2486 est,
3241 2439 3347 2479 non
3382 2426 3483 2480 hoc
3512 2429 3700 2498 auspi-

2113 2512 2317 2572 cante‘s,
2343 2523 2439 2562 nec
2462 2507 2601 2564 hanc
2631 2510 2889 2566 habentes
2926 2521 3080 2568 actus
3118 2516 3288 2570 nostri
3311 2518 3706 2583 intentionem;

2081 2613 2084 2616 ·
2112 2597 2214 2652 hoc
2233 2598 2376 2652 enim
2407 2609 2510 2665 est,
2542 2601 2686 2670 quod
2712 2618 2742 2655 a
2767 2603 2921 2659 nobis
2943 2605 3058 2660 ﬁeri
3089 2610 3364 2675 convenit,
3420 2619 3478 2664 ut
3517 2627 3586 2666 ne
3624 2614 3710 2667 in-

2109 2695 2249 2749 tuitu
2278 2695 2463 2766 gloria:
2493 2699 2742 2753 humanze
2772 2699 2973 2770 aliquid
3000 2701 3282 2759 faciamus.
3309 2704 3442 2761 Nam
3479 2723 3580 2763 nec
3634 2709 3706 2763 ad

2109 2797 2353 2843 nostrum
2376 2790 2580 2845 crimen
2611 2793 2808 2862 poterit
2831 2795 3111 2863 pervenire
3134 2813 3256 2852 cum
3280 2798 3369 2853 illa
3414 2798 3704 2868 faciamus,

2108 2898 2230 2953 qua:
2275 2884 2598 2938 conveniant
2629 2901 2750 2940 cum
2785 2886 2901 2958 lege
2939 2889 3142 2954 divina,
3173 2891 3217 2945 si
3270 2906 3370 2947 nos
3419 2895 3488 2947 ab
3527 2894 3703 2949 homi-

2107 2972 2266 3027 nibus
2295 2973 2462 3042 gloria
2510 2973 2672 3030 l'uerit
2717 2977 3025 3044 subsecuta,
3073 2977 3204 3034 Cum
3248 2983 3507 3052 possimus
3555 2988 3703 3042 oneri

2105 3079 2236 3129 esse,
2261 3064 2392 3118 sicut
2419 3065 2614 3121 Christi
2636 3067 2876 3139 apostoli.
2900 3069 3013 3126 Hoc
3029 3073 3097 3127 ad
3123 3071 3250 3128 illud
3276 3075 3530 3142 reddidit,
3553 3079 3702 3148 quod

2105 3154 2337 3223 dixerat,
2362 3174 2523 3230 neque
2538 3161 2590 3214 in
2616 3163 2885 3216 occasione
2897 3165 3134 3218 avaritia:
3157 3185 3175 3222 :
3200 3167 3367 3237 magis
3386 3169 3528 3223 enim
3561 3181 3703 3238 erat,

2108 3255 2168 3300 ut
2209 3257 2264 3302 et
2308 3249 2567 3306 habentes
2605 3261 2923 3322 potestatem
2973 3258 3128 3326 quasi
3169 3260 3414 3329 apostoli,
3445 3262 3534 3316 illa
3583 3281 3703 3333 quae

2110 3336 2179 3390 ad
2216 3352 2370 3393 usum
2391 3355 2611 3396 necesse
2643 3343 2934 3411 habebant,
2958 3347 3062 3402 sibi
3099 3349 3425 3419 accipereut,
3458 3368 3557 3408 nec
3593 3356 3696 3410 hoc

2108 3428 2402 3487 voluissent
2435 3436 2700 3506 accipere.
2734 3435 2837 3492 Sed
2867 3437 2992 3507 facti
3020 3457 3200 3495 sumus
3239 3443 3396 3513 quieti
3421 3445 3476 3497 in
3524 3448 3698 3500 medio

2108 3532 2352 3578 vestrum.
2381 3523 2590 3600 (Greg.)
2622 3527 2731 3582 Hoc
2761 3538 2862 3592 est,
2893 3531 3037 3585 omni
3077 3533 3453 3591 mediocritate
3498 3547 3551 3590 et
3598 3539 3696 3591 hu-

2108 3611 2336 3668 militate
2357 3629 2544 3670 sumus
2576 3617 2677 3677 usi,
2705 3617 2949 3675 nolentes
2983 3638 3173 3692 graves
3207 3624 3479 3695 aliquibus
3502 3628 3695 3683 videri.

2111 3701 2224 3756 Dux
2245 3712 2425 3758 autem
2448 3715 2532 3760 est
2556 3707 2752 3777 impius
2775 3711 2868 3780 qui
2899 3726 2928 3765 a
2957 3713 3172 3769 tramite
3204 3717 3451 3771 veritatis
3480 3719 3694 3774 exorbi-

2110 3800 2205 3856 tat,
2227 3801 2283 3847 et
2306 3793 2432 3848 dum
2464 3795 2652 3864 ipsein
2681 3814 2920 3871 pmeeps
2945 3804 3072 3868 ruit,
3100 3805 3167 3859 ad
3190 3807 3419 3877 abrupta
3461 3824 3694 3879 sequen-

2107 3889 2188 3938 tes
2216 3883 2409 3940 invitat
2432 3903 2444 3938 :
2495 3887 2601 3942 dux
2625 3898 2709 3944 est
2729 3891 2924 3960 impius
2949 3895 3041 3963 qui
3067 3911 3164 3966 per
3187 3900 3412 3953 tumoris
3449 3901 3695 3972 exempla

2104 3976 2249 4031 viam
2312 3980 2550 4034 ostendit
2608 3983 2832 4038 erroris.
2887 3985 3084 4042 Paulus
3139 3989 3253 4044 dux
3311 3992 3512 4061 impius
3577 4009 3694 4049 esse

2106 4070 2412 4138 metuebat,
2475 4087 2597 4126 cum
2651 4077 2936 4143 potestatis
3003 4094 3113 4133 suae
3168 4081 3542 4140 celsitudinem
3608 4103 3692 4141 re-

2105 4162 2373 4232 primebat
2405 4164 2611 4231 dicens,
2641 4182 2742 4222 nec
2781 4178 3084 4238 quzerentcs
3128 4173 3197 4227 ab
3229 4174 3540 4232 hominibus
3581 4179 3665 4249 glo

2105 4253 2266 4319 riam,
2301 4271 2474 4326 neque
2523 4274 2551 4311 a
2599 4259 2753 4314 vobis
2806 4276 2981 4331 neque
3035 4263 3104 4316 ab
3151 4263 3294 4330 aliis,
3346 4283 3469 4322 eum
3509 4286 3694 4340 possu-

2105 4361 2227 4402 mus
2256 4348 2408 4402 oneri
2447 4365 2567 4405 esse
2595 4358 2652 4404 ut
2701 4351 2901 4408 Christi
2954 4355 3202 4424 apostoli,
3258 4359 3349 4412 sed
3393 4352 3522 4430 quia
3567 4362 3692 4431 facti

2104 4454 2284 4493 sumus
2339 4441 2543 4510 paruuli
2564 4443 2619 4496 in
2641 4443 2811 4497 medio
2843 4456 3083 4500 vestrum.
3134 4446 3401 4504 Parvulus
3432 4451 3485 4504 in
3515 4453 3692 4507 medio

2108 4543 2296 4584 eorum
2328 4528 2502 4586 iactus
2522 4531 2717 4598 fuerat,
2750 4535 2877 4604 quia
2923 4537 3150 4593 timebat
3173 4554 3243 4594 ne
3286 4541 3329 4594 si
3362 4541 3506 4598 inter
3529 4545 3690 4599 disci-

2110 4620 2264 4692 pulos
2288 4623 2544 4678 honorem
2585 4640 2694 4679 suat
2725 4626 3061 4684 celsitudinis
3095 4631 3416 4699 vindicaret,
3443 4637 3690 4705 exempla

2109 4712 2359 4768 elationis
2385 4716 2697 4770 ostenderet
2736 4735 2748 4770 :
2777 4717 3001 4773 timebat
3023 4721 3298 4788 nimirum,
3328 4740 3394 4779 ne
3421 4728 3550 4781 dum
3578 4730 3691 4799 ipse

2105 4810 2208 4865 sibi
2244 4819 2562 4881 potestatein
2597 4813 2885 4882 pastoralis
2921 4817 3175 4884 potentia:
3229 4830 3521 4888 quaereret,
3559 4839 3686 4894 grex

2105 4902 2354 4956 subditus
2383 4917 2481 4971 per
2503 4904 2731 4973 abrupta
2774 4916 3114 4976 sequeretur,
3141 4917 3194 4964 et
3235 4911 3302 4964 ad
3353 4910 3686 4982 impietatem

2104 5004 2390 5064 sequentes
2423 4996 2663 5062 duceret,
2685 4998 2776 5068 qui
2806 4999 3026 5069 pietatis
3063 5000 3295 5057 cilicium
3337 5007 3683 5076 suscepisset.

2105 5087 2259 5143 Unde
2282 5102 2500 5144 necesse
2521 5099 2621 5152 est,
2647 5098 2708 5145 ut
2733 5092 2777 5146 is
2799 5093 2888 5162 qui
2913 5103 3127 5163 praeest,
3151 5111 3270 5165 quae
3290 5098 3536 5170 exempla
3563 5103 3688 5155 sub-

2103 5176 2228 5232 ditis
2253 5180 2490 5248 praebeat
2517 5179 2746 5234 solerter
2765 5184 3028 5248 attendat,
3073 5194 3129 5239 ct
3151 5187 3316 5242 tantis
3360 5204 3418 5243 se
3445 5191 3584 5244 sciat
3610 5194 3685 5244 vi-

2102 5282 2249 5332 vere,
2280 5268 2498 5338 quantis
2529 5285 2763 5339 praeesse
2796 5272 3084 5344 vigilanter
3114 5275 3387 5346 inspiciat,
3420 5293 3487 5333 ne
3531 5281 3581 5334 in
3621 5295 3684 5334 eo

2100 5359 2244 5430 quod
2256 5359 2510 5429 peclatus
2523 5371 2605 5417 est
2620 5362 2962 5432 intumescat,
2983 5383 3051 5421 ne
3063 5366 3185 5435 jura
3200 5369 3377 5424 debita
3398 5375 3685 5440 potestatis

2101 5453 2508 5512 immoderatius
2533 5459 2730 5530 exigat,
2762 5476 2864 5516 nec
2891 5462 3189 5532 disciplina:
3227 5466 3311 5521 vis
3350 5479 3594 5523 mutetur
3627 5470 3712 5524 in'

2102 5547 2334 5617 rigorem
2381 5551 2662 5620 superbim,
2703 5561 2758 5608 et
2793 5555 2934 5610 unde
2980 5573 3010 5610 a
3036 5560 3392 5626 perversitate
3438 5562 3683 5616 subditos

2102 5643 2429 5715 restringere
2455 5655 2686 5716 poterat.
2713 5647 2834 5702 inde
2855 5649 3176 5706 intuentium
3205 5654 3366 5708 corda
3382 5665 3680 5724 pervertat,

2103 5751 2171 5791 ne
2202 5744 2261 5790 ut
2292 5738 2495 5791 dictum
2522 5748 2605 5792 est
2634 5739 2925 5810 impietatis
2973 5743 3075 5797 dux
3107 5759 3203 5814 per
3231 5743 3465 5800 ollicium
3509 5747 3685 5819 pieta-

2104 5827 2174 5884 tis
2199 5827 2414 5884 existat.
2441 5828 2556 5885 Non
2577 5839 2759 5888 autem
2787 5833 2944 5890 debet
2965 5835 3246 5893 hominum
3275 5839 3532 5896 ducatum
3554 5857 3652 5898 sus
