3986 6338
285 366 393 422 545

712 365 1260 424 ENARRATIONUM
1291 366 1361 423 ΙΝ
1398 366 1546 423 ΕΡΡ.
1579 367 1786 424 PAULI
1821 367 1950 424 LIB.
1990 366 2131 422 XXI.
2173 397 2243 409 —
2277 366 2346 424 1N
2382 369 2601 429 EPIST.
2639 370 2664 431 ι
2698 371 2793 431 AD
2827 371 3067 429 THESS.

3428 372 3536 432 546

283 481 506 550 cipere,
533 477 625 548 qui
652 477 824 533 nescit
843 478 1098 534 homines
1123 479 1262 535 bene
1301 478 1528 535 vivendo
1551 479 1764 548 praeire,
1793 492 1862 532 ne
1887 486 1941 547 Α
1964 486 2025 532 ιιι
2072 477 2283 548 pondus
2329 479 2737 535 tribulationum
2785 481 3022 552 graviter
3066 481 3336 547 feramus,
3383 491 3444 538 ut
3480 485 3537 540 in

281 571 375 640 qui
401 570 470 624 ad
495 569 597 624 hoc
615 568 833 640 eligitur
860 577 918 622 ut
944 568 1171 623 aliorum
1186 568 1399 639 culpam
1427 569 1702 639 corripiat,
1719 569 1863 638 quod

280 661 524 718 resecari
567 660 771 724 debuit,
817 660 931 729 ipse
957 661 1282 714 committat.
1317 660 1474 726 Hinc,
1503 661 1628 716 inde
1651 677 1708 715 se
1733 675 1862 731 ergo

276 753 372 824 qui
425 761 668 824 praesunt
692 749 1154 820 circumspiciant,
1182 758 1242 804 ut
1285 749 1385 806 sibi
1413 759 1468 804 et
1509 749 1740 804 subditis
1777 744 1860 802 vi-

275 853 432 910 vant,
464 851 525 897 ut
563 843 762 897 bonum
810 841 954 912 quod
991 839 1214 907 faciant,
1255 849 1310 896 et
1343 842 1485 896 intra
1508 840 1684 896 sinum
1715 855 1864 895 men-

275 936 350 990 tis
379 935 732 1000 abscondant,
770 941 826 988 et
845 942 1025 988 tamen
1077 947 1144 988 ex
1183 948 1249 987 eo
1295 933 1362 987 ad
1404 940 1722 1003 provectum
1771 946 1860 986 se-

271 1025 561 1095 quentium
618 1023 864 1093 exempla
917 1031 1076 1078 rectae
1128 1023 1467 1093 operationis
1511 1021 1856 1094 impertiant;

271 1124 334 1170 ut
370 1115 712 1171 subditorum
759 1114 969 1184 culpam
1019 1113 1511 1168 animadvertentes
1564 1113 1860 1182 corrigant,

269 1225 377 1265 nec
413 1218 595 1263 tamen
649 1221 747 1277 per
789 1206 897 1260 vim
939 1203 1056 1274 ejus
1100 1203 1588 1260 animadversionis
1625 1203 1861 1258 intume-

269 1308 462 1366 scant;
489 1311 548 1353 ut
575 1299 820 1368 quaedam
845 1296 1039 1352 leuiter
1073 1306 1319 1367 correpta
1364 1296 1617 1359 tolerent,
1644 1309 1747 1349 nec
1778 1302 1860 1348 ta-

268 1408 399 1446 men
439 1390 736 1460 disciplinae
783 1389 998 1444 vincula
1035 1389 1223 1444 eadem
1270 1388 1494 1442 lenitate
1529 1385 1856 1452 dissolvant;

267 1490 331 1535 ut
360 1483 607 1551 quaadam
657 1479 932 1536 tolerando
985 1477 1357 1542 dissimulent,
1416 1492 1520 1532 nec
1565 1485 1745 1532 tamen
1795 1492 1861 1532 ea

268 1588 527 1630 creSrere
577 1571 964 1628 dissimulando
1013 1570 1347 1640 permittant.
1395 1568 1686 1626 Laboriosa
1736 1576 1862 1624 sunt

268 1666 403 1732 ista,
442 1674 498 1720 et
523 1664 626 1719 nisi
663 1663 843 1719 divina
890 1662 1068 1732 gratia
1110 1660 1298 1716 fulciat
1336 1660 1404 1714 ad
1445 1659 1862 1715 custodiendum

266 1757 538 1814 difﬁcilia.
565 1757 730 1812 Recte
767 1771 898 1810 vero
926 1756 994 1810 de
1022 1755 1253 1810 adventu
1289 1753 1522 1809 districti
1544 1752 1744 1822 judicis
1767 1767 1864 1822 per

1962 569 2068 624 illis
2093 571 2251 626 malis
2273 585 2396 626 cum
2419 571 2585 628 multo
2612 573 2881 629 desiderio
2901 589 2998 630 vos
3023 573 3216 630 docere
3245 574 3538 632 festinare-

1959 679 2100 729 mus,
2137 662 2369 719 libenter
2396 680 2495 735 pro
2523 665 2676 722 vobis
2709 674 3073 736 supponentes
3119 667 3284 720 etiam
3331 668 3540 724 animas

1960 764 2199 823 nostras,
2229 771 2294 814 eo
2323 757 2466 826 quod
2489 757 2702 812 fortiter
2727 773 2823 814 vos
2857 758 3232 830 diligebamus.
3263 767 3320 815 et
3342 760 3536 816 aﬂectu

1960 846 2170 918 integro
2205 861 2334 918 erga
2373 863 2470 902 vos
2519 849 2866 913 tenebamur;
2911 845 3270 908 demiratioue
3289 863 3418 904 vero
3444 851 3523 905 di-

1959 953 2062 1010 gna
2092 937 2221 994 illud
2252 939 2392 1008 quod
2410 938 2626 995 volebat
2647 941 3019 1010 comprobavit
3045 941 3245 1011 prolati
3299 943 3532 1013 exempli

1960 1029 2224 1101 qualitate
2273 1047 2286 1084 :
2341 1047 2468 1085 nam
2515 1040 2570 1086 et
2616 1032 2881 1087 matribus
2930 1033 3259 1090 consuetudo
3307 1048 3429 1099 est,
3480 1043 3540 1088 ut

1960 1120 2072 1174 suis
2100 1119 2222 1175 filiis
2242 1136 2396 1176 suum
2426 1121 2512 1177 lac
2538 1137 2660 1178 cum
2689 1123 2855 1178 multa
2911 1123 3187 1179 celeritate
3234 1125 3534 1195 praebeant,

1959 1201 2332 1266 existimantes
2352 1227 2412 1267 se
2431 1211 2706 1281 adjuvare,
2733 1228 2855 1268 cum
2891 1211 3031 1268 filios
3053 1228 3182 1269 suos
3205 1213 3409 1269 lactare
3437 1229 3532 1283 po-

1962 1299 2186 1354 tuerint.
2232 1298 2508 1357 Nutricem
2551 1316 2681 1356 vero
2733 1301 2838 1356 hoc
2875 1300 2928 1354 in
2956 1301 3074 1356 loco
3113 1311 3342 1356 matrem
3379 1301 3538 1369 dixit,

1961 1406 2082 1460 quae
2110 1392 2250 1448 filios
2277 1408 2405 1449 suos
2431 1394 2623 1458 nutrit,
2653 1393 2838 1448 ethoc
2865 1392 3142 1448 evidenter
3172 1393 3406 1449 ostendit
3442 1407 3541 1462 per

1962 1481 2132 1548 illam,
2185 1498 2304 1552 quae
2357 1481 2555 1551 adjecit
2595 1483 2799 1548 dicens,
2838 1484 2974 1538 sicut
3024 1483 3192 1552 foveat
3228 1484 3367 1552 ﬁlios
3395 1501 3538 1538 suos.

1963 1573 2168 1628 Deinde
2188 1581 2244 1628 et
2276 1574 2418 1642 quod
2447 1575 2617 1644 magis
2644 1589 2842 1645 augere
2881 1572 2995 1641 ejus
3029 1583 3243 1642 poterat
3277 1574 3537 1631 intentio-

1962 1679 2108 1730 nem,
2142 1679 2208 1719 eo
2228 1663 2372 1734 quod
2399 1663 2531 1718 nihil
2559 1664 2626 1719 ab
2657 1663 2764 1718 illis
2793 1662 3039 1733 accipere
3066 1657 3315 1718 voluerit.
3351 1661 3537 1735 (τίεις.)

1961 1756 2087 1812 Ideo
2109 1773 2216 1812 non
2241 1757 2378 1812 dixit
2409 1766 2583 1812 mater
2603 1757 2730 1827 quia
2759 1755 3044 1825 aliquando
3071 1764 3270 1810 matres
3293 1754 3379 1810 vel
3407 1755 3538 1810 deli-

268 1848 570 1918 Sapientim
587 1847 780 1904 librum
804 1845 1032 1912 dicitur,
1073 1844 1328 1898 horrende
1355 1854 1404 1899 et
1430 1845 1532 1898 cito
1559 1843 1860 1914 apparebit,

1970 1849 2204 1905 eatiores
2223 1858 2368 1916 sunt,
2401 1849 2483 1904 vel
2508 1849 2688 1904 minus
2710 1857 2955 1903 amantes
2993 1847 3132 1902 ﬁlios
3154 1862 3278 1902 suos
3301 1862 3422 1922 cum
3451 1861 3545 1916 pe-

263 1939 524 2010 quoniam
539 1939 804 2008 judicium
829 1937 1168 1991 durissimum
1216 1936 1296 1990 his
1318 1936 1409 2006 qui
1450 1933 1694 2006 prwsunt’
1742 1934 1854 2004 ﬁet.

267 2029 430 2101 (Sap.
449 2031 525 2101 Vl)
556 2029 693 2098 Quia
730 2043 858 2101 ergo
886 2029 1206 2099 plerumque
1227 2042 1325 2098 per
1354 2035 1677 2096 potestatem
1711 2025 1855 2094 regi-

267 2125 442 2180 minis
465 2126 536 2180 ad
573 2124 784 2196 culpam
824 2124 1192 2194 prorumpitur
1219 2123 1490 2189 elationis,
1528 2132 1692 2193 atque
1717 2119 1859 2192 apud

266 2217 581 2273 districtum
610 2214 866 2285 judicem,
901 2214 1016 2285 ipsa
1059 2215 1223 2270 elatio
1253 2213 1503 2284 impietas
1535 2213 1856 2276 aestimatur,

264 2311 414 2377 bene
443 2309 510 2364 de
530 2307 756 2362 Domino
779 2323 874 2378 per
893 2306 1010 2361 Eliu
1031 2306 1248 2370 dicitur,
1275 2303 1376 2370 Qui
1405 2312 1553 2358 vocat
1575 2303 1733 2356 duces
1761 2301 1858 2355 im-

267 2401 389 2470 pios
409 2413 428 2451 :
445 2400 509 2455 de
533 2400 648 2470 ipso
669 2399 866 2469 quippe
890 2399 1086 2454 ducatu
1108 2397 1234 2452 dum
1253 2395 1590 2467 superbiant,
1612 2392 1858 2462 exemplo

268 2507 379 2548 suo
405 2491 644 2546 subditos
665 2491 731 2546 ad
751 2491 1080 2560 impietatem
1101 2489 1344 2543 trahunt.
1365 2485 1517 2541 Unde
1531 2498 1858 2556 magnopere

267 2581 577 2637 curandum
604 2590 707 2648 est,
734 2589 791 2635 ut
819 2581 910 2651 qui
937 2580 1184 2652 regendis
1215 2577 1522 2634 hominibus
1551 2575 1856 2648 praefertur,

265 2673 416 2745 apud
438 2688 500 2729 se
544 2673 686 2729 intra
710 2673 1070 2728 'sccretarium
1097 2671 1294 2725 mentis
1328 2670 1382 2724 in
1421 2669 1676 2724 cathedra
1714 2681 1856 2738 prae-

267 2765 453 2820 sideat
478 2763 817 2818 humilitatis.
846 2761 1088 2833 Cumque
1106 2759 1370 2829 judicanti
1406 2759 1455 2815 ei
1485 2759 1700 2815 caeteris
1728 2757 1860 2814 foris

268 2855 576 2921 assistitur,
620 2854 859 2926 vigilanti
893 2853 1048 2909 oculo
1092 2853 1428 2908 incessanter
1477 2851 1725 2920 aspiciat,
1773 2851 1858 2905 cui

269 2948 604 3020 quandoque
627 2947 793 3018 judici
814 2947 930 3018 ipse
955 2947 1021 3001 de
1047 2946 1132 3000 his
1155 2943 1480 3013 judicandus
1512 2943 1762 3009 assistat;
1803 2952 1862 2996 ut

270 3049 486 3110 quanto
517 3053 665 3094 nunc
687 3045 812 3092 ante
835 3052 955 3092 eum
979 3052 1139 3106 quem
1159 3050 1266 3090 non
1284 3034 1430 3089 videt
1450 3032 1734 3088 sollicitius
1753 3040 1862 3086 tre-

267 3133 447 3203 pidat,
481 3140 628 3186 tanto
656 3147 780 3187 eum
809 3145 928 3186 cum
948 3130 1141 3186 viderit
1163 3129 1405 3185 securior
1431 3136 1638 3184 cernat.
1663 3125 1862 3181 Penset

1956 1941 2201 2012 pererint
2246 1941 2465 1998 tradunt
2489 1939 2611 1995 aliis
2653 1938 2988 1995 nutriendos.
3034 1937 3269 1993 Rursum
3295 1937 3342 1993 si
3369 1937 3544 1992 solum

1958 2032 2184 2088 dixisset
2209 2042 2463 2102 tanquam
2485 2031 2669 2087 nutrix
2695 2031 2882 2086 fovens
2912 2039 2967 2086 et
2994 2045 3099 2086 non
3131 2029 3434 2085 addidisset
3474 2028 3542 2082 fi-

1959 2124 2062 2181 lios
2088 2141 2238 2190 suos,
2261 2134 2514 2195 tanquam
2532 2124 2636 2178 alia
2657 2124 2901 2194 pariente
2927 2122 3245 2178 nutriendos
3271 2121 3545 2190 accepisse

1957 2214 2254 2281 videretur,
2284 2222 2338 2269 et
2363 2213 2630 2268 nutricem
2660 2226 2719 2268 se
2740 2212 2875 2268 dixit
2911 2212 3038 2283 quia
3060 2211 3260 2277 alebat,
3293 2217 3348 2264 et
3402 2210 3542 2265 filios

1958 2319 2086 2360 suos
2106 2304 2234 2372 quia
2257 2303 2372 2374 ipse
2393 2299 2676 2373 pepererat
2695 2303 2911 2359 dicens:
2933 2299 3119 2356 Filioli
3151 2303 3270 2367 mei,
3294 2318 3423 2373 quos
3451 2301 3546 2354 ἕω.

1958 2412 2076 2450 runt
2100 2398 2360 2466 parturio,
2381 2396 2718 2468 quoadusque
2765 2395 3003 2450 Christus
3047 2395 3360 2466 reformatur
3384 2397 3440 2450 in
3467 2413 3547 2450 vo-

1960 2488 2037 2542 bis
2062 2485 2205 2560 (Gal.
2242 2488 2338 2561 tv).
2370 2488 2516 2544 Parit
2544 2497 2725 2544 autem
2751 2488 2892 2545 sicut
2924 2489 3070 2560 parit
3115 2488 3358 2544 Ecclesia
3389 2497 3544 2545 utero

1959 2594 2061 2636 suo
2087 2596 2194 2635 non
2217 2581 2422 2636 semine
2445 2596 2562 2636 suo.

2032 2669 2289 2725 Memores
2313 2673 2450 2725 enim
2476 2673 2597 2726 estis
2631 2670 2819 2741 fratres
2871 2673 3067 2728 laboris
3099 2675 3264 2728 nostri
3303 2682 3353 2728 et
3387 2672 3544 2727 lassi-

1961 2765 2178 2830 tudinis,
2223 2777 2370 2820 nocte
2421 2767 2558 2820 enim
2607 2776 2655 2821 et
2692 2768 2776 2822 die
2819 2779 3092 2839 operantes
3142 2769 3210 2822 ad
3252 2769 3350 2822 hoc
3401 2777 3455 2822 ut
3484 2785 3547 2822 ne

1960 2873 2297 2928 gravaremus
2331 2874 2644 2928 quemquam
2671 2868 2918 2924 vestrum,
2941 2860 3343 2929 pra’dicavimus
3373 2858 3549 2912 Euan-

1960 2948 2152 3020 gelium
2181 2948 2300 3002 Dei.
2334 2949 2566 3020 (Ambr.)
2601 2949 2764 3005 Scitis
2786 2960 2840 3004 et
2869 2951 2968 3020 ipsi
2995 2959 3257 3021 quantum
3291 2950 3548 3006 sustinui-

1961 3057 2082 3096 mus
2106 3041 2367 3106 laborem,
2408 3050 2469 3096 ut
2494 3057 2559 3096 uc
2579 3056 2770 3112 graves
2807 3042 2958 3096 vobis
2982 3057 3103 3097 esse
3141 3043 3418 3098 videamur
3447 3057 3545 3113 pro

1964 3142 2145 3188 nostra
2179 3133 2522 3190 necessitate.
2551 3132 2977 3188 Persistebamus
3005 3134 3170 3199 enim,
3203 3143 3259 3188 et
3311 3149 3416 3188 non
3451 3149 3544 3189 so-

272 3240 410 3297 ergo
438 3225 562 3295 quia
599 3223 666 3277 ad
693 3222 1132 3278 satisfaciendum
1180 3221 1426 3277 districto
1449 3220 1616 3291 judici
1648 3220 1716 3275 de
1763 3235 1860 3274 sua
1890 3212 1935 3275 C
1968 3223 2076 3277 lum
2103 3223 2154 3277 in
2177 3223 2263 3278 die
2278 3238 2409 3294 erga
2441 3233 2676 3278 vestram
2701 3223 2999 3278 doctrinam
3029 3226 3282 3294 occupari
3325 3225 3544 3280 videba-

271 3317 656 3374 tantummodo
675 3317 853 3372 anima
893 3316 1123 3370 fortasse
1149 3315 1233 3369 vix
1262 3312 1477 3379 sufﬁcit,
1526 3320 1586 3367 ut
1613 3313 1754 3384 quod
1778 3329 1863 3368 re-

274 3409 471 3482 gendis
493 3408 724 3462 subditis
750 3416 950 3478 praesto
975 3415 1078 3472 est,
1130 3404 1414 3460 reddendae
1443 3405 1585 3475 apud
1620 3420 1743 3459 eum
1769 3418 1861 3458 ra-

275 3501 447 3555 tionis
470 3511 727 3570 tempore,
779 3507 839 3552 ut
875 3499 945 3552 ita
971 3497 1144 3552 dicam
1177 3504 1254 3551 tot
1279 3495 1426 3552 solus
1453 3495 1663 3549 animas
1681 3495 1860 3559 habet,

275 3607 405 3661 quae
417 3591 670 3645 nimirum
697 3589 976 3660 cogitatio,
1004 3589 1049 3644 si
1073 3587 1290 3644 assidue
1314 3595 1547 3642 mentem
1571 3594 1859 3656 excoquet,

276 3695 502 3736 onmem
535 3689 796 3734 tumorem
825 3680 1090 3749 superbiae
1137 3679 1354 3749 premit,
1392 3687 1446 3733 et
1477 3689 1656 3734 rector
1683 3679 1862 3748 provi-

277 3773 386 3828 dus
419 3781 565 3828 tanto
587 3772 702 3842 jam
727 3789 899 3843 neque
921 3789 1013 3828 rex
1046 3781 1308 3843 apestata,
1336 3787 1512 3840 neque
1541 3773 1644 3826 dux
1670 3771 1862 3840 impius

277 3867 591 3932 vocabitur,
630 3877 830 3937 quanto
858 3866 911 3922 ei
941 3867 1271 3938 cogitatione
1318 3865 1550 3920 sollicita
1601 3870 1858 3934 potestas,

276 3975 406 4029 quae
450 3969 669 4030 accepta
729 3968 834 4025 est,
879 3974 985 4014 non
1025 3959 1195 4014 honor
1226 3958 1321 4014 sed
1361 3973 1499 4013 onus
1538 3958 1858 4012 aestimatur.

276 4050 424 4107 Nam
454 4052 542 4107 cui
573 4067 693 4107 esse
717 4066 859 4106 nunc
887 4049 1122 4122 judicem
1153 4050 1302 4116 libet,
1348 4050 1473 4105 huic
1520 4049 1703 4103 videre
1735 4056 1861 4101 tunc

269 4142 520 4214 judicem
550 4158 656 4198 non
707 4141 835 4198 libet
861 4160 875 4196 :
901 4142 1174 4196 numerari
1195 4142 1337 4197 enim
1369 4141 1540 4210 culpae
1564 4147 1859 4209 nequeunt,

281 4247 410 4304 quae
432 4231 692 4287 habenda:
717 4232 1002 4303 potestatis
1056 4247 1241 4288 amore
1279 4241 1677 4302 perpetrantur,
1735 4239 1860 4284 tunc

277 4327 461 4384 solum
484 4340 612 4380 vero
641 4334 878 4395 potestas
905 4325 1043 4379 bene
1071 4323 1296 4393 geritur,
1328 4339 1447 4378 cum
1472 4337 1581 4377 non
1605 4320 1857 4387 amando,

279 4422 382 4480 sed
433 4423 672 4478 timendo
701 4423 987 4487 retinetur,
1020 4437 1140 4492 quae
1161 4428 1222 4474 ut
1251 4419 1563 4474 ministrare
1587 4427 1733 4474 recte
1763 4432 1860 4470 va-

217 4512 232 4532 '
277 4518 417 4583 leat,
446 4525 660 4587 oportet
689 4517 920 4586 primum
955 4524 1015 4568 ut
1041 4515 1182 4569 hanc
1205 4529 1311 4568 non
1336 4513 1619 4582 cupiditas,
1647 4511 1739 4567 sed
1771 4526 1861 4564 ne-

279 4610 514 4666 cessitas
537 4610 776 4679 imponat
805 4626 816 4662 :
839 4614 1092 4677 percepta
1120 4613 1299 4660 autem
1327 4619 1426 4658 nec
1449 4617 1544 4672 pro
1575 4601 1862 4656 formidine

281 4704 445 4760 debet
484 4701 682 4768 deseri,
718 4716 818 4756 nec
849 4715 916 4755 ex
947 4699 1164 4755 libidine
1199 4697 1469 4768 amplecti,
1495 4711 1562 4750 ne
1585 4703 1676 4748 aut
1706 4693 1859 4764 pejus

279 4797 409 4866 quis
436 4795 590 4866 quasi
612 4809 677 4848 ex
699 4792 1004 4848 humilitate
1031 4789 1326 4862 superbiat,
1351 4788 1395 4843 si
1422 4787 1615 4842 divina:
1639 4785 1859 4854 dispen-

281 4890 517 4946 sationis
543 4889 790 4945 ordinem
825 4887 1073 4958 fugiendo
1096 4890 1422 4944 contemnat,
1449 4887 1543 4934 aut
1583 4893 1648 4934 eo
1671 4876 1858 4948 jugum

281 4980 508 5052 superni
555 4979 783 5035 rectoris
828 4976 1067 5046 abjiciat,
1114 4991 1220 5045 quo
1265 4988 1387 5028 eum
1430 4985 1593 5040 super
1636 4977 1861 5024 caeteros

283 5075 558 5143 privatum
589 5071 823 5141 regimen
850 5069 1096 5124 delectat.
1143 5064 1385 5120 Potestas
1407 5077 1534 5132 ergo
1563 5075 1684 5116 cum
1738 5073 1860 5130 per-

283 5168 491 5238 cipitur
519 5179 625 5219 nou
665 5162 890 5216 libidine
934 5158 1163 5215 amanda
1191 5169 1294 5218 est,
1335 5157 1427 5210 sed
1459 5150 1860 5224 longanimitate

286 5255 571 5312 toleranda
633 5269 646 5306 :
697 5260 757 5308 ut
801 5252 926 5307 inde
978 5260 1104 5304 tunc
1160 5247 1227 5301 ad
1262 5245 1524 5316 judicium
1575 5241 1862 5296 salubriter

286 5349 426 5404 levis
451 5344 543 5407 sit,
570 5343 711 5400 unde
737 5358 881 5397 nunc
908 5342 976 5396 ad
1003 5338 1364 5396 ministerium
1393 5337 1658 5406 patienter
1685 5333 1863 5403 gravis

287 5440 599 5500 innotescit.
661 5437 826 5493 Sicuti
880 5438 925 5491 si
978 5435 1154 5489 nutrix-
1200 5432 1364 5499 [oveat
1413 5447 1534 5483 suos
1576 5427 1745 5497 ﬁlios,
1788 5427 1864 5480 sic

287 5531 645 5590 desiderantes
683 5545 791 5594 vos,
823 5525 1201 5597 complacemus
1243 5520 1555 5593 participare
1591 5516 1732 5571 vobis
1764 5533 1866 5570 non

289 5624 465 5681 solum
491 5620 829 5692 Evangelium
854 5616 1070 5682 Christi,
1101 5613 1191 5669 sed
1218 5621 1426 5667 nostras
1467 5609 1701 5680 ipsorum
1749 5607 1867 5661 ani-

293 5731 430 5778 mas,
489 5713 735 5784 quoniam
772 5708 1064 5764 charissimi
1117 5707 1260 5761 nobis
1308 5705 1434 5774 facti
1463 5706 1603 5759 estis.
1634 5697 1868 5773 (Ambr.)

295 5803 424 5860 Vult
459 5805 706 5876 equidem
730 5804 931 5868 dicere,
961 5800 1217 5870 quoniam
1262 5804 1468 5852 tantum
1497 5795 1653 5863 longe
1683 5807 1870 5849 sumus

1886 4574 1939 4634 D

1969 3332 2108 3382 mur,
2151 3333 2251 3371 nec
2280 3327 2586 3388 poteramus
2605 3332 2702 3388 per
2729 3325 2897 3371 totum
2930 3318 3071 3372 diem
3099 3319 3247 3386 operi
3275 3317 3544 3382 insistere,

1968 3407 2042 3461 ita
2070 3415 2129 3460 ut
2149 3405 2392 3462 sufﬁcere
2420 3409 2574 3462 nobis
2603 3411 2986 3478 potuissemus,
3041 3417 3096 3463 et
3149 3425 3248 3478 pro
3298 3409 3547 3463 omnibus

1968 3499 2053 3554 his
2082 3500 2291 3555 illorum
2315 3483 2562 3570 ipsorum
2591 3502 2759 3556 utitur
2789 3501 3096 3556 testimonio
3135 3500 3262 3567 Dei;
3303 3498 3429 3568 Vos,
3466 3501 3549 3554 in-

1968 3592 2104 3661 quit,
2132 3603 2283 3646 testes
2314 3595 2437 3646 estis
2467 3602 2515 3646 et
2537 3592 2696 3658 Deus,
2721 3609 2879 3663 quam
2907 3602 3083 3647 sancte
3122 3603 3168 3645 et
3195 3591 3365 3662 juste,
3390 3599 3436 3645 et
3473 3591 3546 3644 si-

1970 3699 2030 3736 ne
2056 3683 2266 3754 querela
2293 3683 2432 3738 vobis
2446 3685 2534 3754 qui
2557 3683 2852 3737 credidtetis
2874 3683 3142 3753 adfuimus
3162 3695 3181 3734 :
3203 3683 3333 3736 sicut
3361 3682 3544 3747 nostis,

1966 3776 2224 3845 quomodo
2256 3792 2668 3847 unumquemque
2690 3785 2912 3829 oestrum
2943 3785 3192 3845 tanquam
3232 3783 3380 3842 pater
3405 3773 3546 3841 filios

1967 3881 2092 3920 suos
2117 3864 2440 3920 obsecrantes
2469 3883 2554 3920 vos
2579 3875 2628 3919 et
2649 3864 2997 3919 consolantes.
3032 3863 3214 3918 Utitur
3240 3862 3456 3932 quidem
3485 3863 3549 3917 il-

1966 3957 2145 4012 lorum
2197 3958 2437 4026 ipsorum
2484 3958 2810 4021 testimonio,
2864 3971 2928 4010 eo
2962 3956 3104 4026 quod
3164 3955 3266 4025 ipsi
3303 3955 3549 4010 sciebant

1967 4052 2202 4122 qualiter
2221 4067 2316 4106 eos
2333 4052 2400 4106 ad
2429 4051 2604 4106 instar
2639 4050 2814 4121 patris
2839 4049 3109 4119 patienter
3129 4047 3469 4122 obsecrabat,
3493 4055 3549 4104 et

1969 4143 2352 4200 consolabatur
2399 4158 2559 4212 super
2609 4141 2990 4198 accedentibus
3020 4139 3124 4194 illis
3154 4139 3411 4204 tristitiis,
3448 4141 3546 4194 dc-

1967 4251 2198 4310 precans
2222 4251 2316 4290 eos
2355 4250 2462 4290 non
2499 4233 2774 4290 discedere
2807 4248 2837 4286 a
2869 4231 2971 4286 tlde
3021 4248 3035 4284 :
3083 4235 3413 4285 memeratus
3457 4239 3542 4284 est

1969 4338 2148 4384 autem
2185 4337 2240 4384 et
2269 4327 2385 4392 Dei,
2417 4327 2542 4396 quia
2571 4325 2730 4390 dixit,
2764 4333 2941 4378 sancte
2969 4333 3017 4378 et
3039 4323 3184 4393 juste
3213 4333 3261 4376 et
3290 4322 3401 4376 sine
3422 4339 3547 4392 que-

1969 4423 2079 4477 rela
2108 4422 2246 4477 vobis
2268 4422 2357 4492 qui
2387 4420 2702 4486 credidistis,
2735 4420 2874 4490 apud
2899 4433 3057 4488 quem
3095 4419 3331 4473 maxime
3362 4419 3428 4472 de
3461 4417 3547 4472 his

1967 4523 2124 4570 cauta
2176 4513 2411 4584 cognitio
2466 4513 2666 4566 habere
2715 4511 3016 4575 videbatur,
3047 4519 3102 4565 et
3165 4509 3545 4577 testiﬁcatisu-

1962 4621 2099 4668 mus,
2122 4615 2177 4659 ut
2191 4604 2464 4659 ambuletis
2491 4603 2644 4672 digne
2667 4601 2794 4666 Deo,
2821 4602 2910 4672 qui
2933 4601 3128 4655 vocavit
3155 4616 3238 4654 vos
3255 4600 3307 4654 in
3332 4615 3544 4669 regnum

1964 4707 2208 4762 suum,et
2231 4696 2474 4767 gloriam.
2508 4695 2652 4749 Bene
2679 4694 2872 4763 quippe
2916 4693 3114 4763 posuit,
3161 4691 3422 4760 testiﬁcati
3453 4707 3547 4744 su-

1963 4806 2102 4854 mus,
2129 4789 2204 4842 ita
2234 4798 2294 4842 ut
2315 4787 2565 4843 ostendat
2587 4784 2840 4855 queuiam
2874 4784 2927 4838 in
2963 4783 3230 4854 principio
3273 4783 3384 4837 haec
3430 4783 3545 4851 ipsa

1963 4881 2070 4936 illis
2107 4881 2448 4950 loquebatur,
2492 4877 2636 4948 quod
2664 4875 2949 4931 conveniat
2993 4889 3086 4930 eos
3127 4875 3315 4945 dignos
3345 4874 3544 4927 habere

1966 4983 2118 5030 actus
2150 4975 2343 5044 quibus
2373 4973 2588 5042 placere
2631 4969 2838 5041 possint
2879 4967 2955 5022 illi
2996 4967 3089 5036 qui
3131 4981 3224 5022 eos
3253 4965 3464 5020 vocavit
3493 4962 3548 5019 in

1961 5083 2114 5122 suam
2173 5065 2534 5136 cognitionem
2571 5075 2917 5132 cummagna
2963 5059 3268 5114 futurorum
3315 5056 3545 5128 promis-
3588 5053 3590 5057 ’

1962 5162 2112 5217 sione
2140 5177 2154 5227 ;
2187 5175 2286 5230 pro
2314 5158 2462 5214 omni
2494 5155 2862 5226 magnitudine
2881 5155 3046 5209 etiam
3071 5152 3222 5224 paria
3261 5165 3354 5206 eos
3387 5164 3548 5220 agere

1963 5253 2234 5318 convenit,
2261 5261 2318 5306 et
2361 5251 2548 5305 dicens
2598 5266 2715 5312 sua,
2767 5248 2962 5302 iterum
3009 5247 3076 5301 ad
3117 5245 3327 5300 illorum
3373 5251 3550 5296 trans-

1964 5345 2007 5399 it
2052 5358 2360 5414 personam,
2416 5341 2630 5412 quando
2678 5340 2894 5410 quidem
2940 5338 3026 5392 illa
3072 5351 3190 5406 qua:
3233 5343 3288 5391 et
3332 5347 3458 5402 erga
3491 5346 3548 5386 se

1971 5446 2117 5502 sunt,
2153 5437 2218 5491 ad
2253 5437 2355 5490 hoc
2382 5441 2792 5499 commemorat,
2838 5441 2897 5486 ut
2927 5446 3022 5487 eos
3064 5429 3132 5484 ad
3167 5425 3548 5482 revelationcm

1973 5530 2227 5593 adducat,
2251 5529 2467 5598 quando
2487 5544 2616 5584 vero
2643 5528 2710 5583 ad
2729 5527 2941 5582 laudem
2967 5539 3155 5580 eorum
3195 5535 3254 5576 se
3289 5526 3438 5589 aptat
3489 5522 3550 5570 ut

1971 5641 2158 5682 eorum
2185 5623 2516 5678 alacritatem
2546 5623 2636 5678 tali
2663 5623 2840 5679 studio
2867 5620 3040 5691 magis
3075 5615 3336 5672 suscitare
3365 5609 3550 5666 videa-

1975 5717 2094 5774 tur?
2115 5713 2183 5769 Et
2219 5725 2425 5786 propter
2459 5715 2554 5770 hoc
2582 5724 2631 5770 et
2671 5731 2763 5769 nos
2809 5711 3006 5784 gratias
3038 5709 3240 5779 agimus
3282 5704 3389 5759 Deo
3438 5702 3548 5756 sine

1972 5811 2353 5866 intermissione
2384 5823 2400 5861 :
2433 5811 2680 5880 quoniam
2709 5821 2827 5862 cum
2843 5798 3190 5874 suscepissetis
3218 5814 3249 5852 α
3273 5796 3416 5851 nobis
3438 5809 3548 5849 ver»
