3986 6338
57 5006 58 5014 l

57 5021 58 5033 l

62 5261 64 5270 ι

62 5277 64 5284 γ

446 381 554 446 M1

1085 377 1150 442 Β.
1183 367 1440 442 itABANi
1476 371 1697 442 unum
1732 381 2048 441 ARCHIEP.
2091 365 2402 439 uocum.
2442 359 2730 438 OPERUM
2762 349 2944 434 psn‘s
2978 373 3069 433 iii.

3629 369 3743 433 548

447 501 570 556 bum
599 467 812 553 auditus
833 496 951 565 Dei,
973 498 1272 568 suscepistis
1311 513 1414 551 non
1450 505 1583 551 sicut
1628 493 1838 551 verbum
1866 494 2035 550 homi-
2059 502 2108 562 Α
2136 491 2368 564 cupierit
2395 505 2489 547 eos
2515 491 2714 546 iterum
2741 489 2926 546 videre
2946 504 3108 562 super
3129 487 3343 554 omnia;
3368 487 3514 558 quod
3543 503 3744 559 segre-

447 607 594 656 num,
625 591 717 646 sed
734 591 868 645 sicut
893 600 968 645 est
992 603 1106 645 uere
1133 589 1340 645 verbum
1371 589 1489 656 Dei,
1518 589 1608 662 qui
1629 599 1677 645 et
1714 599 1960 661 operatur
1981 589 2036 644 in

448 684 588 739 vobis
612 681 702 754 qui
744 681 1060 736 credidistis.
1103 679 1172 736 Et
1223 681 1452 736 aliorum
1492 679 1708 752 quidem
1757 687 1912 734 erant
1939 693 2037 734 no-

447 785 560 832 stra
586 790 600 829 :
631 789 739 830 non
781 772 1009 828 deerant
1047 783 1228 829 autem
1274 781 1330 828 et
1360 771 1447 828 illa
1483 787 1604 844 qua:
1645 785 1676 826 a
1705 771 1860 826 vobis
1887 779 2034 827 sunt.

451 867 605 924 Unde
629 875 684 923 et
715 866 919 937 gratias
947 880 1108 937 agere
1131 865 1240 922 Deo
1267 879 1366 936 pro
1394 865 1551 920 vobis
1587 879 1694 920 non
1733 877 2032 929 cessamus,

450 956 709 1028 quoniam
731 956 1092 1026 suscipientes
1113 971 1143 1009 a
1168 955 1324 1010 nobis
1346 955 1440 1010 Dei
1464 955 1766 1010 doctrinam
1796 969 1900 1009 non
1931 953 2038 1009 sic-

449 1057 511 1103 ut
538 1048 849 1104 hominibus
880 1049 1031 1104 vobis
1060 1048 1403 1118 loquentibus
1443 1047 1779 1118 suscepistis,
1811 1046 1904 1102 sed
1936 1045 2040 1102 sic-

451 1149 511 1195 ut
554 1140 884 1196 conveniens
918 1148 1037 1195 erat
1063 1140 1340 1210 suscipere
1361 1155 1454 1195 eos
1482 1140 1572 1208 qui
1599 1137 1836 1195 divinam
1863 1138 2035 1193 susci-

449 1231 670 1303 piebant
727 1231 1054 1297 doctrinam,
1105 1246 1224 1302 qua:
1285 1229 1453 1286 etiam
1506 1239 1561 1285 et
1611 1229 1743 1300 ipsis
1784 1227 2039 1298 Operibus

449 1321 754 1379 ostenditur
776 1337 897 1377 esse
917 1322 1058 1390 apud
1086 1335 1203 1390 vos,
1225 1330 1281 1376 et
1303 1321 1758 1392 quemadmodum
1784 1321 1840 1376 in
1861 1317 2041 1391 operi-

449 1415 553 1472 bus
589 1415 910 1471 ostendatur
929 1414 1058 1471 diclt
1091 1433 1107 1470 :

531 1507 654 1576 Vos,
680 1509 873 1580 inquit,
900 1509 1187 1564 imitatores
1219 1509 1346 1580 facti
1374 1509 1517 1576 estis,
1547 1508 1757 1580 fratres,
1777 1505 2040 1563 Ecclesia-

453 1615 570 1656 rum
603 1601 716 1664 Dei,
743 1615 860 1671 quae
888 1609 1009 1656 sunt
1052 1601 1108 1655 in
1136 1600 1327 1655 ludam
1349 1599 1558 1655 Christo
1591 1599 1744 1665 Jesu,
1793 1599 2041 1671 quoniam

451 1691 629 1746 eadem
651 1691 795 1762 passi
817 1691 940 1746 estis
969 1701 1015 1746 et
1044 1697 1130 1746 vos
1157 1705 1190 1746 a
1214 1693 1439 1764 propriis
1477 1690 1874 1755 contribulibus,
1908 1691 2042 1744 sicut

451 1795 498 1840 et
530 1785 629 1855 ipsi
650 1801 682 1838 a
727 1783 952 1839 Iudicis.
981 1783 1210 1847 Similia,
1254 1783 1450 1856 inquit,
1479 1784 1626 1856 passi
1656 1784 1787 1839 estis
1825 1782 2041 1838 illorum

2137 593 2322 658 gutum
2353 600 2412 641 se
2447 585 2514 640 ad
2537 583 2711 639 instar
2735 583 3100 652 orpbanorum
3131 580 3290 645 dixit,
3320 581 3553 636 multum
3573 595 3742 637 suum

2137 677 2390 736 allectum
2417 677 2675 742 ostendit,
2706 683 2761 731 et
2785 675 3003 744 quidem
3033 674 3088 729 in
3137 671 3516 744 Superioribus
3570 671 3739 729 dixe-

2137 781 2225 828 rat
2252 771 2507 842 quoniam
2537 770 2676 826 sicut
2699 778 2853 840 pater
2890 783 3330 839 unumquemque
3357 775 3606 824 vestrum
3635 767 3742 820 ob-

2137 864 2440 929 secrabam,
2473 862 2566 918 sed
2591 860 2662 916 ibi
2691 860 2907 930 quidem
2930 865 3156 930 paterna
3188 860 3367 932 imago
3395 867 3583 932 aptata
3619 873 3750 914 esse

2137 955 2422 1012 videbatur
2449 997 2464 1020 ,
2516 953 2570 1010 in
2604 953 2816 1008 absenti
2851 949 2982 1008 vero
3011 952 3372 1024 exquisitione
3427 953 3559 1008 illud
3593 953 3752 1024 quod

2139 1045 2350 1102 dixerat
2401 1051 2708 1116 separatum
2757 1059 2818 1099 se
2869 1045 2938 1100 ad
2972 1044 3147 1100 instar
3174 1041 3570 1116 orphanorum.
3600 1043 3749 1099 Nam

2138 1137 2445 1210 hujusmodi
2468 1133 2552 1192 vel
2578 1136 2814 1192 maxime
2838 1134 3084 1191 absentia
3111 1135 3278 1192 etiam
3310 1138 3376 1192 ad
3415 1137 3595 1209 ipsam
3646 1153 3749 1192 ne-

2141 1230 2452 1288 cessitatem
2493 1236 2838 1295 coarctatur,
2868 1236 2929 1284 ut
2960 1240 3172 1300 patrem
3207 1227 3299 1283 lilii
3334 1229 3647 1300 requirant.
3687 1227 3756 1284 Et

2141 1340 2261 1394 quae
2289 1331 2371 1377 est
2391 1319 2550 1390 hujus
2579 1321 3030 1392 concupiscentia:
3053 1319 3303 1393 probatio
3317 1321 3339 1375 ?
3353 1331 3580 1393 propter
3597 1324 3754 1393 quod

2141 1415 2399 1470 voluimus
2420 1413 2594 1468 venire
2621 1414 2688 1467 ad
2718 1431 2825 1469 vos.
2857 1411 2924 1468 Et
2947 1413 3074 1484 quia
3097 1413 3235 1469 dixit
3265 1411 3522 1469 voluimus
3557 1415 3756 1486 plura-

2142 1505 2287 1572 liter,
2320 1507 2462 1562 dese
2485 1505 2671 1561 dicens
2697 1504 2901 1574 adjicit,
2959 1503 3072 1576 Ego
3097 1503 3305 1577 quidem
3335 1503 3542 1560 Paulus
3582 1518 3632 1561 et
3671 1524 3755 1561 se-

2143 1597 2244 1653 mel
2269 1608 2316 1652 et
2340 1597 2437 1665 bis,
2469 1606 2524 1652 et
2551 1595 2677 1667 quid
2700 1597 2946 1653 obstitit?
2970 1597 3061 1652 sed
3079 1595 3344 1669 impedivit
3370 1616 3460 1653 nos
3479 1597 3752 1664 Satanas,

2143 1706 2208 1746 eo
2253 1687 2396 1761 quod
2427 1699 2582 1746 erant
2630 1687 2918 1759 adjuvandi
2959 1687 3476 1746 Thessalonicenses
3521 1706 3595 1746 ex
3627 1692 3757 1762 ejus

2144 1782 2464 1853 praesentia;
2496 1798 2626 1852 ergo
2667 1781 2971 1837 necessarie
3009 1797 3224 1838 onmem
3254 1781 3608 1838 nocivitatem
3649 1781 3757 1838 Sa-

451 1876 618 1947 quiin
642 1871 824 1930 Iudaea
851 1875 1206 1932 crediderunt
1234 1875 1487 1943 Chrisw;
1540 1876 1681 1932 sicut
1707 1876 1852 1931 enim
1896 1874 2034 1929 illia
2142 1883 2281 1930 tante
2325 1873 2598 1944 ascripsit,
2630 1881 2685 1928 et
2725 1873 2981 1944 quoniam
3022 1890 3128 1929 non
3156 1890 3294 1928 vane
3334 1873 3387 1930 in
3431 1891 3622 1931 eorum
3651 1876 3757 1931 ha-

449 1965 648 2023 Judteis
673 1967 841 2022 multa
875 1978 1002 2023 sunt
1023 1967 1261 2038 perpessi
1295 1965 1450 2031 mala,
1503 1968 1582 2023 sic
1631 1975 1687 2022 et
1722 1981 1819 2022 vos
1846 1979 1875 2020 a
1906 1981 2035 2037 pro-

451 2059 585 2130 priis
622 2059 1017 2116 contribulibus
1058 2067 1118 2115 ut
1154 2059 1299 2116 dicat
1339 2059 1609 2132 gentibus.
1663 2057 1810 2115 Bene
1856 2067 2038 2115 autem

452 2163 547 2205 eos
561 2159 644 2205 est
669 2150 990 2207 adhortatus
1039 2161 1473 2207 commemorans
1501 2150 1620 2206 illos
1649 2151 1741 2222 qui
1770 2150 1824 2204 in
1856 2147 2040 2204 Judaaa

453 2241 801 2298 crediderunt
846 2252 907 2301 ut
945 2243 1248 2300 sustineant
1288 2253 1344 2299 et
1378 2243 1477 2315 ipsi
1516 2243 1930 2317 magnanimiter
1963 2243 2040 2297 la—

454 2331 664 2401 borem,
709 2335 980 2406 siquidem
1029 2339 1136 2390 non
1172 2335 1270 2390 soli
1318 2336 1773 2406 Contemplatione
1823 2333 2042 2404 pietatis

460 2424 757 2493 patiuntur.
789 2423 924 2479 Nam
950 2431 1006 2481 et
1035 2425 1290 2481 Ecclesia:
1320 2425 1563 2498 inlegrm,
1594 2435 1713 2496 qlia:
1749 2441 1844 2494 per
1874 2433 2041 2481 totam

459 2521 587 2568 sunt
633 2512 897 2582 Iudaeam,
937 2516 1164 2572 diversis
1207 2514 1610 2570 iluctuabantur
1656 2515 2043 2585 persecutioni-

456 2607 577 2663 bus.
609 2606 761 2663 Unde
809 2617 863 2663 et
911 2608 1071 2664 latius
1111 2609 1418 2665 indecorum
1442 2609 1720 2680 explicans
1758 2608 2040 2673 malitiam,

459 2701 697 2757 ostendit
723 2701 850 2756 hinc
878 2709 1079 2774 quanta
1130 2710 1184 2758 et
1221 2703 1398 2774 qualia
1431 2703 1777 2773 patiebantur
1823 2699 1891 2756 ab
1940 2701 2044 2756 illis

469 2793 561 2863 qui
601 2793 744 2847 inter
769 2791 888 2847 illos
916 2787 1252 2848 habitabant.
1297 2793 1400 2858 Qui
1421 2799 1468 2846 et
1493 2791 1797 2856 Dominum,
1845 2789 1878 2844 ii
1903 2791 2042 2860 quit,

465 2882 766 2938 occiderunt
794 2881 975 2937 Iesum
1003 2892 1052 2937 et
1086 2899 1196 2949 vos,
1240 2884 1518 2954 prophetas
1566 2891 1615 2938 et
1665 2899 1758 2936 nos
1785 2882 2042 2954 persecuti

461 2983 604 3028 sunt.
659 2973 804 3029 Bene
833 2973 888 3028 in
918 2973 1098 3030 medio
1149 2975 1330 3045 posuit
1380 2975 1680 3046 prophetas,
1729 2989 1796 3029 ex
1847 2975 2043 3045 quibus

461 3066 845 3137 comprobatur
897 3065 1040 3136 quod
1085 3073 1141 3121 et
1193 3065 1478 3121 Dominum
1528 3065 1641 3120 sola
1690 3065 1894 3120 malitia
1957 3066 2044 3120 in-

464 3158 720 3214 terimere
778 3164 1201 3228 usurpaverant,
1249 3165 1303 3212 et
1329 3156 1603 3227 apostolos
1636 3175 1648 3210 :
1687 3155 1954 3226 siquidem
1989 3164 2044 3211 et

2140 1965 2363 2021 beretur
2404 1963 2599 2024 ail‘ectu
2628 1963 2882 2019 ostendit.
2936 1964 3067 2032 Qua:
3113 1975 3186 2020 est
3218 1967 3356 2020 enim
3388 1975 3501 2035 spes
3534 1979 3753 2034 nostra,

2142 2064 2234 2110 aut
2275 2055 2558 2126 gaudium,
2609 2064 2698 2109 aut
2731 2071 2924 2110 corona
2951 2054 3215 2127 gloriandi
3241 2069 3261 2108 :
3308 2063 3477 2113 nonne
3505 2075 3596 2112 vos
3625 2067 3757 2111 ante

2142 2145 2424 2202 Dominum
2466 2156 2702 2201 nostrum
2742 2141 2925 2201 Jesum
2959 2146 3224 2201 Christum
3263 2148 3386 2204 estis
3429 2150 3484 2201 in
3513 2149 3755 2204 aduentu

2142 2240 2306 2312 ejus?
2354 2257 2440 2294 vos
2473 2241 2612 2294 enim
2663 2240 2784 2296 estis
2812 2239 2981 2311 gloria
3035 2249 3216 2296 nostra
3263 2251 3310 2296 et
3341 2239 3622 2314 gaudium.
3683 2241 3757 2296 Et

2143 2348 2303 2389 onme
2324 2332 2582 2406 quidquid
2606 2331 2730 2388 boni
2756 2331 2810 2386 in
2839 2330 3017 2387 futura
3044 2341 3427 2406 exspectamus
3450 2332 3562 2399 die,
3595 2329 3749 2398 tunc,

2144 2424 2362 2499 quando
2403 2424 2653 2480 adveniet
2685 2423 2944 2480 Dominus
2974 2434 3159 2480 noster
3188 2419 3346 2482 Jesus
3372 2423 3626 2480 Christus
3677 2425 3749 2480 ad

2144 2517 2503 2573 examinanda
2528 2517 2802 2583 universa,
2838 2527 2965 2572 tunc
2987 2517 3057 2572 ob
3081 2515 3202 2572 illos
3236 2515 3452 2573 labores
3479 2533 3620 2589 quos
3647 2533 3749 2588 pro

2143 2610 2298 2666 vobis
2323 2611 2685 2677 sustinemus,
2725 2611 3029 2666 mercedem
3056 2609 3213 2666 nobis
3241 2609 3310 2665 ab
3337 2609 3529 2668 eodem
3558 2611 3750 2668 venire

2144 2717 2545 2776 exspectamus.
2577 2703 2765 2775 Magna
2801 2703 2970 2776 gloria
3000 2711 3085 2759 est
3133 2704 3433 2762 sacerdotis
3472 2705 3750 2762 rectitudo

2144 2797 2505 2854 subditorum.
2541 2794 2742 2870 (Greg.)
2791 2795 2946 2853 Unde
2976 2797 3112 2854 bene
3137 2799 3389 2872 egregius
3415 2799 3749 2870 praedicator

2145 2883 2424 2958 discipulis
2470 2887 2618 2954 dicit,
2645 2905 2764 2960 qua:
2792 2898 2866 2944 est
2888 2900 3068 2944 nostra
3099 2906 3214 2962 spes
3239 2900 3329 2946 aut
3356 2891 3619 2962 gaudium
3651 2899 3744 2944 aut

2146 2995 2339 3034 corona
2373 2978 2573 3052 gloriae,
2623 2998 2793 3036 nonne
2834 2997 2920 3038 uos
2949 2990 3071 3036 ante
3099 2979 3435 3040 Dominum?
3475 2982 3585 3040 Sed
3618 2998 3745 3038 cum

2147 3071 2458 3127 sacerdotes
2492 3073 2660 3128 vitam
2702 3073 3090 3144 discipulorum
3119 3075 3420 3148 negligant,
3448 3084 3506 3134 et
3532 3076 3746 3134 nullum

2146 3161 2214 3219 de
2242 3179 2428 3220 eorum
2454 3165 2789 3238 profectibus
2812 3177 2938 3224 ante
2959 3168 3248 3224 Dominum
3273 3153 3510 3226 fructum
3535 3167 3740 3236 ferunt,

460 3267 586 3322 erga
613 3263 741 3306 suos
764 3247 1054 3321 prophetas
1078 3248 1215 3302 tales
1241 3247 1517 3304 exstitisse
1546 3248 1814 3314 videntur,
1837 3247 2046 3318 etquod
2075 3251 2119 3316 C
2151 3255 2281 3326 quid
2309 3255 2456 3312 aliud
2502 3274 2665 3328 quam
2698 3255 2908 3328 inglorii
2935 3260 3227 3328 ducuntur,
3276 3261 3367 3332 qui
3399 3271 3529 3320 ante
3557 3262 3744 3318 distri-

462 3342 549 3398 his
576 3339 750 3410 majus
793 3347 878 3395 est
916 3356 930 3393 :
962 3337 1032 3392 Et
1073 3355 1178 3394 non
1207 3337 1317 3393 Deo
1345 3338 1572 3409 placent,
1601 3345 1648 3393 et
1679 3337 1921 3393 omnibus
1950 3338 2044 3392 ho—

462 3433 688 3489 minibus
717 3433 1082 3499 adversantur,
1131 3430 1455 3503 prohibentes
1504 3448 1596 3486 nos
1634 3431 1870 3503 gentibus
1901 3430 2044 3501 loqui

462 3535 517 3579 ut
582 3524 742 3579 salute
797 3523 948 3594 ﬂant.
1005 3522 1070 3579 Ut
1118 3523 1365 3594 impleant
1413 3535 1622 3596 peccata
1668 3543 1764 3580 sua
1808 3541 2042 3598 semper;

460 3617 694 3672 peruenit
713 3618 852 3672 enim
882 3617 962 3672 ira
990 3615 1087 3671 Del
1112 3631 1269 3688 super
1291 3617 1407 3672 illos
1432 3633 1593 3689 usque
1629 3618 1684 3673 in
1720 3619 1898 3688 ﬁnem.
1955 3616 2046 3672 Ni-

463 3709 559 3776 hil,
597 3709 790 3780 inquit,
841 3709 1035 3764 mirum
1075 3710 1431 3784 quodcunque
1476 3710 1655 3768 facere
1707 3712 2044 3779 adnituntur,

461 3802 538 3860 ita
575 3810 636 3858 ut
665 3801 798 3858 nihil
821 3799 926 3858 illis
951 3802 1138 3859 deesse
1160 3804 1407 3859 videatur
1429 3803 1572 3871 mali,
1597 3803 1888 3876 perfectam
1919 3819 2048 3860 vero

462 3912 563 3970 pro
595 3895 791 3968 quibus
815 3905 979 3969 agunt
1006 3905 1221 3968 pinnam
1245 3898 1313 3952 ab
1338 3905 1540 3954 aeterno
1547 3898 1731 3969 judice
1756 3898 2044 3972 accipiant.

466 3991 592 4046 llaec
614 3999 793 4046 autem
819 3991 1000 4046 omnia
1023 3989 1303 4061 conjunxit
1331 3991 1384 4047 in
1410 4009 1700 4064 personam
1737 3991 2046 4051 Iudaeorum

469 4086 812 4157 maximeque
834 4100 928 4142 eos
950 4085 1100 4159 justa
1155 4088 1365 4143 ratione
1399 4093 1692 4154 accusans;
1742 4091 2049 4147 necessario

467 4195 595 4235 vero
617 4179 672 4234 in
693 4180 945 4252 praesenti
975 4182 1286 4236 memoriam
1311 4197 1498 4238 eorum
1531 4182 1734 4239 faciens
1781 4183 1959 4254 simul,
1994 4193 2053 4241 et

466 4281 526 4329 ut
549 4273 802 4330 ostendat
828 4285 1030 4346 quanta
1057 4276 1335 4348 patiuntur
1361 4275 1567 4342 ﬁdeles,
1589 4277 1682 4346 qui
1712 4285 1839 4332 sunt
1873 4275 1926 4331 in
1952 4275 2050 4332 Ju-

469 4368 612 4434 dma,
649 4368 740 4440 qui
777 4366 831 4424 in
881 4369 1176 4424 certamine
1219 4367 1370 4438 quasi
1419 4367 1596 4422 medio
1642 4376 2051 4438 conversantes,

468 4460 696 4528 scilicet,
740 4467 799 4516 ut
844 4459 1098 4517 ostendat
1123 4457 1636 4516 Thessalonicenses
1662 4461 1795 4516 nihil
1829 4471 1937 4520 tam
1963 4465 2058 4519 du-

470 4571 588 4611 rum
631 4571 659 4609 a
688 4554 937 4628 gentibus
973 4551 1316 4618 sustinuisse,
1354 4551 1402 4607 si
1452 4562 1629 4608 tamen
1677 4553 1766 4609 illa
1813 4573 1932 4626 quae
1959 4573 2055 4630 pa-

2148 3359 2294 3404 ctum
2315 3346 2553 3420 judicent
2600 3351 2855 3406 nimirum
2889 3351 3116 3423 gloriam
3145 3363 3274 3412 tunc
3299 3369 3407 3410 non
3438 3354 3740 3421 invenient,

2148 3455 2312 3512 quam
2355 3439 2515 3497 modo
2544 3441 2598 3496 in
2628 3442 2966 3500 subditorum
3015 3460 3237 3500 suorum
3266 3444 3514 3510 moribus
3543 3446 3740 3516 pnedi-

2147 3533 2379 3600 cationis
2407 3534 2586 3590 studio
2612 3550 2720 3592 non
2749 3535 3085 3606 exquirunt?
3123 3535 3269 3596 Bene
3305 3545 3490 3596 autem
3521 3537 3739 3603 dicitur,

2154 3644 2174 3679 ι
2195 3635 2252 3680 et
2274 3626 2564 3696 optimates
2591 3627 2920 3698 supplantat,
2947 3647 2966 3683 ι
2986 3629 3112 3700 quia
3138 3646 3262 3687 cum
3289 3639 3528 3687 mentem
3554 3647 3746 3704 regen-

2158 3717 2292 3772 tium
2317 3716 2464 3790 justo
2495 3717 2702 3790 judicio
2724 3720 2957 3788 deserit,
2985 3721 3102 3777 haec
3130 3722 3404 3793 internum
3427 3723 3747 3780 retributio-

2154 3812 2241 3866 nis
2271 3812 2550 3883 praemium
2576 3827 2683 3868 non
2712 3815 2956 3884 requirit,
2989 3823 3042 3871 et
3068 3816 3124 3872 in
3146 3831 3212 3872 eo
3238 3815 3615 3890 supplantatur
3639 3833 3745 3888 quo

2154 3903 2382 3970 fallitur,
2405 3912 2463 3959 ut
2483 3919 2582 3974 pro
2611 3913 2815 3962 aeterna
2843 3907 3013 3978 gloria
3043 3907 3109 3964 de
3130 3909 3436 3979 principatu
3461 3908 3742 3980 temporali

2152 3993 2492 4068 gratuletur:
2528 3997 2838 4068 supplantat
2881 3999 3046 4070 igitur
3094 4001 3404 4071 optimates,
3439 4001 3568 4071 quia
3616 4007 3741 4058 dum

2151 4083 2335 4140 futura
2363 4085 2602 4143 caelestis
2647 4089 2837 4158 patrne
2882 4091 3183 4162 praedicam
3226 4094 3510 4168 negligant
3544 4094 3600 4152 in
3631 4095 3742 4150 suis

2104 4184 2120 4204 '
2153 4177 2245 4236 hic
2267 4177 2633 4240 voluntatibus
2658 4183 2880 4242 cadunt.

2767 4329 2994 4401 CAPUT
3031 4343 3115 4401 lii.

2155 4477 2437 4550 Apostolus
2461 4481 2615 4535 mittit
2644 4479 2971 4538 Timotheum
3001 4484 3070 4538 ad
3099 4483 3479 4542 consolandum
3526 4485 3744 4541 Περιω-
3763 4481 3782 4507 ⁸

2229 4548 2559 4606 loniccnses:
2602 4554 2816 4626 ponitur
2871 4553 3073 4611 utilitas
3133 4555 3437 4614 rcuersionis
3486 4557 3740 4628 ejusdem,

468 4649 674 4704 tiuntur
699 4664 820 4703 cum
841 4647 944 4700 illis
974 4660 1093 4716 qua:
1133 4643 1184 4698 in
1233 4641 1414 4704 Judzea
1444 4661 1704 4718 geruntur
1732 4629 2049 4721 comparare
2080 4631 2134 4692 D
2230 4629 2334 4676 etc“

468 4739 754 4794 voluerint.
830 4733 958 4790 Haec
1027 4734 1193 4807 igitur
1249 4738 1429 4793 omnia
1477 4740 1544 4796 ad
1613 4742 2049 4803 exhortationem

468 4827 1037 4888 Thessalonicensium
1081 4827 1263 4900 posuit
1292 4846 1305 4883 :
1338 4831 1593 4910 quoniam
1625 4849 1752 4890 vero
1779 4835 1921 4892 inter
1952 4853 2050 4892 ete-

469 4938 587 4986 tera
609 4925 820 4981 dixerat
853 4923 918 4980 de
949 4939 1046 4979 suo
1067 4923 1135 4980 ad
1165 4938 1260 4982 eos
1286 4925 1540 4994 adventu,
1587 4927 1712 4984 hinc
1739 4929 1929 5002 incipit
1961 4931 2049 4987 illa

468 5036 589 5094 quae
609 5026 732 5090 post
754 5015 1140 5090 profectionem
1155 5028 1282 5076 sunt
1317 5020 1518 5089 dicere,
1543 5023 1822 5093 publicans
1846 5025 2052 5093 pariter

469 5117 527 5176 in
575 5114 659 5170 his
683 5113 847 5170 etiam
879 5130 1032 5170 suum
1073 5114 1346 5184 allectum,
1374 5133 1535 5189 quem
1567 5119 1729 5174 habet
1750 5135 1876 5192 erga
1908 5119 2050 5176 illos.

474 5207 612 5270 Nos,
640 5206 853 5276 fratres,
890 5205 1111 5262 desolati
1144 5226 1176 5264 a
1207 5210 1348 5266 vobis
1396 5212 1465 5268 ad
1484 5213 1652 5266 instar
1697 5211 2049 5281 orpltanorum

471 5299 540 5354 ad
570 5307 768 5369 tempus
789 5299 931 5354 horw
953 5297 1108 5368 facie,
1135 5316 1238 5356 non
1263 5303 1440 5370 corde,
1472 5303 1824 5360 abundantius
1847 5302 2050 5364 accele-

474 5393 703 5448 rauimus
739 5394 928 5465 faciem
977 5404 1203 5450 uestram
1259 5395 1429 5454 ridere
1481 5399 1534 5452 in
1572 5395 1737 5456 multo
1767 5397 2046 5466 desiderio,

469 5487 718 5558 quoniam
739 5487 992 5548 voluimus
1017 5489 1187 5546 venire
1213 5488 1283 5542 ad
1307 5505 1412 5552 vos,
1441 5505 1533 5558 ego
1552 5488 1760 5559 quidem
1781 5485 1985 5546 Paulus
1999 5501 2047 5546 et

469 5578 628 5638 semel
642 5589 690 5635 et
714 5582 1034 5650 iterum,sed
1064 5581 1325 5654 impedivit
1358 5597 1448 5636 nos
1471 5580 1721 5638 Satanas.
1773 5581 1917 5637 Bene
1955 5600 2051 5654 per

470 5672 654 5730 omnia
684 5675 898 5734 auxisse
922 5676 1074 5734 visus
1100 5684 1185 5734 est
1206 5689 1366 5730 suum
1384 5688 1512 5743 erga
1538 5674 1658 5732 illos
1686 5674 1963 5742 affectum,
1993 5677 2050 5732 in

469 5777 538 5820 eo
563 5767 707 5836 quod
753 5766 910 5835 dixit,
961 5785 1068 5825 non
1103 5768 1265 5826 corde
1300 5782 1331 5822 a
1369 5767 1521 5826 vobis
1561 5767 1927 5833 discessimus,
1956 5769 2052 5824 sed

470 5853 631 5927 facie,
662 5868 714 5916 et
739 5863 882 5928 quod
913 5863 982 5919 ad
1013 5871 1223 5934 tempus
1253 5863 1322 5921 ab
1356 5861 1462 5921 illis
1499 5871 1830 5934 segregatus,
1869 5863 2051 5919 statim

2226 4755 2449 4828 Propter
2503 4759 2641 4827 quod
2704 4777 2808 4816 non
2859 4764 3170 4818 sustinentes
3230 4764 3456 4834 arnplius
3481 4803 3497 4828 ,
3547 4764 3742 4834 placuit

2151 4850 2288 4906 enim
2320 4850 2466 4904 nobis
2494 4867 2760 4907 remanere
2787 4854 3000 4910 Athenis
3035 4855 3178 4918 solis,
3229 4865 3277 4910 et
3305 4857 3542 4910 misimus
3571 4855 3744 4910 Timeo

2151 4942 2326 4996 theam
2352 4943 2570 5014 fratrem
2595 4954 2829 5001 nostrum
2851 4958 2898 5001 et
2928 4948 3223 5003 ministrum
3253 4947 3346 5002 Dei
3370 4949 3424 5002 in
3455 4947 3743 5019 Erange'io

2152 5029 2369 5088 Christi.
2424 5032 2628 5104 (Amb.)
2678 5033 2791 5090 Hoc
2818 5037 2885 5092 ad
2933 5037 3060 5094 illud
3099 5038 3361 5103 reddidit,
3405 5038 3550 5107 quod
3593 5039 3746 5094 addi-

2156 5130 2332 5188 xerat,
2377 5122 2517 5177 uolui
2548 5127 2717 5180 uenire
2757 5128 2826 5182 ad
2873 5145 2980 5196 vos,
3011 5130 3266 5200 quoniam
3312 5145 3443 5199 ergo
3471 5129 3601 5186 illud
3645 5132 3744 5186 imo

2154 5214 2304 5286 plere
2329 5216 2553 5274 minime
2593 5219 2763 5289 potui,
2811 5221 2948 5293 elegi
3002 5223 3229 5293 relinqui
3262 5223 3376 5293 ipse
3402 5224 3550 5279 solus
3580 5223 3745 5279 Athe—

2155 5307 2262 5372 nis,
2293 5316 2348 5362 et
2374 5309 2589 5365 mittere
2625 5311 2967 5369 Timotheum
3005 5316 3074 5370 ad
3117 5331 3252 5372 vos:
3305 5331 3411 5385 qua
3437 5330 3507 5370 ex
3533 5317 3746 5371 causa?

2157 5396 2241 5452 Ad
2266 5399 2652 5468 conﬁrmandos
2674 5421 2758 5458 vos
2787 5413 2834 5458 et
2859 5405 3204 5461 consolandos
3223 5423 3318 5477 pro
3339 5406 3446 5476 ﬁde
3467 5417 3662 5472 vestra,
3687 5415 3746 5460 ut

2159 5507 2310 5546 nemo
2366 5503 2635 5548 moveatur
2673 5495 2728 5549 in
2774 5496 3196 5556 tribulationibus
3250 5499 3364 5554 istis
3387 5516 3406 5553 :
3445 5499 3521 5554 ita
3561 5509 3621 5556 ut
3647 5515 3747 5556 vos

2158 5583 2445 5639 conﬁrmet
2461 5587 2840 5644 exhortatione
2863 5605 3086 5646 suorum
3113 5593 3425 5658 verborum,
3443 5601 3500 5648 et
3526 5593 3749 5649 animae-

2159 5679 2381 5749 quiores
2410 5696 2506 5737 sua
2531 5684 2824 5753 praesentia
2847 5683 3034 5752 iaciat,
3068 5696 3128 5742 ut
3157 5701 3264 5742 non
3293 5687 3500 5743 cedins
3519 5686 3750 5743 tribla-

2162 5770 2400 5829 tionibus
2427 5775 2579 5841 victi,
2608 5777 2938 5833 commoveri
2966 5779 3113 5834 enim
3141 5777 3275 5835 dicit
3302 5778 3419 5834 cedi
3445 5796 3457 5832 :
3490 5788 3548 5836 et
3566 5787 3750 5834 osten-

2126 5847 2134 5855 ’
2162 5865 2294 5923 dens
2317 5869 2572 5938 quoniam
2591 5869 2736 5938 justa
2759 5879 2883 5927 sunt
2908 5886 3028 5946 qua:
3042 5869 3331 5941 dicit:]psi
3358 5870 3518 5942 enim,
3546 5867 3740 5940 inquit,
