3986 6338
248 406 363 470 ω

252 614 401 671 Nam
429 614 643 687 quando
688 626 898 670 minus
932 615 1076 687 apud
1122 628 1212 675 tios
1247 614 1664 688 militabimus
1701 616 1843 671 vobis

247 722 504 780 passuros
556 722 652 763 nos
698 707 1112 764 tribulationem.
1158 706 1308 765 Sient
1350 717 1401 765 et
1430 708 1630 780 {aetum
1657 718 1754 777 est,
1798 716 1847 765 et

248 803 421 860 scitis.
456 801 534 858 Bs
573 802 769 872 quibus
796 808 854 858 et
879 801 1105 872 praedixi
1129 801 1325 869 vobis,
1359 800 1577 872 Quando
1601 801 1845 874 negotio-

246 910 378 953 rum
422 895 808 966 impedimenta
852 893 1068 950 Satanae
1111 898 1234 952 esse
1278 894 1669 966 impedimenta
1708 892 1848 953 dixit

249 987 500 1055 illorum,
547 995 602 1044 et
625 988 843 1060 quidem
870 995 929 1043 et
968 1000 1104 1058 opus
1143 988 1492 1044 subsecutum
1521 996 1625 1045 est.

324 1077 553 1151 Propter
600 1078 700 1134 nos
741 1087 788 1133 et
839 1092 934 1149 ego
971 1077 1089 1148 jam
1134 1077 1358 1134 ulterius
1401 1094 1507 1135 non
1560 1079 1843 1136 sustinens.

247 1172 457 1231 lterum
488 1171 715 1230 assumit
737 1170 885 1226 illam
911 1185 1131 1228 causam
1160 1170 1351 1229 dicens
1377 1173 1448 1228 ob
1474 1186 1636 1244 quam
1666 1170 1849 1231 Timo-

250 1267 443 1323 theum
466 1264 708 1321 miserat.
738 1261 863 1319 Misi
882 1263 952 1318 ad
978 1265 1389 1337 cognoscendam
1416 1264 1576 1335 ﬁdem
1597 1275 1844 1335 oestrum,

249 1374 319 1415 ne
340 1357 477 1429 forte
496 1355 771 1419 tentaoerit
792 1370 882 1411 oos
902 1355 948 1411 is
977 1356 1068 1429 qui
1096 1362 1280 1424 tentat,
1303 1364 1351 1413 et
1378 1357 1552 1413 inanis
1579 1357 1675 1428 ﬁat
1697 1356 1848 1414 labor

248 1460 442 1506 uester.
482 1447 625 1516 Quid
668 1461 799 1521 ergo
832 1448 1161 1520 eognovistis
1196 1464 1263 1506 eo
1296 1450 1647 1507 rever-tentet
1688 1446 1847 1505 Nunc

249 1553 433 1599 autem
470 1541 703 1597 ueniente
745 1538 1013 1597 Timotheo
1053 1542 1124 1597 ad
1161 1554 1258 1598 nos
1301 1550 1336 1598 tt
1378 1542 1523 1598 vobis
1562 1550 1612 1598 et
1640 1552 1848 1598 annun-

249 1637 420 1692 tiante
442 1634 591 1692 nobis
630 1633 788 1707 ﬁdem
813 1646 861 1691 et
886 1636 1195 1693 charitatem
1222 1646 1444 1693 vestram
1461 1677 1475 1701 ,
1521 1646 1569 1693 et
1597 1638 1847 1710 quoniam

249 1728 456 1784 habetis
489 1728 795 1783 meritoriam
819 1736 1055 1784 nostram
1091 1728 1281 1785 bonam
1310 1742 1515 1802 semper
1542 1729 1850 1785 desideran-

251 1827 331 1875 tes
366 1832 462 1873 nos
488 1803 683 1884 uidere,
713 1819 845 1874 sicut
871 1828 918 1874 et
948 1828 1042 1875 nos
1070 1834 1157 1875 vos
1179 1834 1199 1875 :
1223 1820 1340 1876 ideo
1360 1810 1616 1875 consolati
1641 1824 1844 1889 sumus,

716 384 1270 468 assummum:
1300 406 1372 467 in
1404 405 1556 467 rer.
1594 404 1803 467 rsum
1834 406 1964 467 us.
1999 402 2144 468 xm.
2182 436 2256 454 -
2283 406 2357 468 in
2388 404 2609 469 sris'r.
2637 405 2663 467 ι
2695 404 2790 466 so
2821 401 3066 469 mss.

246 522 398 581 scitis
430 536 681 595 nomen
704 522 761 578 in
802 523 902 578 hoc
927 523 1086 595 positi
1109 536 1314 579 sumus.
1342 523 1413 579 Et
1436 521 1581 579 unde
1618 522 1840 581 sciunt?
1865 528 1920 591 Α

2558 521 2787 580 CAPUT
2818 524 2908 581 IV.

1944 611 2197 688 Increpat
2218 630 2343 688 suos
2364 613 2431 671 de
2450 614 2577 671 sitio
2602 614 2990 688 fornicationis,
3023 612 3353 688 cupiditatis,
3398 622 3536 679 otio-

2152 686 2325 745 sitatis
2352 696 2405 745 at
2424 687 2754 745 immoderati
2775 687 2947 747 luctus
2966 686 3313 749 mortuorum.

2017 798 2096 857 De
2121 808 2335 865 octero,
2361 799 2576 870 fratres,
2628 812 2875 873 rogamus
2908 812 3001 857 vos
3028 808 3077 857 et
3114 802 3445 861 obsecramus
3478 806 3538 864 in

1944 888 2172 947 Domino
2209 890 2344 947 Iesu
2372 892 2508 948 sicut
2551 893 2821 964 accepistis
2842 908 2876 948 a
2901 893 3049 949 nobis
3096 895 3537 966 quemadmodum

1945 983 2219 1038 conveniat
2249 998 2340 1039 vos
2364 983 2657 1050 ambulare,
2691 993 2739 1038 et
2762 984 2971 1041 elucere
2995 982 3106 1041 Deo
3157 997 3215 1043 ut
3262 986 3539 1046 abundetis

1944 1079 2135 1149 magis.
2176 1076 2407 1153 (Ambr.)
2437 1079 2683 1136 Diximus
2726 1087 2784 1137 et
2836 1078 2894 1136 ln
2937 1088 3256 1154 argumento
3311 1081 3540 1154 dudum,

1945 1169 2202 1240 quoniam
2238 1170 2556 1229 Timotheus
2598 1182 2631 1229 tt
2670 1171 3055 1230 Thessalonica
3101 1184 3356 1232 reversus
3401 1191 3543 1234 nun-

1947 1260 2113 1317 tiarat
2139 1261 2241 1318 sibi
2284 1261 2593 1319 ﬁrmitatem
2624 1261 2750 1320 ﬁdei
2782 1276 2969 1321 eorum
2989 1262 3154 1337 quam
3184 1266 3242 1324 in
3284 1272 3545 1341 pet-seem

1948 1354 2113 1410 tionis
2162 1355 2488 1413 necessitate
2538 1356 2883 1414 incurrentes
2933 1356 3246 1415 inviolatam
3292 1374 3546 1419 servave-

1947 1456 2092 1511 runt,
2114 1460 2216 1505 nec
2249 1462 2359 1505 non
2392 1449 2617 1520 etquod
2658 1450 2769 1506 sint
2816 1449 2995 1521 aliqua
3048 1453 3188 1524 apud
3240 1448 3364 1511 illos
3423 1464 3546 1525 qua:

1949 1540 2291 1597 correctione
2333 1540 2650 1615 indigeant:
2680 1542 2872 1601 scribit
2911 1556 3044 1616 ergo
3077 1532 3204 1602 hinc
3246 1545 3544 1618 Epistulam

1945 1632 2235 1704 Apostolus
2262 1632 2331 1688 ad
2366 1633 2456 1689 illa
2487 1646 2607 1704 quae
2639 1634 2741 1691 sibi
2771 1634 3015 1690 nuntiata
3055 1633 3269 1692 lberam
3296 1648 3327 1693 a
3358 1628 3546 1695 Timo-

1950 1726 2233 1795 ibeo,an
2280 1742 2402 1799 quae
2435 1728 2829 1785 conveniebant
2865 1729 3052 1787 dicens
3085 1730 3152 1786 su
3196 1728 3407 1787 laudem
3453 1738 3550 1792 eo-

1957 1832 2101 1884 rum,
2135 1832 2237 1890 pro
2266 1819 2464 1892 quibus
2490 1819 2545 1876 in
2575 1821 2821 1877 adversis
2861 1820 3005 1877 ﬁrmi
3053 1822 3409 1893 perstiterunt
3434 1841 3447 1879 :
3477 1822 3552 1881 si-

254 1910 473 1983 fratres,
500 1911 555 1966 in
577 1910 717 1966 vobis
750 1911 805 1966 in
832 1913 975 1967 omni
999 1911 1337 1968 tribulatione
1359 1923 1408 1968 et
1430 1912 1732 1969 necessitate
1752 1930 1845 1970 no-
1875 1892 1921 1965 Β
1949 1913 2060 1969 mul
2090 1920 2145 1970 et
2177 1915 2475 1972 exhortans
2512 1926 2607 1971 eos
2635 1916 2689 1971 in
2738 1916 2926 1973 eadem
2962 1918 3310 1988 perseverare
3335 1928 3552 1974 Senten-

252 2012 365 2060 stra
386 2020 480 2076 per
508 2015 725 2061 vestram
749 2004 927 2075 ﬁdem.
958 2004 1222 2073 Quoniam
1253 2014 1433 2062 autem
1462 2008 1683 2063 veniens
1710 2020 1848 2062 nun-

254 2097 413 2153 tiavit
441 2096 599 2154 nobis
645 2096 955 2153 ﬁrmitatem
1005 2110 1169 2170 quam
1205 2112 1336 2171 erga
1365 2106 1465 2156 nos
1512 2099 1744 2165 habetis,
1796 2104 1852 2153 et

253 2191 513 2262 quoniam
545 2202 812 2246 memores
840 2191 975 2247 estis
1012 2188 1184 2247 nostri
1235 2206 1451 2264 semper
1480 2191 1851 2248 desiderantes

253 2298 357 2340 nos
383 2284 530 2341 sicut
554 2293 611 2340 et
644 2296 743 2342 nos
770 2298 868 2341 vos
886 2327 900 2353 ,
944 2285 1300 2341 subicientem
1350 2285 1528 2341 omnis
1554 2285 1853 2342 tribulatio-

254 2378 570 2435 Ilisnostra
622 2378 885 2437 habemus
928 2379 1357 2436 consolationem
1404 2380 1649 2436 nuntium
1698 2380 1850 2435 illum

256 2486 425 2544 quem
446 2474 512 2530 de
539 2474 693 2530 vobis
729 2474 1138 2545 cognoSclmns,
1179 2484 1233 2532 et
1264 2476 1716 2547 quemadmodum
1749 2476 1848 2531 ob-

254 2563 531 2624 lectabant
557 2582 681 2624 eum
710 2569 797 2624 illa
834 2570 974 2625 bona
998 2586 1119 2643 quas
1146 2570 1213 2627 de
1239 2569 1346 2627 illis
1370 2583 1495 2627 sunt
1524 2584 1852 2644 cognoscere

253 2660 552 2716 ostendens
575 2658 796 2731 adjicit:
829 2659 1093 2727 Quoniam
1131 2676 1269 2718 nunc
1294 2662 1536 2730 vivimus,
1564 2666 1610 2717 si
1636 2679 1722 2717 vos
1749 2673 1855 2719 sta-

255 2749 326 2805 tis
359 2750 418 2804 in
442 2748 688 2807 Domino.
711 2748 867 2809 Nunc
890 2753 1078 2811 vivere
1104 2769 1203 2811 nos
1228 2753 1631 2821 existimamus,
1677 2754 1724 2811 si
1755 2771 1854 2812 vos

255 2840 313 2897 in
350 2840 458 2898 ﬁde
495 2844 843 2914 perstiteritis
864 2887 880 2912 ,
903 2845 1069 2901 vitam
1102 2854 1342 2903 nostram
1380 2854 1436 2902 et
1464 2864 1668 2920 augens
1698 2848 1849 2904 illud.

257 2934 457 3004 Quam,
485 2937 679 3009 inquit,
709 2939 1003 3013 gratiarum
1029 2940 1286 2997 actionem
1306 2957 1584 3013 possumus
1628 2939 1736 2996 Deo
1768 2958 1851 2997 re-

253 3030 487 3087 tribuere
511 3048 606 3104 pro
635 3032 775 3089 vobis
818 3051 975 3111 super
1010 3034 1151 3090 omni
1191 3034 1388 3108 gaudio
1422 3052 1525 3109 quo
1560 3035 1852 3107 gaudemus

252 3133 470 3196 propter
492 3141 579 3181 vos
608 3142 785 3185 coram
813 3126 924 3187 Deo
958 3136 1146 3183 vestro.
1175 3124 1267 3184 Sic
1284 3127 1430 3183 enim
1455 3136 1643 3187 nostra
1674 3128 1854 3185 existi-

255 3230 474 3272 mamus
503 3216 594 3273 illa
620 3217 760 3274 bona
778 3235 900 3291 qua:
922 3229 1099 3276 vestra
1129 3228 1279 3288 sunt,
1306 3230 1365 3275 ut
1387 3219 1512 3292 quia
1544 3220 1670 3275 talia
1693 3221 1841 3277 audi-

254 3308 436 3364 vimus
462 3308 529 3365 de
555 3309 707 3367 vobis
728 3308 1015 3369 Timotheo
1046 3310 1342 3379 referente,
1388 3328 1644 3385 magnum
1675 3313 1849 3387 quod-

256 3400 385 3457 dam
415 3400 482 3457 de
513 3400 664 3458 vobis
692 3402 945 3475 gaudium
996 3403 1277 3471 habemus,
1332 3412 1392 3460 ut
1436 3419 1538 3463 nec
1588 3405 1853 3481 condigne

256 3510 359 3568 pro
382 3495 470 3551 bis
491 3497 700 3570 gratias
733 3513 892 3571 agere
912 3499 1024 3555 Deo
1048 3509 1235 3557 nostro
1266 3515 1426 3571 posse
1452 3499 1850 3570 existimemus,

258 3596 432 3660 utque
455 3587 705 3645 videatur
752 3589 855 3651 ista
904 3590 1092 3649 dicens
1120 3591 1321 3650 dixisse
1349 3594 1419 3650 ab
1457 3592 1549 3649 illo
1587 3592 1854 3652 desiderio

260 3694 373 3750 quo
406 3680 752 3738 desiderabat
780 3682 848 3738 ad
872 3694 967 3739 eos
991 3684 1202 3751 venire,
1239 3684 1427 3753 Nocte,
1462 3686 1660 3758 inquit,
1697 3696 1745 3741 et
1770 3684 1856 3741 die

258 3772 773 3842 superabandantius
798 3775 1157 3847 deprecantes,
1179 3784 1237 3832 ut
1264 3778 1532 3837 videamus
1555 3780 1745 3853 [aciem
1773 3796 1858 3835 ve-

257 3874 449 3931 stram,
507 3875 557 3920 et
607 3864 939 3936 suppleamus
980 3884 1044 3924 ea
1090 3882 1209 3940 qua:
1245 3868 1432 3926 desunt
1477 3868 1600 3941 [idei
1652 3881 1854 3926 oestrtv.

254 3956 634 4023 Persistimus,
686 3959 880 4031 inquit,
927 3972 1150 4018 orantes
1192 3970 1251 4018 ut
1278 3972 1333 4020 et
1358 3962 1632 4019 videamus
1656 3978 1772 4029 vos,
1803 3970 1860 4019 et

257 4052 613 4125 suppleamus
645 4054 810 4110 etiam
836 4055 882 4111 si
909 4065 965 4112 et
990 4058 1180 4115 deesse
1207 4057 1358 4114 vobis
1383 4056 1587 4131 aliquid
1609 4056 1854 4115 videtur:

266 4152 329 4201 et
356 4146 690 4202 desiderium
729 4147 1004 4219 explicans
1041 4165 1195 4207 suum
1229 4149 1415 4222 adjicit
1460 4165 1475 4205 :
1519 4148 1643 4225 Ipse
1683 4160 1858 4206 autem

259 4237 414 4294 Deus
441 4248 489 4292 et
518 4234 682 4294 Pater
708 4250 905 4308 noster,
931 4248 978 4297 et
1007 4241 1262 4300 Dominus
1291 4254 1467 4300 noster
1482 4240 1640 4305 Iesus
1666 4242 1861 4314 dirigat

254 4328 401 4385 aiam
428 4336 661 4384 nostram
686 4330 756 4385 ad
778 4344 885 4387 vos.
922 4330 1037 4389 Hoc
1065 4334 1150 4390 vel
1198 4334 1436 4392 maxime
1462 4330 1759 4403 desiderat,
1803 4342 1865 4391 ut

254 4427 319 4478 et
355 4420 608 4478 oratione
631 4422 932 4495 postularet
961 4424 1015 4480 id
1039 4424 1189 4494 ﬁeri,
1219 4426 1300 4483 sic
1327 4436 1384 4484 et
1417 4425 1486 4483 ad
1518 4425 1863 4484 tolerantiam

228 4512 682 4575 .durissimarum
710 4513 1117 4571 tribulationum
1148 4516 1447 4574 adhortans
1469 4534 1587 4587 eos,
1617 4518 1863 4579 oratione

260 4604 413 4662 dicta
439 4620 540 4662 sua
569 4606 873 4664 conﬁrmat.
933 4607 1038 4666 Vos
1066 4618 1240 4666 autem
1270 4606 1527 4667 Dominus
1558 4612 1862 4685 multiplicat

259 4708 313 4754 et
345 4699 620 4755 abundare
642 4698 805 4773 faciat
841 4701 1095 4757 charitatc
1122 4702 1176 4756 in
1212 4700 1453 4769 invicem,
1503 4704 1630 4758 etin
1660 4719 1859 4770 omnes,

258 4792 710 4862 quemadmodum
736 4804 786 4848 et
812 4794 906 4849 nos
934 4792 990 4850 in
1019 4795 1186 4864 vobis,
1212 4795 1282 4853 ad
1309 4794 1676 4866 conﬁrmanda
1701 4796 1864 4851 corda

262 4895 439 4940 eestra
469 4885 585 4941 sine
610 4884 820 4958 querela
848 4886 903 4941 in
931 4889 1207 4943 sanctitate
1229 4898 1350 4942 ante
1393 4886 1560 4943 Deum
1588 4898 1635 4942 et
1660 4896 1864 4959 patrem

263 4986 505 5032 nostrum
536 4977 593 5032 in
622 4977 849 5033 adventu
890 4977 1105 5033 Domini
1143 4980 1312 5035 nostri
1336 4978 1466 5036 Jesu
1509 4980 1704 5035 Christi
1744 4997 1864 5039 cum

262 5069 512 5126 omnibus
545 5071 744 5126 sanctis
766 5072 904 5144 ejus.
930 5072 1183 5144 Adjiciat,
1209 5074 1402 5147 inquit,
1434 5074 1589 5131 vobis
1612 5084 1667 5132 et
1697 5076 1750 5130 in
1782 5076 1865 5133 iu-

261 5160 444 5215 vicem
471 5170 526 5217 et
549 5174 680 5233 erga
706 5176 896 5220 omnes
923 5165 1246 5221 charitatem
1265 5165 1423 5222 talem
1448 5164 1594 5223 illam
1625 5167 1676 5222 in
1707 5169 1862 5229 vobis

264 5253 531 5323 efﬁciens,
566 5256 742 5327 qualis
771 5266 827 5313 et
854 5257 908 5313 in
940 5258 1097 5329 nobis
1143 5260 1209 5315 de
1251 5259 1408 5316 vobis
1451 5268 1554 5326 est,
1581 5270 1635 5317 et
1664 5260 1865 5321 conﬁr-

263 5355 381 5403 met
406 5347 462 5403 in
494 5346 598 5406 ﬁde
619 5360 853 5413 mentem
884 5361 1137 5415 vestram,
1165 5350 1238 5407 ita
1270 5363 1329 5409 ut
1355 5354 1720 5424 permaneatis
1743 5354 1863 5413 sine

264 5441 526 5512 crimine,
555 5443 624 5500 ab
646 5444 795 5503 omni
822 5461 917 5502 vos
939 5444 1257 5503 cohibentes
1279 5448 1676 5509 iuconvenienti
1700 5457 1857 5507 actu:

266 5533 377 5591 hoc
405 5535 550 5591 enim
574 5535 705 5597 dicit
732 5536 787 5594 in
832 5540 1129 5607 sanctitate,
1165 5555 1265 5613 per
1312 5556 1477 5617 quam
1519 5541 1768 5617 poteritis
1806 5543 1863 5599 in

268 5625 457 5686 futuro
485 5626 574 5685 die
606 5627 860 5687 ﬁduciam
904 5632 974 5690 ad
1003 5630 1175 5690 Deum
1225 5634 1446 5707 assequi
1497 5650 1620 5693 cum
1650 5633 1865 5695 cretosis

266 5720 526 5781 omnibus
551 5724 643 5797 qui
672 5724 872 5799 placita
898 5735 1295 5791 conversantur
1314 5728 1375 5795 in
1404 5728 1624 5789 virtute.

1140 5916 1171 5933 ‘i

1149 5935 1202 5965 θ’·

1890 4646 1942 4709 D

1953 2000 2049 2073 tia,
2079 2018 2197 2076 quae
2222 2016 2276 2063 et
2304 2007 2356 2062 in
2396 2004 2502 2064 illis
2530 2022 2654 2081 quae
2685 2016 2810 2066 ante
2834 2010 2979 2066 dicta
3003 2016 3132 2068 Snnt
3158 2027 3189 2067 a
3216 2012 3373 2069 nobis
3413 2028 3549 2070 con-

1951 2110 2253 2155 summasse
2293 2096 2443 2155 visus
2474 2107 2558 2157 est
2595 2100 2844 2157 oratione
2880 2110 3037 2157 suum
3061 2098 3388 2160 concludens
3443 2120 3554 2160 scr-

1952 2206 2189 2249 monem.
2224 2188 2362 2249 Hinc
2404 2202 2536 2249 vero
2558 2192 2749 2264 incipit
2778 2194 2845 2250 de
2871 2186 2977 2250 illis
3002 2194 3279 2267 disputare
3315 2211 3436 2267 quae
3472 2195 3554 2251 in-

1952 2285 2340 2341 eonvenienter
2362 2284 2431 2341 ab
2460 2284 2567 2341 Illis
2588 2285 2672 2357 agi
2707 2284 2993 2341 didicerat.
3046 2282 3162 2343 Hoc
3189 2290 3321 2361 ergo
3364 2285 3503 2343 dixit
3533 2304 3549 2343 :

1950 2376 2301 2433 obsecramus
2330 2390 2426 2433 vos
2462 2382 2522 2433 ut
2543 2382 2967 2449 cbnsequentem
2998 2378 3167 2434 vitam
3198 2384 3435 2437 vestram
3457 2392 3554 2435 ex-

1951 2469 2188 2527 libeatis
2216 2468 2360 2526 illius
2387 2470 2647 2527 doctrinae
2679 2480 2842 2543 quam
2885 2472 3118 2527 assecuti
3157 2472 3290 2529 estis
3317 2487 3348 2528 a
3379 2468 3555 2538 nobis,

1950 2560 2272 2620 feStinantes
2300 2562 2515 2635 placere
2556 2561 2669 2619 Deo
2696 2566 2751 2620 et
2775 2578 3094 2635 promovere
3140 2562 3208 2619 ad
3264 2563 3399 2637 legis
3441 2560 3558 2633 ejus

1953 2656 2327 2713 directionem.
2369 2656 2588 2731 Optime
2615 2665 2797 2712 autem
2838 2654 3113 2714 inchoavit
3158 2658 3228 2714 ab
3278 2656 3370 2714 illo
3407 2657 3555 2716 dicto

1953 2748 2099 2818 quod
2148 2746 2305 2814 dixit,
2335 2746 2411 2802 De
2440 2757 2629 2804 cratera
2656 2765 2780 2820 ergo
2804 2748 3023 2818 fratres.
3050 2746 3335 2822 posti1uam
3371 2744 3561 2807 laudes

1956 2840 2376 2908 consummavit,
2405 2855 2547 2912 quas
2587 2856 2751 2914 super
2778 2840 2903 2897 ﬁdei
2928 2857 3120 2898 eorum
3145 2840 3357 2901 diiterat
3380 2839 3556 2899 ﬁrmi-

1954 2942 2086 3000 tate,
2118 2936 2223 2992 hoc
2246 2934 2566 2993 vultdicere
2596 2952 2610 2991 :
2642 2937 2898 3011 quoniam
2926 2932 3072 2993 illam
3115 2953 3278 3015 quam
3303 2936 3559 2997 convenit

1955 3029 2160 3087 habere
2187 3030 2510 3087 sententiam
2534 3029 2992 3103 contemplatione
3035 3028 3254 3104 pietatis
3289 3031 3423 3104 ipsis
3457 3046 3556 3093 ue-

1956 3123 2118 3199 gotiis
2145 3122 2553 3191 demonstratis,
2605 3121 2750 3196 agite
2783 3123 2949 3197 igitur
2983 3130 3039 3180 et
3065 3122 3131 3195 de
3182 3133 3381 3187 caetero
3432 3124 3560 3183 vita

1957 3224 2154 3272 vestra:
2177 3212 2515 3287 diligentiam
2538 3212 2915 3281 adhibeamus,
2945 3221 3007 3270 ut
3031 3208 3167 3271 nihil
3190 3208 3346 3272 vobis
3368 3200 3559 3275 deesse

1958 3308 2207 3366 videatur
2234 3325 2299 3365 ex
2331 3308 2436 3365 illis
2475 3323 2596 3380 quae
2626 3302 2696 3364 ad
2736 3304 3124 3383 perfectionem
3169 3302 3326 3364 Vobis
3375 3304 3563 3367 viden-

1956 3406 2046 3459 tur
2069 3418 2190 3459 esse
2215 3401 2386 3471 utilia,
2416 3398 2723 3459 necessaria
2748 3415 2880 3457 vero
2906 3396 3089 3457 ethoc
3132 3399 3189 3459 iu
3235 3390 3357 3459 lo'co
3402 3398 3556 3472 adje-

1956 3492 2050 3561 cit,
2112 3493 2247 3549 sicut
2293 3490 2564 3566 accepistis
2591 3508 2623 3546 a
2657 3490 2827 3558 nobis,
2853 3488 3245 3547 demonstravit
3298 3488 3444 3547 enim
3496 3505 3563 3549 eo

1958 3580 2103 3655 qno'd
2143 3598 2252 3639 non
2295 3598 2440 3638 nunc
2482 3580 2747 3654 imprimis
2787 3578 2904 3637 haec
2937 3578 3124 3636 audire
3168 3594 3200 3635 a
3236 3594 3296 3636 se
3337 3580 3563 3637 videan-

1957 3682 2068 3741 tnr,
2095 3670 2189 3731 sed
2212 3680 2266 3729 et
2291 3672 2492 3730 dudum
2536 3670 2603 3730 de
2632 3670 2719 3729 bis
2745 3671 2950 3729 fuerint
2978 3670 3249 3729 instructi.
3298 3662 3454 3733 Unde
3502 3679 3559 3729 et

1958 3781 2163 3841 augens
2180 3766 2332 3834 illud,
2351 3768 2518 3833 scitis,
2546 3766 2741 3837 inquit,
2764 3782 2880 3839 qua:
2896 3762 3147 3819 mandata
3162 3760 3395 3819 dederim
3423 3762 3562 3821 vobis

1958 3878 2051 3934 per
2079 3858 2364 3916 Dominum
2401 3858 2690 3915 Christum.
2723 3856 2950 3915 Omniiu
2976 3854 3095 3913 loco
3115 3854 3407 3915 ostendens
3426 3872 3562 3929 quo—

1958 3952 2107 4009 niam
2130 3951 2263 4006 nihil
2280 3950 2403 4007 novi
2418 3950 2523 4007 illis
2538 3949 2696 4007 hodie
2709 3946 2918 4006 scribit.
2940 3946 3069 4005 Iitec
3082 3958 3154 4004 est
3167 3948 3305 4003 enim
3320 3946 3562 4005 uoluntas

1962 4042 2062 4101 Dei
2100 4042 2448 4113 sanctiﬁcatio
2491 4052 2681 4099 vestra.
2741 4041 3061 4099 Necessario
3101 4038 3257 4111 dixit,
3310 4034 3425 4099 lucc
3478 4050 3555 4097 est

1963 4135 2100 4191 enim
2122 4130 2366 4192 uolutatus
2414 4134 2512 4191 Dei
2536 4148 2742 4211 :agere
2794 4136 2940 4191 enim
2993 4134 3246 4197 convenit
3292 4124 3382 4190 illa
3440 4142 3561 4206 qua:

1963 4222 2108 4286 Deus
2137 4228 2255 4285 vult
2282 4224 2421 4303 ﬁeri,
2449 4244 2516 4285 eo
2544 4227 2689 4302 quod
2719 4226 3077 4286 sanctiﬁcatio
3113 4224 3181 4287 ad
3205 4222 3429 4305 plenum
3473 4226 3558 4285 di.

1964 4321 2110 4379 citur
2134 4320 2379 4378 omnium
2410 4318 2901 4378 inconvenientium
2929 4320 3222 4388 abdicatio,
3249 4316 3561 4379 evidentius

1963 4416 2098 4470 vero
2116 4413 2393 4485 explicans
2413 4410 2479 4469 de
2500 4413 2697 4489 quibus
2722 4413 2793 4479 sit
2812 4412 2888 4468 illi
2909 4414 2977 4469 ad
2996 4426 3243 4487 praesens
3264 4426 3444 4469 sermo
3466 4406 3562 4469 ad-

1959 4504 2100 4578 jicit.
2123 4505 2414 4580 (Cassium)
2438 4506 2505 4563 Et
2525 4520 2594 4562 ne
2618 4506 2758 4565 forte
2778 4500 2999 4563 dubium
3027 4505 3186 4562 nobis
3207 4505 3557 4576 relinqueret,

1968 4597 2051 4655 vel
2079 4599 2394 4666 obscurum,
2426 4598 2684 4671 quidnam
2707 4597 3190 4655 sanctiﬁcationem
3213 4596 3444 4655 voluerit
3465 4613 3561 4670 ap-

1964 4690 2185 4762 pellare,
2214 4702 2394 4748 utrum
2416 4688 2793 4761 justitiam,an
2817 4691 3160 4755 charitatem,
3186 4706 3257 4749 an
3283 4690 3560 4749 humilita-

1965 4792 2098 4850 tem,
2144 4800 2213 4838 an
2252 4782 2591 4855 patientiam,
2636 4785 2690 4839 in
2732 4784 2985 4839 omnibus
3010 4785 3158 4839 enim
3186 4783 3306 4841 istis
3346 4784 3560 4841 virtuti-

1965 4872 2069 4930 bus
2093 4876 2336 4930 creditur
2364 4874 2575 4947 acquiri
2605 4874 2983 4941 sanctiﬁcatio,
3007 4873 3191 4943 infert,
3246 4883 3304 4935 et
3333 4874 3559 4935 manlio.

1967 4974 2052 5023 ste
2095 4965 2366 5039 designat,
2400 4962 2529 5038 quid
2554 4966 2773 5039 proprie
2804 4967 3290 5027 sanctiﬁcationem
3327 4967 3560 5029 voluerit

1967 5059 2259 5132 appellare,
2290 5058 2404 5114 htec
2424 5068 2499 5115 est
2522 5057 2760 5121 uoluntas
2789 5059 2886 5119 Dei
2906 5060 3255 5132 sanctiﬁcatio
3277 5070 3465 5131 uestra,
3500 5070 3557 5119 ut

1969 5152 2274 5211 abstineatis
2298 5167 2410 5219 vos,
2433 5150 2628 5222 inquit,
2672 5169 2707 5208 a
2746 5152 3113 5227 fornicatione,
3148 5163 3203 5209 ut
3242 5155 3373 5215 sciat
3397 5170 3561 5211 unus-

1968 5244 2189 5318 quisque
2212 5254 2435 5299 vestrum
2463 5260 2552 5299 vas
2576 5260 2730 5299 suum
2752 5245 3020 5318 possidere
3039 5245 3095 5300 in
3115 5246 3312 5303 honore
3342 5256 3390 5302 et
3434 5263 3559 5303 sano

1968 5335 2282 5404 ctiﬁcatione
2314 5351 2419 5389 non
2448 5335 2501 5391 in
2531 5336 2774 5406 passione
2802 5336 3049 5399 desiderii
3095 5340 3233 5397 sicut
3274 5349 3322 5396 et
3370 5337 3558 5401 Gentes

1968 5442 2087 5500 quae
2120 5426 2363 5498 ignorant
2388 5424 2577 5480 Deum.
2607 5424 2736 5485 Vide
2756 5430 2952 5500 quibus
2989 5445 3111 5489 eam
3138 5431 3389 5499 laudibus
3426 5446 3560 5503 nrt)-

1973 5526 2248 5590 sequatur,
2288 5518 2550 5575 honorem
2578 5520 2743 5588 vasis,
2769 5521 2822 5577 id
2852 5530 2938 5579 est
2981 5522 3227 5595 corporis
3266 5523 3461 5589 nostri,
3502 5529 3564 5581 et

1972 5609 2459 5668 sanctiﬁcationem
2489 5610 2765 5685 appellans
2787 5629 2931 5679 eam,
2954 5612 3119 5686 igitur
3140 5612 3451 5673 econtrario
3461 5612 3558 5684 qui

1972 5701 2031 5759 in
2056 5703 2308 5775 passione
2337 5700 2590 5761 desiderii
2618 5712 2704 5763 est
2729 5713 2789 5762 et
2825 5705 3123 5778 ignominia
3163 5713 3222 5761 et
3260 5701 3556 5763 immltndiv

1973 5797 2051 5853 tia
2097 5796 2345 5855 consistit
2388 5804 2443 5854 et
2488 5796 2695 5859 alienus
2725 5813 2754 5852 a
2805 5796 3235 5859 sanctiﬁcatione
3284 5802 3555 5855 versatur.

1976 5890 2159 5949 Tertio
2174 5902 2388 5963 quoque
2406 5900 2530 5964 post
2555 5906 2726 5963 pauca
2745 5890 2911 5948 infert
2925 5904 3114 5948 rursus
3124 5903 3245 5948 eam
3264 5887 3554 5948 δειλαίων
