3986 6338
250 364 358 420 553

711 359 1257 420 ENARRATIONUM
1293 361 1364 419 1N
1399 362 1548 418 EPP.
1587 363 1791 420 PAULI
1827 363 1956 417 ue.
2000 362 2140 417 xm.
2179 393 2251 404 -
2285 362 2352 418 lN
2385 362 2604 419 EPIST.
2641 363 2664 418 1
2700 349 2793 419 An
2827 363 3071 420 THESS.

3421 361 3528 421 554

248 492 356 550 que
383 479 552 531 ullum
584 490 720 546 opus
745 476 928 532 facere
957 477 1214 533 volebant
1235 485 1292 532 et
1319 475 1596 533 otiositate
1623 476 1738 547 ipsa
1765 476 1832 530 ad
1859 485 1912 538 Α
1940 475 2069 530 tiam
2093 491 2330 546 quoque,
2355 485 2406 530 et
2433 476 2714 546 operemiui
2743 477 2984 531 manibus
3009 478 3207 541 vestris,
3236 479 3370 532 sicut
3393 495 3529 550 pra:-

247 570 340 625 ilta
367 583 492 640 qua:
529 584 635 623 non
685 568 1082 624 conveniebant
1139 584 1258 624 sese
1295 583 1554 624 exercere
1581 581 1838 636 propera-

245 660 401 716 bant.
441 659 594 716 Sicut
633 659 780 716 enim
823 659 1106 715 laudamus
1154 659 1276 715 illos
1321 661 1414 730 qui
1474 657 1838 729 indigentibus

244 753 565 810 ministrant
611 763 668 809 et
696 753 806 809 tale
854 754 1192 826 prepositum
1234 769 1365 826 erga
1399 754 1587 810 ﬁdeles
1640 753 1838 810 fratres

244 861 377 902 suos
403 845 716 912 ostendunt,
743 846 825 902 sic
863 855 921 902 et
947 853 1176 904 ceteros
1227 845 1480 903 volumus
1506 849 1725 919 assequi
1755 848 1836 904 in-

245 949 587 996 crementum
632 947 694 993 ut
731 939 899 1008 quieti
947 940 1076 1007 sint,
1134 947 1189 995 et
1239 940 1333 996 illa
1380 958 1502 1014 qua:
1555 957 1655 998 sua
1709 950 1837 1000 sunt

245 1041 438 1102 agant,
469 1039 758 1092 operantes
807 1031 1058 1087 manibus
1107 1033 1244 1100 suis,
1296 1049 1366 1090 ex
1413 1035 1614 1107 quibus
1656 1037 1834 1108 possi-

241 1121 356 1177 bile
384 1121 457 1176 sit
503 1135 597 1178 eos
638 1137 746 1176 non
773 1121 1016 1193 indigere
1065 1123 1290 1182 alterius
1324 1125 1534 1191 solatio,
1592 1136 1648 1184 et
1699 1131 1838 1200 apud

239 1222 466 1270 exteros
489 1213 712 1268 minime
724 1210 983 1268 confundi
1007 1229 1107 1286 pro
1128 1231 1292 1286 opere
1314 1217 1631 1284 indecente;
1656 1228 1712 1274 et
1733 1220 1838 1275 hoc

239 1303 299 1359 in
333 1304 456 1360 loco
477 1304 728 1360 similiter
752 1304 935 1374 adjicit
961 1325 975 1359 :
1002 1305 1149 1362 Sicut
1173 1311 1504 1380 prtecipimus
1539 1310 1702 1375 vobis,
1729 1322 1832 1366 etc.

237 1398 476 1472 (Ambn)
532 1397 835 1456 Ostendens
891 1401 1147 1470 quoniam
1206 1417 1308 1458 nec
1339 1403 1444 1458 ho'c
1501 1419 1700 1458 novum
1732 1403 1836 1458 illis

238 1507 393 1547 nunc
423 1491 652 1558 indicit;
687 1493 886 1548 transit
908 1509 1038 1550 vero
1063 1494 1295 1550 ulterius
1340 1497 1407 1551 ad
1455 1495 1544 1551 illa
1586 1511 1708 1566 quae
1732 1496 1846 1552 dici

239 1584 672 1650 conveniebant,
711 1586 968 1651 suadens,
1020 1593 1082 1640 ut
1111 1601 1217 1642 non
1252 1587 1538 1642 inhoneste
1565 1587 1746 1642 ferant
1770 1587 1838 1642 de

237 1676 334 1732 his
384 1675 478 1746 qui
531 1676 599 1731 ab
649 1676 754 1731 hac
801 1676 914 1731 vita
963 1677 1270 1743 excedunt,
1304 1679 1658 1749 quamobrem
1688 1678 1838 1733 et-de

235 1766 432 1823 futuro
458 1777 604 1824 statu
634 1767 745 1822 illic
774 1768 1013 1838 disputat
1035 1777 1091 1823 et
1115 1768 1341 1840 gloriam
1389 1769 1532 1823 illam
1561 1783 1682 1840 quas
1710 1783 1838 1839 erga

1940 570 2168 640 cepimus
2187 570 2348 624 vobis.
2371 569 2655 638 Quartam,
2679 580 2728 624 et
2747 580 2802 625 ut
2826 573 3034 625 honeste
3047 571 3324 627 ambuletis
3352 573 3422 628 ad
3442 591 3530 630 eos

1938 661 2028 732 qui
2053 659 2185 730 foris
2223 670 2365 714 sunt.
2396 658 2676 726 Quintam,
2726 669 2785 714 ut
2814 661 3011 716 nullius
3043 662 3242 734 aliquid
3269 663 3531 722 desidere-

1939 753 2024 808 tis.
2059 752 2200 808 Ecce
2249 753 2339 808 illa
2369 753 2647 810 cunctatio
2695 769 2861 824 quam
2907 757 3075 812 tantis
3121 755 3368 826 proferre
3393 773 3534 828 prae-

1936 845 2123 901 missis
2171 843 2473 912 diﬂ'erebat,
2530 846 2660 916 quid
2701 847 2755 900 in
2788 843 2904 915 ejus
2945 856 3164 916 pectore
3215 849 3532 918 parturiret,

1938 937 2276 1010 agnoscitur,
2305 956 2324 989 ί
2344 946 2401 992 et
2424 953 2647 1008 operam
2675 937 2834 1005 detis,
2858 946 2919 994 ut
2943 941 3113 1010 quieti
3136 941 3278 1008 sitis,
3306 960 3326 994 ›
3351 941 3405 997 id
3429 951 3534 1010 est,

1939 1031 1997 1086 in
2023 1031 2222 1086 vestris
2245 1029 2452 1085 cellulis
2479 1039 2904 1096 commorantes,
2929 1047 3030 1088 nec
3054 1032 3283 1089 diversis
3305 1034 3538 1089 rumori-

1937 1123 2061 1187 bus,
2085 1122 2180 1191 qui
2203 1121 2379 1177 solent
2398 1122 2698 1178 otiosorum
2723 1123 2870 1180 vitiis
2886 1123 3020 1197 [Al.,
3039 1124 3202 1198 votis]
3227 1126 3312 1181 vel
3336 1125 3537 1184 fabulis

1939 1229 2188 1287 generari
2209 1213 2437 1284 inquieti
2455 1212 2651 1281 eﬂ'ecti,
2668 1213 2788 1270 aliis
2800 1229 3016 1286 quoque
3039 1217 3440 1288 inquietudiues
3461 1217 3538 1272 in-

1937 1304 2146 1370 feratis,
2186 1323 2204 1356 ι
2234 1313 2290 1360 et
2308 1314 2369 1360 ut
2387 1314 2569 1362 vestra
2605 1308 2820 1377 negotia
2855 1309 3050 1376 agatis,
3082 1324 3192 1365 non
3222 1309 3540 1366 curiositate

1936 1407 2117 1454 vestra
2146 1406 2303 1454 actus
2328 1398 2512 1454 mundi
2539 1398 2720 1454 velitis
2765 1399 3063 1470 inquirere,
3097 1415 3162 1456 ac
3191 1399 3534 1459 diversorum

1940 1493 2382 1549 conversationes
2399 1493 2744 1563 explorantes
2767 1508 2988 1564 operam
3012 1503 3251 1550 vestram
3275 1511 3383 1550 non
3406 1511 3539 1566 erga

1940 1585 2335 1641 correctionem
2358 1593 2597 1642 vestram
2621 1586 2715 1642 sed
2737 1586 3001 1642 virtutum
3023 1586 3221 1655 studia,
3240 1587 3335 1642 sed
3357 1587 3426 1641 ad
3448 1585 3542 1642 de-

1941 1680 2242 1736 tractiones
2287 1677 2477 1734 fratris
2530 1679 2715 1735 velitis
2756 1679 3099 1751 impendere;
3157 1690 3206 1735 et
3255 1679 3544 1752 operemiui

1940 1772 2184 1826 manibus
2212 1773 2416 1838 uestris,
2445 1772 2579 1826 sicut
2603 1772 2936 1843 prwcipimus
2957 1772 3120 1850 vobis,
3169 1779 3273 1827 “cur
3313 1771 3402 1827 illa
3428 1773 3547 1827 fue-

236 1869 468 1917 sanctos
522 1867 651 1916 tunc
703 1861 809 1916 erit
846 1861 1102 1932 explicat,
1130 1870 1188 1916 et
1214 1863 1284 1916 ob
1312 1861 1693 1916 necessitatem
1743 1860 1838 1915 do-
1865 1850 1914 1911 Β
1942 1865 2054 1920 rint
2091 1880 2212 1934 qua:
2261 1872 2547 1920 monuerat
2578 1863 2826 1934 superius
2846 1879 2915 1920 ne
2959 1873 3203 1937 agerent,
3249 1863 3305 1920 id
3351 1873 3436 1920 est
3474 1879 3544 1919 ne

235 1955 437 2011 ctrina:
465 1954 557 2010 illa
585 1970 706 2025 quae
732 1964 1039 2026 competere
1086 1955 1192 2010 sibi
1219 1955 1574 2011 existimabat
1602 1955 1671 2011 ad
1701 1971 1840 2026 prae-

235 2063 373 2103 sens
402 2054 782 2119 argumentum
810 2045 1220 2102 enarrat.-Nam
1252 2048 1307 2102 in
1335 2056 1601 2119 quantum
1641 2062 1842 2119 magna

235 2150 407 2196 erunt
441 2139 528 2194 illa
559 2157 680 2211 quae
723 2141 1200 2211 exspectabantur,
1233 2141 1288 2196 in
1328 2150 1540 2197 tantum
1567 2141 1842 2197 consolari

237 2235 425 2305 magis
464 2241 722 2304 poterant
749 2233 824 2298 hi,
856 2233 949 2304 qui
995 2233 1264 2304 profundo
1295 2233 1442 2290 luetu
1491 2235 1838 2290 tenebantur.

237 2323 448 2398 (Cass.)
477 2326 632 2382 lianc
660 2327 910 2382 morbum
936 2327 1030 2396 qui
1061 2327 1128 2382 de
1152 2327 1354 2382 acedize
1377 2327 1572 2397 spiritu
1595 2327 1842 2382 nascitur

237 2419 443 2475 beatus
461 2419 732 2475 Paulusut
762 2435 926 2476 verus
959 2435 1024 2475 ac
1055 2420 1317 2490 spiritalis
1341 2421 1585 2476 medicus
1615 2421 1700 2477 vel
1716 2429 1844 2476 tunc

229 2511 359 2583 jam
388 2513 726 2584 conspiciens
740 2527 981 2584 serpere,
1005 2513 1089 2568 vel
1109 2529 1471 2579 emersurum,
1498 2513 1700 2585 Spiritu
1726 2530 1846 2570 san-

237 2614 338 2660 cto
367 2605 661 2672 revelante,
695 2605 1056 2676 prospiciens,
1085 2605 1414 2660 salutaribus
1442 2614 1845 2676 praeceptorum

238 2713 472 2752 suorum
497 2697 910 2752 medicamentis
925 2697 1223 2767 praevenire
1235 2695 1474 2752 festinat.
1495 2695 1847 2751 Thessaloni-

238 2788 507 2843 censibus
562 2787 707 2842 enim
759 2787 1025 2854 scribens,
1059 2796 1114 2842 et
1161 2787 1338 2858 primo
1391 2796 1452 2841 ut
1486 2787 1848 2858 peritissimus

237 2879 472 2949 quidam
523 2878 908 2950 perfectiusque
955 2879 1198 2935 medicus
1247 2879 1625 2936 inﬁrmitatem
1663 2896 1850 2938 susce-

237 2982 466 3044 ptorum
486 2971 684 3028 blanda
710 2972 928 3043 lenique
955 2973 1106 3028 verbi
1135 2973 1414 3029 curatione
1431 2972 1758 3041 fomentans,
1786 2988 1852 3030 ac

240 3067 315 3122 de
334 3065 607 3121 charitate
629 3065 910 3138 incipiens,
932 3083 1133 3139 eosque
1154 3068 1209 3122 in
1235 3083 1300 3123 ea
1326 3078 1484 3139 parte
1509 3068 1848 3136 collaudans,

239 3173 536 3228 quousque
558 3157 756 3214 letbale
784 3159 979 3215 vulnus
1027 3159 1222 3216 leniori
1269 3161 1516 3216 remedio
1543 3160 1845 3227 delinitum,

241 3250 500 3320 deposita
530 3251 757 3307 tumoris
787 3251 1179 3322 indignatione,
1225 3251 1440 3308 facilius
1485 3253 1847 3310 medicamina

242 3343 556 3398 austeriora
595 3343 882 3411 sustineat,
909 3344 983 3399 ita
1013 3346 1090 3401 ait
1116 3363 1129 3398 :
1158 3345 1238 3400 De
1261 3346 1519 3401 charitate
1532 3355 1708 3401 autem
1733 3347 1846 3417 fra-

244 3436 516 3490 ternitatis
559 3452 664 3490 non
701 3452 906 3492 necesse
955 3437 1205 3492 habemus
1257 3437 1483 3493 scribere
1528 3438 1695 3506 vobis,
1744 3440 1848 3510 ipsi

245 3530 394 3583 enim
435 3547 468 3583 a
512 3529 623 3584 Deo
656 3529 798 3584 docti
847 3531 970 3585 estis
997 3538 1054 3585 ut
1101 3529 1336 3602 diligatis
1369 3531 1628 3585 invicem:
1657 3531 1846 3585 etenim

247 3622 434 3691 facitis
467 3621 601 3676 illud
627 3623 683 3679 in
720 3640 896 3678 omnes
922 3622 1112 3693 fratres
1136 3624 1194 3678 in
1238 3625 1481 3678 universa
1508 3622 1842 3678 Macedonia.

245 3713 528 3770 Prasmisit
554 3715 729 3772 laudis
755 3715 992 3772 fomenta
1022 3716 1186 3782 lenia,
1223 3715 1354 3772 fecit
1376 3732 1569 3772 eorum
1596 3731 1757 3772 aures
1779 3717 1847 3771 ad

247 3822 450 3864 ctu-am
477 3807 732 3864 salutaris
774 3808 924 3864 verbi
953 3808 1214 3879 placidas,
1256 3817 1311 3863 et
1336 3817 1573 3878 paratas.
1609 3808 1847 3863 Rursum

248 3899 425 3955 infert
456 3917 472 3954 :
505 3898 772 3970 Rogamus
800 3909 974 3954 autem
1000 3917 1108 3966 vos,
1130 3899 1342 3969 fratres,
1367 3909 1424 3952 ut
1449 3899 1722 3954 abundetis
1737 3917 1850 3954 ma-

247 3990 378 4062 gis;
413 3989 593 4058 adhuc
621 3988 819 4044 blanda
849 4004 944 4044 eos
986 3989 1278 4043 verborum
1307 3987 1532 4043 lenitate
1557 3987 1847 4055 demulcet,

249 4098 326 4138 ne
353 4081 502 4137 forte
552 4081 781 4137 necdum
812 4089 967 4152 aptos
1017 4081 1086 4136 ad
1132 4080 1538 4151 perceptionem
1593 4078 1850 4150 perfectae

251 4175 563 4230 curationis
591 4175 859 4240 inveniat,
889 4174 1017 4245 quid
1045 4183 1128 4229 est
1156 4175 1300 4245 quod
1329 4188 1510 4246 rogas,
1552 4173 1811 4244 Apostole
1833 4214 1848 4241 ,

250 4277 318 4323 ut
353 4267 634 4322 abundent
663 4267 879 4338 magis?
908 4265 1114 4321 scilicet
1141 4266 1192 4320 in
1223 4267 1510 4333 charttate,
1539 4267 1606 4322 de
1630 4282 1735 4336 qua
1756 4282 1852 4322 su-

250 4361 447 4430 perius
475 4359 692 4414 dixeras
719 4377 734 4412 :
765 4357 844 4412 De
871 4359 1125 4412 charitate
1170 4367 1342 4413 autent
1371 4359 1718 4428 fraternitatis
1749 4375 1853 4413 non

251 4467 470 4506 necesse
509 4450 757 4504 habemus
785 4450 1009 4504 scribere
1049 4451 1213 4516 vobis,
1262 4460 1318 4505 et
1344 4451 1474 4520 quid
1519 4466 1742 4507 necesse
1770 4459 1854 4506 est

251 4552 319 4596 ut
354 4542 532 4608 dicas,
569 4559 588 4592 ι
619 4557 872 4612 rogamus
899 4556 1018 4607 vos,
1059 4550 1118 4595 ut
1153 4542 1438 4597 abundetis
1485 4542 1681 4613 magis,
1705 4561 1723 4593 ι
1760 4541 1854 4612 qui

253 4650 432 4706 super
472 4637 577 4691 hac
605 4651 686 4701 re,
717 4652 785 4691 ne
812 4636 975 4692 scribi
999 4635 1216 4704 quidem
1242 4635 1343 4690 sibi
1367 4634 1567 4704 aliquid
1595 4635 1853 4704 indigent,

254 4743 388 4782 cum
411 4729 717 4798 praesertim
745 4739 800 4783 et
825 4727 1026 4784 inferas
1053 4742 1275 4783 causam
1303 4729 1374 4783 ob
1409 4743 1572 4798 quam
1601 4728 1705 4783 hoc
1740 4728 1857 4798 ipso

257 4833 372 4874 non
397 4827 616 4890 egeant,
639 4820 847 4886 dicens,
865 4819 964 4890 ipsi
989 4820 1128 4874 enim
1151 4836 1238 4874 vos
1269 4837 1301 4872 a
1327 4819 1438 4874 Deo
1461 4819 1603 4873 docti
1625 4819 1770 4884 estis,
1798 4826 1857 4872 ut

259 4916 504 4986 diligatis
558 4916 774 4970 invicem
801 4916 825 4968 ?
853 4912 1093 4969 Tertium
1146 4927 1361 4984 quoque
1405 4911 1581 4982 majus
1631 4911 1854 4982 adiicias

259 5011 412 5081 quod
449 5025 557 5065 non
595 5009 767 5066 solum
797 5026 828 5065 a
855 5009 1084 5065 Domino
1113 5009 1256 5063 docti
1294 5007 1420 5074 sint,
1476 5021 1664 5061 verum
1691 5007 1854 5062 etiam

261 5100 581 5171 compleant
599 5104 784 5172 opere,
807 5115 928 5170 quae
951 5099 1256 5156 docentur?
1282 5101 1483 5155 etenim
1506 5100 1680 5169 facitis
1699 5099 1855 5168 illud,

263 5190 470 5263 inquit,
507 5207 614 5247 non
639 5193 693 5248 in
722 5207 828 5248 uno
853 5192 941 5247 vel
967 5192 1198 5258 duobus,
1217 5193 1325 5248 sed
1355 5195 1411 5248 in
1439 5209 1616 5248 omnes
1642 5194 1854 5264 fratres,

265 5300 374 5341 nec
400 5287 457 5340 in
485 5296 698 5343 vestros
728 5290 1100 5343 tantummodo
1127 5289 1293 5356 cives,
1325 5289 1409 5344 vel
1460 5299 1640 5355 notos,
1680 5289 1772 5344 sed
1804 5290 1859 5342 in

268 5380 520 5433 universa
540 5379 874 5436 Macedonia.
899 5381 998 5436 Dic
1017 5380 1181 5452 igitur
1204 5383 1421 5437 tandem
1445 5381 1573 5452 quid
1599 5390 1682 5437 est
1715 5382 1858 5452 quod

271 5479 566 5542 tantopere
604 5474 708 5529 hoc
748 5475 1080 5544 praemittis?
1107 5474 1305 5530 iterum
1346 5473 1552 5530 infert:
1593 5475 1858 5546 Rogamus

272 5573 458 5618 autem
477 5580 589 5631 vos,
609 5565 892 5635 fratres,ut
920 5567 1192 5622 abundetis
1207 5569 1393 5638 magis.
1417 5567 1484 5622 Et
1500 5568 1585 5622 vix
1615 5567 1864 5638 aliquan-

273 5653 349 5708 do
377 5654 434 5710 in
462 5655 518 5711 id
541 5658 686 5727 quod
715 5657 845 5714 olim
887 5658 1212 5714 moliebatur
1266 5661 1524 5731 erumpit,
1549 5669 1599 5716 et
1652 5677 1862 5732 Operam

276 5745 440 5814 detis,
485 5757 544 5801 ut
591 5750 752 5819 quieti
780 5751 916 5806 sitis.
949 5751 1094 5806 Dixit
1124 5753 1352 5824 primam
1397 5769 1637 5820 causam,
1675 5743 1867 5812 deinde

281 5832 450 5894 Infert
502 5843 816 5910 secundam,
870 5854 918 5899 et
962 5855 1015 5899 ut
1045 5857 1212 5903 vestra
1265 5849 1469 5920 negotia
1517 5849 1702 5920 agatis.
1737 5851 1868 5906 Tcr-

612 5939 885 6002 Parant.
931 5938 1128 6006 CXII.

1945 1958 2174 2027 inquieti
2199 1967 2402 2024 essent,
2427 1957 2513 2012 vel
2545 1957 2721 2014 aliena
2743 1966 3004 2014 curarent
3051 1956 3291 2028 negotia,
3334 1955 3419 2010 vel
3468 1955 3547 2010 in-

1943 2047 2173 2104 honeste
2199 2049 2538 2104 ambularent
2567 2049 2634 2104 ad
2659 2063 2756 2104 eos
2777 2048 2874 2120 qui
2899 2047 3032 2104 foris
3067 2054 3212 2112 sunt,
3266 2045 3353 2102 vel
3404 2044 3543 2102 alte—

1945 2141 2060 2195 rius
2091 2140 2292 2210 aliquid
2313 2139 2708 2205 desiderarent,
2752 2155 2899 2194 nunc
2946 2138 3146 2205 intulit,
3201 2138 3389 2194 dicens
3429 2157 3442 2191 :
3495 2146 3547 2192 et

1946 2235 2230 2304 Operemini
2257 2234 2498 2288 manibus
2527 2233 2712 2288 vestris
2733 2235 2870 2288 sicut
2891 2235 3232 2304 prwcepimus
3267 2231 3541 2288 vobiant

1946 2326 2092 2381 enim
2111 2325 2302 2380 tierent
2317 2325 2408 2379 illa
2429 2340 2550 2395 quae
2563 2325 2813 2395 superius
2836 2323 3208 2393 reprehendit,
3221 2321 3394 2377 otium
3412 2336 3543 2376 cau-

1948 2433 2066 2475 sam
2095 2434 2216 2475 esse
2243 2420 2521 2475 evidenter
2541 2418 2831 2488 expressit.
2865 2416 3054 2472 Nullus
3087 2416 3230 2472 enim
3252 2422 3432 2486 potest
3459 2414 3547 2470 vel

1947 2514 2226 2585 inquietus
2255 2529 2399 2581 ωδε,
2437 2513 2524 2568 vel
2555 2513 2730 2568 aliena
2787 2527 2980 2569 curare
3019 2511 3256 2582 negotia,
3301 2511 3407 2566 nisi
3456 2509 3552 2580 qui

1949 2607 2103 2678 operi
2159 2621 2420 2664 manuum
2466 2621 2688 2662 suarum
2746 2621 2854 2660 non
2917 2604 3216 2676 acquiescit
3274 2604 3546 2659 insistere.

1951 2696 2216 2763 Quartum
2253 2714 2469 2770 quoque
2512 2698 2700 2753 intulit
2727 2697 2997 2763 morbum,
3043 2697 3136 2766 qui
3178 2713 3247 2752 ex
3279 2696 3384 2751 hoc
3428 2696 3549 2766 ipso

1950 2790 2063 2846 otio
2091 2790 2354 2856 nascitur,
2391 2790 2447 2844 id
2466 2797 2571 2855 est,
2601 2797 2662 2843 ut
2688 2789 2976 2844 inhoneste
3006 2803 3114 2843 non
3136 2787 3438 2852 ambulent,
3468 2785 3550 2840 di-

1953 2897 2102 2947 cens,
2131 2891 2180 2936 et
2206 2889 2262 2935 ut
2284 2882 2498 2936 honeste
2523 2880 2800 2934 ambuletis
2841 2881 2910 2934 ad
2961 2895 3046 2933 eos
3087 2879 3177 2949 qui
3220 2877 3352 2947 foris
3399 2887 3540 2931 sunt.

1953 2975 2241 3045 Nunquam
2263 2982 2443 3045 potest
2461 2988 2531 3028 ne
2563 2972 2704 3042 apud
2733 2987 2828 3027 eos
2854 2970 3074 3042 quidem
3103 2970 3196 3040 qui
3237 2969 3420 3024 saeculi
3454 2969 3558 3024 ho-~

1953 3067 2131 3122 mines
2148 3073 2272 3122 sunt
2292 3065 2519 3120 honeste
2551 3062 2824 3130 incedere,
2882 3061 2976 3132 qui
3019 3075 3365 3130 nequaquam
3402 3059 3551 3115 clau-

1954 3162 2084 3217 stris
2115 3160 2263 3217 cellze
2283 3169 2340 3215 et
2366 3159 2517 3230 operi
2542 3173 2802 3214 manuum
2845 3172 3067 3212 suarum
3106 3155 3374 3212 inhaerere
3421 3171 3548 3211 con«

1875 3223 1923 3288 ο
1954 3262 2137 3310 tentus
2166 3261 2252 3309 est
2284 3267 2300 3307 :
2328 3252 2425 3308 sed
2466 3266 2694 3308 necesse
2729 3258 2815 3307 est
2856 3265 2982 3306 eum
3021 3250 3370 3305 inhonestum
3426 3264 3551 3304 esse

1949 3347 2078 3403 dum
2120 3347 2431 3403 necessaria
2472 3347 2650 3402 victus
2703 3345 2952 3416 requirit,
3005 3343 3302 3400 adulationi
3331 3356 3549 3415 quoque

1948 3452 2172 3509 operam
2193 3437 2344 3502 dare,
2367 3437 2643 3494 novitates
2665 3436 2836 3492 etiam
2853 3436 3143 3491 domorum
3163 3434 3382 3498 sectari,
3417 3449 3549 3490 cau-

1948 3545 2135 3586 sarum
2158 3528 2579 3600 fabularumque
2590 3529 2908 3585 occasiones
2929 3529 3277 3598 conquirere,
3301 3543 3398 3598 per
3417 3543 3554 3598 quas

1949 3622 2274 3693 sibimetipsi
2299 3621 2503 3676 aditum
2525 3630 2682 3692 paret
2707 3635 2772 3676 ac
2800 3620 3134 3690 facultatem,
3165 3635 3272 3690 qua
3297 3619 3546 3677 diverso-

1949 3731 2071 3770 rum
2093 3715 2284 3769 domos
2307 3713 2484 3768 valeat
2507 3719 2815 3782 penetrare.
2859 3731 2878 3763 (
2908 3711 2976 3766 Et
2999 3711 3197 3766 nullius
3224 3712 3428 3781 aliquid
3451 3713 3548 3767 de-

1950 3806 2201 3862 sideretis
2221 3825 2234 3860 :
2258 3825 2277 3860 ι
2309 3820 2416 3861 non
2437 3813 2618 3874 potest
2637 3819 2744 3859 non
2770 3803 2961 3860 alienis
2982 3805 3137 3860 donis
3158 3813 3212 3858 et
3236 3805 3551 3860 muneribus
3617 3792 3622 3796 ’

1950 3900 2180 3966 inhiare,
2240 3899 2332 3970 qui
2377 3915 2485 3955 non
2539 3897 2838 3954 delectatur
2886 3897 2975 3969 pio
3016 3899 3311 3970 quietoque
3365 3898 3552 3954 labore

1950 3991 2132 4062 operis
2154 3990 2261 4056 sui,
2287 3989 2589 4060 quotidiani
2619 3991 2800 4044 victus
2823 4004 3015 4058 parare
3041 3991 3424 4047 substantiam.
3457 3991 3551 4045 Vi-

1953 4082 2091 4138 detis
2125 4091 2224 4138 tot,
2245 4096 2458 4148 causas,
2492 4090 2606 4138 tam
2656 4097 2867 4154 graves,
2912 4091 3024 4137 tam
3055 4089 3262 4153 turpes,
3296 4099 3403 4139 una
3455 4085 3553 4140 otii

1952 4174 2076 4231 labe
2112 4175 2384 4246 generari.

2029 4266 2293 4322 Nolumus
2314 4278 2490 4323 autem
2510 4285 2598 4323 vos
2620 4269 2890 4340 ignorare,
2913 4268 3128 4339 fratres,
3153 4269 3218 4323 de
3239 4269 3552 4325 dormienti-

1957 4359 2074 4424 bus,
2105 4368 2284 4414 utnon
2303 4360 2416 4414 sitis
2437 4361 2610 4414 tristes
2635 4362 2769 4415 sicut
2791 4371 2839 4415 et
2855 4363 3032 4416 σιντεγὶ
3048 4363 3138 4431 qui
3168 4379 3310 4431 spem
3338 4380 3440 4416 non
3467 4363 3555 4415 ha-

1959 4453 2094 4506 bent.
2115 4453 2350 4525 (Ambr.)
2365 4453 2516 4509 Bene
2529 4455 2658 4526 quia
2681 4470 2790 4510 non
2811 4455 3088 4509 tristitiam
3106 4456 3330 4517 atlt‘l'lllt,
3349 4455 3442 4508 scd
3457 4455 3556 4508 im-

1960 4561 2204 4600 mensam
2223 4561 2343 4601 eam
2359 4561 2481 4602 esse
2502 4546 2798 4618 prohibuit,
2825 4546 3310 4617 comparationem,
3341 4547 3423 4599 vel
3449 4563 3558 4600 nia-

1967 4638 2110 4692 xime
2135 4639 2570 4694 adversariorum
2589 4640 2658 4694 ad
2673 4639 3057 4694 verecundiam
3071 4652 3166 4694 eos
3181 4639 3466 4706 devotans,
3492 4655 3559 4695 eo

1965 4733 2109 4804 quod
2137 4733 2212 4787 illi
2241 4749 2346 4789 non
2368 4735 2569 4789 habent
2597 4748 2782 4803 spem;
2807 4733 3005 4787 etenim
3031 4741 3150 4787 erat
3172 4733 3558 4792 inconveniens

1964 4834 2025 4878 ut
2052 4825 2234 4896 illiqui
2254 4834 2378 4897 post
2401 4836 2630 4880 mortem
2657 4824 2880 4879 meliora
2903 4825 3154 4894 praesenti
3174 4826 3341 4880 statui
3372 4842 3538 4898 exspe

1964 4925 2112 4972 ctant
2133 4957 2148 4984 ,
2179 4917 2246 4972 ad
2271 4899 2677 4972 similitudinem
2717 4915 2926 4971 illorum
2977 4919 3260 4973 tristentur
3284 4919 3377 4989 qui
3418 4920 3552 4974 nihil

1965 5010 2196 5081 amplius
2215 5017 2336 5080 post
2359 5017 2588 5064 mortem
2601 5017 2944 5078 exspectant,
2969 5009 3161 5066 deinde
3175 5019 3231 5065 et
3251 5011 3318 5066 de
3340 5010 3445 5066 illis
3463 5013 3555 5083 qui

1967 5102 2020 5156 in
2049 5118 2144 5174 Spe
2193 5111 2318 5158 sunt
2363 5102 2496 5158 dicit
2550 5121 2562 5155 :
2613 5101 2672 5158 Si
2723 5103 2984 5158 credimus
3029 5110 3170 5176 quod
3216 5105 3371 5161 Iesus
3417 5123 3559 5162 utor-

1966 5204 2087 5249 tuus
2139 5203 2233 5262 est,
2289 5206 2337 5250 et
2386 5195 2694 5262 resurrexit,
2741 5197 2814 5250 sic
2855 5207 2902 5250 et
2933 5195 3069 5251 Deus
3109 5197 3199 5268 qui
3233 5197 3557 5253 dormierunt

1965 5288 2250 5359 perlesum
2267 5289 2488 5342 adducet
2503 5305 2619 5342 cum
2633 5305 2711 5343 eo.
2732 5288 3095 5362 (Greg.)Quid
3129 5299 3214 5346 est
3240 5290 3384 5360 quod
3421 5306 3559 5359 prac-

1969 5381 2177 5437 dicator
2188 5380 2436 5452 egregius
2447 5389 2674 5436 mortem
2692 5381 2904 5437 Domini
2929 5391 3158 5436 mortem
3195 5389 3376 5446 vocat,
3411 5395 3558 5436 mor-

1967 5485 2078 5531 tem
2095 5489 2376 5530 servorum
2390 5474 2602 5529 Domini
2619 5491 2727 5530 non
2744 5483 2975 5529 mortem
3000 5475 3096 5530 sed
3126 5490 3374 5529 somnum
3396 5488 3552 5529 nom)

1966 5579 2064 5624 nat
2089 5583 2102 5623 :
2125 5570 2230 5626 nisi
2253 5568 2380 5640 quia
2410 5569 2625 5624 infirma
2654 5572 2819 5625 corda
2862 5569 3200 5624 audientium
3233 5567 3550 5638 respiciens,

1968 5664 2418 5721 medicamentum
2449 5665 2850 5737 prmdicationis
2875 5680 2987 5720 suae
3017 5665 3155 5718 mira
3181 5673 3301 5717 arte
3335 5676 3557 5730 compo-

1971 5758 2073 5824 nit,
2100 5767 2157 5814 et
2179 5758 2326 5814 illum
2347 5777 2508 5831 quem
2528 5760 2641 5833 jam
2670 5759 3032 5816 resurrexisse
3060 5763 3286 5812 noverat
3312 5755 3392 5810 eis
3414 5770 3560 5812 mor-

1973 5864 2124 5912 tuum
2148 5855 2423 5921 insinuare
2452 5874 2556 5914 non
2585 5857 2833 5914 dubitat:
2867 5869 2962 5914 eos
3008 5871 3138 5912 vero
3189 5855 3282 5925 qui
3324 5853 3556 5912 necdum
