3986 6338
549 357 655 414 555

1210 351 1272 408 Β.
1319 350 1572 408 RABANI
1612 351 1831 412 MAURI
1867 348 2185 408 ARCHIEP.
2227 349 2534 409 MOCUNT.
2575 348 2860 416 OPERUM
2897 350 3074 412 PARS
3110 349 3200 410 ΙΙΙ.
3651 365 3733 420 556

547 474 980 532 resurrexerant,
1011 472 1071 522 ut
1093 479 1244 535 spem
1273 463 1688 522 resurrectionis
1710 463 1965 529 insinuet,
2017 479 2126 520 non
2154 468 2206 528 Α
2230 466 2327 522 dos
2352 466 2766 536 pt'mclarissime
2789 466 3102 531 ostendunt,
3135 467 3229 526 sed
3263 469 3424 538 quati
3446 471 3567 531 solet
3587 486 3734 544 utrm

517 563 521 566 ’
547 569 811 624 mortuos,
841 558 936 616 sed
963 556 1293 612 dormientes
1321 561 1498 612 vocat.
1531 553 1648 614 Non
1671 555 1816 614 enim
1840 557 2130 610 verebatur

547 652 730 712 dicere
747 658 1041 716 mortuum,
1092 663 1253 718 quem
1292 646 1567 702 auditores
1605 645 1721 715 jam
1765 637 2131 704 resurrexisse

548 750 933 817 cognoverant,
953 750 1008 798 et
1034 739 1324 800 verebatur
1345 739 1527 796 dicere
1547 747 1814 808 mortuos,
1863 753 1999 810 quos
2045 753 2130 794 re-

549 850 772 909 surgere
800 834 889 892 vix
916 833 1230 890 credebant.
1253 830 1481 904 (Ambr.)
1533 829 1590 884 Si
1627 831 1828 886 etenim
1882 845 2128 888 resurre-

547 930 781 986 ctionem
811 927 938 984 Jesu
980 924 1278 992 credimus,
1307 922 1617 979 necessario
1665 922 1919 978 debemus
1966 931 2022 980 et
2063 921 2130 978 de

547 1021 940 1078 dormientibus
983 1019 1225 1084 credere,
1280 1017 1534 1089 quoniam
1581 1023 1638 1074 et
1684 1015 1804 1074 illos
1846 1015 2132 1074 suscitabit

543 1126 644 1182 per
677 1109 886 1176 Jesum,
920 1109 994 1166 ita
1022 1118 1159 1165 utet
1205 1108 1314 1166 sint
1358 1123 1481 1164 cum
1515 1122 1617 1172 eo;
1669 1107 1770 1164 hoc
1791 1107 1937 1164 enim
1972 1105 2124 1174 dicit.

549 1199 774 1256 adducet
795 1217 914 1256 cum
935 1218 1016 1267 eo,
1045 1215 1172 1260 nam
1203 1199 1348 1272 quod
1370 1199 1506 1256 dixit
1527 1216 1620 1270 per
1655 1199 1860 1266 Iesum,
1892 1214 2124 1270 sequen-

545 1295 691 1352 tibus
718 1304 802 1352 est
829 1293 1176 1358 reddendum,
1207 1293 1296 1349 ubi
1322 1293 1481 1360 dixit,
1511 1311 1529 1348 ‹
1558 1292 1789 1356 adducet
1829 1308 1950 1350 cum
1985 1308 2072 1348 eo.
2101 1311 2121 1348 ι

547 1385 700 1442 Utsit
715 1386 891 1444 simile
908 1387 981 1441 illi
997 1387 1157 1452 dicto,
1173 1401 1239 1442 eo
1250 1387 1390 1457 quod
1404 1402 1499 1457 per
1511 1387 1782 1444 hominem
1795 1402 1942 1450 mors
1957 1394 2012 1444 et
2033 1401 2128 1456 per

541 1480 818 1538 hominem
869 1480 1193 1538 resurrectio
1241 1488 1600 1548 mortuorum,
1629 1489 1684 1536 et
1713 1479 1937 1551 intelligi
1969 1480 2128 1536 debet

544 1573 799 1644 quoniam
813 1587 910 1642 per
921 1571 1043 1628 Jesu
1052 1587 1100 1626 m
1119 1572 1398 1644 prmstabit
1414 1581 1466 1626 et
1481 1572 1634 1628 nobis
1650 1572 2124 1636 resurrectionem,

537 1674 722 1735 utpote
743 1665 934 1722 borum
953 1665 1108 1724 nobis
1118 1681 1277 1722 causa
1295 1665 1578 1720 existente.
1595 1663 1983 1722 lntendendum
1997 1678 2128 1720 vero

538 1765 622 1810 est
649 1754 725 1812 illi
757 1755 855 1821 rei,
881 1757 1136 1826 quoniam
1161 1757 1227 1812 de
1246 1755 1374 1814 Jesu
1397 1755 1581 1812 dicens
1610 1796 1625 1822 ,
1654 1765 1927 1816 mortuum
1969 1755 2121 1821 dicit,

2231 555 2328 622 illi,
2358 571 2493 632 quos
2520 557 2606 612 hic
2637 557 2879 616 viventes
2915 551 3230 614 inventurus
3258 567 3340 620 est
3363 559 3606 632 Christus,
3629 586 3734 642 quo-

2231 663 2350 704 rum
2376 663 2664 718 personam
2691 649 2747 708 in
2788 664 2848 710 se
2888 656 3052 719 atque
3089 649 3206 710 illos
3231 653 3323 721 qui
3353 663 3473 714 tunc
3497 671 3656 720 locum
3675 666 3732 721 vi-

2230 738 2447 806 vebant,
2479 739 2900 811 transﬁgurabat
2930 738 3231 810 Apostolus.
3280 759 3538 816 nunquam
3558 754 3734 814 omnino

2229 830 2478 890 morituri
2508 831 2640 896 sint,
2680 846 2748 886 an
2781 830 2901 902 ipso
2927 833 3184 902 temporis
3209 845 3403 904 puncto
3433 853 3532 907 quo
3553 856 3656 902 uim
3672 861 3734 902 re-

2229 920 2574 992 surgentibus
2601 921 2880 994 rapientur
2911 922 2966 984 in
3007 925 3237 988 nubibUs
3265 926 3471 988 obviam
3491 929 3674 994 Christo
3695 937 3733 996 is

2231 1027 2379 1078 aera,
2408 1013 2477 1074 ad
2529 1013 2989 1076 immortalitatem
3017 1031 3117 1087 per
3166 1027 3394 1084 mortem
3426 1021 3552 1086 mira
3591 1026 3738 1088 ceteri.

2229 1110 2341 1168 tate
2393 1105 2722 1166 transibunt.
2777 1105 2960 1178 Neque
3013 1108 3156 1166 enim
3213 1111 3488 1172 dicendum
3532 1124 3606 1176 est
3649 1119 3736 1179 ﬁeri

2227 1209 2334 1252 non
2365 1210 2544 1265 posse.
2582 1205 2641 1256 ut
2667 1197 2794 1254 dum
2832 1213 2931 1270 per
2975 1213 3104 1262 aera
3151 1201 3208 1264 in
3237 1203 3460 1267 sublime
3484 1217 3736 1278 portantur.

2229 1286 2284 1342 in
2330 1286 2421 1349 illo
2470 1289 2648 1360 spatio
2692 1297 2748 1350 et
2798 1290 3099 1358 moriantur
3148 1302 3204 1350 et
3255 1296 3592 1360 reviviscent:
3629 1305 3737 1372 quod

2226 1379 2371 1436 enim
2398 1380 2498 1450 ait,
2527 1392 2574 1438 et
2613 1384 2687 1438 ita
2707 1399 2908 1456 semper
2933 1401 3048 1444 cum
3095 1385 3323 1450 Domino
3347 1391 3548 1458 erimus,
3571 1409 3658 1452 non
3679 1399 3738 1455 sic

2228 1470 2598 1548 accipiendum
2637 1481 2741 1544 est,
2770 1483 3028 1548 tanquam
3058 1478 3112 1534 in
3141 1495 3269 1540 aere
3303 1482 3493 1544 dixerit
3517 1500 3605 1546 ηοι
3624 1503 3736 1548 seu.

2227 1575 2324 1631 per
2353 1577 2475 1620 cum
2518 1563 2745 1622 Domino
2778 1581 2900 1628 esse
2933 1584 3242 1638 niansuros,
3275 1574 3398 1643 quia
3425 1591 3518 1636 nec
3543 1577 3639 1646 ipse
3655 1579 3734 1636 uti-

2229 1666 2334 1722 que
2377 1652 2448 1710 ibi
2477 1657 2738 1724 manebit,
2789 1659 2914 1734 quia
2945 1660 3170 1718 veniens
3203 1665 3518 1726 transiturus
3542 1680 3646 1738 est;
3672 1686 3736 1726 ve-

2229 1743 2403 1800 nienti
2457 1746 2655 1818 quippe
2689 1749 2798 1806 itur
2837 1750 3070 1819 obviam.
3131 1769 3240 1816 non
3293 1760 3555 1818 manenti:
3587 1762 3734 1822 sedits

537 1865 602 1902 co
623 1849 764 1920 quod
789 1849 860 1904 ibi
885 1848 1102 1919 quidem
1130 1850 1302 1906 adhuc
1327 1865 1474 1906 mors
1493 1857 1632 1915 erat,
1655 1862 1755 1904 nec
1775 1848 1920 1904 enim
1948 1847 2126 1904 fuerat
2151 1819 2202 1884 Β
2227 1849 2348 1890 cum
2386 1835 2612 1892 υοηιίηο
2645 1839 2864 1912 erimus.
2900 1843 2954 1904 id
3010 1852 3114 1910 est.
3168 1844 3247 1904 sic
3296 1847 3490 1906 erimus
3531 1850 3735 1908 habentes

540 1938 738 1996 soluta.
770 1937 882 1994 Hoc
914 1954 1044 1996 vero
1066 1939 1119 1994 in
1148 1939 1266 1994 loco
1297 1940 1675 1996 dormitionem
1703 1941 1861 2006 dixit,
1889 1955 1954 1996 eo
1982 1941 2125 2010 quod

531 2031 644 2102 jam
669 2034 782 2103 ipsa
810 2049 956 2090 mors
984 2043 1104 2092 erat
1128 2034 1327 2098 soluta,
1360 2035 1472 2090 sive
1496 2035 1789 2090 secundum
1814 2035 2128 2106 promissio-

535 2141 682 2191 nem,
711 2125 824 2180 sive
847 2126 1142 2182 secundum
1162 2141 1317 2197 opus,
1342 2126 1559 2195 quando
1602 2135 1781 2182 tamen
1823 2126 1946 2197 quis
1995 2125 2126 2184 illud

515 2220 830 2276 'secundum
862 2217 1135 2274 Christum
1175 2218 1488 2276 examinare
1523 2217 1758 2278 voluerit
1787 2233 1854 2272 ex
1897 2218 2128 2274 mortuis

540 2316 950 2379 resurgentem;
976 2320 1031 2365 et
1066 2309 1134 2365 ad
1163 2310 1429 2380 majorum
1456 2310 1725 2364 dictorum
1756 2308 2126 2366 conﬁrmatio-

535 2417 663 2456 nem
685 2401 866 2471 posuit
889 2407 1051 2458 voces
1081 2420 1093 2456 :
1129 2400 1208 2466 Si,
1235 2402 1430 2472 inquit,
1453 2411 1701 2464 mortuus
1731 2400 1982 2456 Christus
2008 2416 2126 2456 sur-

537 2492 700 2558 rexit,
737 2500 791 2547 et
825 2492 959 2546 nihil
1008 2492 1056 2545 ei
1095 2491 1310 2556 obsistit
1359 2492 1428 2550 ad
1477 2491 1956 2556 resurrectionem,
1996 2490 2126 2561 quia

531 2589 638 2644 hoc
674 2586 842 2646 voluit
884 2587 1046 2654 Deus,
1091 2595 1146 2643 et
1184 2587 1402 2657 quidem
1435 2589 1686 2659 primitus
1728 2588 1956 2642 necdum
2007 2595 2127 2644 erat

531 2679 707 2748 soluta
738 2694 904 2746 mors,
930 2678 1098 2734 multo
1140 2679 1310 2750 magis
1359 2678 1414 2734 in
1459 2678 1615 2736 nobis
1659 2677 1792 2734 illud
1838 2692 1960 2734 esse
2004 2687 2128 2748 post

531 2773 852 2830 solutionem
883 2771 1030 2843 justa
1079 2773 1356 2830 credimus
1408 2772 1636 2828 ratione.
1677 2771 1858 2826 Etiam
1905 2779 1960 2827 et
1995 2770 2125 2827 illud

529 2865 917 2922 intendendum
953 2874 1055 2932 est,
1107 2865 1362 2935 quoniam
1387 2865 1454 2922 de
1481 2863 1882 2920 resurrectione
1935 2862 2122 2932 dispu—

531 2967 654 3012 tans
675 2956 900 3024 Christi,
927 2957 1306 3014 dormitionem
1333 2957 1793 3016 resurrectionem
1815 2954 2126 3026 relinquens

531 3047 733 3114 dicere,
759 3047 826 3104 de
853 3049 1222 3120 assumptione
1252 3049 1524 3118 disputat:
1551 3045 1774 3104 evidens
1799 3045 2016 3118 quidem
2043 3052 2124 3099 est

529 3142 788 3212 quoniam
839 3140 1196 3212 assumptioni
1231 3140 1397 3196 etiam
1437 3137 1859 3198 resurrectionis
1899 3133 2118 3192 confes-

528 3235 611 3290 sio
643 3233 715 3290 sit
750 3233 1062 3304 conjuncta.
1123 3231 1258 3294 Nam
1301 3231 1368 3286 de
1399 3231 1505 3288 illis
1555 3247 1675 3304 qum
1719 3229 2123 3302 supereminerc

528 3323 852 3384 videbantur
879 3323 1050 3396 magis
1075 3337 1168 3377 eos
1191 3323 1244 3380 in
1273 3322 1526 3392 praesenti
1555 3319 1769 3392 negotio
1788 3320 2012 3376 suadere
2035 3319 2124 3374 de-

528 3424 807 3486 properat,
827 3414 970 3486 quod
993 3421 1049 3470 et
1094 3414 1254 3468 latius
1281 3413 1560 3482 explicans
1589 3412 1895 3474 futurorum
1926 3422 2114 3474 osten-

529 3510 610 3564 dit
651 3507 1073 3579 magnitudinem
1101 3525 1115 3562 :
1151 3507 1266 3564 Hoc
1291 3508 1428 3564 enim
1466 3506 1689 3564 dicimus
1721 3506 1860 3568 vobis
1886 3507 1941 3570 in
1971 3509 2120 3562 uerbo

529 3600 768 3656 Domini.
804 3601 948 3656 Bene
991 3601 1167 3672 posuit
1217 3602 1272 3656 in
1323 3600 1473 3655 verbo
1501 3599 1737 3665 Domini,
1770 3600 1871 3662 hoc
1894 3609 1997 3666 est,
2029 3615 2120 3656 se-

531 3695 766 3750 cundum
801 3695 1179 3750 revelationem
1219 3709 1339 3765 qua:
1392 3694 1447 3748 in
1489 3693 1808 3764 operatione
1857 3691 2036 3750 divina
2064 3694 2121 3748 in

529 3789 689 3846 nobis
727 3788 868 3845 facta
896 3804 1018 3845 esse
1043 3790 1273 3856 videtur,
1308 3804 1408 3844 nec
1443 3790 1605 3846 ‘enim
1637 3797 1756 3846 erat
1807 3789 1872 3846 de
1923 3788 2121 3848 futuris

529 3881 729 3936 dicenti
776 3881 828 3936 ei
879 3883 1102 3936 credere
1154 3881 1200 3936 si
1245 3896 1350 3936 non
1398 3880 1524 3936 inde
1560 3879 1750 3936 fuisset
1779 3891 1834 3938 et
1863 3881 2066 3937 dictum
2104 3900 2116 3935 :

533 3973 797 4040 Quoniam
823 3989 916 4030 nos
949 3973 1038 4046 qui
1066 3973 1308 4040 vivimus,
1341 3974 1429 4045 qui
1458 3973 1905 4046 subrelinquimur
1941 3973 1996 4030 in
2019 3973 2120 4028 ad-

527 4076 684 4122 uentu
706 4066 942 4124 Domini.
979 4067 1133 4136 Quod
1162 4067 1299 4130 dixit
1345 4084 1461 4133 nos,
1494 4083 1603 4124 non
1639 4069 1705 4124 de
1736 4084 1814 4134 se,
1849 4084 2024 4140 neque
2054 4067 2121 4124 de

526 4158 656 4224 illis,
687 4159 780 4229 qui
807 4159 862 4213 in
888 4159 1143 4229 pra-senti
1170 4159 1281 4213 vita
1319 4168 1448 4213 tunc
1473 4159 1813 4214 habebantur
1843 4159 1994 4223 dicit,
2027 4157 2122 4216 sed

528 4252 598 4308 de
622 4249 728 4306 illis
755 4249 1020 4316 ﬁdelibus,
1053 4250 1147 4320 qui
1203 4258 1331 4308 tunc
1384 4249 1579 4306 victuri
1612 4258 1760 4316 sunt,
1791 4249 2007 4320 quando
2038 4267 2122 4306 rc-

532 4341 801 4398 surrectio
830 4349 914 4398 est
940 4339 1120 4396 futura
1149 4357 1164 4408 ;
1203 4358 1296 4400 nos
1343 4341 1502 4407 dixit,
1531 4341 1633 4396 hoc
1661 4350 1766 4407 est,
1804 4341 2012 4404 ﬁdeles,
2054 4357 2121 4398 eo

531 4433 677 4504 quod
704 4443 759 4488 et
786 4433 902 4506 ipse
949 4432 1072 4490 talis
1102 4440 1244 4498 erat,
1277 4440 1333 4488 et
1363 4432 1427 4486 ad
1481 4430 1618 4487 tales
1647 4433 1936 4488 scribebat.
1969 4432 2121 4489 Unde

531 4533 586 4578 et
615 4523 832 4593 adjecit,
890 4525 978 4596 qui
1013 4522 1480 4626 tsubrelinqu‘imur
1513 4525 1569 4580 in
1620 4524 1846 4580 aduentu
1878 4524 2116 4592 Domini,
2144 4561 2198 4626 υ

532 4615 821 4668 ostendens
863 4613 1120 4683 quoniam
1173 4628 1278 4667 non
1314 4613 1381 4668 de
1426 4613 1530 4668 illis
1583 4615 1675 4684 qui
1724 4616 1841 4687 ejus
1876 4625 2120 4687 tempore

533 4702 789 4756 vivebant
827 4702 979 4768 dicit,
1033 4701 1128 4758 sed
1156 4703 1221 4756 de
1274 4702 1378 4758 illis
1430 4703 1604 4774 quiin
1655 4707 2118 4764 consummatione

533 4803 660 4849 sunt
687 4795 904 4850 victuri.
949 4795 1072 4850 Non
1099 4798 1474 4866 prwveniemus
1513 4799 1847 4856 dormientes.
1883 4800 2009 4857 Vult
2038 4803 2120 4857 di-

534 4899 679 4949 cere,
727 4884 984 4954 quoniam
1027 4893 1270 4954 tempore
1317 4889 1704 4959 assumptionis
1740 4890 1860 4946 illos
1907 4889 2116 4958 ﬁdeles,

532 4977 625 5048 qui
645 4973 758 5046 jam
787 4984 913 5031 sunt
941 4977 1155 5044 mortui,
1186 4977 1260 5032 illi
1286 4980 1374 5049 qui
1406 4989 1531 5036 tunc
1571 4982 1626 5036 in
1673 4982 1784 5036 vita
1838 4981 2118 5040 invenien-

531 5074 622 5122 tur
653 5082 757 5123 non
788 5069 1137 5140 pravenient,
1194 5072 1334 5140 quod
1377 5072 1685 5128 evidentius
1720 5072 1970 5128 indicans
2017 5074 2118 5128 ad-

527 5155 649 5228 jicit
678 5177 691 5214 :
726 5157 988 5226 Quoniam
1024 5162 1132 5234 ipse
1161 5161 1417 5217 Dominus
1447 5164 1500 5216 in
1523 5164 1704 5232 jussu,
1758 5163 1813 5215 in
1859 5179 1977 5218 uoce
2011 5164 2114 5218 Ar-

536 5252 790 5322 changeli,
819 5263 866 5308 et
897 5254 948 5307 in
979 5253 1105 5310 tuba
1145 5254 1241 5310 Dei
1272 5256 1543 5310 descendet
1566 5255 1630 5308 de
1653 5255 1803 5322 caelo,
1827 5266 1874 5311 et
1898 5260 2113 5326 mortui,

531 5344 620 5413 qui
667 5345 722 5397 in
752 5341 955 5398 Christo
983 5355 1124 5411 sunt,
1179 5354 1456 5416 resurgunt
1493 5346 1744 5415 primunt,
1786 5346 1975 5402 deinde
2021 5364 2114 5406 nos

527 5437 619 5507 qui
642 5439 876 5506 vivimus,
904 5441 992 5511 qui
1036 5437 1499 5509 subrelinquimur,
1547 5439 1704 5494 simul
1734 5457 1851 5495 cum
1888 5441 1996 5496 illis
2032 5459 2114 5496 ra—

526 5531 732 5601 piemur
761 5531 814 5585 in
862 5531 1081 5586 nubibus
1112 5531 1313 5584 obviam
1361 5531 1586 5586 Domino
1641 5534 1696 5587 in
1724 5551 1919 5602 aerem,
1965 5545 2013 5590 et
2041 5537 2116 5591 sic

528 5634 730 5690 semper
762 5638 880 5674 cum
910 5621 1131 5675 Domino
1159 5623 1373 5677 erimus.
1407 5620 1589 5697 (Ᾱυε.)
1619 5622 1744 5682 Harc
1790 5627 1957 5682 verba
1979 5643 2111 5700 apo-

530 5711 718 5766 stolica
772 5712 1219 5770 resurrectionem
1249 5725 1582 5774 mortuorum
1610 5716 1868 5790 futuram,
1901 5720 2117 5790 quando

533 5804 712 5859 veniet
733 5804 922 5873 utique
947 5803 1196 5862 Christus
1226 5810 1293 5865 ad
1326 5809 1477 5868 vivos
1503 5822 1556 5869 et
1585 5823 1828 5870 mortuos
1857 5815 2110 5884 judican-

2228 1943 2461 2000 corpora
2508 1930 2856 2005 sempiterna,
2889 1935 3220 2007 ubicumque
3248 1953 3370 1998 cum
3398 1938 3484 1996 illo
3509 1942 3732 2004 (ueritatis.

2225 2019 2307 2078 Ad
2342 2020 2488 2078 hunc
2545 2031 2727 2086 autem
2782 2039 3023 2091 sensum,
3063 2043 3174 2100 quo
3225 2029 3577 2090 existimemus
3613 2033 3732 2090 etiam

2227 2111 2347 2178 illos
2377 2128 2512 2184 quos
2545 2113 2634 2172 hic
2661 2115 2813 2176 vivos
2863 2117 3188 2176 inventurus
3212 2131 3296 2182 est
3321 2122 3560 2182 Dominus
3579 2123 3620 2180 in
3652 2125 3734 2194 ipso

2226 2223 2396 2278 parvo
2421 2210 2596 2278 spatio
2620 2217 2675 2272 et
2719 2226 2978 2282 passuros
3005 2223 3236 2272 mortem
3274 2224 3329 2272 et
3355 2225 3638 2288 accepturos
3660 2218 3732 2276 im-

2227 2299 2632 2366 mortalitatem,
2666 2302 2779 2372 ipse
2801 2302 3090 2374 Apostolus
3139 2321 3248 2368 non
3302 2307 3502 2366 videtur
3543 2291 3732 2380 arguere,

2226 2392 2320 2448 ubi
2357 2393 2522 2454 dicit:
2555 2392 2621 2448 In
2668 2392 2874 2454 Christo
2901 2412 3078 2452 omnes
3102 2398 3509 2472 viviﬁcabuntur,
3533 2415 3633 2456 cum
3660 2398 3735 2454 alio

2227 2482 2346 2540 loco
2369 2485 2440 2540 de
2466 2485 2580 2556 ipsa
2611 2485 2835 2555 loquens
2857 2490 3264 2550 resurrectione
3307 2505 3570 2564 corporum
3592 2490 3700 2550 dicat
3721 2508 3729 2520 '

2230 2578 2309 2634 Tu
2334 2579 2472 2652 quod
2522 2580 2746 2640 seminus
2798 2597 2904 2636 non
2939 2582 3258 2654 uiviﬁcatur,
3294 2585 3393 2646 nisi
3421 2585 3550 2662 prius
3589 2599 3716 2642 mons

2228 2679 2334 2728 tur.
2387 2670 2621 2742 (Ambu)
2652 2671 2890 2730 Mortuos
2919 2689 2974 2732 tu
3005 2673 3229 2732 Christo
3276 2676 3391 2738 illos
3441 2677 3559 2736 dicit
3596 2675 3670 2748 qui
3693 2682 3732 2730 et

2228 2762 2576 2822 crediderunt
2597 2763 2651 2820 in
2677 2762 2912 2831 Christo,
2951 2773 3007 2822 et
3033 2781 3136 2836 pro
3186 2768 3396 2830 Christo
3421 2769 3595 2826 mortui
3624 2774 3730 2830 sunt,

2228 2870 2362 2924 quos
2387 2870 2670 2928 resurgere
2695 2856 2832 2914 dixit
2857 2858 3062 2927 primos
3087 2861 3254 2920 sicuti
3280 2869 3332 2928 et
3357 2861 3618 2922 Corinthiis
3635 2861 3730 2916 scri-

2226 2948 2362 3006 bens
2413 2949 2546 3012 dixit
2575 2949 2625 3022 (1
2657 2948 2780 3004 Cor.
2833 2951 2922 3024 xv)
2965 2971 2977 3007 :
3012 2951 3278 3014 Primitia:
3320 2956 3555 3022 Christus,
3595 2953 3730 3010 deinde

2227 3042 2282 3096 hi
2324 3042 2415 3116 qui
2459 3052 2578 3100 sunt
2608 3042 2826 3111 Christi,
2871 3045 2961 3118 qui
3004 3048 3285 3106 adventum
3319 3049 3726 3126 ejuscrediderunt,

2230 3135 2416 3192 deinde
2441 3138 2586 3208 ﬁnis.
2607 3136 2962 3196 Velocitatem
2986 3157 3114 3198 vero
3139 3146 3534 3206 resurrectionis
3555 3141 3730 3202 ostendit

2225 3229 2570 3296 cvideuterin
2597 3234 2686 3290 illa
2715 3236 2954 3308 Epistola
2980 3239 3190 3309 dicens,
3219 3241 3287 3302 In
3314 3251 3568 3307 momento,
3589 3242 3632 3296 in
3654 3240 3728 3294 icts

2225 3325 2461 3392 oculi,in
2499 3330 2778 3386 novissima
2805 3332 2952 3398 tuba,
3001 3344 3154 3392 canet
3204 3338 3337 3396 enim
3381 3337 3494 3392 tuba
3523 3330 3728 3392 etmorttti

2225 3431 2492 3492 resurgant
2527 3423 2840 3497 incorrupti,
2870 3437 2918 3482 et
2949 3445 3040 3486 nos
3083 3430 3487 3488 immutabimur.
3523 3427 3616 3484 Hoc
3638 3439 3727 3495 ergo

2223 3518 2278 3568 et
2311 3511 2366 3570 in
2396 3512 2502 3569 hoc
2529 3514 2647 3572 loco
2675 3518 2827 3584 dicit,
2859 3521 3117 3590 quoniam
3151 3524 3435 3582 descendet
3482 3521 3660 3592 quidem
3679 3516 3724 3570 de

2223 3604 2364 3662 caelo
2397 3605 2646 3666 Christus
2678 3627 2800 3668 cum
2851 3612 2982 3672 tuba
3013 3617 3270 3684 terribili,
3320 3629 3373 3674 et
3395 3631 3516 3674 voce
3554 3612 3725 3686 quadam

2222 3715 2418 3770 magna
2471 3709 2600 3758 tunc
2644 3715 3038 3776 perstrepente,
3098 3711 3394 3770 secundum
3444 3709 3642 3766 divinam
3671 3702 3726 3758 in-

2222 3795 2592 3863 operationem
2610 3814 2625 3864 ;
2645 3806 2704 3853 ut
2720 3801 2890 3856 moris
2904 3810 3007 3868 est,
3024 3804 3212 3860 tubam
3229 3801 3725 3876 nuncupatarchsuge-

2223 3884 2332 3942 lum
2348 3889 2746 3957 praecedentem
2763 3901 2818 3948 et
2833 3893 3238 3965 praecipientem
3263 3898 3500 3954 omnibus
3524 3913 3536 3948 :
3557 3888 3722 3959 Surgite-

2220 3977 2440 4036 Jussum
2469 3997 2599 4038 vero
2627 3991 2786 4042 vocat
2815 4000 3003 4041 vocem
3030 3987 3275 4059 ejusdem
3316 3983 3613 4058 archangeli.
3637 3977 3724 4050 quia

2222 4069 2385 4136 dicet,
2418 4070 2647 4143 Surgite.
2700 4073 2795 4130 His
2830 4090 3009 4132 autem
3038 4077 3112 4134 ita
3159 4079 3368 4136 aﬂ'ectis
3411 4075 3572 4134 omnia
3611 4073 3725 4126 emat

2222 4165 2628 4233 compendiosa,
2681 4167 2756 4224 ita
2783 4176 2843 4224 ut
2889 4169 2967 4226 illi
3001 4170 3094 4240 qui
3143 4187 3244 4243 pro
3280 4172 3381 4228 title
3430 4163 3600 4226 mortui
3626 4163 3715 4217 sunt

2220 4258 2431 4328 priores
2479 4260 2693 4318 caneris
2751 4271 3053 4333 resurgant,
3111 4274 3316 4322 etcum
3367 4263 3468 4320 illis
3521 4252 3723 4314 ﬁdelibus,

2221 4350 2312 4420 qui
2347 4359 2474 4406 tunc
2503 4351 2558 4406 in
2598 4352 2707 4408 vita
2738 4353 2842 4410 bac
2885 4355 3234 4412 inveniuntur
3263 4370 3419 4424 super
3441 4351 3588 4407 nubes
3611 4335 3724 4414 quati

2222 4439 2545 4508 quibusdam
2573 4442 2836 4498 vehiculis
2864 4444 3004 4513 rapti
3033 4444 3321 4510 ducantur,
3350 4445 3400 4500 in
3450 4452 3621 4500 aerem.
3657 4428 3724 4485 οδ·

2222 4531 2365 4586 viam
2395 4531 2644 4598 Domino,
2684 4534 2759 4588 ita
2785 4543 2846 4590 ut
2873 4535 2984 4592 sint
3011 4551 3225 4607 semper
3252 4551 3372 4593 cum
3399 4531 3611 4590 Domino.
3651 4520 3724 4575 Va-

2224 4623 2388 4678 lidam
2418 4634 2600 4680 autem
2653 4634 2704 4682 et
2736 4627 2960 4684 nimiam
3015 4629 3231 4684 illorum
3280 4643 3396 4684 esse
3451 4621 3722 4678 velocitatem

2223 4715 2516 4771 insinuavit
2547 4733 2666 4787 quae
2695 4727 2825 4774 tunc
2852 4729 3038 4787 erunt,
3075 4721 3339 4792 siquidem
3370 4715 3574 4772 Domino
3609 4701 3724 4762 (Ἀπία

2223 4814 2307 4862 sto
2335 4818 2628 4877 apparente
2652 4810 2718 4866 de
2764 4811 2922 4877 casto,
2960 4821 3016 4868 et
3044 4815 3170 4870 tuba
3225 4818 3460 4874 sonante,
3505 4813 3554 4864 et
3581 4792 3724 4867 θηεθλο

2222 4895 2513 4965 clamante.
2568 4900 2799 4974 Surgite,
2832 4905 2909 4960 sic
2939 4907 3120 4962 omnia
3148 4905 3488 4975 expedientur
3523 4903 3722 4962 comitem

2222 4988 2394 5058 diose,
2428 5001 2489 5048 ut
2533 4995 2738 5064 pariter
2772 5003 2825 5052 et
2867 4999 3066 5056 mortui
3110 5005 3414 5069 resurgant,
3444 5003 3495 5052 et
3519 4986 3608 5048 vivi
3631 4992 3722 5038 cum

2227 5080 2332 5137 illis
2361 5083 2664 5154 rapiantur,
2687 5103 2862 5158 neque
2883 5090 3184 5158 praevenire
3210 5090 3328 5146 illus
3350 5087 3478 5146 ultra
3500 5079 3720 5154 potem“

2227 5176 2306 5232 sic
2335 5178 2588 5236 omnibus
2638 5179 2800 5238 simul
2838 5181 2892 5236 in
2936 5185 3166 5254 idipsum
3217 5184 3446 5240 divinam
3495 5167 3721 5247 quamdlm

2223 5276 2279 5326 ct
2337 5270 2631 5328 terribilem
2685 5273 3114 5344 inoperationem
3165 5275 3386 5334 enectis.
3433 5267 3631 5326 Evidens
3662 5261 3722 5312 ei!

2226 5370 2405 5422 autem
2438 5370 2493 5418 et
2538 5362 2688 5428 illud,
2723 5367 2976 5435 quoniam
3011 5368 3226 5440 quando
3255 5366 3404 5430 dicit,
3436 5381 3454 5418 ι
3485 5351 3648 5416 mortui
3681 5346 3719 5400 it!

2223 5451 2444 5510 Christo
2473 5466 2757 5527 resurgeut
2784 5459 3039 5530 primum,
3080 5481 3098 5522 υ
3133 5476 3238 5520 non
3265 5459 3332 5516 ad
3384 5441 3717 5520 interceptstio-

2222 5561 2347 5602 nem
2375 5545 2587 5602 illorum
2616 5547 2748 5604 dicit
2770 5547 3041 5624 justorum
3069 5553 3161 5624 qui
3187 5559 3312 5616 ante
3342 5545 3525 5610 Christi
3567 5537 3720 5596 adven-

2223 5647 2338 5698 tum
2375 5648 2658 5708 venerunt,
2693 5641 2812 5700 ﬁeri
2862 5645 3009 5708 enim
3044 5654 3220 5719 potest
3261 5653 3322 5706 ut
3361 5645 3407 5700 is
3449 5638 3530 5711 qui
3553 5627 3719 5718 eviden‘

2224 5737 2309 5786 ter
2329 5728 2396 5786 de
2425 5728 2532 5788 illis
2575 5729 2816 5789 Hebraeis
2849 5737 3138 5795 scribendo
3185 5735 3389 5798 dixerat
3417 5750 3429 5784 :
3460 5727 3520 5784 Et
3538 5721 3610 5778 isti
3634 5725 3718 5769 oll-

2153 5888 2172 5894 _
2223 5837 2313 5876 nes
2345 5822 2700 5880 testimonium
2745 5831 2970 5886 assecuti
3020 5848 3114 5902 per
3160 5828 3315 5900 ﬁdem
3344 5839 3439 5884 non
3478 5805 3717 5885 rem
