3986 6338
248 361 350 418 557

709 362 1253 422 ENARRATIONUM
1288 360 1358 420 ΙΝ
1395 361 1544 420 EPP.
1585 357 1788 418 PAULI
1824 347 1952 416 LIB.
1993 355 2132 412 XXI.
2171 381 2240 406 -.-
2275 351 2342 409 IN
2378 351 2593 412 EPIST.
2631 352 2648 406 l
2683 351 2778 417 AD
2815 351 3054 412 THESS.

3391 355 3496 414 558

245 477 644 546 promissionem
691 479 877 552 (Hebr.
921 479 1022 552 xi),
1050 481 1163 537 Deo
1190 476 1397 534 scilicet
1425 477 1490 533 de
1516 475 1674 530 nobis
1700 487 1816 528 me-
1842 473 1897 534 Α
1917 469 2068 539 xxvr)
2095 487 2108 524 :
2139 466 2289 524 Sicut
2316 468 2370 524 in
2399 467 2582 527 diebus
2608 463 2724 522 Noe
2750 465 3008 526 ducebant
3039 483 3227 524 umores
3267 477 3316 526 et
3339 471 3502 527 nube-

247 577 356 632 lius
390 574 519 645 quid
553 573 901 638 deliberante,
929 579 990 626 ut
1029 587 1096 626 ne
1132 570 1248 628 sine
1277 569 1430 628 nobis
1483 581 1823 624 consumma-

247 678 462 734 rentur,
496 683 562 722 ex
589 667 784 735 quibus
827 673 976 735 patet
1002 663 1260 734 quoniam
1312 676 1438 720 cum
1489 659 1594 714 illis
1639 665 1694 714 et
1723 657 1822 728 ipsi

247 763 455 818 habent
486 756 880 820 consummari;
931 755 1026 810 sed
1061 754 1313 823 quoniam
1351 759 1475 822 post
1496 747 1701 804 Christi
1731 747 1824 804 ad-

243 860 470 908 ventum
496 849 600 904 ista
629 845 923 910 scribebat,
957 845 1024 902 ad
1048 843 1450 902 distinctionem
1490 840 1702 898 illorum
1732 839 1824 910 qui

246 960 358 1000 non
388 941 732 996 crediderunt
781 936 1072 1002 Christum,
1111 935 1214 992 ista
1245 933 1402 1000 dixit,
1427 946 1494 988 eo
1526 931 1669 1001 quod
1692 928 1825 1001 justi

245 1034 342 1104 qui
391 1040 516 1088 ante
567 1031 856 1086 adventum
903 1026 1020 1096 eius
1070 1025 1308 1092 fuerunt,
1341 1031 1601 1094 quantum
1634 1021 1827 1078 attinet

245 1127 318 1180 ad
346 1141 462 1188 eos,
515 1122 808 1178 secundum
862 1118 1139 1190 proprium
1181 1124 1395 1187 tempus
1443 1114 1826 1172 laboraverunt

245 1225 306 1272 et
328 1223 550 1288 propter
575 1213 679 1268 hoc
698 1210 842 1281 iusta
873 1209 1082 1266 ratione
1103 1223 1226 1263 cum
1263 1207 1371 1262 illis
1406 1204 1822 1275 deputabantur.

243 1306 520 1379 (meram)
549 1303 704 1371 Quod
755 1310 937 1359 autem
965 1301 1184 1372 quidam
1223 1299 1562 1367 interrogant
1607 1296 1675 1352 de
1701 1295 1824 1360 hoc,

243 1397 396 1469 quod
421 1395 551 1452 dicit
578 1392 868 1463 Apostolus
895 1393 949 1448 in
978 1392 1212 1448 adventu
1264 1388 1478 1446 Domini
1529 1385 1827 1444 Salvatoris

241 1490 365 1560 rapi
427 1489 684 1557 quosdam
719 1485 962 1544 viventes
1011 1483 1226 1539 obviam
1277 1481 1331 1536 in
1383 1479 1636 1544 nubibus,
1670 1478 1743 1536 ita
1769 1485 1842 1536 ut.

243 1595 358 1636 non
385 1577 783 1649 praeveniantur
809 1577 878 1630 ab
909 1575 991 1630 his
1015 1573 1107 1644 qui
1134 1574 1188 1628 in
1219 1572 1441 1630 Christo
1469 1570 1826 1636 dormierunt,

242 1671 544 1740 volantque
580 1682 738 1726 nosse
763 1675 942 1724 utrum
968 1666 1049 1722 sic
1075 1673 1364 1722 occurrant
1413 1663 1470 1718 in
1508 1661 1827 1733 corporibus

241 1771 304 1816 et
349 1775 458 1820 non
505 1768 630 1818 ante
676 1758 996 1824 moriantur,
1049 1771 1172 1814 cum
1224 1764 1279 1812 et
1327 1753 1590 1810 Dominus
1638 1760 1825 1810 noster

1925 566 2068 630 bant,
2096 571 2142 626 et
2169 571 2372 632 repente
2402 562 2535 620 venit
2563 560 2818 616 diluvium
2837 571 2886 616 et
2912 560 3029 617 tulit
3071 579 3265 630 omnes,
3304 566 3379 620 sic
3399 567 3499 622 erit

1922 655 2175 710 aduentus
2199 653 2331 712 Filii
2361 654 2605 720 heminis,
2637 655 2830 726 quibus
2859 655 3197 716 sermonibus
3237 659 3503 730 approba-

1923 757 2014 804 tur
2040 747 2094 804 in
2120 746 2228 804 line
2253 747 2441 814 mundi
2468 746 2668 810 multos
2715 748 2868 806 vivos
2914 757 2968 803 et
2999 747 3174 816 adhuc
3211 749 3268 808 in
3303 765 3498 822 corpo-

1923 843 2074 900 ribus
2120 842 2488 914 reperiendus.
2542 841 2834 916 Sequitur:
2861 841 2914 902 in
2948 842 3128 914 jussu,
3159 845 3210 900 ir.
3263 860 3383 906 uoce
3408 863 3502 902 ar-

1925 933 2159 1005 changeli
2188 944 2237 992 et
2281 934 2475 992 mortui
2524 941 2789 1004 resurgant
2817 934 2993 1005 primi,
3048 943 3102 990 et
3129 936 3232 992 hoc
3284 950 3499 992 rursum

1926 1025 2175 1086 Salvator
2201 1025 2440 1100 loquitur
2486 1025 2542 1080 in
2575 1024 2865 1096 Evangelio
2894 1043 2907 1079 :
2941 1023 3119 1088 Media
3147 1035 3322 1088 autem
3353 1036 3502 1082 nocte

1925 1135 2147 1191 sponsus
2169 1119 2306 1174 venit
2322 1116 2467 1190 (Ibid
2474 1115 2536 1192 .),
2550 1117 2642 1190 qui
2658 1117 2842 1188 utique
2856 1115 3097 1174 viventes
3107 1116 3160 1180 in
3173 1125 3400 1190 corpore
3412 1119 3504 1174 de-

1924 1210 2248 1286 prehendet,
2262 1207 2475 1282 quando
2495 1218 2646 1266 erant
2671 1209 2775 1272 duo
2801 1208 2856 1272 in
2883 1207 3014 1270 lecto
3037 1225 3160 1276 uno,
3186 1225 3321 1270 unus
3347 1227 3502 1268 assu-

1925 1311 2117 1370 metur,
2163 1311 2211 1360 et
2250 1297 2387 1360 alius
2442 1299 2805 1372 relinquetur:
2845 1309 2891 1354 et
2921 1299 3042 1356 duo:
3091 1300 3366 1368 molentes,
3394 1318 3503 1358 una

1925 1399 2217 1468 assumetur
2271 1399 2320 1446 et
2363 1388 2473 1452 alia
2506 1389 2826 1462 relinquetur
2855 1389 3070 1460 (Matth.
3111 1391 3280 1465 xxxv).
3307 1393 3504 1464 quibus

1928 1479 2086 1538 dictis
2107 1480 2409 1540 ostenditur
2431 1479 2610 1539 medio
2641 1482 2818 1540 noctis
2855 1482 3068 1540 securis
3091 1482 3343 1538 omnibus
3368 1497 3503 1540 con—

1927 1572 2342 1630 summationem
2369 1572 2557 1632 mundi
2576 1587 2697 1630 esse
2721 1582 3023 1640 venturam,
3053 1581 3111 1630 ut
3139 1574 3214 1632 ait
3241 1573 3502 1646 Origenes

1927 1666 1981 1722 in
2007 1665 2167 1722 tertio
2195 1665 2463 1726 volumine
2496 1680 2615 1722 suo.
2650 1666 2848 1724 Deinde
2894 1683 2988 1723 nos
3033 1669 3123 1740 qui
3164 1668 3379 1728 vivimus
3415 1670 3506 1742 qui

1927 1758 2115 1832 reliqui
2161 1775 2362 1824 sumus,
2395 1757 2550 1814 simul
2600 1775 2720 1816 cum
2748 1758 2864 1816 illis
2911 1761 3256 1832 rapiemurin
3284 1762 3506 1818 nubibus

242 1862 500 1912 mortuus
545 1851 640 1916 sit,
667 1860 723 1906 et
751 1850 936 1906 Enooh
973 1861 1136 1919 atque
1169 1848 1315 1904 Elias
1359 1847 1654 1904 secundum
1681 1845 1825 1916 Apo-
1850 1837 1898 1899 B
1925 1849 2130 1906 obviam
2154 1849 2378 1906 Domino
2425 1851 2481 1906 in
2507 1866 2648 1916 aere,
2691 1859 2741 1908 et
2789 1852 2865 1906 ita
2907 1867 3106 1923 semper
3133 1867 3251 1906 cum
3282 1849 3508 1914 Domino

242 1943 492 2014 calypgin
523 1941 746 2000 Joannis
789 1942 1033 1998 morituri
1061 1955 1182 1996 esse
1230 1941 1496 2002 dicantur.
1526 1954 1596 1996 ne
1618 1939 1828 1996 scilicet

241 2035 392 2090 ullus
419 2033 494 2090 sit
519 2033 612 2102 qui
643 2047 750 2088 non
779 2031 1072 2104 guSLaverit
1119 2041 1374 2099 mortem,
1403 2030 1506 2090 hoc
1534 2047 1600 2088 ex
1658 2031 1828 2104 ipsius

242 2125 584 2186 continentia
611 2125 712 2182 loci
741 2125 867 2184 sciri
913 2133 1109 2196 potest.
1137 2125 1286 2193 Quod
1318 2125 1492 2182 sancti
1518 2124 1610 2195 qui
1645 2124 1700 2180 in
1729 2123 1828 2180 ad-

239 2225 414 2278 ventu
461 2215 760 2274 Salvatoris
792 2217 848 2274 in
875 2230 1102 2286 corpore
1149 2213 1354 2274 fuerint
1397 2213 1738 2285 deprehensi,
1772 2213 1829 2270 in

185 2365 189 2368 _
241 2309 440 2366 iisdem
471 2307 789 2378 corporibus
837 2316 1127 2364 occurrant
1153 2305 1228 2374 ei,
1259 2305 1335 2364 ita
1366 2312 1547 2363 tamen
1577 2312 1636 2358 ut
1658 2303 1829 2374 inglo-

241 2403 396 2458 rium
425 2410 482 2459 et
505 2409 818 2470 corruptum
873 2409 930 2456 et
969 2399 1221 2466 mortale,
1271 2398 1444 2470 gloria
1495 2406 1551 2454 et
1577 2397 1826 2454 incorru-

240 2495 440 2566 ptione
483 2501 536 2550 et
561 2491 966 2550 immortalitate
997 2499 1254 2556 mutetur,
1308 2499 1368 2548 ut
1394 2489 1574 2561 qualia
1602 2503 1830 2560 corpora

241 2595 562 2644 surrectura
595 2583 720 2648 sint,
775 2583 828 2638 in
879 2581 1042 2638 talem
1087 2581 1444 2638 substantiam
1484 2581 1647 2660 etiam
1680 2581 1830 2636 vivo-

240 2693 372 2732 rum
399 2692 628 2747 corpora
659 2673 1125 2730 transformantur.
1165 2672 1320 2730 Unde
1349 2672 1480 2730 dicit
1500 2673 1553 2730 in
1579 2672 1685 2730 alio
1713 2671 1832 2730 loco

237 2774 575 2846 Apostolus:
611 2772 830 2842 Propter
849 2770 986 2844 quod
1015 2769 1256 2824 nolumus
1273 2768 1512 2841 spoliari,
1537 2768 1628 2826 sed
1651 2783 1833 2839 super-

243 2867 451 2932 uestiri,
481 2874 537 2920 ut
563 2863 898 2924 absorbeatur
927 2862 1145 2920 mortale
1164 2863 1261 2918 hoc
1283 2880 1314 2915 a
1339 2862 1444 2918 vita
1489 2859 1574 2936 (11
1604 2858 1728 2916 Cor.
1752 2860 1832 2932 v),

240 2975 320 3014 ne
347 2958 558 3015 scilicet
607 2971 805 3027 corpus
854 2954 924 3012 ab
966 2954 1147 3012 anima
1193 2954 1498 3020 deseratur,
1529 2951 1623 3010 sed
1654 2951 1833 3010 anima

241 3051 532 3108 habitante
557 3050 612 3106 in
633 3063 884 3118 corpore,
917 3047 1014 3106 ﬁat
1037 3047 1318 3121 inclytum,
1337 3046 1482 3119 quod
1511 3055 1637 3106 ante
1663 3047 1835 3119 inglo-

243 3144 394 3199 rium
445 3141 566 3200 fuit.
597 3141 673 3198 De
717 3141 902 3198 Enoch
943 3149 1126 3198 autem
1155 3147 1209 3196 et
1238 3139 1354 3195 Elia
1391 3154 1527 3210 quos
1569 3147 1830 3198 venturos

1928 1941 2141 1996 erimus.
2177 1941 2252 1996 De
2294 1956 2400 2014 quo
2427 1941 2676 2012 quamvis
2723 1941 2969 2012 superior
2994 1941 3178 1998 Acacii
3219 1942 3508 2014 disputatio

1927 2030 2135 2104 plenius
2186 2029 2477 2098 ventilarit,
2518 2039 2692 2086 tamen
2742 2031 3027 2087 dicendum
3055 2040 3138 2088 est
3166 2031 3296 2106 quid
3323 2033 3507 2091 videa-

1928 2135 2016 2182 tur
2039 2127 2180 2193 aliis,
2201 2113 2483 2186 Theodoro
2504 2122 2777 2190 videlicet,
2801 2123 3134 2196 Appollinari
3163 2131 3218 2179 et
3250 2123 3504 2196 Diodoro,

1929 2217 2021 2288 qui
2052 2221 2215 2272 unam
2266 2225 2564 2287 sequuntur
2591 2215 2934 2282 sententiam,
2969 2231 3202 2288 quorum
3234 2217 3501 2276 Diodorus

1927 2310 2046 2366 haec
2072 2309 2289 2379 scripsit
2315 2328 2328 2364 :
2364 2308 2627 2368 Residuos
2668 2319 2829 2379 atque
2858 2309 3102 2367 viventes
3154 2308 3354 2366 Paulus
3377 2325 3508 2384 apo-

1927 2401 2099 2459 stolus
2131 2410 2311 2470 vocat,
2359 2417 2468 2460 non
2512 2401 2654 2474 quod
2690 2401 2819 2458 velit
2847 2401 3073 2474 intelligi
3099 2410 3153 2460 et
3178 2417 3240 2458 se
3272 2411 3330 2462 et
3372 2402 3510 2460 alios

1929 2495 2347 2552 resurrectionis
2379 2495 2434 2550 in
2460 2509 2688 2566 corpore
2706 2495 3072 2567 reperiendos,
3104 2497 3198 2552 sed
3225 2510 3325 2553 nos
3350 2495 3509 2566 dixit,

1927 2603 2028 2659 pro
2057 2603 2146 2656 eo,
2171 2587 2313 2660 quod
2343 2595 2428 2645 est
2465 2586 2662 2658 iustos,
2693 2588 2760 2646 de
2783 2604 3015 2660 quorum
3044 2597 3098 2646 et
3126 2604 3226 2663 ego
3259 2605 3377 2650 eum
3409 2605 3511 2646 nu-

1929 2693 2081 2734 mero
2113 2696 2126 2734 :
2161 2678 2264 2749 ipsi
2304 2679 2450 2736 enim
2481 2679 2756 2750 rapientur
2804 2680 3017 2740 obviam
3045 2679 3282 2748 Christo,
3315 2689 3372 2738 et
3399 2695 3506 2736 non

1929 2777 2261 2841 peccatores.
2317 2769 2574 2830 Viventes
2603 2778 2783 2828 autem
2827 2787 2936 2828 non
2957 2770 3113 2841 juxta
3155 2771 3511 2844 tropologiam

1932 2871 2148 2918 sanctos
2194 2861 2510 2934 accipimus,
2553 2862 2643 2933 qui
2693 2872 2914 2936 peccato
2961 2878 3068 2920 non
3117 2863 3316 2919 mortui
3362 2871 3508 2928 sunt,

1935 2951 2031 3010 sed
2060 2967 2252 3010 omnes
2303 2967 2438 3024 quos
2486 2952 2540 3014 in
2571 2968 2799 3024 corpore
2827 2953 3122 3022 adveniens
3149 2953 3400 3014 Christus
3424 2953 3508 3012 in-

1931 3043 2178 3110 venerit;
2209 3043 2424 3114 quodve
2469 3042 2727 3116 sequitur,
2772 3059 2874 3099 non
2896 3045 3270 3118 prwveniemus
3291 3060 3376 3098 eos
3421 3058 3511 3116 qut

1935 3137 2282 3205 dormierunt,
2334 3152 2676 3210 nequaquam
2706 3137 2775 3194 ad
2833 3145 3164 3208 peccatores,
3206 3137 3300 3196 sed
3337 3137 3404 3192 ad
3425 3137 3515 3209 ju—

239 3233 601 3306 Apocalypsis
638 3231 822 3302 refert,
853 3240 908 3289 et
943 3247 1066 3292 esse
1092 3206 1540 3299 morituros—non
1565 3240 1650 3290 est
1673 3232 1829 3288 istius
1854 3206 1902 3272 (ἶ
1931 3239 2045 3290 stos
2096 3230 2299 3290 referre
2340 3206 2616 3300 debemus,
2650 3206 2850 3301 neque
2870 3229 3017 3288 enim
3045 3238 3359 3305 peccatores
3384 3206 3510 3286 cum

244 3328 514 3399 temporis
537 3325 845 3396 disputatio,
876 3341 998 3382 cum
1027 3326 1202 3384 omnis
1225 3325 1314 3384 ille
1343 3325 1479 3384 liber
1498 3324 1826 3396 autspirita-

244 3418 376 3475 liter
434 3417 811 3488 intelligendus
864 3416 958 3483 sit,
1018 3423 1080 3471 ut
1109 3431 1208 3471 nos
1239 3418 1589 3481 aestimamus,
1643 3422 1735 3472 aut
1781 3411 1829 3469 si

247 3507 528 3566 carnalem
553 3507 828 3578 sequimur
863 3506 1383 3576 interpretationem,
1413 3503 1654 3566 Judaicis
1678 3503 1832 3560 fabu-

247 3600 324 3658 lis
361 3598 812 3672 acquiescendnm
854 3599 945 3666 sit,
977 3606 1036 3654 ut
1064 3613 1279 3654 rursum
1304 3597 1606 3656 aedificetur
1635 3595 1830 3652 Hieru-

247 3692 426 3749 salem
455 3700 512 3752 et
543 3691 734 3746 hostia:
789 3689 1085 3746 oderantur
1117 3689 1171 3744 in
1225 3688 1445 3760 templo,
1504 3695 1559 3744 et
1601 3686 1832 3758 spiritali

247 3785 404 3841 cultu
470 3781 754 3839 imminuto
813 3781 1056 3838 carnales
1109 3781 1390 3837 obtineant
1453 3779 1828 3836 caeremonias.

249 3874 461 3950 (Hien)
515 3874 872 3942 Quamobrem
921 3873 1050 3930 illud
1113 3873 1256 3944 quod
1310 3874 1376 3928 de
1439 3880 1836 3928 resurrectione

247 3966 460 4024 Paulus
490 3965 560 4020 ad
615 3963 925 4020 Corinthios
974 3963 1212 4034 loquitur
1264 3963 1337 4018 ita
1366 3961 1652 4032 legendum
1708 3970 1830 4024 est:

250 4060 456 4115 Omnes
482 4057 688 4130 quidem
715 4057 1050 4124 dormiemus,
1097 4073 1198 4116 non
1225 4071 1402 4114 omnes
1429 4064 1604 4118 autem
1649 4054 1837 4114 immu-

247 4151 513 4217 tabimur,
541 4150 586 4205 si
609 4151 754 4206 enim
783 4164 973 4206 omnes
1019 4148 1073 4206 in
1121 4147 1291 4204 Adam
1345 4146 1671 4218 moriuntur,
1697 4146 1833 4202 etin

247 4251 436 4298 morte
474 4241 728 4298 dormitio
787 4249 891 4306 est,
939 4255 1131 4300 omnes
1172 4255 1300 4310 ergo
1354 4237 1683 4302 dormientes
1721 4237 1836 4298 sive

249 4336 577 4392 rnoriemur.
629 4335 836 4391 Dormit
884 4342 1062 4390 autem
1099 4332 1254 4406 juxta
1295 4332 1492 4390 idioma
1528 4329 1836 4404 Scriptura-

248 4445 402 4490 rum,
465 4429 557 4500 qui
605 4436 850 4488 mortuus
904 4435 1007 4495 est,
1057 4441 1153 4496 spe
1178 4424 1590 4488 resurrectionis
1621 4423 1834 4490 futurae,

250 4522 550 4593 omnisque
583 4522 674 4592 qui
719 4521 936 4587 dormit,
967 4520 1150 4591 utique
1197 4520 1638 4590 exspcrgiscitur,
1679 4519 1724 4576 si
1757 4527 1836 4574 ta-

253 4637 384 4676 men
412 4635 517 4674 non
543 4619 720 4676 subita
751 4634 874 4676 eum
907 4619 989 4676 vis
1019 4599 1216 4676 mortis
1253 4615 1585 4687 oppresserit
1605 4623 1659 4671 et
1692 4631 1836 4672 mors

253 4726 455 4768 somno
481 4709 644 4768 fuerit
690 4709 976 4780 copulata;
1003 4725 1235 4780 cumque
1265 4723 1454 4764 omnes
1483 4709 1557 4762 ita
1596 4709 1834 4768 dormie.

254 4804 370 4858 rint
399 4803 518 4874 lege
544 4811 769 4867 natum,
821 4801 919 4856 soli
948 4801 1114 4857 sancti
1143 4809 1199 4855 ct
1246 4799 1427 4856 anima
1455 4806 1510 4854 et
1529 4813 1754 4870 corpore
1781 4798 1838 4854 iu

256 4893 460 4950 melius
485 4894 837 4954 mutabuntur
868 4910 880 4945 :
913 4891 988 4946 ita
1024 4900 1084 4946 ut
1109 4889 1445 4960 incorruptio
1477 4889 1718 4950 omnium
1746 4904 1836 4946 re-

259 4985 606 5058 surgentium
633 4973 726 5052 sit,
750 4984 921 5057 gloria
945 4991 1107 5055 atque
1129 4983 1357 5044 mutatio
1383 4983 1600 5054 proprie
1625 4990 1840 5042 sanctm

257 5095 410 5134 rum.
444 5077 706 5148 Quodque
736 5076 983 5148 sequitur
1001 5075 1158 5148 juxta
1184 5073 1425 5140 Graecos,
1458 5075 1513 5132 in
1540 5084 1741 5141 atomo,
1785 5075 1841 5130 in

260 5170 377 5227 ictu
418 5168 600 5235 oculi,
646 5176 933 5239 utrumque
984 5168 1130 5230 enim
1181 5168 1398 5240 legitur,
1435 5176 1490 5222 et
1535 5169 1701 5225 nostri
1755 5168 1842 5226 iit-

261 5259 557 5331 terpretati
595 5267 721 5318 sunt
747 5259 800 5314 in
833 5267 1108 5316 momento
1139 5258 1270 5320 etin
1311 5258 1443 5325 ictu,
1470 5259 1585 5316 sive
1614 5260 1667 5316 in
1693 5270 1844 5318 motu

260 5350 411 5408 oculi
457 5351 533 5405 ita
557 5350 886 5421 explanavit,
912 5349 1101 5420 juncta
1151 5349 1311 5406 simul
1336 5351 1576 5414 omnium
1603 5367 1850 5412 resurre-

263 5442 451 5498 ctione
477 5442 754 5512 rapientur
781 5443 994 5506 obviam
1037 5441 1278 5509 Christo.
1306 5443 1399 5500 sed
1423 5457 1518 5504 eos
1541 5460 1677 5514 quos
1699 5462 1848 5506 mors

1926 3322 2092 3395 justis
2147 3325 2201 3382 in
2252 3323 2343 3380 illa
2401 3322 2796 3381 resurrectione
2855 3322 3134 3378 habebunt
3182 3323 3507 3394 portionem.

1933 3419 2066 3472 Nam
2093 3416 2345 3488 Epistolas
2373 3415 2520 3476 Pauli
2554 3417 2622 3478 ad
2658 3415 3168 3474 Thessalonicenses
3197 3417 3387 3488 primat
3417 3433 3510 3474 ex-

1931 3509 2254 3579 positionem
2286 3507 2510 3576 faciens,
2543 3515 2668 3580 post
2691 3507 2858 3564 multa
2889 3523 3008 3582 quae
3034 3507 3184 3566 vario
3228 3509 3509 3580 prudenti-

1934 3615 2038 3671 que
2067 3614 2314 3656 sermone
2357 3597 2634 3667 disseruit,
2685 3600 2800 3656 hzec
2832 3599 3030 3667 intulit,
3063 3600 3130 3656 de
3157 3601 3353 3674 quibus
3380 3600 3513 3660 nulli

1935 3692 2155 3750 dubium
2185 3702 2272 3748 est
2299 3699 2353 3748 et
2393 3691 2680 3750 Achatium
2726 3691 2981 3764 pleraque
3010 3691 3208 3750 libasse
3233 3709 3246 3746 :
3279 3691 3408 3762 quid
3435 3701 3519 3748 est

1936 3799 2065 3857 ergo
2093 3784 2234 3856 quod
2265 3784 2506 3841 scribunt
2551 3783 3122 3842 Thessalonicensibus
3147 3785 3201 3844 in
3229 3785 3392 3842 verbo
3421 3785 3517 3840 Dei

1935 3878 2134 3935 Paulus
2162 3889 2217 3935 et
2245 3877 2494 3936 Silvanus
2545 3887 2598 3934 et
2628 3876 2964 3946 Timotheus,
2995 3894 3089 3932 nos
3129 3877 3219 3948 qui
3278 3877 3513 3942 vivimus,

1937 3971 2026 4042 qui
2053 3969 2248 4026 residui
2293 3985 2472 4024 sumus
2501 3968 2558 4022 in
2589 3967 2811 4023 adventu
2835 3967 3048 4023 Domini
3100 3983 3204 4026 non
3237 3968 3518 4038 praevenie-

1939 4077 2054 4118 mus
2100 4077 2185 4116 eos
2212 4059 2301 4131 qui
2325 4059 2674 4126 dormierunt,
2723 4057 2815 4127 qui
2864 4068 2989 4118 sunt
3029 4057 3118 4116 isti
3155 4060 3247 4132 qui
3272 4058 3517 4116 viventes

1938 4157 2065 4214 talia
2121 4157 2454 4228 loquuntur?
2487 4153 2685 4226 Utique
2726 4153 2927 4214 Paulus
2975 4169 3082 4212 non
3114 4154 3182 4212 ab
3212 4153 3521 4216 numinibus

1937 4267 2040 4308 nec
2064 4265 2162 4324 per
2194 4249 2463 4318 homines,
2512 4245 2822 4318 Apostolus,
2875 4255 2931 4304 et
2975 4246 3334 4306 charissimus
3374 4245 3518 4308 filius

1939 4345 2056 4417 ejus
2083 4343 2136 4398 in
2169 4341 2270 4398 lide
2299 4342 2632 4405 Timotheus,
2661 4349 2714 4396 et
2743 4338 2996 4398 Silvanus
3039 4340 3132 4410 qui
3167 4338 3272 4397 illis
3317 4348 3437 4397 erat
3463 4349 3519 4396 et

1940 4434 2222 4492 atl‘cctione
2261 4442 2316 4490 et
2343 4432 2634 4490 virtutibus
2656 4432 2960 4503 copulatus,
3000 4441 3052 4488 et
3083 4433 3185 4490 hoc
3205 4447 3315 4490 non
3344 4431 3518 4496 solum
3587 4433 3606 4504 ξ

1939 4528 2053 4595 illi;
2087 4529 2180 4584 sed
2227 4527 2536 4600 quicunque
2584 4525 2738 4581 Pauli
2791 4534 2848 4581 et
2875 4525 3100 4582 scientia
3151 4533 3520 4581 etconversa-

1941 4621 2090 4676 tione
2136 4618 2328 4676 similis
2362 4627 2465 4684 est,
2523 4617 2704 4672 dicere
2749 4624 2944 4686 potest,
2999 4633 3091 4670 nos
3141 4615 3232 4687 qui
3280 4615 3518 4684 vivimus,

1943 4727 2173 4784 quorum
2227 4725 2426 4782 corpus
2479 4715 2750 4764 mortuum
2792 4717 2896 4772 εει,
2943 4715 3164 4776 propter
3211 4716 3520 4777 peccatum,

1944 4804 2166 4876 spiritus
2222 4809 2402 4856 autem
2454 4799 2564 4854 vita
2617 4807 2838 4869 propter
2863 4795 3152 4865 justitiam,
3204 4807 3261 4852 et
3288 4814 3522 4870 quorum

1945 4893 2274 4949 mortificata
2301 4899 2426 4948 sunt
2451 4890 2694 4945 membra
2729 4903 2892 4960 super
2927 4897 3162 4955 terram,
3195 4889 3270 4944 ita
3319 4898 3380 4945 ut
3429 4904 3527 4945 ne-

1947 5001 2219 5060 quaquam
2252 4983 2600 5056 concupiscat
2634 4990 2824 5040 contra
2857 4982 3105 5053 spiritum
3131 4998 3284 5050 caro,
3311 4983 3354 5040 si
3377 4984 3524 5040 enim

1951 5081 2127 5137 adhuc
2175 5078 2449 5136 desiderat
2495 5091 2622 5138 caro
2647 5076 2797 5143 vivit,
2830 5083 2886 5133 et
2910 5076 3036 5146 quia
3065 5075 3196 5138 vivit
3231 5075 3523 5146 desiderat,

1948 5180 2002 5228 et
2032 5188 2136 5229 non
2159 5178 2282 5230 sunt
2309 5169 2634 5228 mortificata
2670 5169 2912 5226 membra
2938 5169 3081 5227 illius
3101 5185 3266 5240 super
3291 5180 3522 5237 terram;

1950 5263 2094 5336 quod
2145 5263 2192 5318 si
2223 5261 2543 5317 mortificata
2591 5269 2737 5330 sunt,
2772 5277 3114 5334 nequaquam
3142 5270 3332 5316 contra
3367 5261 3530 5331 spiri-

1951 5366 2064 5412 tum
2089 5355 2494 5425 concupiscunt,
2523 5371 2641 5426 quae
2673 5353 3087 5411 mortilicatione
3112 5353 3192 5409 sui
3217 5352 3525 5424 huiusmodi

1955 5450 2282 5506 desiderium
2333 5449 2700 5518 perdiderunt.
2759 5447 2912 5504 Sicut
2952 5446 3138 5519 igitur,
3170 5447 3260 5516 qui
3287 5445 3392 5498 vita
3436 5459 3529 5498 ca—

265 5531 607 5586 dissolverit.
635 5532 835 5589 Verum
865 5533 990 5603 quid
1020 5532 1124 5588 ista
1149 5533 1404 5603 perquiro
1431 5541 1486 5590 et
1535 5537 1832 5606 apostolici:

1955 5559 2114 5601 ruere
2137 5543 2410 5615 prmsenti,
2457 5551 2514 5597 et
2557 5543 2623 5596 ad
2648 5542 2866 5596 meliora
2905 5540 3149 5596 translati
3178 5548 3320 5604 sunt,
3355 5537 3529 5608 magis

267 5621 436 5678 dictis
455 5623 782 5684 calunmiam
804 5623 942 5682 facio
965 5640 1089 5682 cum
1111 5625 1227 5694 ipse
1255 5624 1693 5684 manifestissime
1717 5629 1832 5685 scri.

1954 5640 2145 5693 vivunt
2180 5635 2424 5706 deposito
2481 5636 2669 5692 mortis
2725 5651 2970 5707 corpore,
3023 5645 3078 5690 et
3127 5633 3379 5688 vitiorum
3411 5645 3530 5684 om-

267 5714 388 5779 hat,
417 5717 506 5787 qui
535 5717 729 5772 residui
754 5735 934 5775 sumus
980 5719 1033 5773 in
1081 5718 1303 5774 aduentu
1345 5718 1590 5786 Domini;
1621 5720 1713 5792 qui
1743 5725 1852 5779 sint

273 5817 460 5866 autem
512 5811 708 5870 residui
761 5812 936 5870 verbis
983 5811 1238 5868 discimus
1290 5809 1585 5868 Salvatoris
1630 5811 1846 5884 (Matth.

1959 5729 2107 5783 nium
2165 5725 2487 5789 incentivis;
2520 5727 2598 5780 sic
2638 5725 2732 5795 qui
2772 5723 3254 5783 mortificationem
3309 5720 3438 5775 Jcsu
3472 5719 3526 5773 in

1960 5834 2186 5890 corpore
2241 5833 2338 5874 suo
2393 5817 2784 5873 circumferunt
2843 5825 2896 5871 et
2954 5829 3289 5886 nequaquam
3343 5815 3534 5870 vivunt
