3986 6338
509 423 617 482 559
1147 409 1214 464 Β.
1245 403 1506 462 MBAN]
1542 398 1764 458 MAURI
1798 391 2115 452 ARCHIEP.
2155 384 2465 446 MOGUNT.
2505 379 2792 440 OPERUM
2825 373 3006 433 PARS
3039 373 3130 430 ιιι.
3619 372 3696 428 56(

503 541 658 610 juxta
687 545 932 598 carnem,
962 527 1059 585 sed
1105 527 1259 593 iuxta
1305 523 1557 595 spiritum
1603 501 1796 575 vivunt
1820 515 1876 571 in
1901 528 1966 570 eo
1996 509 2089 583 qui
2117 513 2172 576 Α
2808 489 3038 552 CAPUT
3076 491 3143 547 ν.

506 635 620 690 vita
645 636 730 687 est
761 647 776 684 :
803 634 859 682 et
909 623 1044 679 vivit
1077 622 1130 676 in
1160 621 1241 676 eis
1288 617 1538 675 Christus
1589 613 1658 669 de
1695 625 1802 682 quo
1826 607 2088 678 scriptum
2191 617 2446 690 Αάηιρηει
2470 630 2591 690 ms
2619 611 2683 690 (te
2729 609 2814 664 die
2859 607 3042 690 mortis
3089 604 3282 690 fut'urlw
3307 612 3354 655 et
3385 601 3562 690 judicii
3587 619 3706 672 gene-

510 731 620 787 est,
666 735 840 776 vivens
886 731 1057 772 sermo
1090 713 1190 768 Dei
1235 715 1282 766 et
1312 709 1526 780 efﬁcax,
1559 705 1651 776 qui
1681 711 1765 759 est
1796 701 1891 757 Dei
1914 700 2088 755 virtus

513 817 721 887 Deique
775 808 1057 882 sapientia.
1116 805 1320 862 Vivont
1391 801 1535 857 enim
1588 797 1644 852 in
1701 794 1897 866 quibus
1955 791 2091 846 vivit

509 911 686 966 virtus
717 905 812 962 Dei
854 903 1000 960 omni
1028 902 1268 957 humana
1321 894 1610 967 fragilitate
1659 891 1918 961 deposita,
1949 895 2004 944 et
2036 887 2092 941 in

512 1001 710 1074 quibus
737 997 872 1054 vivit
923 994 1210 1066 sapientia,
1267 1004 1387 1061 quae
1437 984 1753 1042 abscondita
1786 991 1872 1038 est
1900 998 1931 1036 a
1957 979 2090 1045 Deo,

2262 688 2436 768 ralis_:
2474 684 2777 753 inducitque
2818 687 2876 734 ut
2925 677 3049 730 bene
3075 671 3130 729 se
3159 672 3379 727 habeant
3416 672 3479 724 ad
3511 671 3653 726 Deum
3670 683 3708 730 et

2261 772 2579 831 proximum.

2261 873 2340 928 De
2372 868 2688 942 temporibus
2729 875 2779 920 et
2806 860 3079 918 momentis
3113 874 3248 921 vero,
3297 856 3495 926 fratres,
3521 873 3610 911 non
3633 875 3706 912 ne-

2195 983 2333 1022 cesse
2359 962 2559 1018 habetis
2587 958 2811 1015 scribere
2833 953 2972 1010 vobis
3001 968 3017 1008 :
3045 952 3144 1022 ipsi
3167 950 3304 1004 enim
3319 949 3583 1002 cautissimi
3602 951 3712 1002 scitis

511 1039 567 1148 cit
599 1090 654 1145 in
705 1087 904 1158 quibus
934 1039 1070 1139 viIvit
1111 1090 1166 1138 et
1197 1039 1518 1149 indperatur
1556 1073 1787 1143 iustitia.
1843 1039 2094 1126 Christus
2194 1056 2442 1128 ςηοηὶατη
2462 1053 2571 1107 dies
2602 1048 2813 1158 Domiti"
2835 1043 3087 1148 Sifuiif"
3108 1043 3166 1095 ίη
3196 1047 3339 1158 {mile
3363 1039 3714 1158 “nil-(Abl?)

511 1183 658 1241 enim
689 1181 866 1236 iactus
913 1183 999 1233 est
1049 1174 1204 1231 nobis
1239 1186 1350 1226 non
1394 1168 1568 1224 solum
1609 1163 1824 1238 justitia
1859 1178 1928 1218 ex
1956 1160 2092 1226 Deo,

511 1276 608 1334 sed
629 1283 684 1331 et
706 1270 995 1344 sapientia,
1023 1276 1078 1324 et
1096 1282 1275 1331 omne,
1303 1263 1447 1334 quod
1480 1262 1654 1316 virtus
1683 1266 1787 1314 est.
1810 1255 1926 1312 Etsi
1977 1255 2098 1326 qui-

513 1370 636 1426 dem
667 1367 722 1422 in
753 1363 1007 1437 praesenti
1045 1361 1163 1416 loco
1205 1373 1266 1414 se
1287 1372 1320 1411 a
1345 1350 1740 1411 dormientibus
1773 1357 1830 1404 et
1856 1349 1911 1403 in
1939 1345 2098 1403 Chri-

515 1471 603 1518 sto
646 1459 875 1516 mortuis
903 1455 995 1527 qui
1025 1455 1168 1510 hanc
1204 1449 1446 1506 scribunt
1492 1442 1789 1514 Epistolam
1821 1446 2097 1511 separent,
2131 1453 2133 1456 ·

513 1551 802 1610 videbatur
829 1545 1097 1620 superﬂua
1136 1541 1432 1606 annotatio,
1462 1546 1514 1593 et
1548 1553 1616 1594 ex
1667 1550 1776 1590 uno
1799 1534 1924 1589 loco
1951 1531 2100 1587 testi-

511 1645 758 1699 monium
783 1645 1118 1708 assumptum
1163 1649 1270 1689 non
1299 1631 1504 1687 valeret
1537 1647 1549 1683 :
1579 1642 1723 1682 nunc
1752 1641 1878 1680 vero
1907 1623 2130 1692 eodem_
2202 1605 2348 1708 enim.

514 1747 704 1799 sensu,
727 1730 851 1801 quia
881 1696 1072 1784 eodem
1095 1735 1150 1782 et
1178 1724 1392 1795 spiritu,
1419 1730 1472 1777 et
1493 1722 1547 1776 in
1575 1719 1749 1791 prima
1795 1717 1862 1772 ad
1907 1715 2102 1784 Corin-
2203 1696 2406 1801 ρι’δεάίο

2205 1789 2380 1858 ipsum
2410 1785 2554 1858 quod
2579 1783 2646 1838 ab
2674 1781 2779 1836 illis
2818 1780 3124 1843 dicebatur,
3150 1775 3410 1838 dicentes,
3441 1784 3719 1841 nequaquam

2127 1885 2176 1946 B
2202 1881 2320 1939 ﬁeri
2350 1895 2530 1952 posse,
2570 1877 2788 1948 adjicit:
2822 1873 2955 1930 Cum
3007 1871 3239 1925 dixerim
3273 1882 3376 1938 pas:
3405 1875 3451 1920 et
3493 1864 3715 1926 securitas,

515 1825 662 1881 thios
691 1822 930 1892 loquitur
959 1819 1010 1893 (ι
1035 1817 1158 1874 Cor.
1189 1817 1279 1888 xv)
1306 1830 1320 1869 :
1358 1814 1482 1870 Non
1525 1829 1702 1868 omnes
1748 1809 2097 1874 dormiamus,

517 1935 696 1975 omnes
741 1926 918 1973 autem
969 1911 1386 1977 immutabimur,
1433 1909 1490 1964 in
1534 1915 1816 1973 momento,
1868 1907 1924 1960 in
1953 1913 2098 1958 motu

517 2010 676 2076 oculi,
707 2010 764 2064 in
812 2007 1096 2064 novissima
1129 2003 1255 2059 tuba
1287 2016 1305 2054 :
1334 2011 1483 2058 canet
1525 2002 1662 2057 enim
1707 2008 1756 2054 et
1783 1997 1977 2052 mortui
2019 2010 2103 2048 re-

520 2113 737 2175 surgent
761 2100 1074 2172 incorrupti,
1103 2108 1152 2154 et
1180 2114 1274 2152 nos
1299 2095 1711 2152 immutabimur.
1743 2090 1858 2148 Hoc
1880 2088 2024 2161 quod
2050 2088 2105 2142 in

517 2194 775 2270 praesenti
803 2193 924 2250 loco
967 2190 1232 2262 scriptum
1268 2196 1374 2253 est,
1423 2189 1478 2241 in
1516 2187 1642 2240 tuba
1669 2183 1766 2238 Dei
1818 2180 2106 2237 descendet

520 2291 587 2345 de
609 2287 771 2352 coelo,
823 2291 1102 2354 comparat
1153 2281 1231 2338 illi
1281 2280 1424 2350 quod
1472 2278 1539 2332 ad
1565 2274 1874 2331 Corinthios
1907 2271 2108 2327 dicitur

507 2381 577 2440 in
607 2379 890 2433 novissima
939 2375 1079 2440 tuba,
1137 2381 1285 2427 canet
1332 2371 1471 2425 enim
1496 2411 1511 2434 ,
1545 2367 1625 2422 illi
1655 2375 1836 2420 autem
1870 2363 2013 2434 quod
2038 2363 2106 2416 ad

524 2469 1037 2526 Thessalonicenses
1065 2465 1284 2536 legitur,
1307 2471 1356 2516 et
1383 2459 1575 2513 mortui
1601 2458 1656 2511 in
1679 2454 1888 2511 Christo
1931 2470 2105 2508 resur-

527 2570 649 2633 gent
677 2561 904 2631 primum
921 2599 935 2624 ,
959 2557 1063 2612 hoc
1087 2560 1234 2626 quod
1261 2565 1329 2608 aa
1372 2549 1684 2607 Corinthios
1709 2548 1970 2617 scriptum
2001 2554 2106 2612 est,

523 2661 576 2709 et
605 2651 800 2706 mortui
839 2655 1110 2719 resurgent
1149 2642 1460 2713 incorrupti.
1490 2641 1662 2696 Porro
1687 2639 1832 2711 quod
1863 2636 2112 2708 sequitur

525 2747 594 2802 de
617 2744 777 2802 nobis
799 2743 890 2814 qui
919 2741 1137 2796 vivimus
1184 2738 1274 2811 qui
1305 2736 1500 2792 residui
1525 2750 1704 2790 sumus
1733 2747 1752 2786 .'
1782 2732 1857 2788 illi
1887 2745 2112 2801 reSpon-

527 2836 640 2901 det,
676 2843 728 2890 et
752 2850 846 2889 nos
874 2831 1288 2894 immutabimur,
1338 2843 1568 2900 quorum
1596 2835 1887 2896 utrumque
1915 2823 1993 2880 sic
2030 2823 2115 2878 in-

527 2927 698 3001 telligi
742 2935 945 2999 potest,
988 2942 1083 2981 nos
1126 2924 1218 2998 qui
1249 2923 1470 2978 vivimus
1526 2920 1617 2991 qui
1663 2918 1861 2974 residui
1906 2932 2108 2981 sumus,

526 3020 587 3074 in
619 3017 845 3072 adventu
874 3016 1108 3081 Domini,
1135 3025 1182 3069 et
1218 3030 1312 3068 nos
1355 3013 1445 3084 qui
1474 3010 1890 3074 immutabimur,
1921 3015 1976 3061 et
2003 3020 2112 3060 non

527 3127 718 3168 sumus
745 3127 812 3166 ex
860 3110 947 3165 his
974 3109 1067 3181 qui
1099 3107 1438 3180 appellantur
1466 3104 1688 3169 mortui,
1721 3103 1817 3159 sed
1857 3101 2108 3156 vivimus.

527 3201 740 3257 Idcirco
779 3200 1129 3272 praesentiam
1183 3198 1396 3254 Domini
1444 3213 1553 3252 non
1599 3196 1654 3250 'rn
1689 3203 1867 3249 morte
1921 3193 2016 3250 sed
2054 3192 2110 3246 in

531 3296 646 3351 vita
674 3293 1072 3366 praestolamur,
1108 3291 1234 3362 quia
1264 3291 1330 3346 de
1353 3288 1651 3346 lsraelitico
1676 3302 1876 3358 genere
1905 3300 2112 3352 sumus,

536 3397 594 3443 et
613 3388 797 3444 electae
827 3395 952 3442 sunt
982 3388 1050 3441 de
1073 3385 1232 3440 nobis
1251 3383 1511 3454 reliquiae.
1544 3382 1620 3436 De
1641 3380 1837 3449 quibus
1858 3377 2118 3433 Dominus

538 3481 671 3538 olim
707 3478 1029 3548 loquebatur
1057 3495 1070 3529 :
1102 3473 1367 3544 Dereliqui
1388 3472 1515 3526 mihi
1543 3480 1737 3542 septem
1762 3468 1931 3524 millia
1959 3470 2117 3534 viros,

539 3572 629 3644 qui
655 3586 760 3626 non
785 3579 1122 3624 curvaverant
1147 3583 1279 3638 genu
1302 3564 1439 3620 Baal
1465 3563 1584 3637 (111
1611 3562 1738 3635 Reg.
1769 3563 1848 3635 ι).
1875 3563 1934 3618 In
1958 3560 2120 3619 Joan-

536 3664 625 3719 nis
652 3677 868 3736 quoque
892 3659 1181 3732 Evangelio
1208 3657 1390 3731 (Joan.
1434 3657 1514 3731 xr)
1541 3657 1789 3712 vivorum
1818 3666 1874 3712 et
1899 3673 2007 3714 non
2035 3657 2119 3711 vi-

534 3771 729 3813 vorum
757 3754 952 3826 duplex
977 3754 1111 3810 ordo
1133 3753 1457 3808 describitur
1486 3769 1499 3806 :
1544 3749 1726 3806 Omnis
1755 3753 1845 3822 qui
1875 3751 2035 3805 credit
2065 3751 2121 3804 in

539 3865 644 3914 me,
677 3846 885 3903 etiamsi
905 3853 1147 3899 mortuus
1194 3843 1374 3913 fuerit,
1404 3843 1534 3897 vivet
1561 3855 1580 3893 :
1609 3851 1656 3896 et
1682 3842 1850 3896 omnis
1879 3841 1969 3914 qui
1997 3841 2120 3896 vivit

535 3949 585 3996 et
609 3937 770 3993 credit
795 3938 850 3991 in
878 3953 976 4000 me,
1035 3952 1140 3990 non
1188 3934 1442 3990 morietur
1468 3935 1524 3988 in
1550 3943 1824 3989 tetefnum.
1858 3931 1914 3988 Si
1945 3932 2119 3997 vivos,

535 4031 611 4086 ita
637 4029 1008 4101 intelligimus,
1032 4035 1094 4082 ut
1113 4025 1227 4096 jam
1252 4043 1281 4082 a
1305 4026 1462 4083 nobis
1490 4027 1692 4082 dictum
1716 4033 1822 4092 est,
1851 4024 2120 4080 dormien-

535 4131 640 4188 tes,
672 4129 728 4177 et
755 4121 809 4175 in
841 4119 1058 4176 Christo
1089 4127 1335 4175 mortuos
1367 4118 1485 4175 illos
1511 4133 1634 4174 esse
1685 4119 1990 4182 credamus,
2028 4117 2121 4186 qui

539 4229 665 4270 cum
698 4210 869 4267 velint
919 4211 975 4264 in
1030 4209 1248 4268 Christo
1281 4213 1488 4278 vivere,
1521 4221 1702 4266 tamen
1732 4220 1956 4280 peccato
1981 4223 2122 4263 mor-

541 4307 621 4361 tui
647 4310 774 4358 sunt
802 4320 816 4355 :
849 4303 937 4356 sin
965 4311 1148 4357 autem
1204 4304 1446 4374 reliquize
1495 4311 1549 4356 et
1577 4303 1770 4358 electio
1822 4301 2123 4357 secundum

537 4397 769 4472 gratiam
801 4393 1140 4464 appellantur
1193 4395 1459 4459 viventes,
1517 4393 1609 4462 qui
1645 4407 1750 4448 non
1783 4393 1858 4446 ita
1896 4392 2124 4448 credunt

547 4509 648 4551 nec
678 4493 746 4552 de
772 4491 1067 4550 Israelitica
1094 4486 1378 4544 nobilitate
1405 4485 1646 4558 generati
1672 4491 1822 4550 sunt,
1853 4484 2125 4540 dormien-

550 4598 632 4644 tes
654 4597 708 4643 et
734 4588 933 4644 mortui
959 4583 1367 4656 appellabuntur
1394 4580 1448 4636 in
1479 4578 1717 4635 Christo.
1764 4577 1992 4649 (Ambr.)
2023 4577 2125 4631 Ta-

542 4699 667 4739 men
693 4685 823 4756 quia
849 4681 1115 4738 memoria
1158 4679 1424 4734 dictorum
1453 4673 1786 4731 sutlieienter
1813 4687 1908 4728 eos
1933 4672 2000 4728 ad
2027 4687 2122 4727 ve-

545 4779 858 4834 recundiam
913 4769 1141 4839 indu'i‘lt,
1209 4772 1429 4828 instruit
1457 4784 1554 4825 eos
1604 4768 1833 4839 pariter,
1886 4774 1948 4821 ut
1999 4763 2127 4820 talia

545 4879 926 4942 exspectantes
948 4870 1094 4925 bono
1122 4867 1305 4922 animo
1333 4879 1430 4934 pro
1460 4862 1565 4917 illis
1594 4877 1702 4917 non
1729 4859 2007 4923 deﬁciant,
2038 4857 2130 4927 qui

545 4963 614 5018 ab
645 4963 749 5018 hac
777 4963 886 5016 vita
933 4960 1238 5025 discedunt,
1269 4957 1370 5012 nisi
1405 4964 1612 5010 tantum
1656 4955 1856 5009 debent
1893 4949 2130 5021 compati

544 5063 768 5128 propter
812 5053 1106 5109 amicitiam
1135 5061 1190 5107 et
1226 5049 1440 5106 solitam
1472 5046 1940 5104 consuetudinem.
1975 5041 2131 5099 Unde

549 5155 605 5204 et
640 5146 840 5218 adjecit
871 5164 884 5200 :
918 5144 1104 5216 Itaque
1156 5141 1498 5198 consolamini
1529 5142 1586 5195 in
1627 5139 1792 5194 verbis
1827 5137 2022 5192 istisin
2050 5136 2132 5190 in-

547 5241 731 5294 vicem.
779 5237 923 5304 Haec,
963 5236 1155 5306 inquit,
1212 5235 1266 5290 in
1321 5231 1759 5288 tribulationibus
1793 5229 1957 5300 positi
1993 5227 2132 5282 invi-

557 5350 676 5391 cem
709 5333 864 5389 vobis
919 5330 1157 5388 referte:
1197 5325 1426 5384 suiliciet
1487 5327 1631 5382 enim
1685 5339 1876 5380 eorum
1929 5336 2136 5377 memo-

553 5426 690 5482 riam
720 5424 1061 5480 audientibus
1086 5421 1230 5478 ferre
1258 5419 1530 5482 solatium,
1570 5418 1613 5473 si
1643 5427 1824 5472 tamen
1852 5413 2138 5471 domestici

552 5525 684 5574 sunt
709 5515 832 5573 ﬁdei
859 5523 914 5571 et
942 5530 1047 5570 non
1076 5512 1327 5569 dubitant
1359 5509 1423 5566 de
1453 5507 1668 5566 futuris.

2153 4631 2204 4691 Ῐ)
2231 4648 2455 4720 adjicit:
2489 4646 2663 4716 Igitur
2709 4615 2812 4700 novn
2865 4644 3190 4722 dormiamus
3237 4641 3369 4696 sicut
3395 4639 3441 4686 et
3468 4615 3614 4681 calori

2195 1127 2442 1203 Alterum
2497 1144 2696 1200 iterum
2730 1140 2822 1194 hic
2877 1133 3070 1204 incipit
3096 1130 3425 1202 capitulum:
3458 1127 3718 1198 requireba-

2198 1245 2289 1292 tur
2324 1235 2472 1292 enim
2522 1233 2590 1289 ab
2641 1230 2745 1286 illis
2770 1227 2986 1298 quando
3035 1223 3145 1278 erit
3197 1218 3355 1290 hujus
3386 1218 3707 1274 saaculiﬁnis?

2198 1329 2347 1386 Bene
2373 1341 2505 1398 ergo
2533 1324 2640 1380 illis
2666 1321 2857 1379 scribit
2883 1326 2945 1373 ut
2969 1331 3078 1371 non
3118 1313 3416 1384 requirant,
3445 1325 3600 1380 neque
3623 1309 3712 1365 exi-

2201 1423 2423 1480 stiment
2463 1434 2524 1475 se
2569 1433 2728 1490 posse
2777 1417 2980 1479 dicere,
3013 1412 3107 1481 qui
3138 1407 3308 1464 semei
3334 1404 3594 1461 audierunt
3618 1419 3719 1474 quo-

2201 1516 2349 1572 niam
2396 1513 2664 1568 incertum
2695 1515 2780 1564 est
2825 1515 3040 1576 tempus
3071 1501 3336 1556 adventus
3390 1496 3601 1551 Domini.
3635 1493 3719 1550 Hoc

2378 1603 2508 1659 dicit
2545 1612 2794 1672 tanquam
2823 1597 2909 1668 fur
2930 1597 2988 1649 in
3017 1602 3191 1658 nocte,
3221 1607 3285 1647 eo
3315 1588 3452 1660 quod
3475 1596 3526 1642 et
3548 1587 3621 1640 iur
3641 1601 3720 1640 non

2407 1709 2506 1750 ens
2535 1691 2683 1747 venit
2711 1707 2726 1756 ;
2767 1699 2822 1745 et
2847 1688 2976 1759 quia
3007 1685 3307 1740 irridebant
3349 1679 3616 1736 adversarii
3646 1679 3720 1733 hoc

2211 1982 2333 2027 tunc
2359 1979 2565 2042 repente
2588 1967 2695 2021 illis
2722 1967 2882 2020 instat
2908 1962 3299 2024 exterminium,
3325 1956 3472 2012 sicuti
3489 1953 3620 2008 dolor
3633 1969 3720 2023 par-

2209 2076 2294 2120 tus
2321 2063 2378 2117 in
2403 2071 2550 2116 utero
2581 2059 2837 2123 haoentis,
2871 2065 3042 2110 etnon
3069 2051 3342 2122 effugient.
3368 2047 3476 2102 Non
3504 2045 3718 2106 convenit,

2210 2154 2407 2226 inquit,
2458 2151 2769 2224 prospicere
2833 2144 3100 2210 inﬁdeles,
3155 2157 3222 2197 eo
3285 2139 3426 2211 quod
3477 2133 3722 2192 necessario

2210 2223 2370 2303 erunt
2415 2223 2478 2301 ea
2509 2257 2628 2313 qua:
2651 2257 2682 2295 a
2709 2239 2864 2294 nobis
2889 2237 3171 2300 dicuntur,
3201 2231 3408 2289 etiamsi
3433 2228 3605 2284 millies
3626 2223 3723 2280 nihil

2213 2340 2319 2396 tale
2378 2337 2496 2393 ﬁeri
2551 2333 2892 2397 existiment;
2952 2329 3050 2386 sed
3095 2327 3204 2383 etsi
3257 2325 3510 2382 aestiment
3547 2334 3597 2375 se
3637 2330 3723 2372 esse

2213 2446 2434 2489 securos
2458 2438 2514 2484 et
2539 2427 2794 2483 libertate
2819 2421 3028 2478 arbitrii
3055 2435 3222 2493 agere
3250 2432 3368 2489 quae
3392 2413 3562 2478 velint,
3588 2407 3720 2464 subito

2213 2523 2321 2580 illis
2359 2520 2582 2576 instabit
2629 2518 2825 2590 judex,
2881 2514 3041 2570 sicuti
3094 2522 3156 2569 et
3209 2509 3416 2566 dolores
3462 2499 3721 2575 praegnanti-

2212 2618 2342 2681 bus,
2381 2615 2454 2669 ita
2485 2621 2548 2667 ut
2600 2627 2704 2666 nec
2757 2607 3015 2680 possibile
3059 2605 3135 2662 sit
3178 2619 3272 2660 eos
3299 2599 3514 2657 evadere
3537 2607 3720 2666 poenam.

2213 2709 2296 2764 Ad
2320 2707 2503 2762 omnia
2529 2719 2660 2776 ergo
2690 2702 2890 2774 optime
2916 2702 3020 2756 hoc
3061 2699 3270 2754 abusus
3297 2705 3382 2749 est
3429 2685 3654 2757 exemplo,
3677 2696 3722 2736 eo

2215 2803 2360 2878 quod
2386 2811 2443 2858 et
2481 2801 2634 2874 gravi
2688 2799 2986 2854 subdentur
3037 2808 3224 2865 paena.
3291 2786 3475 2845 Gravis
3508 2782 3724 2878 enimne'st

2213 2865 2403 2968 partus
2447 2865 2770 2964 prmgnanti,
2807 2896 2865 2944 et
2905 2893 2966 2941 ut
2993 2885 3250 2940 ostendat
3280 2878 3517 2951 quoniam
3539 2865 3719 2968 pratici-

2217 2999 2332 3045 tum
2362 2995 2446 3044 est
2467 3002 2499 3041 a
2527 2986 2637 3040 Deo
2689 2991 2902 3053 tempus
2930 2972 3428 3036 consummationis,
3465 2967 3572 3022 licet
3593 2959 3720 3018 nobis,

2217 3079 2347 3134 dum
2394 3076 2574 3132 subito
2602 3075 2684 3141 iit,
2718 3073 2926 3128 incerta
2970 3083 3092 3126 esse
3118 3069 3386 3124 videatur.
3422 3059 3543 3115 Nam
3568 3062 3614 3108 et
3639 3065 3723 3105 mu-

2216 3169 2442 3225 lieribus
2469 3178 2682 3237 tempus
2715 3172 2905 3236 partus
2952 3161 3213 3219 definitus
3263 3171 3379 3215 esse
3424 3152 3638 3207 videtur:
3664 3156 3723 3197 se-

2143 3275 2188 3338 C
2221 3263 2456 3319 cundum
2484 3259 2749 3316 mensium
2777 3257 2926 3313 enim
2961 3247 3236 3310 curricula
3265 3257 3468 3324 partum
3497 3241 3723 3298 soleatos-

2221 3363 2468 3425 spectare
2516 3350 2792 3416 mulieres,
2833 3354 3214 3404 verumtamen
3257 3350 3434 3414 partus
3468 3334 3612 3406 ipsius
3644 3327 3724 3382 dies

2219 3456 2304 3502 est
2334 3445 2440 3500 illis
2473 3444 2718 3500 incertus
2771 3456 2872 3498 nec
2899 3441 3046 3496 enim
3075 3439 3223 3494 scire
3271 3437 3500 3504 possunt,
3527 3422 3615 3480 nisi
3635 3429 3723 3474 cum

2221 3547 2442 3610 repente
2485 3537 2637 3592 dolor
2679 3544 2865 3606 partus
2911 3533 3022 3589 illis
3079 3527 3357 3587 institerit.
3408 3517 3587 3578 Deinde
3618 3505 3723 3610 ett-ti

2221 3632 2651 3689 exhortationem
2682 3600 2928 3685 vertitur
2952 3642 3018 3682 ex
3056 3619 3475 3696 praecedentibus
3513 3623 3614 3667 cum
3639 3600 3725 3696 ﬁliis

2221 3741 2442 3782 sumens
2461 3723 2797 3780 occasionem
2829 3721 2932 3774 ait:
2957 3717 3059 3773 Vos
3082 3727 3281 3783 autem,
3307 3713 3506 3784 fratres,
3535 3717 3619 3756 non
3639 3690 3724 3747 estis

2221 3820 2277 3873 in
2306 3817 2548 3881 tenebris,
2579 3824 2635 3868 ut
2661 3814 2772 3868 dies
2800 3811 2895 3866 illa
2925 3826 3012 3865 vos
3060 3819 3313 3882 tanquam
3349 3803 3433 3872 fur
3457 3785 3721 3882 compulit“:

2223 3914 2334 3968 dat.
2369 3910 2560 3968 Omnes
2581 3910 2717 3963 enim
2749 3922 2838 3961 vos
2884 3903 2984 3972 ﬁlii
3042 3874 3260 3955 luminis
3311 3893 3427 3950 estis
3465 3898 3504 3942 et
3532 3874 3723 3972 ﬁlii

2222 4021 2329 4060 non
2353 4020 2535 4059 sumus
2574 3999 2740 4055 noctis
2767 4012 2928 4068 neque
2953 3994 3306 4048 tenebrarum.
3362 3977 3598 4052 Quoniam
3624 3965 3723 4019 dim

2221 4099 2356 4154 sicut
2383 4096 2475 4168 fur
2513 4095 2572 4148 in
2599 4100 2748 4148 nocte
2775 4065 2851 4144 sic
2900 4088 3084 4149 veniet,
3117 4086 3226 4141 hoc
3265 4081 3317 4136 in
3346 4078 3458 4131 loco
3491 4065 3618 4126 dicit,
3639 4067 3720 4153 ηυξ)

2224 4189 2373 4246 niam
2413 4201 2520 4242 non
2547 4184 2683 4241 estis
2711 4183 2768 4239 in
2807 4180 3070 4246 tenebris,
3104 4169 3430 4249 cognovistis
3479 4159 3600 4218 enim
3625 4158 3726 4249 veri:

2223 4290 2411 4337 tatem.
2444 4279 2630 4349 Itaque
2659 4276 2762 4333 etsi
2791 4283 3010 4347 repente
3048 4245 3166 4326 dies
3178 4245 3378 4327 instat,
3408 4253 3495 4314 sed
3519 4262 3607 4349 noti

2224 4388 2322 4428 vos
2362 4370 2607 4428 ordinem
2643 4367 2744 4424 sibi
2788 4335 3028 4422 vindicat
3068 4362 3229 4429 furis,
3277 4355 3367 4429 qui
3411 4336 3608 4420 juvandi
3636 4335 3730 4384 esus

2226 4480 2294 4520 ex
2319 4463 2436 4534 ejus
2473 4462 2725 4526 adventu,
2756 4462 2848 4516 sed
2883 4459 2994 4514 illis
3015 4458 3106 4528 qui
3134 4467 3333 4512 noxam
3359 4433 3730 4534 exspectatile

2230 4513 2294 4520 ---
2325 4513 2433 4534 -.,__
2475 4513 2724 4526 “nam,
2759 4513 2846 4516 ﬁ,
2890 4513 2902 4514 κ
2977 4513 2986 4514 ,
3032 4513 3048 4528 ,

2230 4554 2439 4620 nalem;
2467 4562 2521 4608 et
2545 4561 2604 4608 ut
2631 4551 3054 4623 recognitionem
3084 4547 3330 4604 sufﬁcere
3368 4535 3465 4596 sibi
3487 4513 3730 4650 existimet:

2307 4649 2331 4650 η
2375 4648 2386 4650 _
2499 4646 2520 4650 _
2561 4647 2572 4650 _
2888 4645 2899 4650 -
3023 4644 3035 4650 -
3271 4641 3284 4650 .
3356 4643 3367 4650 .
3409 4639 3441 4650 4.
3475 4615 3704 4650 ηιιηὸξιε

3634 4618 3704 4660 :se

2233 4701 2408 4720 nr--.
2521 4701 2546 4716 _,

2233 4742 2502 4813 vigilemus
2533 4751 2580 4795 et
2607 4741 2769 4794 sobrii
2811 4740 2999 4803 simus,
3026 4737 3114 4808 qui
3149 4717 3291 4792 enim
3343 4718 3599 4782 dormiat“:

2237 4786 2501 4813 “3..-...”
2533 4786 2574 4795 ν.
2607 4786 2766 4794 ην.-
2811 4786 2999 4803 ν-.--η-,
3028 4786 3112 4808 τ---
3679 4786 3691 4800 τ

2233 4835 2520 4899 dormiunt,
2547 4841 2596 4887 et
2617 4833 2706 4900 qui
2739 4829 3087 4894 inebriantur,
3118 4835 3266 4883 nocte
3304 4811 3612 4900 inebﬁanlu":

2239 4937 2435 4992 autem,
2462 4925 2552 4996 qui
2595 4924 2700 4978 diei
2730 4938 2911 4978 sumus
2931 4963 2944 4986 ,
2979 4919 3139 4975 sobrii
3177 4919 3358 4977 simus.
3386 4886 3730 4996 “nimi-ff:

2236 5018 2360 5088 ﬁdei
2401 4975 2449 5073 et
2464 4975 2856 5072 1charitatiset
2883 4975 3087 5086 guleam
3137 5009 3245 5081 spei
3277 4975 3473 5070 saluii"

2238 5062 2360 5088 ν..--
2402 5062 2448 5073 -.
2484 5062 2755 5072 -.πη---.η
2808 5062 2852 5070 ν-
2913 5062 3082 5075 ,πη---η
3141 5062 3216 5081 -τ-
3381 5065 3390 5070 -
3576 5064 3620 5082 ,.

2238 5127 2341 5164 non
2387 5111 2560 5179 posuit
2599 5124 2692 5162 nos
2725 5106 2866 5161 Deus
2883 5062 2956 5159 Ein
2989 5105 3144 5169 iram,
3195 5097 3284 5156 sed
3310 5095 3364 5149 in
3408 5062 3730 5179 αξηξιίδίξοπξξξ

2237 5150 2422 5256 salutis
2449 5216 2542 5270 per
2559 5197 2847 5252 “Dominum
2899 5205 3134 5250 nostrum
3183 5192 3360 5248 Jesum

2240 5303 2476 5350 mortuus
2504 5301 2578 5346 est
2609 5308 2702 5362 pro
2727 5289 2872 5344 nobis
2901 5298 2956 5342 ut
2996 5289 3100 5343 sive
3125 5283 3406 5356 vigilemus.
3426 5263 3529 5362 ,υἷες

2240 5400 2357 5438 mus
2388 5381 2545 5437 simul
2600 5336 2719 5436 cum
2765 5378 2858 5434 illo
2906 5336 3464 5432 vivamus.aC0tivenit
3505 5336 3729 5438 ἱείίυτῗῗῗ

2241 5475 2338 5530 tali
2395 5481 2768 5528 remuneratos
2803 5468 3030 5526 scientia
3077 5463 3297 5537 vigilare
3337 5459 3390 5508 οι
3432 5423 3731 5552 βοδηίξξηξῖἓ

2246 5517 2338 5530 .....
2396 5517 2767 5528 .-..._..--_-,,-
2803 5517 3030 5526 _-_--____
3093 5517 3218 5537 .-ηπ
3573 5520 3584 5532 ο

2241 5582 2366 5638 erga
2399 5579 2588 5620 eorum
2637 5561 2988 5634 diligentiam,
3042 5573 3163 5629 qua:
3209 5548 3356 5610 nobis
3385 5517 3735 5642 CODVCD‘IIS:

2244 5607 2366 5638 ...ενι
2400 5607 2588 5620 πω...
2638 5607 2988 5634 ..-..,...-._-_,
3045 5607 3160 5629 Ἰ---
3209 5607 3234 5610 _,
3622 5607 3631 5617 ,

2244 5658 2694 5722 custodiendum;
2727 5663 3055 5711 nocturnum
3089 5659 3307 5722 tempus
3352 5627 3503 5727 nobis
3519 5607 3741 5733 maga:

2245 5700 2654 5716 “ﬂumen”...
2679 5700 2694 5722 ,
2728 5700 3055 5711 ..νν....-.-.,-
3093 5700 3262 5722 ---Ἲκ

2245 5749 2610 5807 necessarium
2657 5757 2712 5802 et
2768 5746 2835 5801 ad
2863 5744 3198 5807 ebrietatem,
3229 5731 3404 5796 latere
3431 5714 3554 5775 enim

2245 5787 2610 5807 ιιυυυυσαιιι-ιι-
2657 5787 2712 5802 υ.
2768 5787 2835 5801 ..υ
2864 5787 3198 5807 νυηνπηνηη
3231 5787 3316 5796 ,νη
3654 5787 3662 5794 _
3701 5787 3741 5826 0-

2245 5843 2403 5900 t‘acile
2457 5844 2503 5899 is
2531 5842 2621 5912 qui
2657 5839 2780 5896 talis
2815 5845 2934 5904 est;
2989 5837 3110 5893 illos
3136 5845 3281 5892 vero
3321 5817 3405 5894 qui
3426 5821 3511 5883 Per
3540 5787 3697 5863 cum"
