3986 6338
307 407 408 460 561

772 401 1321 461 ENARRATIONUM
1356 405 1425 462 IN
1459 406 1606 464 EPP.
1648 405 1852 465 PAULI
1889 403 2018 462 LIB.
2059 405 2199 463 XXI.
2237 436 2304 448 -ν
2342 409 2412 466 IN
2449 408 2665 466 EPIST.
2705 410 2727 464 Ι
2763 410 2856 466 AD
2891 403 3130 466 THESS.

3467 413 3572 470 562

306 542 436 583 nem
491 537 746 599 tanquam
793 527 850 582 in
879 527 965 583 die
1006 529 1120 597 jam
1151 527 1452 584 consistunt
1502 528 1710 584 sobrios
1763 541 1883 583 esse
1909 527 1964 588 Α
1989 524 2079 580 Sic
2103 527 2281 584 etalio
2306 529 2361 585 in
2384 529 2502 585 loco
2523 529 2766 586 scribens
2787 528 2875 601 (II
2898 527 3021 584 Cor.
3045 510 3163 601 1(1),:
3194 527 3570 602 Quigsinquit,

305 621 591 687 convenit,
637 631 694 676 et
719 619 1004 691 vigilantes
1047 633 1178 690 erga
1222 620 1398 675 studia
1425 620 1704 687 virtutum,
1733 621 1887 690 quasi

302 713 398 783 qui
425 721 482 768 et
531 712 589 768 in
619 710 725 766 diei
771 719 1015 782 tempore
1056 718 1464 777 conversantur,
1495 711 1550 766 in
1577 726 1684 782 quo
1713 725 1890 780 neque

300 804 482 858 latere
513 817 841 874 quemquam
866 801 1124 873 possibile
1149 802 1240 868 sit,
1289 802 1339 858 sl
1368 811 1550 858 tamen
1585 803 1788 872 aliquid
1821 818 1887 858 ex

299 892 414 948 illis
451 908 574 964 qua:
603 907 710 948 non
757 891 1083 948 conveniunt
1111 891 1423 963 perfecerit.
1474 890 1604 958 Quae
1633 899 1764 946 sunt
1791 906 1887 947 au-

300 998 414 1042 tem
449 987 536 1042 illa
563 1001 749 1057 opera,
793 1002 914 1056 qua:
947 986 1102 1042 nobis
1130 994 1188 1040 ut
1218 986 1273 1040 in
1305 986 1392 1041 die
1441 984 1888 1041 conversantibus

299 1079 667 1150 deputemus?
700 1079 886 1134 Fidem
910 1080 1007 1144 ait,
1043 1079 1098 1133 in
1127 1094 1236 1149 quo
1261 1087 1316 1133 et
1343 1079 1664 1134 charitatem
1693 1077 1845 1148 ponit
1868 1093 1882 1131 :

297 1185 370 1226 ex
402 1169 602 1239 quibus
635 1183 760 1240 Spes
791 1169 948 1224 nobis
967 1171 1268 1239 acquiritur
1286 1169 1498 1234 salutis,
1526 1169 1672 1240 quod
1698 1177 1755 1224 et
1782 1168 1888 1224 Do-

297 1262 484 1316 minus
513 1261 654 1317 Deus
679 1276 776 1331 per
818 1259 1116 1325 Christum,
1163 1261 1254 1330 qui
1286 1277 1384 1332 pro
1417 1261 1576 1316 nobis
1613 1260 1888 1331 suscipere

294 1351 470 1406 voluit
493 1359 744 1417 mortem,
772 1351 996 1406 salutem
1034 1351 1189 1407 nobis
1209 1352 1464 1422 prodidit,
1494 1367 1601 1407 non
1625 1366 1841 1422 poenam
1866 1369 1882 1418 ;

295 1454 360 1500 ut
385 1445 515 1501 licet
540 1443 833 1500 secundum
859 1454 1181 1516 praesentem
1203 1445 1345 1500 hanc
1373 1445 1539 1499 vitam
1563 1444 1882 1500 habeamur.

293 1537 416 1592 Hoc
457 1537 603 1592 enim
635 1536 781 1601 dicit,
819 1534 1114 1608 Vigilemus
1145 1537 1358 1592 etiamsi
1387 1538 1592 1606 egressi
1619 1537 1884 1593 fuerimus

293 1645 324 1682 a
357 1628 467 1682 vita
501 1629 625 1692 hac,
671 1627 776 1682 hoc
805 1628 950 1682 enim
1003 1629 1152 1693 dicit,
1181 1629 1539 1684 Dormiamus.
1568 1628 1692 1684 Vult
1738 1629 1884 1683 enim

291 1721 481 1776 dicere
516 1727 576 1773 ut
609 1720 688 1774 illi
714 1720 804 1790 qui
843 1729 973 1775 tunc
1001 1721 1192 1776 vivunt
1222 1720 1278 1775 in
1305 1719 1506 1775 Christi
1549 1721 1804 1786 adventu,
1830 1726 1887 1774 et

1987 616 2292 685 inﬁrmatur
2314 626 2365 674 et
2405 635 2499 690 ego
2528 636 2632 674 non
2673 619 2956 689 inﬁrmor?
2997 620 3098 675 hoc
3139 629 3257 686 est,
3296 634 3420 676 mea
3449 635 3572 678 esse

1989 707 2218 762 aliorum
2257 717 2483 778 peccata
2503 710 2774 766 existimo.
2813 710 2959 766 Bene
2981 719 3162 767 autem
3210 709 3428 780 adjicit,
3475 731 3574 784 pa-

1989 799 2172 854 tientes
2217 809 2378 855 estote
2419 801 2488 855 ad
2532 818 2743 869 omnes,
2794 817 2860 857 eo
2887 802 3030 872 quod
3079 801 3183 858 hoc
3204 803 3570 860 necessarium

1987 887 2142 944 valde
2163 897 2247 944 est
2273 891 2569 962 magistris,
2596 891 2672 946 ita
2696 899 2756 946 nt
2784 906 2893 946 non
2930 890 3088 947 facile
3133 892 3420 962 desperent
3447 909 3571 963 pro-

1987 990 2110 1051 pter
2136 990 2388 1054 peccata;
2413 984 2682 1054 patienter
2702 999 2831 1040 vero
2858 1000 3013 1041 suam
3059 985 3321 1056 impleant
3362 986 3568 1042 doctri-

1986 1087 2134 1137 nam,
2164 1081 2543 1142 exspectantes
2569 1089 2782 1148 semper
2828 1084 2890 1131 ιιι
2927 1075 3176 1146 discipuli
3207 1075 3458 1132 meliores
3485 1077 3570 1134 sui

1987 1159 2310 1228 efﬁciantur,
2363 1163 2684 1234 lucrumque
2727 1165 3004 1237 proprium
3059 1181 3182 1222 esse
3217 1167 3569 1235 existiment,

1987 1252 2198 1307 etiamsi
2227 1265 2283 1308 et
2301 1254 2477 1308 serius
2502 1255 2792 1325 aliquando
2813 1271 2908 1312 eos
2947 1257 3222 1328 potuerint
3247 1257 3316 1312 ad
3342 1258 3397 1314 id
3425 1259 3570 1330 quod

1985 1345 2271 1400 honestum
2291 1353 2375 1400 est
2392 1361 2689 1413 revocare;
2739 1356 2794 1403 et
2815 1348 3010 1403 iterum
3038 1348 3108 1404 ad
3142 1348 3446 1420 generalem
3477 1365 3572 1405 ex-

1986 1435 2348 1491 hortationem
2386 1437 2744 1508 progrediens
2787 1439 3029 1508 praecipit
3064 1457 3077 1492 :

2063 1525 2244 1581 Videte
2279 1545 2342 1582 ne
2369 1530 2486 1599 quis
2515 1528 2712 1583 malum
2737 1546 2831 1600 pro
2864 1529 3005 1584 malo
3033 1529 3193 1584 alicui
3234 1531 3454 1598 reddat,
3479 1532 3571 1587 sed

1983 1631 2187 1690 semper
2197 1621 2335 1692 quod
2359 1621 2547 1676 bonum
2569 1632 2641 1676 est
2655 1624 2926 1677 sectamini
2942 1625 2998 1677 in
3013 1625 3230 1678 invicem
3243 1637 3288 1679 et
3303 1626 3356 1679 in
3369 1641 3567 1680 omnes.

1983 1710 2126 1766 Nulli
2160 1711 2361 1766 malum
2394 1727 2496 1784 pro
2527 1712 2670 1769 malo
2698 1712 2899 1768 debere
2927 1715 3152 1770 retribui
3183 1715 3332 1782 dicit,
3365 1717 3569 1772 bonum

289 1813 386 1881 qui
427 1810 541 1880 jam
567 1820 694 1867 sum
742 1812 966 1878 ιηοι-ιυί,
997 1827 1186 1868 omnes
1237 1823 1497 1867 mel-nam
1523 1813 1690 1866 vitam
1712 1821 1767 1868 et
1802 1812 1885 1867 in-
1986 1811 2194 1860 sectare
2216 1821 2367 1872 vero,
2392 1806 2448 1860 in
2471 1813 2733 1876 quantum
2757 1805 2931 1861 virtus
2962 1807 3274 1876 opitulatur,
3301 1817 3360 1862 ut
3397 1809 3572 1880 magis

289 1917 612 1978 corruptam
641 1908 1006 1978 acquiramus,
1040 1908 1168 1962 dum
1216 1907 1291 1962 illi
1345 1907 1438 1977 qui
1484 1916 1879 1978 pii-incesserunt
1905 1886 1954 1948 Β
1981 1893 2038 1948 in
2061 1893 2292 1948 invicem
2321 1895 2425 1949 sibi
2447 1894 2710 1952 beneﬁcia
2736 1897 3036 1966 praebeant,
3064 1913 3187 1952 cum
3214 1899 3324 1954 illis
3361 1914 3481 1970 quae
3502 1915 3570 1956 ex

288 1999 497 2054 dudum
548 2000 603 2054 in
655 2009 906 2065 mortem,
963 2001 1036 2053 ita
1083 2009 1391 2070 resurgunt,
1421 2007 1476 2054 et
1507 1999 1581 2054 IIII
1627 1999 1719 2070 qui
1751 2007 1879 2054 tunc

290 2091 485 2145 vivunt
522 2091 576 2145 in
605 2090 1172 2161 incorruptibilitatem
1219 2098 1516 2155 mutantur,
1562 2090 1704 2144 sicut
1733 2090 1878 2145 idem
1915 2146 1924 2156 _

287 2181 587 2250 Apostolus
611 2181 718 2236 alio
745 2181 798 2235 in
830 2180 951 2236 loco
975 2181 1127 2246 dicit,
1155 2181 1404 2252 quoniam
1418 2197 1594 2234 omnes
1623 2181 1874 2234 immuta-

288 2273 484 2326 bimur.
511 2271 682 2342 Igitur
700 2271 836 2325 nihil
861 2281 944 2326 est
964 2270 1106 2340 quod
1139 2269 1424 2339 prohibeat
1452 2270 1626 2326 salute
1645 2285 1745 2325 nos
1769 2269 1875 2326 frui

286 2364 475 2421 futura
501 2407 516 2431 ,
566 2365 612 2421 si
663 2375 842 2420 tamen
889 2365 978 2420 illa
1022 2380 1143 2435 quae
1182 2381 1249 2420 ex
1285 2365 1441 2420 nobis
1475 2373 1601 2420 sunt
1652 2365 1876 2420 minime

294 2456 456 2509 nobis
467 2455 802 2520 obstiterint;
820 2462 873 2508 et
897 2455 1022 2510 hinc
1039 2455 1245 2521 dicens,
1261 2452 1474 2523 adjicit:
1492 2453 1715 2525 Propter
1733 2454 1874 2526 quod

294 2545 644 2602 consolamini
673 2547 729 2598 in
755 2545 994 2612 invicem,
1019 2555 1067 2600 et
1095 2545 1352 2614 wdiﬁcate
1372 2543 1705 2611 alterutrum,
1735 2549 1873 2600 sicut

285 2647 340 2692 et
393 2638 592 2707 facitis.
628 2639 711 2692 Ab
754 2637 846 2693 illo
874 2637 994 2693 loco
1038 2653 1146 2708 quo
1197 2636 1335 2692 dixit
1360 2653 1466 2692 non
1533 2637 1730 2693 debere
1777 2651 1872 2692 eos

287 2728 360 2783 de
409 2729 872 2784 consummatione
918 2728 1098 2783 saeculi
1125 2735 1183 2782 et
1229 2726 1344 2796 ejus
1369 2737 1611 2798 tempore
1657 2729 1873 2784 curiose

293 2832 484 2889 agere,
517 2817 821 2874 necessario
856 2817 959 2872 hoc
984 2817 1039 2871 in
1066 2816 1188 2872 loco
1218 2817 1359 2873 istud
1389 2817 1604 2889 adjecit,
1633 2817 1737 2873 hoc
1765 2827 1870 2887 est,

286 2910 661 2978 relinquentes
687 2909 796 2974 illa,
827 2909 942 2965 hmo
976 2909 1119 2980 agite
1145 2917 1201 2964 et
1227 2910 1295 2965 de
1315 2909 1400 2965 his
1429 2917 1603 2966 estote
1629 2909 1869 2978 solliciti,

285 3012 343 3059 et
372 3005 442 3058 de
465 3003 572 3059 illis
600 3005 667 3060 ad
693 3004 1009 3061 alterutrum
1039 3005 1310 3076 disputata
1341 3022 1440 3078 pro
1465 3007 1740 3063 communi
1767 3008 1873 3064 uti-

282 3095 458 3150 litate.
485 3095 616 3152 Post
640 3095 744 3152 hoc
767 3112 896 3153 vero
920 3097 1239 3152 exhortatur
1272 3113 1365 3153 eos
1398 3099 1585 3155 dicens
1613 3117 1626 3154 :

355 3185 620 3256 Rogamus
647 3198 821 3241 autem
846 3203 956 3252 vos,
990 3186 1204 3257 fratres,
1233 3188 1366 3243 scire
1393 3205 1479 3244 eos
1508 3189 1597 3261 qui
1626 3188 1868 3246 laborant

279 3282 336 3334 in
365 3278 544 3345 vobis,
575 3288 622 3333 et
650 3289 882 3350 prtesunt
919 3280 1059 3334 vobis
1099 3280 1154 3334 in
1190 3279 1448 3348 Domino,
1493 3291 1542 3336 et
1584 3282 1866 3338 admonent

279 3387 406 3435 eos,
449 3370 702 3425 arstimate
750 3387 836 3426 eos
880 3370 1240 3442 superabunde
1284 3372 1340 3425 in
1371 3371 1626 3427 charitate
1658 3382 1868 3446 propter

279 3477 415 3530 opus
438 3476 642 3527 eorum,
689 3477 870 3531 pacem
918 3461 1100 3516 habete
1139 3463 1199 3516 in
1239 3478 1346 3516 eos.
1391 3461 1576 3533 Itaque
1617 3463 1734 3520 illos
1774 3465 1866 3534 qui

279 3550 547 3606 doctrinae
591 3549 890 3620 iujunctnm
918 3567 1052 3622 opus
1095 3553 1296 3609 habere
1337 3552 1588 3610 videntur
1631 3555 1865 3626 plurimo

281 3641 491 3697 honore
509 3640 698 3714 dignos
725 3644 1004 3708 aestimate,
1027 3659 1134 3698 non
1157 3645 1482 3700 resultantes
1500 3646 1624 3713 illis,
1650 3649 1865 3718 quando

281 3747 379 3786 vos
412 3732 686 3803 corrigere
719 3734 958 3804 cupiunt.
983 3733 1098 3790 Hoc
1121 3735 1265 3790 enim
1294 3737 1444 3803 dicit,
1471 3755 1648 3808 pacem
1681 3739 1864 3794 habete

277 3825 456 3878 ineas.
472 3821 607 3878 Nam
630 3833 683 3878 et
699 3824 816 3880 fieri
831 3825 1036 3881 solebat
1047 3827 1151 3881 hoc
1163 3827 1230 3882 ab
1243 3827 1348 3880 illis
1359 3827 1451 3900 qui
1470 3828 1864 3900 indisciplinate

275 3918 562 3984 vivebant,
606 3919 676 3975 ad
710 3934 845 3989 quos
870 3921 1114 3976 scribens
1155 3921 1210 3976 in
1243 3922 1612 3991 superioribus
1649 3924 1863 3979 videtur

276 4013 683 4070 contumaciam
708 4029 897 4070 eorum
940 4015 1212 4087 signasse,
1245 4015 1499 4085 quoniam
1529 4015 1655 4070 dum
1690 4015 1860 4072 delin-

273 4115 512 4177 quentes
559 4123 653 4162 eos
694 4107 968 4180 corrigere
1010 4107 1290 4178 cupiebat,
1339 4107 1595 4163 docturus
1635 4123 1730 4164 eos
1767 4108 1859 4178 qui

273 4199 366 4254 illa
415 4198 686 4254 faciebant
735 4213 855 4268 qua:
901 4213 1010 4254 non
1059 4198 1490 4264 conveniebant,
1565 4197 1619 4253 hi
1694 4199 1858 4254 etiam

273 4291 495 4361 gravari
533 4304 592 4344 se
635 4290 915 4345 doctorum
960 4290 1258 4359 arguitione
1308 4291 1708 4358 existimabant,
1747 4292 1856 4348 sic-

273 4398 386 4455 que
429 4383 498 4438 ad
543 4383 663 4439 illos
701 4383 982 4454 disputans
1020 4384 1182 4438 vertit
1226 4399 1383 4439 suum
1433 4399 1737 4440 sermonem
1789 4385 1857 4440 ad

273 4475 532 4530 doctores
555 4515 570 4540 ,
615 4475 814 4530 docens
859 4493 872 4528 :
922 4472 1266 4529 Obsecramus
1292 4484 1467 4530 autem
1506 4492 1613 4540 vos,
1641 4476 1852 4546 fratres,

273 4565 521 4618 instruite
569 4564 1017 4634 indisciplinatos,
1071 4563 1414 4618 consolamini
1455 4566 1850 4636 pusillanimes,

271 4660 522 4712 sustinete
547 4658 803 4727 inﬁmos,
829 4657 1084 4728 patientes
1130 4664 1288 4712 estote
1339 4656 1408 4711 ad
1427 4673 1622 4712 omnes.
1651 4657 1852 4715 Neces-

273 4747 482 4802 sarium
508 4753 628 4803 erat
655 4746 756 4801 bos
781 4745 1094 4810 exhortari,
1142 4753 1204 4800 ut
1251 4760 1359 4801 non
1408 4746 1746 4803 discederent
1785 4749 1854 4804 ab

270 4851 438 4907 opere
486 4844 704 4907 prapter
753 4836 1110 4906 quorumdam
1155 4836 1547 4892 contumaciam
1599 4856 1610 4891 :
1670 4841 1851 4894 omnia

271 4941 406 4982 vero
455 4933 848 4997 consequenter
899 4924 968 4981 de
1013 4924 1118 4979 illis
1163 4940 1282 4995 quze
1328 4926 1442 4996 ipse
1482 4927 1850 4996 praedixerat,

270 5017 533 5089 praecepit
570 5017 732 5072 etiam
755 5017 1003 5072 doctores
1031 5015 1228 5082 facere,
1260 5017 1326 5071 dc
1349 5017 1542 5086 quibus
1565 5025 1620 5072 et
1649 5018 1764 5088 ipse
1793 5020 1849 5074 in

270 5111 516 5182 Epistola
535 5126 632 5166 sua
651 5110 978 5181 scripserat,
997 5118 1057 5163 ut
1080 5108 1148 5165 de
1171 5109 1257 5164 his
1280 5108 1609 5181 diligentiam
1627 5112 1847 5168 adhibe-

270 5211 425 5268 rent,
448 5210 503 5257 et
523 5201 630 5256 illis
655 5201 1030 5271 compendiose
1053 5209 1112 5254 ut
1133 5200 1460 5255 instruerent
1480 5201 1848 5273 indisciplina-

271 5305 380 5360 tos,
409 5296 479 5350 ad
507 5309 644 5366 quos
677 5301 732 5349 et
760 5293 876 5364 ipse
907 5292 1121 5348 videtur
1141 5292 1439 5363 scripsisse.
1489 5290 1846 5349 Consolamini

270 5405 406 5446 vero
431 5388 816 5460 pusillanimes,
840 5387 932 5460 qui
959 5388 1028 5444 ob
1060 5385 1180 5442 illos
1195 5386 1286 5456 qui
1312 5386 1629 5442 decidebant
1655 5385 1844 5443 ﬂebili-

271 5490 358 5536 ter
379 5495 564 5534 eorum
591 5479 985 5551 separationem
1010 5477 1274 5534 ferebant.
1291 5475 1551 5533 Sustinete
1575 5478 1842 5547 inﬁrmos;

269 5573 405 5628 dicit
425 5580 607 5630 autem
632 5573 699 5628 de
731 5571 836 5628 illis
872 5572 964 5642 qui
1007 5571 1363 5627 fornicatione
1403 5572 1844 5637 deturbabantur,

271 5663 475 5720 docens
537 5678 645 5719 non
707 5662 962 5718 abdicare
1021 5678 1114 5718 eos
1157 5669 1378 5734 propter
1420 5662 1630 5732 peccati
1679 5663 1848 5733 ipsius

269 5755 766 5824 exprobrationem,
789 5751 884 5808 sed
903 5760 958 5808 et
976 5752 1307 5822 diligentiam
1322 5768 1448 5824 erga
1470 5751 1589 5807 illos
1609 5752 1846 5808 debitam

269 5844 551 5910 adhibere,
571 5853 628 5900 et
643 5859 828 5900 curam
851 5844 1021 5915 magis
1042 5843 1146 5899 illis
1167 5843 1344 5900 facere
1363 5852 1424 5899 ut
1435 5853 1818 5900 convertantur
1838 5892 1858 5912 ,

1981 1993 2196 2041 terrena
2219 1987 2446 2042 materia
2467 1988 2624 2043 nobis
2646 2003 2765 2044 esse
2790 1989 3096 2044 videantur.
3129 1991 3191 2064 (A
3201 1991 3312 2064 ug.)
3341 1992 3570 2060 Quando

1983 2076 2125 2132 videt
2162 2077 2324 2133 homo
2361 2078 2596 2149 aliquem
2622 2079 2763 2135 male
2785 2081 3056 2137 viventem
3097 2090 3152 2138 et
3181 2081 3323 2139 forte
3365 2083 3569 2155 aliquid

1977 2170 2233 2228 Ecclesiae
2270 2181 2618 2244 praestantem
2641 2216 2656 2242 ,
2713 2183 2767 2230 et
2808 2191 2914 2231 non
2941 2191 3066 2233 eum
3107 2179 3356 2250 corripit,
3382 2163 3568 2236 animo

1977 2261 2134 2334 fugit.
2160 2262 2300 2330 Quid
2327 2274 2413 2320 est
2431 2266 2611 2321 animo
2634 2265 2852 2338 fugere?
2881 2270 3073 2326 timere
3100 2289 3114 2324 :
3145 2272 3308 2326 timor
3327 2281 3413 2328 est
3442 2271 3568 2342 fuga

1976 2355 2204 2412 interior
2248 2374 2262 2410 :
2307 2373 2480 2428 quare
2526 2358 2715 2413 timet?
2765 2359 2894 2430 quia
2934 2363 3301 2418 mercenarius
3326 2370 3446 2430 est,
3499 2379 3568 2419 ne

1975 2443 2117 2501 forte
2163 2445 2252 2502 ille
2277 2463 2386 2502 non
2435 2448 2669 2518 accipiat
2711 2452 2853 2518 quod
2898 2451 3214 2522 corripitur,
3239 2459 3430 2507 etnon
3472 2455 3564 2508 det

1974 2539 2120 2608 quod
2142 2538 2296 2595 solet.
2322 2539 2482 2595 Videt
2507 2539 2688 2612 lupum
2713 2541 3042 2610 venientem,
3073 2542 3128 2598 id
3151 2550 3257 2609 est,
3286 2543 3561 2600 diabolum

1974 2633 2116 2689 male
2136 2633 2372 2690 viventis
2395 2634 2532 2689 colla
2556 2633 2918 2706 frangentem,
2945 2644 3002 2692 et
3033 2635 3206 2708 fugit,
3233 2638 3417 2693 animo
3443 2637 3566 2694 abs-

1976 2723 2110 2778 tinet
2139 2724 2206 2778 ab
2235 2722 2355 2778 utili
2375 2726 2735 2796 correptione,
2786 2725 2976 2796 plenus
3005 2727 3232 2794 timore;
3261 2729 3354 2798 qui
3380 2737 3562 2784 autem

1973 2822 2159 2884 pastor
2179 2822 2282 2880 est,
2311 2822 2471 2870 etest
2500 2816 2552 2870 ei
2577 2832 2709 2872 cura
2731 2832 2831 2886 pro
2853 2818 3066 2884 ovibus,
3093 2833 3204 2874 non
3225 2835 3351 2876 eum
3381 2820 3564 2876 dimit-

1975 2905 2039 2959 tit
2061 2903 2244 2976 (Joan.
2281 2904 2359 2977 x),
2396 2913 2451 2960 et
2475 2904 2605 2960 facit
2631 2907 2773 2977 quod
2803 2906 2881 2961 ait
2923 2908 3260 2978 Apostolus:
3304 2907 3563 2980 Corripite

1971 2996 2259 3068 inquietos,
2310 2997 2655 3053 consolamini
2697 3000 3081 3070 pusillanimes,
3135 3009 3242 3058 etc.
3270 3001 3390 3058 Non
3433 3020 3562 3075 ergo

1969 3096 2124 3159 putet
2171 3088 2437 3159 quispiam
2477 3098 2682 3161 pastor,
2723 3091 2812 3148 vel
2839 3093 2932 3162 qui
2964 3107 3024 3150 se
3065 3093 3199 3165 dicit
3243 3104 3558 3165 pastorem,

1971 3179 2098 3250 quia
2127 3193 2235 3234 non
2265 3179 2452 3236 reddet
2475 3196 2677 3236 malum
2695 3197 2795 3254 pro
2824 3183 2984 3248 malo,
3009 3201 3132 3242 cum
3152 3163 3344 3243 iedllet
3370 3163 3551 3258 potius

1971 3267 2170 3324 malum
2196 3285 2296 3340 pro
2315 3271 2478 3337 bono,
2506 3270 2595 3327 ille
2627 3273 2773 3328 enim
2811 3275 2913 3330 etsi
2939 3285 3196 3346 peccator
3216 3285 3271 3334 et
3295 3278 3560 3334 scelestus

1969 3361 2036 3417 de
2077 3361 2236 3417 bonis
2259 3363 2372 3418 suis
2405 3363 2493 3418 dat
2523 3363 2780 3420 Ecclesiae
2821 3385 2833 3420 :
2865 3366 2953 3423 ille
2997 3378 3180 3426 autem
3210 3369 3412 3426 malum
3457 3387 3558 3442 pro

1966 3454 2109 3509 bono
2133 3453 2185 3510 ei
2211 3452 2406 3520 reddit,
2428 3457 2518 3512 cui
2539 3457 2810 3514 subtrahit
2835 3463 3256 3532 correptionem.
3289 3461 3396 3518 Sed
3423 3479 3557 3534 quo-
3657 3449 3664 3456 ”

1966 3544 2112 3599 niam
2139 3546 2243 3601 hoc
2291 3553 2466 3602 totum
2498 3545 2566 3604 de
2593 3549 2883 3608 dilectione
2928 3552 3236 3613 faciendum
3284 3566 3411 3624 est,
3458 3558 3557 3614 ali-

1966 3638 2182 3706 quando
2236 3647 2417 3694 autem
2475 3641 2726 3699 homines
2782 3655 3126 3718 correptores
3181 3665 3309 3705 suos
3363 3660 3558 3720 putant

1964 3734 2214 3792 inimicos
2242 3751 2392 3803 suos,
2425 3737 2545 3794 ideo
2573 3754 2696 3794 cum
2727 3741 2974 3810 dixisset,
3003 3745 3516 3816 corripiteinquietos
3535 3787 3550 3812 ,

1963 3825 2213 3896 subjecit,
2257 3827 2601 3884 consolamini
2647 3821 3031 3901 pusillanimes.
3078 3835 3243 3891 Forte
3289 3837 3436 3891 enim
3487 3837 3554 3892 de

1962 3917 2304 3986 correptione
2326 3918 2515 3988 incipit
2547 3919 2779 3976 deficere
2828 3931 2883 3978 et
2907 3925 3286 3994 perturbatur,
3319 3936 3449 3982 tunc
3497 3937 3551 3983 te

1962 4016 2175 4077 oportet
2203 4009 2492 4065 consolari.
2527 4010 2789 4082 Suscipite
2814 4015 3074 4084 inﬁrmos,
3109 4031 3179 4071 ne
3203 4033 3300 4087 per
3319 4017 3550 4074 inﬁrmi-

1965 4110 2134 4157 tatem
2165 4103 2362 4158 cadant
2387 4120 2402 4170 ;
2433 4104 2478 4160 si
2523 4104 2760 4160 titubare
2783 4121 2905 4162 eum
2936 4106 3066 4163 fecit
3092 4107 3382 4166 infirmitas
3426 4113 3548 4167 sinu

1960 4207 2059 4248 suo
2079 4192 2340 4263 suscipiat
2357 4193 2626 4261 charitas;
2649 4201 2704 4250 et
2729 4210 2850 4250 cum
2869 4196 2975 4252 ista
3003 4197 3250 4266 dixisset,
3267 4198 3467 4268 adjecit
3488 4201 3546 4256 in

1959 4284 2284 4339 novisssimo
2317 4303 2329 4338 :
2367 4281 2544 4340 Videte
2570 4302 2634 4340 ne
2663 4288 2780 4358 quis
2821 4287 3021 4344 malum
3073 4305 3168 4360 pro
3202 4289 3344 4344 malo
3379 4289 3542 4344 alicui

1959 4376 2164 4431 reddat.
2188 4375 2330 4448 Ergo
2351 4392 2457 4432 non
2478 4383 2562 4433 est
2582 4378 2783 4434 malum
2805 4381 3076 4451 correptio
3098 4381 3144 4436 si
3170 4381 3263 4448 sit,
3287 4382 3383 4437 sed
3398 4382 3539 4437 bona

1957 4468 2075 4522 ovis
2102 4469 2317 4538 quando
2343 4469 2638 4539 corripitur
2678 4484 2709 4524 a
2735 4471 3027 4541 praeposito
3051 4485 3180 4536 suo,
3225 4471 3360 4540 quid
3376 4469 3540 4526 dicit?

1959 4559 2272 4616 Emendabit
2320 4579 2403 4616 me
2432 4562 2609 4633 justus
2660 4563 2717 4617 in
2765 4563 3125 4620 misericordia
3171 4560 3344 4634 (Psal.
3391 4565 3550 4635 CXL).

1959 4652 2164 4709 Deinde
2191 4653 2406 4723 adjicit:
2437 4653 2652 4726 Semper
2669 4657 2910 4728 gaudete.
2934 4655 3048 4713 Hoc
3070 4666 3154 4712 est
3172 4672 3272 4729 pro
3285 4659 3536 4714 omnibus

1959 4748 2194 4805 tristitiis
2243 4765 2362 4820 quae
2405 4751 2558 4805 vobis
2606 4751 2890 4816 accidunt,
2935 4749 3077 4806 bono
3118 4752 3300 4804 animo
3328 4757 3533 4813 estote,

1954 4837 2260 4895 futurorum
2313 4840 2715 4910 exspectatione
2773 4838 3186 4910 animaequiorcs
3236 4836 3436 4905 effecti,
3479 4849 3536 4893 et

1953 4935 2076 4999 post
2099 4928 2203 4983 hoc
2246 4929 2489 4999 praecipit
2519 4947 2532 4983 :
2565 4927 2687 4984 Sine
2709 4929 3089 4984 intermissione
3127 4938 3303 4996 orate,
3334 4929 3390 4984 in
3421 4947 3532 4984 om-

1955 5019 2105 5073 nibus
2133 5020 2334 5091 gratias
2378 5022 2550 5090 agite,
2596 5021 2709 5074 hth
2743 5020 2880 5074 enim
2926 5030 3002 5076 est
3045 5020 3282 5076 uoluntas
3331 5021 3426 5076 Dei
3473 5023 3531 5078 in

1954 5104 2161 5162 Christo
2195 5108 2324 5163 Jesu
2370 5110 2425 5163 in
2462 5109 2620 5164 vobis.
2660 5107 2922 5180 Praecepit
2971 5124 3130 5166 orare
3169 5111 3527 5180 incessanter,

1953 5200 2156 5270 gratias
2181 5207 2357 5254 autem
2399 5214 2612 5270 semper
2633 5214 2793 5271 agere
2819 5200 2873 5256 in
2898 5201 3262 5269 orationibus,
3288 5217 3354 5259 eo
3383 5206 3527 5274 quod

1953 5292 2057 5346 ista
2085 5290 2228 5346 Deus
2250 5290 2395 5355 velit,
2419 5299 2475 5346 et
2498 5291 2600 5346 ista
2621 5306 2652 5345 a
2675 5292 2831 5348 nobis
2850 5293 2937 5348 vel
2952 5293 3186 5349 maxime
3205 5293 3522 5364 depostnlet,

1953 5391 2014 5438 ut
2069 5382 2210 5454 grati
2264 5383 2343 5438 illi
2392 5383 2592 5450 simus,
2637 5392 2694 5440 et
2717 5393 2776 5438 ut
2799 5386 3000 5456 gratias
3027 5385 3100 5441 illi
3144 5385 3353 5442 debitas
3398 5403 3524 5458 aga-

1952 5490 2072 5530 mus
2094 5490 2191 5545 pro
2225 5475 2332 5530 illis
2354 5475 2529 5542 bonis,
2571 5490 2691 5546 qua:
2723 5478 2792 5533 ab
2815 5477 2930 5547 ipso
2953 5486 3077 5532 sunt
3112 5479 3308 5535 donata
3341 5477 3522 5534 nobis.

1950 5564 2130 5638 (Isaac
2163 5569 2218 5620 in
2250 5564 2437 5621 Collat.
2473 5566 2757 5640 Cassiani.)
2797 5568 2866 5624 Et
2901 5569 3106 5624 idcirco
3135 5577 3195 5623 ut
3222 5567 3521 5625 eofervore

1949 5673 2014 5714 ac
2040 5659 2304 5728 puritate,
2353 5676 2458 5732 qua
2486 5661 2678 5727 debet,
2729 5662 2902 5716 emitti
2950 5661 3121 5731 possit
3147 5662 3355 5728 oratio,
3404 5661 3521 5718 haec

1950 5759 2077 5804 sunt
2099 5751 2407 5810 omnimodo
2431 5753 2798 5821 observanda;
2830 5753 3064 5825 primum
3099 5753 3402 5810 sollicitudo
3426 5771 3514 5811 re-

1954 5858 2073 5898 rum
2100 5844 2398 5900 carnalium
2429 5845 2752 5916 generaliter
2772 5845 3131 5904 abscindenda
3163 5855 3248 5902 est
3280 5863 3294 5901 :
3323 5847 3515 5905 deinde
