3986 6338
461 438 567 501 563

1098 436 1158 493 Β.
1200 434 1452 492 RABANI
1495 430 1710 493 ΜΑιτιιι
1743 408 2061 492 ARCiilEP.
2100 428 2407 491 uocum.
2442 424 2729 489 OPEHUM
2763 428 2944 487 psus
2981 426 3067 485 lii.

462 554 661 614 nullius
717 553 919 626 negotii
945 564 1132 619 causa,
1172 564 1280 607 non
1330 551 1505 608 solum
1532 562 1684 616 cura,
1708 546 1803 606 sed
1830 563 1898 606 ne
1916 564 2029 605 me-
2053 551 2106 614 Α
2131 550 2196 617 si,
2228 549 2421 619 inquit,
2449 548 2762 603 seductores
2786 545 3007 611 timetis,
3022 541 3351 615 accipiteiiis
3364 556 3487 613 quas
3511 543 3701 599 dicun-

459 654 630 709 moria
646 650 858 725 quidem
882 647 1097 721 penitus
1118 644 1470 711 admittenda,
1486 641 1870 709 detractiones,
1884 642 2033 699 vani-

458 742 663 814 loquia,
688 755 781 796 seu
810 736 1142 809 mutiioquia,
1168 732 1523 792 scurrilitates
1544 744 1757 805 quoque
1781 732 2033 790 similiter

458 826 785 905 amputanda
817 847 832 886 :
870 830 964 886 ine
994 843 1105 903 prae
1132 827 1385 885 omnibus
1413 827 1527 883 sive
1557 827 1788 883 tristitiae
1812 836 2031 898 pertur-

454 924 604 983 batio
628 922 868 982 funditus
899 922 1170 988 eruenda;
1201 918 1653 995 concupiscentiae
1689 920 1924 977 carnalis
1969 936 2033 977 ac

456 1023 797 1099 phiiargyriae
819 1021 1013 1077 noxius
1038 1014 1210 1076 fomes
1233 1020 1489 1075 radicitus
1513 1016 1841 1084 evellendus,
1872 1029 1929 1074 et
1956 1019 2033 1074 ita

457 1116 544 1171 his
567 1129 631 1173 ac
654 1110 921 1168 similibus
948 1108 1094 1165 vitiis
1124 1108 1361 1165 extrusis
1381 1108 1626 1181 penitus,
1659 1116 1714 1164 et
1744 1106 2028 1175 abscissis,

454 1222 578 1281 qua:
613 1205 889 1262 hominum
917 1219 1130 1281 quoque
1158 1210 1379 1274 possunt
1414 1210 1600 1277 patere
1629 1202 2027 1273 conspectibus,

456 1298 680 1373 talique,
706 1306 768 1355 ut
786 1290 1043 1365 diximus,
1070 1292 1308 1370 repurgii
1329 1292 1711 1350 emundatione
1728 1291 2028 1364 praemissa,

455 1403 577 1459 qua:
588 1384 946 1459 simplicitatis
967 1392 1022 1441 et
1041 1383 1365 1440 innocentim
1386 1384 1623 1457 puritate
1643 1383 1942 1456 perficitur,
1955 1380 2034 1452 jac

460 1477 650 1533 cienda
675 1485 803 1533 sunt
825 1476 1056 1549 primum
1076 1474 1355 1547 profundae
1369 1472 1691 1531 humilitatis
1710 1474 2031 1531 inconcussa

456 1569 829 1635 fundamenta,
843 1584 962 1640 quas
973 1564 1185 1623 scilicet
1207 1566 1396 1623 turrim
1421 1566 1744 1623 intraturum
1759 1564 1926 1623 caelos
1938 1580 2032 1620 va-

453 1658 599 1716 leant
622 1661 912 1717 sustinere.
936 1654 1140 1717 Deinde
1164 1654 1574 1731 superponenda
1596 1658 1855 1715 virtutum
1879 1655 2035 1729 spiri-

457 1750 579 1806 talis
608 1750 924 1817 exstructio,
939 1760 996 1806 et
1024 1748 1093 1804 ab
1118 1750 1267 1806 omni
1289 1750 1535 1806 discursu
1563 1754 1725 1821 atque
1747 1748 2032 1823 vagatione

453 1840 657 1898 lubrica
681 1843 893 1899 animus
916 1840 1257 1909 inhibendus,
1271 1851 1332 1897 ut
1352 1842 1423 1898 ita
1438 1843 1697 1917 paulatim
1713 1843 1781 1898 ad
1795 1849 2031 1898 content-

453 1930 741 2003 plationem
754 1926 848 1990 Dei
866 1950 930 1990 ac
951 1928 1211 2007 spiritalis
1234 1934 1462 1991 intuitus
1481 1934 1705 2007 incipiat
1725 1932 2025 1991 sublimari.

452 2024 725 2097 Quidquid
765 2027 909 2083 enim
956 2034 1080 2082 ante
1118 2026 1382 2082 orationis
1416 2020 1607 2082 horam
1637 2022 1817 2081 anima
1844 2033 2031 2082 nostra

452 2112 762 2188 conceperit
788 2131 1009 2173 necesse
1036 2130 1117 2172 cst
1145 2114 1426 2173 orantibus
1467 2116 1621 2173 nobis
1654 2134 1750 2189 per
1779 2114 2033 2189 ingestio-

450 2225 575 2265 nem
589 2206 981 2267 recordationis
1002 2217 1272 2269 occurrat.
1288 2210 1649 2283 Quamobrem
1667 2209 1853 2280 quales
1869 2223 2035 2265 oran-

452 2306 534 2356 tes
574 2296 805 2357 ‘oiumus
826 2296 1079 2367 inveniri,
1107 2299 1239 2357 tales
1260 2314 1357 2356 nos
1381 2306 1506 2356 autc
1533 2300 1797 2356 orationis
1818 2306 2034 2373 tempus

449 2402 759 2459 praeparare
783 2386 1039 2444 debemus
1064 2406 1077 2443 :
1107 2403 1173 2445 ex
1190 2386 1511 2459 prmcedenti
1532 2389 1677 2444 enim
1706 2394 1852 2443 statu
1882 2400 2035 2443 mens

453 2479 507 2534 in
562 2478 957 2553 supplicatione
1001 2478 1286 2545 formatur,
1331 2476 1753 2550 eorumdemque
1802 2476 2034 2533 Actuum

460 2564 940 2642 procumbentibus
966 2568 1126 2625 nobis
1162 2567 1230 2623 ad
1265 2580 1484 2639 precem
1511 2566 1795 2624 verborum
1820 2580 2036 2639 quoque

452 2662 539 2716 vel
568 2677 821 2719 sensuum
847 2642 975 2719 ante
994 2660 1179 2719 oculos
1201 2656 1377 2735 imago
1397 2658 1725 2733 prmludens,
1751 2669 1846 2717 aut
1873 2661 2035 2717 irasci

454 2768 554 2808 nos
580 2752 876 2811 secundum
895 2750 1288 2826 praecedentem
1317 2752 1656 2824 qualitatem,
1682 2758 1776 2808 aut
1800 2752 2032 2820 tristari,

450 2854 548 2902 aut
573 2838 1042 2921 concupiscentiae
1067 2858 1327 2903 causasve
1366 2844 1671 2916 praeteritas
1697 2848 1997 2901 retractare
2015 2882 2031 2911 ,

452 2944 547 2993 aut
570 2932 685 2995 risu
718 2934 899 3003 fatuo,
930 2934 1074 3011 quod
1103 2935 1264 2993 etiam
1293 2937 1459 3008 pudet
1486 2936 1685 3002 dicere,
1717 2936 2035 3008 cujusquam

453 3022 696 3085 scurrilis
726 3027 853 3084 dicti
891 3027 978 3083 vel
1025 3022 1152 3083 facti
1185 3024 1491 3083 titillatione
1535 3024 1776 3098 pulsari,
1830 3030 1925 3081 aut
1968 3025 2037 3081 ad

453 3120 665 3193 priores
685 3116 851 3177 faciet
871 3118 1099 3175 roiitare
1125 3112 1421 3173 discursus.
1455 3114 1523 3173 Et
1545 3116 1748 3173 idcirco
1774 3114 2034 3187 quidquid

451 3212 731 3269 orantibus
756 3206 912 3267 nobis
935 3210 1185 3266 nolumus
1205 3212 1265 3265 ut
1282 3204 1563 3276 inhtereat,
1587 3216 1710 3264 ante
1729 3208 2031 3264 orationem

453 3303 521 3360 de
547 3302 745 3361 abditis
775 3302 945 3358 nostri
985 3300 1220 3375 pectoris
1243 3298 1533 3359 excludere
1561 3298 1876 3357 festinemus
1914 3310 1928 3357 ξ
1972 3306 2033 3357 ut

456 3398 527 3453 ita
561 3396 691 3455 illud
719 3392 1069 3473 apostolicum
1097 3395 1368 3471 possimus
1400 3394 1625 3466 implere
1657 3412 1670 3451 :
1701 3390 1829 3451 Sine
1872 3394 2036 3451 inter-

454 3491 701 3546 missione
723 3494 888 3556 orate,
917 3492 992 3556 et,
1027 3489 1081 3543 in
1111 3484 1251 3543 omni
1275 3483 1388 3545 loco
1413 3484 1639 3545 levantes
1657 3500 1818 3559 puras
1845 3496 2034 3542 inaltus

456 3582 567 3635 sine
592 3581 674 3636 ira
702 3590 750 3636 et
782 3579 1158 3653 disceptatione
1206 3570 1261 3651 (I
1307 3572 1443 3633 Tim.
1480 3578 1564 3652 tt).
1606 3576 1754 3636 Alias
1800 3592 2034 3650 namque

458 3671 769 3727 mandatum
798 3670 943 3728 istud
967 3668 1231 3741 perficere
1257 3682 1363 3727 non
1393 3664 1710 3736 valebimus,
1745 3666 1850 3726 nisi
1881 3682 2035 3727 mens

456 3772 639 3819 nostra
662 3758 729 3819 ab
748 3760 991 3819 omnium
1010 3758 1263 3817 vitiorum
1284 3756 1603 3833 contagiOne
1622 3759 1903 3831 puriﬁcata
1924 3761 2036 3817 vir-

456 3854 661 3911 tutibus
676 3862 907 3921 tantum,
925 3861 983 3910 ut
1003 3850 1339 3909 naturalibus
1353 3852 1509 3909 bonis
1524 3852 1721 3919 dedita,
1732 3851 1850 3926 jugi
1862 3855 2037 3911 omni-

452 3947 686 4018 potentis
708 3947 804 4003 Dei
827 3946 1278 4019 contemplatione
1299 3954 1571 4017 pascatur.
1589 3942 1848 4018 Spiritum
1876 3946 2035 4004 nolite

452 4041 807 4114 exstinguere,
851 4041 1145 4115 prophetias
1181 4038 1340 4097 nolite
1358 4030 1619 4113 spernere,
1656 4041 1832 4096 omnia
1859 4050 2035 4096 autem

457 4132 689 4205 probate,
732 4131 873 4205 quod
900 4132 1090 4188 bonum
1115 4141 1191 4189 est
1218 4140 1403 4187 tenete.
1438 4130 1621 4204 (Aug.)
1648 4116 1765 4186 Non
1791 4132 1916 4202 quia
1944 4128 2035 4187 ille

454 4222 723 4298 exstingui
750 4230 949 4297 potest,
971 4220 1063 4281 sed
1082 4232 1343 4294 quantum
1362 4223 1417 4279 in
1433 4223 1563 4294 ipsis
1582 4230 1662 4280 est
1675 4223 2034 4281 exstinctores

452 4316 569 4386 ejus
613 4312 805 4371 merito
829 4312 1113 4382 dicuntur,
1141 4315 1233 4387 qui
1279 4312 1360 4371 sic
1405 4318 1571 4384 agunt
1599 4322 1658 4370 ut
1704 4314 2032 4371 exstinctum

455 4406 640 4463 velint.
678 4404 906 4480 (Amen)
936 4398 1157 4461 Multum
1187 4400 1624 4463 existimantibus
1646 4407 1736 4477 qui
1764 4415 1891 4463 tunc
1918 4406 2030 4479 Spi-

455 4496 643 4557 ritales
668 4497 872 4573 gratias
918 4494 1209 4557 habebant.
1240 4496 1408 4553 Erant
1444 4496 1606 4554 etiam
1632 4506 1688 4556 et
1728 4497 1820 4555 alii
1848 4499 1941 4570 qui
1979 4506 2037 4557 et

458 4590 526 4645 ad
550 4588 855 4648 suasionem
889 4590 1068 4664 aliqua
1110 4592 1505 4665 proponebant,
1532 4593 1689 4664 quasi
1714 4593 1808 4665 qui
1836 4596 1891 4653 et
1930 4592 2030 4667 ipsi

458 4694 525 4736 es
554 4675 735 4737 divina
762 4676 1093 4739 revelatione
1120 4680 1208 4739 illa
1241 4696 1363 4739 esse
1392 4680 1707 4741 simulantes
1743 4692 1863 4756 qua!
1905 4698 1936 4741 a
1972 4700 2032 4742 se

464 4768 683 4836 ﬂebant,
726 4768 883 4827 sicuti
918 4778 975 4829 et
1001 4770 1214 4829 Judteos
1240 4773 1552 4830 exercitare
1578 4781 1636 4829 et
1672 4774 2032 4833 dmmoniacos

458 4862 514 4918 in
564 4862 783 4920 nomine
820 4863 1021 4923 Christi
1071 4880 1360 4939 usurpasse
1397 4878 1495 4940 per
1539 4866 1706 4924 Actus
1747 4868 2032 4929 didicimus

463 4952 826 5025 apostolorum
855 4952 992 5029 (Act.
1030 4956 1167 5029 nx).
1222 4956 1484 5026 Quoniam
1509 4968 1640 5031 ergo
1684 4958 1824 5031 apud
1860 4954 2028 5017 Thes-

462 5044 824 5101 salonicenses
866 5046 1085 5119 quidam
1111 5046 1379 5118 erantqui
1410 5060 1518 5105 non
1547 5047 1911 5119 suscipiebant
1940 5048 2029 5106 illa

457 5151 579 5209 quae
613 5137 908 5193 secundum
934 5135 1358 5207 inoperationem
1382 5138 1674 5208 spiritalem
1701 5136 2032 5213 proﬁteban-

461 5239 570 5295 tur,
601 5226 692 5298 qui
721 5232 777 5285 et
804 5222 1179 5299 contingebant
1203 5226 1544 5284 seductorum
1576 5240 1634 5285 se
1665 5242 1827 5285 causa
1857 5230 2034 5286 studio

465 5320 694 5379 cautelae
738 5320 795 5378 id
836 5318 1126 5387 declinare,
1160 5318 1359 5375 ﬁebant
1408 5328 1588 5377 autem
1624 5322 1727 5377 ista
1756 5320 1824 5377 ab
1869 5318 2038 5379 indis-

460 5408 764 5483 ciplinatis,
806 5424 874 5467 eo
913 5411 1055 5485 quod
1087 5424 1229 5482 saepe
1265 5404 1682 5483 indisciplinatlo
1717 5422 1905 5468 eorum
1948 5426 2036 5469 ar-

463 5498 729 5576 guebatur
755 5514 819 5559 ex
852 5500 989 5569 illis,
1016 5516 1135 5572 quae
1164 5515 1194 5556 a
1226 5500 1504 5573 prophetis
1543 5499 1881 5569 dicebantur,
1917 5504 2037 5560 ideo

462 5593 602 5651 dixit
632 5611 646 5649 :
673 5594 967 5669 prophetas
1004 5593 1168 5651 nolite
1214 5594 1501 5666 reprobare
1538 5608 1710 5666 neque
1741 5595 2035 5666 spiritalem

458 5685 823 5759 operationem
854 5684 1159 5756 prohibere.
1218 5682 1351 5741 Nam
1398 5688 1541 5758 quod
1586 5688 1721 5744 dixit
1760 5688 2037 5759 reprohari

460 5775 774 5847 prophetas,
813 5782 868 5831 et
894 5774 981 5833 ilia
1016 5775 1154 5833 nolle
1179 5780 1453 5847 suscipere
1492 5792 1612 5850 qua:
1651 5777 1719 5833 ab
1749 5778 1853 5835 illis
1887 5778 2035 5833 dice-

458 5867 679 5937 bantur,
710 5870 811 5926 hoc
834 5868 965 5928 dicit
987 5868 1209 5945 spiritus
1231 5884 1487 5942 spernere
1515 5872 1907 5944 operationem,
1939 5869 2035 5928 sed

2129 654 2234 712 tur,
2261 645 2550 715 probantes
2576 641 2663 697 ille
2680 681 2694 707 ,
2723 646 2779 696 et
2804 639 2848 694 si
2876 638 3093 693 inventa
3123 635 3326 693 iuerint
3350 633 3535 706 aliqua
3568 633 3706 693 disi.

2127 738 2213 793 nis
2231 734 2437 808 legibus
2466 734 2739 792 contraria
2762 732 2830 789 de
2861 731 2969 787 iiiis
2994 742 3116 801 qum
3158 728 3438 793 dicuntur,
3480 725 3574 783 illa
3594 726 3707 787 soil

2129 825 2363 897 rejicite,
2404 832 2581 881 tenete
2629 836 2760 878 vero
2800 820 3045 876 meliora.
3097 817 3305 874 Deinde
3350 814 3589 885 sdjioitt
3630 816 3704 873 Ab

2129 918 2268 974 omni
2292 916 2458 987 specie
2470 915 2613 971 mlo
2636 930 2727 970 vos
2752 913 3022 979 abstinete,
3046 912 3201 984 quasi
3221 912 3313 983 qui
3328 920 3390 968 et
3402 913 3513 968 hoc
3526 910 3707 984 ipsa

2128 1018 2345 1067 versute
2374 1008 2614 1066 facerent
2631 1051 2646 1075 ,
2674 1009 2860 1065 dicens
2887 1024 2901 1063 :

2201 1099 2322 1172 Ipse
2350 1111 2523 1155 autent
2551 1099 2693 1155 Deus
2731 1100 2876 1170 pacis
2906 1096 3195 1167 sanctiﬁcat
3234 1108 3323 1152 eos
3359 1095 3619 1167 perfectos
3658 1104 3705 1152 α

2128 1193 2325 1265 integer
2346 1200 2509 1248 vester
2534 1192 2748 1264 spiritus
2774 1200 2821 1246 et
2848 1191 3027 1248 animo
3061 1199 3110 1245 et
3138 1204 3331 1261 corpus
3354 1190 3470 1245 sine
3496 1188 3708 1262 quereis

2128 1280 2185 1337 in
2231 1281 2505 1337 adventum
2556 1280 2770 1337 Domini
2805 1281 2972 1336 nostri
3016 1278 3146 1336 Iesu
3202 1278 3402 1337 Christi
3456 1288 3705 1335 arcetur.

2130 1370 2263 1430 Orat
2289 1386 2387 1443 pro
2414 1373 2518 1429 illis
2546 1374 2620 1429 ita
2660 1381 2719 1428 ttt
2742 1372 2915 1429 sancti
2952 1387 3049 1443 per
3073 1372 3257 1428 omnis
3301 1373 3706 1435 custodiantur.

2128 1470 2187 1520 et
2205 1463 2325 1520 sine
2357 1462 2603 1534 querela,
2650 1463 2831 1518 animo
2860 1476 3073 1533 quoque
3111 1462 3220 1519 sint
3250 1468 3309 1518 et
3339 1478 3607 1533 corpore,
3634 1463 3709 1518 its

2129 1562 2190 1610 ut
2232 1561 2285 1609 et
2329 1553 2531 1610 tributa
2575 1552 2811 1624 Spiritus
2840 1554 3012 1610 sancti
3040 1552 3215 1625 gratia
3261 1553 3473 1625 integre
3502 1554 3561 1609 in
3606 1553 3709 1609 illis

2130 1645 2469 1725 custodiatur
2503 1644 2706 1700 nullam
2735 1645 3010 1700 sustinens
3035 1645 3451 1701 minorationem
3486 1654 3710 1716 propter

2130 1750 2320 1793 eorum
2347 1735 2639 1803 malitiam,
2673 1744 2749 1790 tta
2776 1743 2839 1790 ut
2866 1736 2923 1791 in
2976 1734 3181 1792 Christi
3212 1735 3453 1791 adventu
3493 1736 3711 1807 assequi

2131 1825 2342 1899 possint
2358 1834 2589 1881 aternas
2632 1825 2929 1881 mercedes.
2956 1823 3154 1898 (Hien)
3184 1825 3445 1882 Formosa
3484 1827 3713 1897 quaestio

2057 1900 2106 1968 Β
2135 1918 2225 1975 hic
2249 1918 2441 1984 oritur,
2465 1917 2566 1972 sub
2586 1916 2736 1973 brevi
2759 1931 3012 1973 somnne
3029 1918 3335 1975 tractanda.
3360 1917 3539 1989 Supra
3565 1919 3715 1975 dixe-

2131 2019 2218 2066 rat
2242 2010 2483 2081 spiritum
2510 2008 2667 2063 nolite
2690 2009 3038 2080 exstinguere,
3065 2009 3210 2079 quod
3232 2009 3282 2065 si
3310 2008 3476 2066 fuerit
3504 2009 3719 2067 intelle-

2131 2108 2302 2163 ctum,
2331 2099 2516 2155 statim
2560 2098 2795 2154 sciemus
2822 2099 2946 2168 quis
2972 2098 3075 2154 iste
3096 2099 3167 2155 sit
3194 2100 3439 2170 spiritus,
3468 2100 3567 2169 qui
3592 2115 3711 2157 curs

2133 2191 2313 2248 anima
2353 2198 2412 2248 et
2452 2205 2682 2262 corpore
2709 2190 2766 2245 in
2813 2190 2901 2247 die
2934 2189 3197 2247 adventus
3240 2191 3457 2251 Domini
3494 2206 3719 2251 conser-

2132 2284 2341 2340 vandus
2386 2291 2506 2341 est:
2538 2283 2662 2355 quis
2691 2282 2835 2339 enim
2886 2283 3058 2354 possit
3100 2284 3323 2340 credere
3366 2285 3513 2355 quod
3544 2284 3720 2341 instar

2130 2372 2392 2440 nomine,
2447 2388 2570 2445 quae
2617 2373 2887 2429 exstincta
2932 2372 3283 2433 desinitesse
3317 2374 3463 2446 quod
3512 2373 3719 2438 {item

2131 2469 2501 2540 exstinguas!
2551 2467 2787 2538 Spiritus
2810 2474 3061 2533 meum,
3087 2476 3147 2523 et
3168 2468 3433 2525 sustinent
3461 2467 3719 2525 abolitio-

2131 2572 2255 2616 nem
2302 2559 2383 2616 sui
2406 2596 2424 2626 ,
2471 2559 2562 2629 qui
2606 2557 2711 2614 fuit
2743 2559 3017 2630 quondam
3044 2557 3100 2614 in
3128 2558 3314 2626 ist-sei,
3365 2560 3587 2631 quando
3619 2575 3719 2631 per

2131 2650 2325 2707 Isaiam
2355 2661 2411 2708 et
2437 2648 2729 2708 Jereniam
2753 2645 2809 2706 et
2836 2648 3078 2722 singulos
3102 2652 3491 2723 prophetarqu
3534 2650 3722 2709 dicere

2131 2750 2344 2816 poterat
2393 2756 2411 2798 ε
2451 2741 2582 2799 lites
2629 2742 2757 2799 dicit
2795 2742 3079 2808 Dominus,
3105 2750 3164 2798 et
3208 2756 3352 2799 nunc
3391 2743 3449 2799 in
3476 2743 3722 2799 Ecclesia

2133 2856 2234 2919 per
2259 2844 2505 2918 Agabum
2535 2843 2820 2916 loquitur:
2870 2842 3003 2900 lites
3056 2844 3185 2899 dicit
3221 2843 3454 2916 Spiritus
3478 2854 3719 2899 «netu.

2130 2939 2424 2995 Divisiones
2460 2946 2634 2994 autem
2663 2938 2922 2993 donorum
2949 2946 3091 3001 sunt,
3119 2936 3258 2994 idem
3279 2948 3455 2994 autem
3479 2938 3720 3008 spiritu,

2131 3039 2180 3087 et
2211 3030 2493 3085 divisiones
2524 3029 2933 3085 ministeriorum
2959 3038 3111 3093 sunt,
3148 3030 3286 3085 idem
3322 3040 3498 3085 autem
3534 3028 3723 3084 Deni-

2134 3138 2257 3187 nus,
2282 3130 2331 3176 et
2355 3120 2633 3177 divisiones
2658 3121 3017 3193 operationem
3040 3131 3188 3188 sunt,
3213 3129 3263 3176 et
3284 3121 3421 3176 idem
3443 3120 3609 3185 Deus,
3632 3120 3724 3192 qui

2134 3218 2381 3285 operatur
2407 3214 2584 3269 omnia
2619 3213 2676 3269 in
2713 3212 2973 3268 vestribus.
3004 3211 3299 3285 Unicuique
3345 3222 3524 3268 autern
3560 3213 3726 3266 deter

2058 3260 2105 3333 ϐ
2134 3302 2489 3333 ..-ἀίω-ιλ.
2535 3302 2743 3333 ...ιι-ζου
2786 3303 2855 3333 ..Α
2898 3302 2955 3333 ἱΑ
2994 3302 3135 3333 ...ι-,Ι
3168 3303 3373 3333 ιιι-...ιη’
3422 3318 3435 3333 ο
3484 3302 3580 3333 ,ηε
3630 3319 3726 3333 ...-

2134 3302 2489 3374 ntanifeetetio
2531 3302 2743 3375 spiritus
2784 3303 2855 3357 ad
2898 3302 2955 3357 id
2991 3302 3135 3375 quod
3165 3303 3373 3375 cmpedis
3415 3318 3435 3358 :
3482 3302 3580 3357 alii
3630 3319 3727 3374 per

2133 3393 2387 3469 Spiritum
2412 3396 2575 3451 datur
2595 3408 2769 3451 sermo
2811 3395 3116 3467 sapientia:
3163 3396 3258 3451 eiii
3292 3410 3464 3451 me
3490 3396 3725 3452 scienti.

2131 3487 2416 3543 secundum
2440 3484 2677 3543 eumdem
2709 3484 2988 3558 Spiritum,
3015 3482 3109 3541 eiii
3123 3486 3519 3556 pelecinum
3548 3485 3724 3557 Spiri-

2132 3588 2226 3634 tu:
2247 3576 2341 3634 alii
2366 3579 2537 3652 gratio
2564 3580 2851 3635 sanitatum
2868 3580 2927 3634 in
2964 3594 3073 3634 uno
3094 3576 3295 3651 Spiritu
3323 3590 3342 3632 ι
3366 3579 3464 3634 alii
3486 3594 3647 3651 opere
3668 3583 3723 3634 is

2133 3672 2429 3730 virtutum:
2478 3670 2574 3728 alii
2610 3672 2904 3744 prophetia,
2957 3676 3055 3727 attt
3093 3671 3339 3727 discretio
3387 3670 3670 3742 spirits-ets
3702 3688 3722 3726 :

2134 3764 2313 3819 omnia
2357 3770 2535 3819 autem
2560 3762 2673 3818 nire
2697 3772 2944 3836 operetur
2978 3776 3116 3819 enus
3149 3770 3305 3835 eique
3324 3762 3464 3819 idest
3492 3762 3722 3833 Spiritus

2133 3854 2366 3911 dividens
2418 3852 2640 3927 singulis
2689 3864 2845 3927 prout
2889 3852 3001 3909 vult
3043 3852 3095 3927 (i
3122 3852 3252 3915 Cor.
3308 3854 3450 3926 ιιιι).
3506 3851 3587 3908 De
3620 3853 3723 3909 hoe

2136 3948 2338 4021 Spiritu
2370 3962 2438 4004 ne
2463 3963 2494 4004 a
2515 3961 2575 4006 se
2602 3945 2882 4003 auferatur
2900 3947 3126 4020 rogabat
3147 3947 3317 4003 David
3336 3946 3526 4005 dicens
3554 3963 3568 3997 ε
3599 3945 3725 4017 sps-

2134 4040 2293 4095 ritum
2317 4049 2557 4097 senatuin
2594 4048 2741 4095 tuuis
2776 4052 2842 4095 ne
2869 4039 3081 4111 auferas
3127 4054 3162 4094 ιι
3187 4054 3271 4095 tne
3304 4037 3479 4113 (Prol.
3506 4038 3585 4111 ι),
3616 4039 3715 4110 qui

2133 4130 2351 4204 quando
2374 4131 2619 4188 aufertur
2648 4144 2754 4186 non
2787 4131 2843 4186 in
2882 4130 3188 4191 substantia
3212 4131 3320 4197 sui,
3352 4129 3447 4187 sed
3468 4132 3523 4187 ei
3552 4145 3589 4186 ι
3610 4147 3719 4202 quo

2135 4221 2379 4279 autertur
2422 4222 2801 4294 exstinguitur.
2852 4221 2965 4294 Ego
3000 4231 3133 4294 peto
3157 4236 3323 4281 unum
3368 4233 3533 4293 atque
3578 4222 3723 4278 idem

2135 4314 2442 4386 significare
2467 4312 2722 4386 Spiritum
2748 4312 2907 4368 nolite
2930 4314 3280 4386 exstinguere,
3297 4322 3352 4370 et
3370 4314 3517 4385 quod
3538 4314 3595 4369 in
3617 4314 3725 4371 alio

2133 4406 2253 4462 loco
2272 4404 2459 4461 scribit
2484 4404 2661 4477 (Rom.
2690 4404 2791 4477 xu)
2816 4421 2831 4459 :
2859 4403 3058 4476 Spiritu
3073 4405 3346 4475 ferventes,
3372 4409 3425 4461 in
3443 4421 3556 4477 quo
3574 4407 3722 4465 uti.

2134 4498 2316 4553 fervor
2361 4495 2584 4567 spiritus
2627 4496 2978 4567 multiplicata
3023 4497 3310 4568 iniquitate
3353 4505 3410 4554 et
3437 4498 3725 4554 obaritstis

2058 4586 2337 4696 I,i‘rigore
2380 4602 2485 4643 non
2531 4595 2803 4658 tepescct,
2856 4587 2911 4642 in
2942 4587 3045 4644 hoc
3101 4588 3323 4659 spiritus
3368 4602 3722 4661 meum

2136 4680 2515 4751 exstinguitur.
2574 4680 2715 4735 Deus
2759 4680 2921 4750 igitur
2957 4679 3100 4752 pacis
3144 4679 3433 4749 sanetam
3477 4698 3575 4737 ne
3632 4699 3725 4754 per

2137 4773 2312 4828 omnia
2341 4772 2418 4829 vel
2440 4773 2495 4827 in
2524 4772 2781 4838 omnibus,
2814 4773 2929 4829 sive
2967 4772 3159 4844 plenus
3199 4782 3363 4845 atque
3410 4782 3721 4847 pertectus,

2135 4862 2240 4920 hoc
2308 4864 2451 4920 enim
2498 4862 2728 4927 ὁλοτιλής
2764 4872 2939 4920 sonat.
3000 4866 3143 4922 Deus
3186 4875 3371 4922 autem
3418 4868 3727 4939 appellatur

2132 4960 2301 5033 pacis,
2327 4962 2451 5032 quia
2472 4974 2569 5033 per
2588 4960 2861 5018 Christum
2884 4963 2932 5018 ei
2955 4963 3286 5020 reconciliati
3312 4978 3523 5033 sumus,
3538 4982 3629 5039 qui
3648 4977 3722 5023 est

2131 5066 2239 5123 pas:
2266 5062 2467 5118 nostra,
2480 5054 2569 5124 qui
2592 5053 2711 5123 fecit
2734 5062 2956 5125 utraque
2976 5070 3137 5109 unum
3161 5054 3374 5129 (Ephes.
3391 5057 3475 5123 tt),
3492 5060 3584 5127 qui
3598 5070 3655 5113 et
3669 5060 3721 5113 in

2134 5141 2241 5198 alio
2256 5142 2373 5199 loco
2382 5158 2488 5217 pax
2500 5142 2721 5210 dicitur,
2734 5156 2986 5200 superans
2999 5160 3203 5200 omnem
3212 5162 3419 5202 metu
3434 5146 3605 5218 (Phil.
3623 5148 3718 5220 tv),

2135 5246 2255 5305 quae
2291 5235 2526 5291 custodit
2558 5232 2723 5291 corda
2756 5235 3220 5307 cogitationesque
3255 5244 3601 5303 sanctorum;
3629 5240 3717 5309 qui

2137 5330 2318 5379 autem
2364 5322 2734 5381 sanctificatur
2780 5325 2894 5381 sive
2939 5323 3211 5397 perfectus
3248 5335 3334 5383 est
3362 5327 3417 5381 in
3444 5328 3717 5393 omnibus,

2137 5414 2190 5469 in
2217 5413 2321 5469 hoc
2363 5423 2419 5470 et
2444 5414 2687 5487 spiritus,
2709 5422 2763 5471 et
2782 5413 2983 5482 anima,
3011 5422 3067 5473 et
3093 5430 3292 5488 contos
3312 5417 3365 5471 In
3394 5416 3484 5471 die
3504 5416 3719 5472 Domini

2136 5500 2507 5561 conservatur.
2540 5504 2749 5579 Corpus
2778 5506 3109 5579 singulorum
3138 5508 3507 5565 membrorum
3536 5515 3721 5563 utatur

2135 5594 2342 5661 ciliciis,
2367 5596 2514 5653 verbi
2538 5598 2733 5670 gratia,
2756 5599 2802 5655 si
2824 5608 3081 5670 operetur
3100 5611 3315 5665 manus,
3336 5612 3437 5669 pes
3456 5598 3716 5663 ambulet,

2135 5684 2322 5742 oculus
2364 5687 2569 5753 videat,
2625 5689 2772 5744 auris
2818 5689 3036 5755 audiat,
3086 5690 3274 5745 dentes
3304 5688 3456 5744 cibos
3488 5688 3719 5754 mutant.

2135 5780 2449 5836 stomachus
2496 5788 2834 5850 concoquat,
2878 5779 3016 5836 alius
3061 5779 3305 5850 digerat,
3354 5779 3525 5834 ιιιιεί
3574 5777 3719 5833 nulla

2137 5872 2499 5931 membrorum
2526 5880 2682 5945 parte
2710 5878 3019 5929 intuentum
3046 5878 3148 5937 est,
3195 5876 3254 5927 et
3296 5868 3402 5925 hee
3424 5869 3719 5943 quisquam

2132 6032 2217 6077 χ
