3986 6338
263 442 372 503 565

720 424 1271 486 ENARRATIONUM
1308 426 1376 485 IN
1413 424 1561 486 EPP.
1604 424 1806 486 PAULI
1842 424 1971 485 LIB.
2013 422 2176 484 XXII.
2212 456 2285 470 σ-
2316 422 2385 482 IN
2424 422 2640 483 EPIST.
2679 424 2723 483 ll
2766 426 2859 483 AD
2898 426 3142 485 THESS.

3434 428 3542 487 566

256 554 443 623 potest
459 552 684 604 credere
700 543 1016 621 Apostolum
1038 556 1136 615 pro
1164 542 1511 599 credentibus
1538 536 1840 612 deprecari,
1946 518 2168 611 spiritus
2188 552 2296 640 quo
2328 537 2614 605 sentimus,
2655 538 2849 594 anima:
2882 552 2990 613 quo
3015 538 3267 610 vivimus,
3295 542 3542 617 corpori8

254 648 323 700 ut
372 641 431 698 in
453 640 542 697 die
580 634 773 717 judicii
797 634 1069 710 integrum
1095 634 1337 694 omnium
1366 634 1611 692 Christus
1650 648 1851 706 corpus

253 731 525 799 inveniat,
562 742 686 787 eum
713 728 956 786 omnium
986 738 1215 800 corpora
1258 735 1351 783 aut
1377 732 1551 783 merte
1587 724 1849 782 dissoluta

256 830 395 897 sint,
425 836 538 896 aut,
571 827 714 892 sicut
735 822 957 903 quidam
978 822 1191 889 volunt.
1216 828 1429 894 reperta
1447 820 1651 879 fuerint
1671 820 1849 877 adhuc

255 920 550 996 spirantia,
580 914 818 981 habeant
843 912 1152 973 debilitates
1176 928 1324 981 suas,
1349 918 1406 969 et
1434 912 1670 968 maxime
1698 925 1847 967 mar-

255 1023 463 1089 tyrum,
512 1017 569 1069 et
596 1023 785 1065 eorum
816 1004 908 1079 qui
937 1018 1037 1078 pro
1059 1000 1262 1061 Christi
1302 1002 1521 1063 nomine
1548 996 1634 1058 vel
1661 998 1848 1059 oculos

252 1105 509 1171 eil‘ossos,
558 1100 644 1158 vel
674 1106 985 1175 amputatas
1030 1113 1191 1154 nares
1218 1096 1304 1153 vel
1347 1097 1613 1157 abscissas
1659 1106 1850 1153 manus

251 1193 516 1251 habeant.
539 1190 683 1267 Ergo
710 1191 985 1265 integrum
1016 1204 1214 1263 corpus
1243 1195 1347 1256 est,
1390 1188 1457 1245 de
1481 1204 1588 1267 quo
1612 1184 1849 1244 diximus

252 1288 315 1344 in
359 1286 467 1344 alia
487 1284 806 1360 quaestione,
838 1290 894 1342 et
920 1300 1026 1340 non
1060 1291 1251 1341 tenens
1279 1289 1440 1358 caput
1462 1297 1530 1339 ex
1557 1297 1665 1354 quo
1688 1296 1850 1339 omne

253 1397 460 1455 corpus
500 1394 804 1439 connexum
854 1384 1018 1455 atque
1069 1388 1408 1450 compactum
1464 1374 1692 1448 accipiat
1746 1390 1847 1431 au-

253 1480 542 1546 gmentum
578 1468 632 1529 in
678 1468 1205 1529 administrationem
1238 1466 1461 1525 Christi.
1494 1466 1609 1523 Hoc
1650 1481 1849 1537 corpus

252 1563 518 1621 Ecclesiae
535 1572 592 1620 et
617 1561 928 1637 quicunque
943 1559 1104 1632 hujus
1124 1555 1371 1629 corporis
1398 1557 1635 1614 tenuerit
1662 1563 1844 1629 caput,

251 1667 312 1714 et
338 1664 539 1715 caetera
586 1654 831 1715 membra
861 1652 1113 1719 servarit,
1142 1652 1366 1711 habebit
1408 1648 1679 1724 integrum
1726 1664 1849 1706 cor-

249 1768 383 1827 pus,
413 1759 679 1825 quantum
709 1756 890 1823 potest
915 1748 1159 1820 recipere
1181 1747 1416 1803 humana
1450 1750 1661 1813 natura,
1690 1742 1845 1817 juxta

251 1845 409 1903 hunc
436 1842 652 1901 modum
682 1850 740 1900 et
772 1840 969 1899 animm
1014 1839 1295 1915 integritas
1321 1838 1692 1896 conservanda
1740 1845 1842 1903 est.

1949 646 2058 703 quo
2077 626 2398 687 incedimus.
2423 630 2562 693 Sunt
2584 632 2672 704 qui
2697 647 2765 688 ex
2793 632 2971 688 anima
3000 639 3210 690 tantum
3240 642 3294 693 et
3311 652 3541 712 corpore

1948 720 2246 779 subsistere
2268 721 2545 778 hominem
2582 722 2933 793 disserentes,
2963 722 3212 798 spiritum
3249 727 3306 784 in
3340 744 3405 786 eo
3429 742 3540 787 ter-

1950 812 2083 869 tium
2108 828 2216 871 non
2255 814 2616 873 substantiam
2638 812 2808 872 velint
2835 816 3153 891 intelligere,
3182 817 3278 876 sed
3302 816 3540 879 eiIicien-

1948 905 2098 972 tiam,
2123 920 2223 979 per
2241 920 2403 979 quam
2432 913 2487 962 et
2506 921 2659 963 mens
2680 908 2735 963 in
2768 908 2924 965 nobis
2961 917 3019 966 et
3045 926 3239 969 sensus
3260 922 3316 970 et
3335 912 3539 987 cogita-

1947 1001 2025 1058 tio
2043 1012 2098 1060 et
2126 1003 2341 1060 animus
2363 1000 2682 1079 appellatur,
2711 1008 2767 1061 et
2794 1003 2983 1079 utique
3009 1021 3115 1062 non
3155 1014 3281 1062 sunt
3314 1015 3393 1063 tot
3414 1008 3542 1066 sub-

1949 1094 2161 1150 stantiae
2182 1104 2313 1171 quot
2332 1096 2572 1151 nomina.
2599 1090 2842 1169 Cumque
2862 1096 2992 1154 illud
3015 1098 3319 1172 oppositum
3344 1100 3537 1159 fuerit:

1945 1186 2268 1255 Benedicite,
2301 1186 2519 1261 spiritus
2579 1198 2629 1244 et
2682 1191 2873 1247 anima:
2916 1192 3188 1263 justorum
3251 1192 3539 1253 Dominum

1950 1278 2115 1353 (Dan.
2142 1280 2246 1353 nr),
2283 1281 2606 1353 scripturam
2630 1297 2736 1338 non
2766 1281 3051 1357 recipiunt,
3077 1285 3317 1342 dicentes
3341 1301 3463 1342 eam
3485 1284 3542 1343 in

1947 1370 2213 1430 Hebraico
2233 1388 2340 1430 non
2362 1373 2584 1431 habere.
2605 1368 2716 1431 Nos
2738 1384 2920 1435 autem
2942 1376 2998 1430 in
3022 1376 3277 1448 praesenti
3306 1376 3449 1445 loco,
3474 1386 3537 1433 ut

1947 1482 2110 1539 supra
2136 1464 2392 1535 diximus,
2416 1468 2633 1539 spiritu,
2656 1468 2892 1540 quicum
2915 1470 3097 1525 anima
3122 1480 3179 1527 et
3203 1486 3431 1542 corpore
3455 1470 3538 1525 in-

1948 1568 2099 1630 teger
2123 1569 2495 1625 conservatur,
2530 1575 2638 1616 non
2668 1559 3027 1617 substantiam
3056 1546 3311 1634 [Spiritus
3340 1562 3535 1629 sancti,

1949 1668 2069 1724 quae
2108 1668 2213 1709 nou
2247 1664 2429 1725 potest
2471 1653 2715 1721 interire,
2757 1655 2851 1711 sed
2895 1656 3098 1727 gratias
3133 1655 3250 1726 ejus
3297 1657 3545 1713 donatio-

1948 1759 2153 1816 nesque
2182 1744 2495 1816 accipimus,
2521 1761 2643 1818 qua:
2672 1755 2858 1803 nostra
2886 1748 2971 1803 vel
2999 1747 3199 1805 virtute
3224 1748 3310 1805 vel
3335 1748 3467 1803 vitio
3489 1755 3548 1803 et

1950 1835 2319 1891 accenduntur
2357 1844 2412 1891 et
2431 1836 2852 1909 exstinguuntur
2880 1838 2934 1893 in
2960 1840 3136 1895 nobis.
3175 1836 3360 1912 (Aug.)
3384 1837 3546 1893 Aliud

252 1953 381 2010 quas
410 1935 595 1993 dicere
638 1942 819 2009 potest
844 1952 859 1990 :
888 1932 1137 2001 Benedic,
1166 1933 1343 1988 anima
1372 1947 1509 1999 mea,
1540 1928 1844 1998 Dominum,
1878 1924 1925 1987 Β
1950 1933 2037 1981 est
2067 1940 2189 1982 esse
2210 1924 2326 1982 sine
2349 1934 2592 1999 peccato,
2620 1928 2764 1999 quod
2811 1929 2877 1985 de
2907 1926 3021 1985 solo
3064 1928 3118 1984 in
3148 1928 3252 1984 hac
3287 1927 3399 2010 vita
3424 1927 3546 1983 uni-

250 2028 347 2103 qui
390 2038 549 2086 sanat
596 2044 774 2084 omnes
802 2024 1137 2097 inﬁrmitates
1158 2035 1278 2082 tuas
1301 2022 1475 2100 (Psal.
1513 2023 1635 2097 cu);
1678 2035 1736 2080 et
1783 2018 1851 2080 de

252 2136 365 2196 qua
393 2120 662 2195 scriptum
691 2130 779 2178 est
808 2140 821 2176 :
862 2114 1009 2176 Hisit
1039 2119 1248 2176 verbum
1273 2136 1425 2174 suum
1452 2124 1501 2174 et
1532 2118 1738 2174 sanavit
1762 2134 1850 2174 eos

252 2216 439 2293 (Psat.
486 2214 616 2291 cvi),
665 2216 889 2289 spiritus
942 2229 1159 2287 quoque
1200 2215 1411 2287 integer
1462 2216 1850 2280 conservatur,

252 2306 482 2382 quando
524 2325 631 2365 non
674 2322 924 2364 erramus
966 2306 1022 2361 in
1075 2304 1451 2377 spiritalibus,
1503 2304 1595 2359 sed
1617 2300 1852 2359 vivimus

254 2400 479 2473 spiritu,
505 2398 902 2471 acquiescimus
930 2395 1121 2469 spiritu
1142 2437 1158 2465 ,
1200 2402 1255 2452 et
1283 2406 1445 2468 opera
1494 2394 1675 2452 carnis
1708 2408 1851 2450 mor-

256 2488 532 2546 tilicamus
557 2486 773 2560 spiritu,
803 2482 1191 2558 atl'erimusque
1221 2501 1411 2542 omnes
1450 2480 1663 2541 fructus
1710 2483 1848 2553 ejus,

257 2586 610 2653 charitatem,
640 2580 920 2659 gaudium,
946 2600 1139 2656 pacem
1164 2593 1222 2640 et
1260 2593 1474 2641 caetera.
1507 2582 1680 2640 Aliter
1712 2599 1852 2654 prae-

254 2679 462 2751 cipitur
487 2678 643 2737 nobis
687 2672 977 2735 Salomone
1001 2677 1218 2733 dicente
1245 2694 1260 2731 :
1295 2668 1374 2729 Tu
1403 2684 1578 2730 autem
1620 2670 1851 2730 describe

254 2786 321 2825 ea
343 2766 623 2839 tripliciter
646 2760 702 2821 in
728 2764 970 2832 consilio,
1010 2764 1067 2821 in
1090 2762 1424 2831 conscientia,
1450 2772 1508 2819 ut
1538 2764 1851 2837 respondeas

253 2860 417 2917 verba
461 2856 697 2919 veritatis
748 2856 830 2914 Itis
882 2858 971 2931 qui
1013 2866 1309 2931 proponunt
1358 2854 1453 2912 tibi
1481 2848 1663 2929 (Prov.
1691 2858 1845 2930 xx").

254 2946 487 3023 Triplex
504 2950 559 3007 in
589 2950 754 3008 corde
774 2956 961 3006 nostro
987 2948 1283 3021 descriptio
1312 2959 1369 3004 et
1400 2948 1588 3022 regula
1611 2946 1855 3019 Scriptu-

252 3058 446 3100 rarum
469 3051 572 3112 est,
594 3043 769 3115 prima
790 3050 850 3097 ut
875 3038 1235 3115 intelligamus
1250 3056 1344 3098 eas
1361 3040 1519 3115 juxta
1540 3040 1849 3100 historiam:

255 3134 501 3192 secunda
541 3130 699 3208 juxta
738 3128 1089 3208 tropologiam
1117 3174 1133 3201 ,
1180 3130 1338 3191 tertia
1369 3131 1525 3205 juxta
1560 3130 1856 3207 intelligen-

257 3226 395 3285 tiam
419 3222 720 3299 spiritalem
748 3246 763 3287 ;
796 3224 853 3283 in
882 3224 1110 3283 historia
1139 3241 1327 3283 eorum
1359 3241 1479 3297 quae
1501 3224 1702 3298 scripta
1729 3233 1855 3283 sunt

1954 2020 2137 2091 genito
2172 2017 2376 2074 dictum
2421 2027 2525 2085 est,
2553 2019 2699 2075 aliud
2732 2027 2963 2076 estesse
2992 2020 3109 2075 sine
3128 2004 3369 2090 querela,
3401 2018 3547 2090 quod

1954 2109 2021 2165 de
2045 2109 2233 2165 multis
2262 2109 2425 2181 justis
2453 2109 2617 2167 etiam
2666 2110 2723 2167 in
2763 2111 2868 2167 hac
2902 2111 3015 2167 vita
3044 2110 3154 2166 dici
3180 2111 3377 2181 potuit,
3406 2126 3543 2181 quo-

1953 2201 2098 2257 niam
2123 2210 2209 2258 est
2228 2202 2446 2274 quidam
2479 2203 2671 2257 modus
2710 2202 2867 2259 bona!
2894 2203 3043 2268 vitaz,
3082 2204 3150 2258 de
3169 2218 3277 2273 quo
3297 2202 3463 2258 etiam
3492 2202 3548 2257 in

1953 2292 2056 2348 ista
2093 2292 2333 2349 humana
2382 2292 2795 2349 conversatione
2820 2290 2971 2362 justa
3011 2292 3232 2364 querela
3278 2307 3399 2349 esse
3436 2308 3547 2349 non

1951 2385 2143 2458 possit.
2183 2385 2317 2454 Quis
2340 2385 2485 2440 enim
2530 2384 2676 2454 juste
2701 2393 2959 2457 queretur
2981 2385 3048 2441 de
3076 2385 3293 2440 homine
3319 2383 3411 2455 qui
3450 2399 3548 2439 ne-

1953 2477 2083 2532 mini
2110 2474 2249 2532 maie
2274 2476 2406 2541 vult,
2455 2483 2511 2532 et
2544 2477 2743 2547 quibus
2788 2484 2967 2550 potest
3013 2475 3247 2531 ﬁdeliter
3286 2474 3545 2543 consulit,

1954 2582 2056 2624 nec
2080 2576 2267 2625 contra
2298 2566 2618 2640 cujusquam
2666 2566 2895 2640 injurias
2937 2574 3085 2624 tenet
3120 2566 3401 2623 libidinem
3429 2567 3553 2623 viu-

1954 2661 2195 2729 dicandl,
2227 2672 2285 2716 ut
2320 2662 2591 2717 veraciter
2613 2658 2778 2728 dicat,
2813 2679 2833 2713 ‹
2863 2661 3079 2717 sicutet
3105 2674 3204 2717 nos
3225 2659 3549 2716 dimittimus

1954 2752 2289 2808 debitoribus
2306 2754 2529 2809 nostris.
2562 2772 2582 2805 ι
2610 2753 2679 2807 Ει
2704 2758 2890 2807 utnon
2914 2753 2980 2808 de
3002 2753 3249 2808 oratione
3273 2752 3419 2808 dubii
3444 2752 3542 2807 ha-

1952 2840 2184 2897 beantur
2202 2839 2387 2911 adjicit
2410 2840 2643 2897 :Fidelis
2669 2842 2759 2915 qui
2789 2842 2987 2899 vocavit
3016 2858 3124 2911 vos,
3156 2844 3248 2916 qui
3274 2844 3433 2898 etiam
3462 2842 3551 2915 fa-

1954 2932 2072 2986 ciet.
2097 2916 2332 3005 (Ambu)
2356 2930 2469 2989 Hoc
2500 2942 2616 2988 est:
2640 2946 2802 2989 verus
2826 2945 2912 2990 est
2932 2933 3024 3005 qui
3048 2948 3248 2991 vocans
3279 2946 3377 2992 vos
3406 2934 3548 2992 bona

1951 3025 2206 3098 promisit
2250 3022 2425 3093 vobis,
2448 3025 2542 3097 qui
2567 3033 2621 3083 et
2650 3025 2877 3099 replevit
2906 3042 3002 3083 vos
3027 3040 3123 3084 sua
3146 3026 3548 3085 benedictione.

1954 3115 2199 3186 Fratres,
2240 3128 2406 3185 orate,
2434 3128 2483 3174 et
2505 3136 2600 3191 pro
2650 3119 2819 3175 nobis.
2859 3117 3065 3177 Scribit
3090 3127 3147 3176 et
3181 3126 3305 3191 post
3337 3120 3442 3177 hoc
3472 3120 3548 3176 ita

1955 3216 2016 3267 ut
2040 3218 2094 3267 et
2115 3226 2283 3283 prose
2296 3218 2473 3277 orent,
2501 3210 2660 3268 simul
2683 3213 2737 3268 in
2757 3210 3025 3269 eharitate
3048 3228 3145 3269 sua
3167 3226 3262 3269 eos
3282 3214 3553 3270 constrin-

254 3324 398 3383 ordo
444 3332 715 3391 versatur,
765 3323 821 3380 in
861 3322 1161 3396 tropologia
1201 3323 1270 3379 de
1312 3321 1491 3380 littera
1536 3320 1607 3379 ad
1650 3321 1854 3394 majora

1958 3318 2121 3376 gens;
2154 3318 2277 3359 nam
2296 3310 2432 3360 'etut
2452 3316 2552 3377 pro
2580 3305 2844 3362 alterutro
2863 3312 3021 3361 orent
3045 3304 3131 3361 lex
3154 3304 3341 3380 deligit
3367 3306 3549 3367 chari-

257 3408 664 3491 ennsurgimus,
692 3420 749 3473 et
774 3411 1033 3485 quidquid
1063 3412 1116 3469 in
1142 3408 1312 3484 priori
1339 3408 1539 3484 populo
1567 3408 1859 3469 carnaliter

260 3506 473 3565 factum
497 3516 602 3573 est,
623 3504 779 3577 juxta
812 3504 1073 3562 moralem
1112 3505 1533 3578 interpretamur
1564 3503 1765 3571 locum,
1805 3511 1862 3559 et

261 3602 332 3658 ad
359 3601 555 3661 animm
585 3608 784 3657 nostra:
815 3599 1237 3657 emolumentum
1272 3600 1639 3657 convertimus
1662 3598 1717 3655 in
1747 3592 1859 3669 spi-

262 3695 487 3763 vitalia;
509 3698 721 3773 θεωρία,
748 3692 818 3751 ad
844 3694 1159 3753 sublimiora
1189 3695 1502 3765 transimus,
1535 3703 1752 3751 terrena
1780 3692 1863 3749 di-

261 3786 557 3855 mittimus.
606 3787 672 3849 de
722 3784 1028 3843 futurorum
1067 3784 1402 3844 beatitudine
1445 3794 1502 3842 et
1554 3782 1862 3844 caelestibus

264 3877 628 3950 disputamus,
658 3886 719 3935 ut
740 3877 1022 3953 praesentis
1061 3878 1187 3937 vita:
1230 3872 1512 3935 meditatio
1566 3876 1756 3933 umbra
1792 3874 1862 3931 sit

266 3971 471 4031 futurae
490 3972 860 4040 beatitudinis,
903 3987 1040 4046 quos
1076 3970 1214 4031 tales
1236 3969 1487 4029 Christus
1512 3966 1779 4029 invenerit
1802 3978 1863 4025 ut

263 4084 500 4142 corpore
537 4076 595 4129 et
617 4068 797 4127 anima
832 4076 890 4125 et
918 4067 1112 4145 spiritu
1142 4066 1335 4139 integri
1367 4072 1776 4130 conserventur,
1807 4070 1865 4118 et

262 4159 567 4235 perfectam
592 4160 651 4221 in
675 4174 737 4221 se
757 4158 995 4219 habeant
1017 4158 1242 4232 triplicis
1263 4157 1319 4214 in
1361 4172 1421 4215 se
1455 4154 1695 4213 scientia:
1714 4150 1861 4210 veri-

264 4262 467 4323 tatem,
497 4252 714 4310 hossua
754 4266 888 4323 pace
921 4249 1287 4311 sanetiiicabit
1326 4255 1384 4305 et
1409 4242 1571 4303 faciet
1597 4260 1718 4302 esse
1742 4259 1863 4316 per-

263 4343 463 4403 fectos.
496 4342 647 4403 Multi
666 4342 984 4416 simpliciter
1005 4342 1148 4405 hunc
1177 4340 1355 4399 locum
1376 4340 1442 4398 de
1463 4336 1862 4396 resurrectione

264 4430 600 4509 intelligunt,
642 4444 705 4493 ut
730 4444 786 4493 et
812 4435 1036 4507 spiritus
1073 4442 1130 4491 et
1154 4433 1334 4490 anima
1360 4440 1418 4489 et
1441 4446 1640 4505 corpus
1673 4428 1728 4488 in
1768 4428 1864 4486 ad-

261 4534 436 4584 ventu
477 4522 689 4585 Domini
719 4526 916 4599 integri
939 4532 1369 4593 conserventur;
1400 4522 1493 4580 alii
1535 4518 1591 4579 in
1617 4526 1719 4581 hoc
1741 4521 1863 4579 loco

264 4616 542 4692 triplicem
584 4616 643 4679 in
683 4617 903 4679 homine
949 4610 1136 4677 volunt
1157 4614 1429 4674 aiiirmare
1479 4615 1856 4674 substantiam.

1961 3406 2124 3454 tatem
2152 3415 2165 3452 :
2194 3410 2297 3454 nec
2324 3398 2469 3454 enim
2512 3408 2752 3475 unquam
2791 3412 2954 3455 orare
2998 3399 3270 3470 patiemur
3310 3412 3411 3471 pro
3444 3400 3552 3458 illis

1958 3502 2095 3561 quos
2121 3502 2227 3546 non
2258 3490 2568 3563 diligimus;
2619 3490 2781 3547 simul
2818 3501 2874 3547 et
2922 3492 3146 3548 instruit
3180 3506 3281 3549 nos
3316 3492 3553 3567 idipsum

1959 3581 2122 3636 etiam
2160 3582 2229 3637 ab
2268 3580 2501 3637 invicem
2552 3580 2753 3637 debere
2781 3581 3126 3661 depostuiare
3153 3590 3210 3639 et
3242 3581 3425 3639 facere
3450 3598 3553 3657 pro

1960 3672 2244 3741 alterutro.
2271 3670 2515 3729 Salutate
2535 3670 2725 3744 fratres
2751 3688 2928 3730 omnes
2947 3674 3004 3730 in
3028 3673 3207 3729 osculo
3220 3680 3424 3731 sancto.
3448 3674 3552 3732 Dee

1961 3764 2086 3820 inde
2104 3772 2160 3821 et
2179 3762 2437 3836 praecepit
2458 3765 2540 3821 eis
2565 3778 2757 3823 omnes
2782 3762 2982 3823 li-atres
3018 3766 3256 3823 salutare
3279 3767 3334 3822 in
3363 3766 3552 3825 osculo

1961 3867 2172 3924 sancto,
2207 3862 2452 3913 sanctum
2478 3856 2720 3914 osculum
2744 3856 2952 3927 dicens,
2992 3858 3136 3931 quod
3159 3872 3283 3916 cum
3306 3856 3550 3932 peruecta
3624 3880 3643 3905 ι

1961 3946 2468 4005 eﬁlcitureharitate
2487 3965 2501 4004 :
2519 3950 2721 4021 Adjura
2743 3964 2833 4006 vos
2856 3966 2949 4023 per
2968 3951 3325 4007 Dominum'ut
3346 3951 3552 4025 legatur

1962 4040 2203 4114 Epistula
2227 4041 2465 4098 omnibus
2490 4043 2686 4098 sanctis
2730 4043 3007 4114 fratribus.
3057 4042 3289 4115 Adjurat
3336 4053 3399 4099 ut
3422 4040 3548 4116 Epi-

1963 4133 2103 4192 stula
2133 4136 2389 4193 omnibus
2424 4133 2634 4208 legatur
2675 4137 2878 4193 sanctis
2932 4132 3212 4203 fratribus,
3265 4137 3547 4207 suspicans

1961 4242 2028 4286 ex
2058 4226 2329 4299 aliquibus
2349 4242 2469 4298 quae
2512 4226 2616 4283 sibi
2645 4225 2862 4284 fuerant
2895 4224 3098 4293 delatae,
3146 4227 3399 4299 quoniam
3439 4244 3549 4284 non

1963 4317 2035 4375 ad
2057 4317 2298 4375 omnium
2324 4316 2572 4374 notitiam
2607 4318 2813 4390 scripta
2837 4318 2953 4390 ejus
2991 4315 3321 4387 delerentur,
3344 4327 3400 4374 et
3425 4326 3550 4391 post

1962 4411 2068 4468 hoc
2114 4410 2410 4482 adjicieus:
2465 4406 2652 4467 Gratia
2703 4409 2914 4467 Domini
2960 4410 3126 4466 nostri
3173 4406 3303 4465 Iesu
3352 4408 3550 4466 Christi

1962 4504 2246 4573 vobiscum,
2268 4500 2453 4561 Amen.
2474 4500 2590 4560 Hoc
2611 4502 2756 4560 enim
2779 4503 2945 4560 verbo
2978 4512 3381 4559 consummasse
3404 4499 3550 4574 Apo-

1965 4598 2136 4656 stolus
2163 4598 2377 4656 videtur
2400 4612 2556 4656 suam
2582 4596 2913 4671 Epistolam.‘

255 4753 3531 4783 WM

827 4900 1243 5017 LIBER
1319 4898 2095 5022 VICESIMUS
2182 4899 2965 5019 SECUNDUS.

450 5200 1009 5286 EXPOSITIO
1082 5205 1197 5288 IN
1271 5206 1861 5288 EPISTOLAM
1933 5205 2014 5288 ΙΙ
2090 5210 2227 5287 AD
2300 5209 3358 5293 THESSALONICENSES.

809 5440 1321 5513 ARGUMENTUM.

337 5540 542 5600 Beatus
594 5539 871 5614 apostolus
916 5541 1116 5599 Paulus
1168 5551 1456 5619 postquam
1508 5545 1736 5618 primam
1785 5549 1856 5607 ad

265 5633 784 5699 Thessaloniceuaes
839 5635 1133 5708 scripserat
1205 5635 1499 5709 Epistolam
1539 5680 1556 5707 ,
1608 5641 1860 5714 cognovit

266 5727 418 5805 quod
445 5767 462 5795 ,
498 5740 827 5799 quamquam
862 5726 1294 5785 adversariorum
1336 5729 1632 5802 pertinacia
1673 5731 1725 5788 in
1765 5747 1862 5788 ea-

268 5818 398 5875 dem
430 5817 733 5890 perstiterit
756 5812 981 5885 stevitia,
1001 5818 1167 5875 variis
1192 5820 1578 5879 tentatiouibus
1612 5836 1863 5894 aggressa

268 5925 371 5967 eos
431 5909 526 5983 qui
568 5909 927 5977 crediderant,
976 5918 1158 5969 tamen
1204 5912 1273 5969 ad
1316 5914 1500 5971 omnia
1554 5913 1641 5972 illa
1671 5930 1865 5989 aspera

1877 5458 1935 5521 D
1958 5471 2081 5529 quae
2107 5454 2299 5515 iisdem
2331 5453 2544 5515 fuerant
2597 5455 2653 5513 in
2702 5453 2810 5515 ﬁde
2851 5455 3203 5529 persistentes
3237 5457 3544 5529 superiores

1964 5550 2109 5607 omni
2138 5551 2437 5609 tentatione
2462 5548 2662 5609 fuerint
2686 5551 3061 5613 demonstrati.
3118 5550 3382 5625 Cognovit
3415 5565 3548 5611 vero

1964 5643 2109 5713 quod
2136 5656 2168 5696 a
2194 5640 2515 5713 quibusdam
2540 5641 2686 5698 suasi
2704 5643 2972 5699 aestiment
2998 5640 3159 5699 ﬁnem
3182 5641 3434 5714 praesenti
3456 5641 3544 5697 iu-

1963 5732 2219 5787 cumbere
2240 5731 2458 5798 scecuio,
2483 5731 2691 5801 hocque
2708 5732 2873 5803 aliqui
2894 5733 3044 5805 quasi
3066 5732 3136 5788 ab
3158 5733 3276 5804 ipso
3287 5731 3547 5803 Apostolo

1964 5826 2139 5883 edocti
2158 5826 2372 5882 ezeteris
2406 5827 2728 5882 nuntiabant
2758 5843 2772 5881 :
2805 5825 3013 5896 adjecto
3038 5825 3144 5889 illo,
3175 5826 3319 5897 quod
3348 5826 3439 5897 qui
3464 5826 3547 5883 in-

1965 5915 2305 5991 disciplinate
2351 5914 2708 5974 versabantur
2756 5915 2902 5971 nulla
2945 5929 3013 5972 ex
3051 5922 3207 5989 parte
3247 5930 3314 5972 ex
3349 5913 3545 5973 litteris
