3986 6338
413 343 518 397 567
1085 341 1144 397 Β.
1187 344 1438 400 RABANI
1476 343 1694 402 MAURI
1732 344 2050 402 ARCHIEP.
2091 345 2398 404 MOGUNT.
2441 349 2725 408 OPERUM
2761 349 2942 407 PARS
2977 299 3063 407 lll.

408 452 683 524 prioribus
728 452 972 524 Apostoli
1010 452 1261 508 meliores
1301 455 1384 508 sui
1419 453 1636 509 fuerant
1666 454 1862 522 effecti,
1902 458 1997 512 sed
2023 460 2078 522 Α
2101 466 2208 514 tem
2247 459 2525 532 laudantes
2550 502 2564 526 ,
2603 477 2669 516 α)
2704 464 2847 532 quod
2883 473 2939 518 et
2980 467 3262 521 tormentis
3300 467 3469 524 variis
3505 470 3676 526 affecti

409 543 876 614 perseveraverint
938 543 994 597 in
1051 544 1280 613 pristino
1333 560 1430 599 suo
1477 561 1642 616 pravo
1694 547 1987 618 proposito.

411 635 613 691 Scribit
656 636 818 708 igitur
859 636 1151 692 secundam
1199 637 1338 691 hanc
1383 637 1709 708 Epistulam,
1756 641 1991 711 primum

408 727 625 798 quidem
657 729 968 784 collaudans
999 743 1114 794 eos,
1153 729 1298 799 quod
1325 741 1510 786 contra
1544 748 1732 788 omnes
1762 733 1993 804 impetus

407 821 840 875 adversariorum
893 821 1236 877 decertantes
1289 838 1395 877 non
1439 823 1651 879 fuerant
1703 828 1986 897 superati:

408 911 729 966 adhortatur
767 926 893 966 vero
924 927 1018 967 eos
1053 913 1218 966 etiam
1257 913 1494 968 currenti
1537 923 1778 986 tempore
1807 919 1862 971 in
1893 934 1988 974 eo-

405 1003 526 1056 dem
582 1002 874 1070 persistere
926 1004 1202 1072 proposito
1248 1018 1567 1076 omnemque
1617 1014 1990 1077 tempestatem

405 1089 474 1142 ab
501 1090 825 1144 adversariis
855 1090 1054 1144 illatam
1088 1106 1184 1162 per
1211 1093 1521 1162 patientiam
1554 1112 1829 1166 superare.
1883 1098 1988 1154 De-

403 1181 531 1235 inde
575 1182 792 1234 instruit
819 1197 944 1247 eos,
979 1193 1036 1236 ut
1071 1199 1178 1238 non
1207 1185 1514 1240 existiment
1546 1187 1858 1244 incumbere
1887 1190 1991 1245 sibi

402 1275 899 1329 consummationcs
941 1285 1268 1346 temporum;
1323 1281 1464 1333 inter
1507 1289 1702 1335 caetera
1743 1297 1873 1339 vero
1904 1286 1988 1338 in-

399 1367 562 1420 struit
586 1381 680 1420 eos
708 1367 774 1421 de
801 1368 1105 1422 antichristi
1136 1369 1386 1434 adventu,
1414 1380 1464 1424 ct
1488 1371 1716 1439 qualiter
1742 1372 1827 1428 vel
1856 1389 1991 1443 quo—

399 1459 559 1512 modo
590 1460 662 1514 sit
690 1459 1063 1529 appariturus;
1098 1463 1164 1515 de
1191 1461 1608 1530 indisciplinatis
1636 1463 1879 1519 scribens
1901 1481 1991 1520 ve-

397 1553 681 1607 hementer
705 1567 796 1607 cos
825 1555 1136 1622 corripiens,
1168 1569 1233 1609 eo
1268 1556 1408 1624 quod
1444 1555 1573 1609 nihil
1601 1571 1670 1611 ex
1699 1557 1804 1612 illis
1839 1560 1984 1628 prio-

396 1643 547 1698 ribus
577 1645 793 1714 scriptis
824 1646 1025 1699 fuerint
1051 1645 1217 1715 adjuti
1251 1647 1303 1700 in
1336 1647 1531 1716 quibus
1569 1649 1854 1704 consilium
1882 1651 1989 1706 illis

396 1733 619 1788 dederat
646 1734 713 1789 de
741 1733 846 1789 illis
886 1751 1006 1806 quae
1045 1751 1138 1791 eos
1177 1751 1339 1807 agere
1381 1739 1790 1794 Conveniebant.
1849 1740 1988 1795 Cau-

2095 543 2150 602 in
2196 550 2381 604 eodem
2431 559 2574 605 statu
2623 553 3018 622 permansistis.
3078 553 3222 612 Bene
3266 567 3450 612 autem
3499 560 3678 630 dixit,,

2100 661 2118 694 σ
2155 661 2289 715 quas
2339 646 2655 712 sustinetis,
2695 667 2715 700 ι
2758 663 2824 703 eo
2859 649 3002 719 quod
3048 649 3154 706 hoc
3189 649 3550 708 demiratione
3601 655 3681 710 di-

2093 754 2255 810 gnum
2293 747 2426 803 erat,
2468 740 2612 808 quod
2650 737 2775 794 forti
2815 741 2995 796 animo
3034 743 3364 798 sustinerent
3400 745 3554 799 illata
3585 747 3682 802 sibi

2094 837 2362 885 tormenta
2406 849 2418 884 :
2461 831 2653 886 deinde
2697 832 2828 886 dicit
2865 841 2920 886 et
2968 834 3135 904 ipsius
3168 837 3439 905 passionis
3479 839 3681 894 utilita-

2093 930 2233 987 tem,
2278 941 2297 973 (
2337 923 2390 977 in
2429 923 2944 980 demonstrationem
2969 925 3100 996 justi
3131 926 3322 995 judicii
3349 929 3468 996 Dei,
3509 941 3570 985 ut
3607 933 3684 988 di-

2099 1031 2118 1064 ‹
2154 1014 2243 1083 gni
2274 1015 2578 1069 habeamini
2619 1029 2781 1086 regno
2820 1017 2938 1082 Dei,
2978 1033 3073 1086 pro
3111 1033 3217 1086 quo
3256 1028 3308 1074 et
3345 1022 3596 1090 patimini
3625 1040 3678 1077 τι

2094 1103 2423 1173 apparebitis
2464 1105 2664 1160 etenim
2718 1106 2788 1160 ob
2829 1106 2933 1160 ista
2979 1106 3033 1160 in
3083 1107 3266 1164 futuro
3303 1112 3505 1167 saeculo
3540 1113 3684 1183 justa

2093 1197 2301 1250 ratione
2339 1213 2562 1267 regnum
2600 1199 2860 1252 culorum
2898 1197 3176 1254 fruentes:
3211 1200 3256 1256 si
3297 1210 3479 1258 tamen
3507 1213 3566 1258 et
3592 1221 3685 1276 pro

2092 1286 2184 1343 illo
2239 1288 2349 1358 pati
2407 1290 2750 1360 acquiescitis
2784 1331 2799 1357 ,
2856 1305 3109 1363 magnum
3161 1293 3430 1362 quoddam
3485 1297 3686 1352 bonum

2092 1383 2464 1440 existimantes
2493 1401 2615 1442 esse
2640 1385 2974 1442 fruitionem.
3009 1387 3074 1442 Et
3103 1390 3398 1447 ostendens
3428 1395 3686 1463 quoniam

2091 1490 2192 1530 nec
2231 1476 2557 1531 adversariis
2595 1476 2718 1531 talia
2749 1477 2801 1531 in
2834 1477 2937 1532 illis
2967 1476 3291 1534 facientibus
3311 1482 3418 1534 erit
3445 1482 3682 1551 impune,

2093 1565 2277 1636 adjicit
2315 1585 2329 1620 :
2383 1565 2495 1620 (“Si
2547 1575 2725 1622 tamen
2772 1566 2976 1636 justum
3016 1577 3099 1624 est
3137 1571 3279 1642 apud
3317 1570 3488 1626 Deum
3529 1575 3685 1628 retri-

2097 1681 2115 1713 ‹
2152 1662 2316 1716 liuere
2353 1660 2440 1714 his
2477 1661 2568 1730 qui
2609 1661 2874 1716 tribulant
2909 1677 3003 1717 vos
3053 1664 3480 1730 tribulationem,
3511 1676 3571 1721 et
3595 1683 3684 1720 vo-

2096 1770 2116 1804 c
2152 1753 2237 1808 bis
2257 1753 2348 1822 qui
2371 1751 2701 1807 tribulamini
2729 1755 2968 1822 requiem
2999 1755 3299 1810 nobiscum.
3327 1775 3346 1807 ι
3379 1755 3514 1810 Nam
3547 1760 3683 1827 quod

395 1822 501 1876 tius
533 1839 659 1880 vere
687 1827 753 1880 de
778 1826 1031 1882 omnibus
1052 1827 1382 1883 instruemur
1409 1845 1478 1884 ex
1504 1829 1610 1885 illis
1633 1845 1754 1900 quae
1777 1831 1833 1886 in
1855 1833 1986 1890 sub-
2013 1848 2064 1909 Β
2091 1845 2222 1900 dicit
2264 1844 2308 1898 si
2340 1841 2547 1912 justum
2587 1852 2670 1899 est
2695 1885 2708 1908 ,
2746 1845 2852 1900 hoc
2890 1846 3020 1901 dicit
3048 1887 3063 1912 ,
3109 1867 3126 1898 ι
3161 1848 3205 1902 si
3248 1856 3426 1902 tamen
3475 1822 3683 1918 jus—tum

395 1918 747 1989 sequentibus
776 1919 1062 1975 habentur.

913 2075 1142 2133 CAPUT
1189 2076 1478 2133 PRIMUM.

391 2188 604 2247 Gratias
659 2193 768 2263 agit
819 2191 1100 2264 Apostolus
1145 2193 1209 2247 de
1259 2193 1393 2246 bona
1447 2190 1988 2249 Thessalonicensium

459 2263 1085 2330 conversatione,orando
1108 2281 1202 2335 pro
1223 2264 1436 2318 meliore
1449 2266 1912 2318 consummatione.

466 2415 484 2447 ‹
519 2396 740 2461 Paulus,
796 2404 846 2451 et
895 2395 1177 2463 Silvanus,
1227 2405 1283 2452 et
1331 2398 1672 2464 Timotheus,
1729 2398 1988 2454 Ecclesiae

397 2507 416 2540 ι
457 2487 1021 2548 Thessalonicensium
1049 2489 1104 2542 in
1135 2489 1246 2544 Deo
1271 2489 1432 2544 Patre
1459 2497 1645 2544 nostro
1672 2499 1729 2544 et
1762 2490 1986 2546 Domino

395 2597 416 2631 ‹
450 2577 579 2636 Jesu
603 2579 842 2635 Christo.
893 2581 1080 2636 Gratia
1106 2581 1260 2636 vobis
1286 2590 1340 2636 et
1367 2598 1471 2653 pax
1503 2598 1534 2636 a
1563 2583 1674 2638 Deo
1703 2582 1864 2638 Patre
1893 2598 1990 2638 no-

393 2692 412 2725 ι
449 2680 564 2728 stro
592 2681 649 2728 et
677 2673 905 2729 Domino
933 2673 1064 2736 Jesu
1091 2675 1330 2730 Christo.
1366 2693 1384 2726 ι
1427 2675 1661 2748 (Αηιὺν.)
1701 2675 1814 2732 llae
1848 2691 1987 2746 prae-

374 2767 683 2846 scriptione
713 2767 965 2838 Epistolas
994 2766 1134 2823 facta
1160 2767 1349 2838 incipit
1375 2768 1455 2823 sic
1484 2784 1497 2820 :
1534 2785 1552 2818 ι
1581 2765 1794 2822 Gratias
1823 2783 1987 2839 agere

393 2879 412 2911 ι
452 2859 712 2914 debemus
741 2859 852 2914 Deo
885 2875 1099 2930 semper
1132 2874 1232 2929 pro
1263 2858 1438 2926 vobis,
1479 2857 1692 2923 fratres,
1733 2859 1872 2914 sicut
1907 2859 1988 2914 di-

395 2971 415 3005 ι
453 2968 617 3024 gnum
664 2961 765 3008 est.
806 2973 824 3006 ι
879 2952 923 3008 Α
975 2953 1272 3025 gratiarum
1315 2954 1529 3009 actione
1567 2953 1806 3024 incipere
1843 2952 1986 3008 idem

385 3044 677 3116 Apostolus
719 3060 863 3115 szepe
899 3055 982 3102 est
1029 3046 1240 3112 solitus,
1281 3047 1386 3102 hoc
1421 3061 1550 3101 vero
1579 3047 1634 3101 in
1671 3046 1791 3102 loco
1820 3047 1983 3103 etiam

387 3140 646 3196 dilatasse
712 3140 887 3211 ipsam
949 3141 1245 3212 gratiarum
1294 3141 1563 3196 actionem
1613 3141 1823 3196 videtur
1875 3155 1984 3195 non

2089 1945 2191 1992 est.
2224 1955 2243 1987 ι
2290 1933 2414 1990 Vult
2461 1935 2607 1991 enim
2657 1937 2885 1992 dicere:
2925 1939 3049 2008 quia
3093 1939 3242 2010 justa
3293 1947 3424 1995 tunc
3477 1942 3684 1996 ratione

2090 2031 2235 2086 Deus
2284 2029 2403 2087 illos
2451 2031 2670 2102 quidem
2719 2031 2811 2101 qui
2860 2031 2987 2087 talia
3028 2032 3082 2086 in
3121 2034 3371 2103 praesenti
3411 2033 3524 2088 vita
3560 2049 3685 2105 erga

2089 2136 2186 2178 vos
2222 2134 2507 2196 gesserunt
2543 2124 2736 2180 subdet
2771 2139 2964 2195 preme,
3001 2125 3152 2180 vobis
3190 2141 3340 2190 vero,
3366 2142 3468 2197 pro
3490 2128 3685 2197 quibus

2087 2217 2368 2286 patimini,
2408 2233 2658 2286 magnam
2697 2217 2957 2288 praebebit
2994 2219 3485 2275 remunerationem
3527 2220 3686 2293 largi-

2090 2307 2247 2373 tatis;
2279 2316 2334 2362 et
2367 2297 2542 2378 poenae
2571 2309 2738 2378 ipsius
2761 2308 3044 2378 publicans
3074 2311 3304 2378 pondus,
3354 2310 3489 2366 dicit
3520 2313 3685 2368 etiam

2089 2399 2266 2467 qualis
2304 2399 2376 2452 sit
2409 2399 2672 2455 adventus
2707 2400 2874 2470 ipsius
2907 2397 3106 2468 judicis
3145 2419 3157 2454 :
3205 2421 3224 2453 ι
3257 2400 3316 2456 ln
3355 2403 3686 2459 revelatione

2096 2508 2114 2540 ‹
2150 2489 2363 2543 Domini
2410 2488 2538 2546 Jesu
2579 2491 2646 2546 de
2684 2491 2823 2546 coelo
2865 2507 2987 2546 cum
3026 2491 3234 2563 angelis
3281 2493 3506 2548 virtutis
3545 2495 3684 2564 ejus,

2095 2602 2113 2634 ‹
2149 2583 2204 2637 in
2252 2582 2468 2637 ﬂamma
2524 2584 2662 2654 ignis
2713 2583 2890 2638 dantis
2940 2583 3231 2639 vindictam
3301 2585 3388 2639 his
3443 2586 3539 2655 qui
3580 2601 3688 2640 non

2095 2694 2114 2727 ‹
2150 2684 2418 2743 noverunt
2467 2676 2636 2730 Deum
2686 2683 2740 2730 et
2788 2675 2879 2745 qui
2928 2691 3034 2730 non
3081 2676 3340 2731 obediunt
3387 2676 3686 2747 Evangelio

2095 2784 2114 2817 ι
2151 2767 2366 2820 Domini
2403 2766 2574 2822 nostri
2609 2765 2738 2821 Jesu
2777 2765 2998 2820 Christi.
3020 2784 3038 2818 ι
3082 2765 3400 2822 Terribilem
3439 2782 3539 2838 per
3571 2783 3686 2822 om—

2089 2857 2178 2912 nia
2202 2857 2319 2928 ejus
2344 2858 2633 2912 adventum
2673 2872 2795 2911 esse
2831 2857 3086 2922 ostendit,
3126 2867 3182 2910 et
3218 2856 3320 2912 loci
3359 2867 3581 2923 natura,
3613 2857 3686 2913 si-

2088 2951 2307 3021 quidem
2332 2951 2397 3006 de
2428 2950 2566 3006 cmlo
2588 2950 2830 3016 videtur;
2861 2959 2915 3005 et
2937 2961 2996 3005 ut
3023 2952 3396 3007 ministrorum
3435 2952 3683 3007 videatur

2089 3041 2347 3099 fortitudo
2372 3083 2388 3110 ,
2426 3058 2550 3099 cum
2589 3042 2796 3114 angelis
2850 3041 2970 3113 ejus
3016 3043 3228 3099 virtutis
3266 3051 3557 3098 venturum
3597 3043 3680 3098 di-

2088 3132 2200 3199 cit;
2251 3143 2305 3188 et
2355 3142 2751 3190 tormentorum
2803 3134 3035 3204 speciem
3073 3132 3346 3189 flammam
3384 3148 3506 3189 esse
3545 3135 3688 3206 ignis

390 3234 634 3290 absolute
667 3233 855 3289 dicens
880 3234 1083 3304 gratias
1123 3233 1352 3304 agimus,
1390 3233 1486 3288 sed
1515 3232 1770 3302 quoniam
1808 3251 1827 3283 ι
1864 3247 1984 3302 gra-
2009 3229 2057 3293 C
2089 3225 2254 3291 dicit,
2296 3242 2548 3282 asserens
2586 3241 2718 3282 vero
2754 3237 2808 3281 et
2845 3227 2911 3280 de
2950 3226 3056 3281 illis
3094 3227 3186 3295 qui
3227 3233 3353 3281 sunt
3391 3226 3684 3282 tormentis

387 3327 489 3382 tias
525 3341 688 3397 agere
724 3327 1004 3388 debemus,
1039 3344 1057 3376 ι
1095 3324 1252 3395 quasi
1287 3324 1378 3394 qui
1415 3332 1469 3380 et
1497 3325 1734 3380 incusari
1779 3326 1848 3379 sit
1896 3325 1982 3379 di-

389 3434 548 3491 gnus,
587 3419 634 3472 si
678 3433 784 3472 non
827 3417 1065 3472 debitum
1103 3417 1354 3472 redderet
1385 3433 1481 3488 pro
1515 3416 1640 3484 illis,
1671 3432 1768 3487 pro
1787 3417 1985 3488 quibus

387 3517 444 3564 et
477 3507 674 3563 debent
703 3507 997 3576 gratiarum
1042 3507 1331 3572 actionem,
1375 3522 1442 3562 eo
1487 3508 1631 3578 quod
1675 3509 1984 3564 necessarie

389 3602 589 3658 debere
638 3601 786 3655 illam
847 3595 1138 3654 videatur:
1172 3609 1227 3654 et
1282 3599 1511 3672 adjectio
1561 3608 1645 3654 est
1696 3601 1983 3670 perspicua

387 3708 551 3764 quam
582 3691 778 3761 adjecit
800 3690 987 3745 dicens
1012 3707 1024 3743 :
1065 3709 1084 3742 ι
1117 3689 1268 3744 Sicut
1288 3689 1506 3758 dignum
1533 3699 1637 3744 est.
1668 3708 1688 3742 ι
1753 3691 1905 3758 Quod
1933 3698 1986 3746 et

387 3786 565 3855 ipsum
595 3794 944 3857 augmentum
973 3786 1218 3850 actionis,
1247 3785 1510 3852 siquidem
1547 3783 1674 3838 talia
1704 3793 1828 3840 sunt
1866 3800 1986 3855 quae

393 3875 688 3930 secundum
717 3890 811 3930 eos
840 3883 996 3941 sunt,
1027 3884 1087 3929 ut
1108 3874 1254 3944 juste
1289 3876 1401 3930 Deo
1429 3889 1527 3944 pro
1557 3873 1662 3929 illis
1690 3875 1982 3945 gratiarum

392 3969 536 4026 actio
608 3967 897 4024 referatur.
968 3967 1123 4024 Unde
1181 3968 1474 4024 ostendens
1531 3969 1657 4038 quia
1705 3966 1827 4037 jure
1881 3969 1984 4024 ista

391 4059 562 4124 dicit,
614 4074 680 4115 eo
729 4059 872 4130 quod
917 4075 1115 4131 magna
1170 4068 1322 4114 erant
1376 4057 1463 4113 illa
1519 4073 1640 4128 qua:
1689 4060 1984 4115 secundum

397 4168 494 4210 eos
522 4163 696 4218 erant,
731 4153 808 4207 ait
839 4171 852 4207 :
885 4172 903 4204 ι
934 4153 1197 4220 Quoniam
1229 4153 1588 4222 super-crescit
1622 4152 1754 4207 ﬁdes
1780 4162 1983 4222 vestra,

404 4265 423 4297 ι
461 4254 519 4301 et
568 4246 808 4301 abundat
856 4245 1096 4299 charitas
1146 4244 1572 4315 uniuscujusque
1615 4246 1855 4300 omnium
1892 4263 1984 4302 ve-

394 4357 414 4389 (
451 4344 622 4392 strum
653 4335 707 4390 in
737 4333 1078 4387 alterutrum.
1104 4353 1124 4385 ι
1173 4335 1388 4389 Etenim
1417 4350 1512 4403 per
1537 4335 1718 4389 omnia
1747 4337 1986 4391 ostendit

392 4429 650 4498 quoniam
687 4442 882 4498 magna
915 4435 1070 4481 erant
1107 4426 1194 4480 illa
1225 4441 1346 4496 quae
1375 4428 1668 4482 secundum
1691 4443 1784 4483 eos
1808 4439 1982 4495 erant,

395 4535 463 4574 ex
491 4519 686 4590 quibus
715 4519 851 4573 dixit
878 4517 1035 4573 ﬁdem
1065 4531 1255 4572 eorum
1287 4518 1495 4588 augeri,
1535 4519 1678 4589 quod
1715 4519 1984 4576 habebant

2088 3316 2424 3388 subjacendi,
2464 3326 2557 3372 aut
2590 3333 2686 3373 eos
2714 3319 2806 3389 qui
2832 3331 2938 3372 non
2970 3325 3237 3372 noverunt
3267 3319 3458 3381 Deum,
3498 3325 3556 3371 et
3592 3317 3686 3387 qui

2086 3422 2196 3462 non
2231 3408 2589 3465 obaudierunt
2627 3409 2939 3480 Evangelia,
2979 3409 3240 3480 majorem
3278 3417 3683 3466 tormentorum

2087 3517 2274 3558 eorum
2313 3503 2542 3572 praebuit
2579 3503 2955 3572 probationem
2995 3520 3010 3568 ;
3061 3512 3118 3557 et
3159 3504 3426 3574 siquidem
3467 3505 3590 3560 illos
3637 3506 3686 3564 si

2089 3595 2424 3651 solummodo
2473 3611 2580 3650 non
2629 3596 2932 3651 obedierint
2979 3595 3104 3650 ﬁdei
3142 3639 3156 3662 ,
3202 3612 3364 3668 paena
3403 3607 3626 3652 maneat
3665 3639 3682 3664 ,

2088 3698 2291 3759 quanto
2331 3689 2504 3758 magis
2544 3687 2694 3755 illos,
2735 3689 2824 3758 qui
2867 3689 3211 3761 credentibus
3247 3688 3548 3743 calumnias
3585 3689 3682 3744 im-

2087 3782 2504 3852 pressionesque
2535 3781 2819 3851 irrogant?
2843 3781 3038 3836 deinde
3059 3790 3113 3835 et
3142 3789 3539 3836 tormentorum
3567 3795 3687 3851 spe-

2090 3873 2229 3928 ciem
2267 3881 2558 3942 exaggerat
2587 3879 2749 3942 prout
2787 3879 2982 3941 potest,
3026 3871 3213 3926 dicens
3253 3888 3267 3924 :
3307 3887 3326 3921 «
3351 3869 3454 3937 Qui
3495 3885 3686 3941 pcenas

2088 3965 2238 4020 luent
2293 3963 2546 4018 interitus
2594 3971 2846 4018 mternas.
2885 3982 2902 4014 ι
2957 3962 3092 4017 Nam
3142 3977 3212 4019 ex
3259 3962 3522 4033 qualitate
3569 3964 3686 4034 ipsa

2087 4058 2275 4130 gravia
2316 4065 2584 4113 tormenta
2623 4071 2743 4112 esse
2780 4057 3035 4112 ostendit.
3099 4055 3381 4128 Siquidem
3433 4058 3686 4114 interitus

2088 4162 2236 4218 sunt,
2277 4161 2331 4207 et
2367 4151 2673 4207 exterminii
2708 4151 3011 4222 perditione
3038 4149 3402 4221 perﬁcientes,
3442 4167 3511 4207 ex
3549 4161 3688 4208 tem-

2088 4260 2219 4316 pore
2246 4286 2262 4311 ,
2301 4245 2446 4315 quod
2483 4258 2591 4296 non
2628 4243 2694 4296 ad
2735 4251 2948 4313 tempus
2973 4285 2988 4309 ,
3029 4244 3123 4298 sed
3154 4253 3359 4299 aaterna
3407 4253 3534 4300 sunt
3577 4264 3590 4300 :
3632 4255 3689 4300 et

2088 4341 2285 4394 iterum
2331 4337 2398 4392 ad
2442 4349 2732 4406 personam
2771 4335 3006 4391 recurrit
3042 4335 3240 4406 judicis
3289 4351 3464 4406 poma;
3513 4338 3686 4408 ipsius

2088 4431 2515 4505 magnitudinem
2552 4430 2749 4485 exinde
2785 4431 3112 4485 ostendens:
3145 4449 3163 4480 ‹
3185 4430 3230 4484 Α
3268 4431 3407 4485 facie
3443 4429 3684 4496 Domini,

2089 4535 2145 4580 et
2173 4540 2203 4579 a
2233 4523 2401 4595 gloria
2440 4522 2795 4578 fortitudinis.
2831 4541 2850 4574 ι
2882 4521 2950 4578 Et
2984 4521 3111 4592 quia
3139 4537 3238 4592 per
3261 4523 3444 4577 omnia
3486 4539 3686 4593 magna

392 4611 596 4681 aliquid
617 4611 847 4682 amplius
872 4626 902 4666 a
930 4609 1183 4666 firmitate
1210 4629 1222 4664 :
1249 4609 1475 4666 ﬁrmitas
1496 4611 1639 4666 enim
1663 4612 1767 4667 dici
1788 4621 1985 4684 potest,
2014 4626 2066 4685 1)
2089 4608 2328 4672 ostendit
2352 4630 2474 4672 esse
2512 4623 2784 4671 tormenta
2821 4629 2942 4684 qum
2979 4613 3036 4668 in
3062 4615 3402 4671 adversarios
3431 4624 3561 4671 sunt
3591 4618 3688 4670 de-

393 4703 496 4759 etsi
537 4704 590 4758 in
631 4705 821 4759 eodem
846 4711 986 4758 statu
1022 4713 1256 4758 maneat.
1317 4702 1450 4757 Nam
1477 4703 1616 4773 quod
1647 4703 1784 4758 dixit
1805 4722 1988 4776 snper-

392 4799 584 4864 crevit,
615 4799 848 4854 ostendit
879 4798 1023 4869 quod
1044 4807 1099 4853 et
1127 4797 1181 4852 in
1202 4798 1316 4868 ipsa
1341 4797 1443 4852 ﬁde
1467 4807 1814 4868 augmentum
1844 4814 1983 4852 suxi-

395 4890 636 4961 pserint;
675 4898 731 4943 et
767 4889 822 4943 in
861 4889 1180 4946 alterutrum
1218 4889 1538 4944 charitatem
1578 4904 1765 4942 eorum
1818 4889 1987 4942 abun-

396 4985 530 5040 dare
579 4983 764 5039 dicens
787 5023 800 5048 ,
852 4985 995 5054 quod
1044 4993 1099 5038 et
1135 4984 1311 5054 ipsum
1350 4982 1584 5036 ostendit
1623 4981 1677 5036 in
1717 4981 1832 5035 dies
1869 4981 1984 5035 sin-

394 5072 548 5145 gulos
599 5071 878 5128 meliorem
931 5073 1146 5127 illorum
1201 5071 1368 5127 fuisse
1423 5069 1726 5142 profectum
1770 5089 1782 5124 :
1839 5071 1985 5141 quod

399 5165 564 5220 etiam
603 5164 779 5236 majus
814 5178 1059 5220 asserere
1085 5163 1308 5234 cupiens
1330 5163 1488 5229 dixit,
1521 5181 1539 5215 I
1571 5163 1991 5234 uniuscujusque

400 5269 642 5315 vestrum
676 5259 916 5315 omnium
955 5258 1008 5312 in
1047 5257 1397 5318 alterutrum;
1431 5274 1450 5308 ι
1475 5270 1661 5311 omnes
1680 5256 1820 5312 enim
1847 5256 1993 5312 simi-

399 5351 527 5407 liter
564 5351 700 5406 dixit
733 5349 869 5404 tales
901 5364 1020 5405 esse
1058 5367 1071 5402 :
1113 5356 1168 5403 et
1203 5361 1324 5418 quae
1360 5354 1443 5401 est
1479 5346 1635 5401 istius
1674 5347 1754 5400 rei
1791 5348 1990 5417 proba-

401 5445 525 5502 tio?
568 5463 587 5498 ‹
620 5444 695 5498 lta
731 5451 792 5496 ut
826 5458 927 5498 nos
966 5441 1067 5512 ipsi
1105 5441 1160 5495 in
1195 5439 1349 5496 vobis
1385 5437 1679 5509 gloriemur
1715 5438 1770 5492 in
1808 5437 1992 5493 Eccle-

409 5554 430 5587 ι
469 5535 564 5591 siis
602 5533 814 5590 Domini
850 5548 950 5603 pro
983 5531 1242 5602 patientia
1283 5539 1465 5585 vestra
1492 5571 1508 5598 ,
1547 5538 1602 5585 et
1638 5528 1743 5585 ﬁde
1780 5529 1835 5584 in
1872 5545 1988 5584 om-

408 5645 430 5678 ι
467 5627 624 5682 nibus
681 5624 1147 5697 persecutionibus
1201 5623 1398 5678 vestris
1444 5629 1500 5677 et
1551 5621 1989 5679 tribulationibus

413 5735 433 5768 ε
467 5733 602 5788 quas
649 5717 946 5773 sustinetis.
990 5735 1008 5768 ι
1069 5717 1309 5787 Denique
1353 5724 1409 5772 et
1457 5730 1556 5770 nos
1591 5715 1736 5768 omni
1778 5715 1832 5769 in
1871 5715 1988 5771 loco

410 5809 478 5866 de
522 5811 672 5868 vobis
707 5811 996 5880 gloriantes
1029 5809 1334 5874 referimus,
1377 5809 1498 5862 ﬁdei
1536 5815 1726 5861 vestra:
1766 5806 1988 5861 ﬁrmita-

2093 4706 2387 4778 promenda
2421 4745 2438 4772 ,
2477 4705 2607 4760 dicit
2644 4705 2699 4759 in
2737 4705 2935 4774 quibus
2972 4711 3101 4759 tunc
3137 4712 3300 4759 erunt
3333 4704 3389 4760 hi
3425 4706 3520 4776 qui
3569 4721 3690 4762 cre-

2093 4799 2365 4854 diderunt.
2411 4817 2430 4849 (
2464 4796 2599 4853 Cum
2636 4796 2848 4851 venerit
2883 4794 3173 4866 gloriﬁcari
3211 4796 3265 4851 in
3301 4797 3507 4853 sanctis
3546 4798 3686 4863 suis,

2098 4914 2114 4945 ι
2155 4903 2209 4948 et
2245 4892 2525 4948 miriﬁcari
2575 4892 2631 4946 in
2668 4892 2919 4948 omnibus
2959 4893 3051 4962 qui
3103 4890 3492 4958 crediderunt,
3543 4907 3686 4963 quo-

2098 5003 2116 5037 I
2155 4985 2302 5040 niam
2356 4983 2620 5038 creditum
2663 4991 2751 5039 est
2802 4983 3170 5038 testimonium
3205 4990 3454 5038 nostrum
3493 4983 3551 5038 in
3591 4999 3688 5038 vo—

2097 5095 2117 5129 (
2152 5078 2238 5133 bis
2275 5077 2328 5131 in
2368 5077 2454 5131 die
2492 5075 2600 5130 illo.
2639 5093 2658 5127 t
2711 5073 2864 5141 Quod
2901 5073 3037 5128 dixit
3079 5094 3091 5128 :
3139 5093 3158 5126 ι
3192 5074 3248 5128 in
3287 5074 3373 5130 die
3412 5073 3506 5129 illo
3538 5095 3555 5126 ι
3619 5076 3686 5130 ad

2093 5171 2225 5226 illud
2262 5169 2594 5225 reddendum
2619 5176 2721 5232 est,
2761 5168 2904 5239 quod
2937 5168 3150 5224 dixerat
3191 5187 3212 5220 ‹
3237 5175 3294 5224 et
3319 5167 3604 5224 miriﬁcari
3631 5169 3686 5223 in

2092 5260 2344 5316 omnibus
2386 5259 2480 5329 qui
2517 5258 2888 5324 crediderunt,
2919 5277 2938 5310 ι
2969 5267 3030 5315 ut
3054 5259 3128 5314 sit
3157 5259 3212 5314 in
3235 5260 3416 5316 medio
3442 5261 3681 5331 positum

2097 5371 2116 5405 ι
2151 5351 2406 5423 quoniam
2432 5349 2696 5405 creditum
2732 5357 2814 5404 est
2851 5349 3200 5421 Evangelium
3229 5357 3476 5406 nostrum
3505 5351 3561 5406 in
3589 5366 3681 5408 vo-

2092 5442 2213 5505 bis,
2264 5462 2282 5493 »
2338 5448 2394 5496 et
2449 5439 2744 5496 secundum
2805 5455 3026 5496 sensum
3083 5441 3440 5498 novissimum
3493 5440 3680 5510 jacere

2093 5533 2358 5588 videatur.
2397 5531 2524 5587 Vult
2563 5531 2706 5587 enim
2745 5531 2926 5586 dicere
2957 5549 2969 5585 :
3013 5533 3306 5588 secundum
3347 5531 3498 5586 illum
3537 5532 3678 5588 diem

2096 5624 2360 5694 gloriosus
2397 5631 2452 5678 et
2487 5623 2750 5678 mirabilis
2785 5623 3055 5678 videbitur
3092 5624 3148 5678 in
3186 5625 3272 5680 his
3309 5622 3401 5693 qui
3428 5623 3531 5677 sibi
3559 5639 3677 5679 cre-

2093 5715 2364 5783 diderunt,
2401 5730 2498 5788 per
2534 5716 2622 5770 illa
2663 5717 2800 5771 bona
2854 5731 2975 5786 qua:
3009 5731 3136 5787 erga
3176 5731 3271 5773 eos
3313 5716 3506 5782 faciet,
3556 5731 3676 5786 qua:

2093 5806 2258 5862 etiam
2283 5814 2337 5861 et
2359 5822 2453 5862 vos
2485 5806 2616 5862 estis
2669 5805 2908 5872 fruituri,
2947 5822 3012 5862 eo
3051 5807 3194 5876 quod
3235 5807 3536 5861 doctrinam
3577 5820 3673 5859 no-

3945 10 3962 418 1

3955 567 3961 878 ἕ
