3986 6338
228 429 335 485 569

691 401 1260 484 εΝΑιιιιλτιοΝιιπ
1278 424 1350 482 IN
1380 425 1532 482 EPP.
1569 424 1772 481 PAULI

1904 429 1932 481 ι.
1977 427 2135 482 XXII.
2164 457 2232 469 —-
2265 428 2332 483 IN
2370 428 2584 485 EPIST.
2626 429 2670 485 ll
2703 430 2796 486 AD
2830 427 3071 486 THESS.

3392 433 3502 490 570

223 551 396 598 stram
432 540 734 612 recepistis,
764 540 844 596 sic
866 555 964 612 per
991 541 1170 596 omnia
1199 540 1496 596 adhortans
1521 539 1808 595 revelatio-
1835 545 1889 605 Α
1914 543 2116 598 hibeat.
2176 544 2246 600 Ut
2275 546 2402 600 dum
2439 547 2506 600 de
2544 547 2659 618 ipsa
2698 546 2917 604 levitate
2947 549 3202 605 motionis
3229 551 3493 621 praedica-

221 649 350 691 uem
380 649 592 697 eorum,
623 649 744 704 quae
778 642 1140 705 exspectatur,
1188 649 1255 690 eo
1292 634 1434 704 quod
1482 634 1807 689 adversariis

219 742 422 797 magna
444 723 771 781 inferrentur
792 734 1084 792 tormenta,
1115 733 1170 781 et
1199 727 1339 796 quod
1377 741 1690 797 magnorum
1713 727 1808 782 bo-

219 834 420 876 norum
457 817 766 874 fruitionem
795 826 1110 889 exspectent
1131 819 1292 888 potiri
1316 819 1618 884 credentes.
1648 817 1803 888 Adji-

219 923 331 969 cit:
355 932 374 965 ι
413 912 471 968 lu
498 928 607 984 quo
638 920 694 968 et
721 927 820 968 oro
845 925 1056 983 semper
1082 926 1182 980 pro
1207 911 1380 975 vobis,
1411 923 1471 966 ut
1495 925 1590 966 vos
1616 909 1806 980 dignos

221 1027 241 1059 ι
283 1007 568 1062 vocatione
602 1019 699 1060 sua
737 1005 878 1060 Deus
915 1002 1129 1068 habeat,
1167 1011 1222 1058 et
1257 1003 1477 1073 impleat
1503 1016 1663 1057 omne
1693 1001 1806 1072 pla~

221 1115 242 1148 α
279 1097 453 1154 citum
491 1095 781 1161 bonitatis,
819 1104 874 1150 et
903 1110 1039 1166 opus
1076 1094 1199 1150 fidei
1237 1095 1291 1149 in
1328 1083 1558 1158 virtute,
1599 1099 1656 1146 ut
1695 1092 1807 1164 glo-

219 1206 240 1239 ‹
286 1187 534 1242 rilicetur
571 1201 766 1241 nomen
802 1185 1014 1241 Domini
1050 1186 1219 1240 nostri
1258 1185 1313 1240 in
1360 1185 1512 1242 vobis
1543 1225 1559 1251 ,
1610 1192 1664 1240 et
1708 1199 1804 1240 vos

217 1297 238 1330 ι
280 1279 340 1333 in
377 1277 499 1348 ipso
548 1277 840 1332 secundum
887 1277 1113 1348 gratiam
1153 1275 1248 1332 Dei
1286 1275 1458 1332 nostri
1497 1283 1554 1330 et
1591 1275 1804 1330 Domini

215 1391 236 1423 ε
276 1369 412 1425 Jesu
450 1368 649 1426 Christi
688 1369 743 1424 in
780 1369 937 1425 vobis
981 1376 1035 1423 et
1081 1384 1180 1425 vos
1231 1369 1286 1424 in
1339 1369 1450 1424 illo;
1481 1389 1500 1421 ι
1562 1367 1669 1424 Pro
1717 1367 1803 1423 his

209 1476 339 1531 qua:
377 1459 506 1514 talia
544 1468 668 1516 sunt
702 1473 1114 1530 perseveramus
1150 1475 1249 1531 pro
1285 1460 1436 1515 vobis
1460 1467 1696 1525 orantes,
1729 1459 1803 1514 ita

207 1559 274 1606 ut
318 1551 512 1620 dignos
558 1564 653 1604 vos
688 1551 950 1605 bonorum
989 1551 1200 1605 illorum
1238 1552 1490 1606 exhibeat
1528 1551 1706 1616 Deus,
1744 1550 1800 1608 in

209 1659 452 1715 quorum
477 1651 534 1698 et
552 1642 727 1700 vocati
756 1643 888 1698 estis
917 1641 1249 1709 fruitionem,
1279 1643 1506 1714 implens
1531 1658 1628 1699 vos
1654 1643 1802 1699 omni

207 1736 383 1797 bono,
426 1741 481 1788 et
515 1731 844 1799 confortans,
876 1733 951 1788 ita
979 1741 1038 1788 ut
1063 1733 1196 1788 etin
1227 1734 1482 1804 operibus
1503 1733 1803 1790 ostendatis

209 1825 401 1890 ﬁdem,
419 1832 474 1878 et
488 1823 578 1878 illa
605 1839 723 1893 quae
747 1825 816 1880 ab
839 1825 1166 1880 adversariis
1185 1824 1490 1880 inferuntur
1514 1823 1673 1880 facile
1687 1840 1802 1880 sus-

1911 635 2012 690 tori
2041 650 2138 690 suo
2159 651 2217 692 se
2241 636 2542 708 incognitos
2577 639 2886 706 crederent,
2921 647 3074 696 tanto
3103 643 3496 712 reprehensibi-

1906 724 1986 780 les
2025 723 2163 792 ﬁeri,
2213 719 2418 798 qya‘nto
2456 736 2512 784 et
2563 730 2814 800 cognosci
2861 731 2930 786 ab
2973 729 3064 786 illo
3111 730 3488 789 formidarent.

1906 812 2130 886 (Ambr.)
2175 814 2508 873 Adveniente
2556 818 2785 874 Domino
2826 819 3002 890 justos
3053 835 3243 877 omnes
3291 821 3490 878 debere

1904 904 2022 976 rapi
2052 905 2106 960 in
2136 907 2305 962 nubes
2339 908 2392 962 in
2435 909 2648 964 obviam
2679 908 2818 978 ejus,
2855 919 2910 967 et
2936 919 2995 966 ut
3025 911 3182 967 simul
3208 912 3317 967 sint
3342 928 3489 968 sem-

1903 1001 2148 1069 per'cum
2189 1015 2256 1056 eo
2286 1002 2574 1071 Apostolus
2615 1003 2670 1058 in
2713 1005 2889 1073 prima
2932 1005 3170 1076 Epistula
3209 1007 3490 1062 evidenter

1905 1094 2155 1158 asseruit,
2191 1095 2294 1150 hoc
2320 1109 2450 1166 ergo
2485 1095 2656 1151 dicit:
2697 1117 2714 1148 ι
2739 1097 2806 1151 Ει
2847 1106 3087 1152 nostram
3121 1100 3489 1171 congregatio

1905 1201 2029 1241 nem
2077 1187 2145 1241 ad
2185 1203 2338 1254 eum;
2371 1208 2389 1240 ι
2435 1187 2566 1243 dicit
2611 1189 2810 1244 etenim
2851 1188 3052 1245 Christi
3100 1190 3390 1245 adventum
3437 1197 3494 1247 et

1901 1280 2374 1350 congregationem
2433 1288 2560 1336 tunc
2612 1281 2678 1336 ad
2721 1296 2843 1336 eum
2903 1282 3158 1338 futuram.
3235 1281 3497 1356 (ΒΑΒΑΝ.)

1901 1368 2077 1425 Nolite
2108 1373 2423 1440 persuaderi
2459 1373 2526 1428 ab
2563 1373 2668 1429 illis
2705 1375 2797 1445 qui
2845 1390 2942 1431 vos
2976 1376 3282 1442 seducunt,
3335 1375 3496 1446 quasi

1903 1481 2069 1538 prope
2120 1467 2191 1522 sit
2239 1467 2369 1522 illud
2418 1476 2632 1540 tempus
2672 1484 2687 1523 :
2720 1471 2815 1524 sed
2849 1471 2963 1525 sive
2999 1471 3122 1541 quis
3159 1470 3226 1527 de
3265 1469 3494 1542 spiritali

1900 1558 1955 1614 id
1979 1559 2346 1630 inoperatione
2391 1561 2670 1630 promittat
2693 1561 2891 1626 dicere,
2916 1562 3031 1618 sive
3054 1562 3207 1632 quasi
3235 1579 3302 1618 ex
3325 1563 3490 1618 verbo

1901 1663 1956 1709 et
1991 1654 2216 1726 epistola
2256 1663 2438 1711 nostra
2471 1656 2542 1712 sit
2567 1657 2791 1712 edoctus
2814 1697 2829 1723 ,
2861 1657 3026 1712 nolite
3047 1656 3363 1728 persuaderi
3405 1656 3490 1720 ei;

1900 1754 1954 1803 et
1994 1747 2367 1804 vehementius
2414 1762 2509 1803 eos
2558 1756 2745 1803 cautos
2788 1746 2968 1803 facere
3017 1747 3205 1802 volens
3258 1747 3489 1818 adjicit:

1909 1857 1928 1891 ι
1957 1839 2033 1896 Ne
2058 1841 2179 1911 quis
2203 1855 2300 1896 vos
2326 1841 2548 1896 seducat
2573 1840 2683 1894 ullo
2722 1840 2901 1896 modo.
2934 1859 2953 1893 ι
2983 1839 3136 1907 Quod
3162 1847 3246 1895 est
3273 1838 3491 1893 taliter:

209 1916 438 1972 tineatis
466 1934 480 1970 τ
509 1916 591 1971 sic
638 1916 779 1970 enim
803 1923 858 1970 et
882 1914 1132 1972 Christus
1160 1916 1214 1970 in
1244 1917 1394 1972 vobis
1418 1917 1685 1989 gloriosus
1713 1931 1800 1972 se-

1905 1939 2176 2002 utcunque
2204 1932 2307 1987 ista
2345 1932 2468 2002 quis
2502 1932 2701 1987 dixerit
2724 1932 2877 1987 vobis
2899 1973 2914 1998 ,
2961 1932 3129 1987 nolite
3163 1932 3212 1987 ei
3244 1931 3488 1986 credere.

207 2007 451 2063 cundum
493 2021 733 2077 praesens
773 2007 1027 2064 saeculum
1075 2008 1344 2064 videbitur
1375 2027 1388 2064 :
1417 2011 1635 2080 quando
1675 2025 1800 2065 cum

209 2095 502 2152 alacritate
526 2087 868 2167 aoquiescitis
885 2099 996 2169 pati
1025 2113 1124 2170 pro
1151 2114 1237 2167 eo,
1260 2114 1464 2170 vosque
1487 2101 1580 2171 qui
1605 2085 1684 2156 sic
1709 2102 1802 2155 lir-

209 2187 379 2240 miter
429 2187 486 2241 in
531 2203 597 2243 eo
633 2189 937 2245 credidistis
977 2189 1216 2246 futuram
1265 2191 1504 2248 fruimini
1549 2193 1797 2265 gloriam,

208 2291 380 2347 quam
419 2292 519 2332 sua
559 2279 732 2351 gratia
773 2279 878 2334 sibi
923 2281 1266 2338 credentibus
1307 2284 1656 2352 repromisit:
1682 2299 1802 2353 quae

207 2384 350 2441 ergo
369 2371 762 2428 conveniebant
781 2373 888 2430 dici
915 2375 984 2430 ad
1011 2374 1225 2432 laudem
1257 2391 1465 2442 eorum,
1495 2377 1587 2446 qui
1616 2377 1672 2432 in
1702 2378 1801 2432 ad-

205 2463 396 2517 versis
431 2462 569 2518 lirmi
603 2465 978 2535 perstiterunt.
1009 2475 1064 2521 et
1092 2468 1158 2523 ad
1191 2467 1623 2523 exhortationem
1659 2469 1800 2523 utin

203 2554 412 2608 eadem
432 2555 802 2624 persisterent,
828 2558 1108 2614 scientiam
1133 2559 1185 2613 in
1213 2559 1360 2615 hisce
1387 2559 1536 2616 visus
1560 2567 1644 2614 est
1667 2573 1798 2614 con-

202 2664 536 2704 summasse.
587 2649 723 2706 Hinc
748 2667 878 2707 vero
902 2652 1090 2722 incipit
1117 2654 1182 2708 de
1207 2654 1671 2708 consummatione
1696 2667 1798 2708 sa:-

202 2739 319 2794 culi
369 2741 644 2812 disputare
677 2743 877 2800 docens
921 2758 1014 2800 eos
1039 2759 1147 2800 non
1175 2745 1487 2801 existimare
1509 2744 1614 2801 sibi
1637 2743 1801 2800 ﬁnem

207 2835 550 2892 mundanum
580 2837 879 2893 imminere.

840 2967 1062 3026 'IAPUT
1109 2969 1154 3025 ll

199 3083 285 3140 De
322 3084 554 3138 adventu
591 3083 900 3138 Antichristi
935 3083 1082 3138 docet
1118 3099 1240 3138 suos
1271 3081 1570 3154 Apostolus,
1607 3091 1654 3136 et
1685 3082 1800 3153 ejus

535 3155 610 3209 rei
655 3154 891 3227 pluribus
929 3155 1152 3209 ostendit
1190 3156 1474 3210 veritatem.

1908 2045 1927 2078 ι
1959 2025 2223 2092 Quoniam
2249 2026 2292 2079 si
2314 2026 2522 2080 venerit
2548 2025 2821 2094 apostasia
2847 2025 3104 2096 primum,
3137 2033 3195 2080 et
3225 2024 3494 2079 revelatus

1910 2135 1928 2169 ι
1959 2116 2120 2172 fuerit
2146 2117 2307 2171 homo
2335 2117 2560 2185 peccati,
2587 2115 2726 2172 ﬁlius
2748 2115 3083 2186 perditionis,
3110 2116 3202 2185 qui
3233 2115 3492 2170 adversa-

1909 2226 1929 2260 (
1958 2215 2068 2273 tur,
2108 2214 2164 2263 et
2214 2207 2587 2278 superextollit
2633 2223 2694 2263 se
2729 2222 2890 2277 super
2921 2221 3082 2263 omne
3120 2207 3262 2278 quod
3299 2207 3493 2262 dicitur

1908 2317 1926 2350 ι
1955 2297 2117 2364 Deus,
2144 2306 2238 2352 aut
2259 2298 2402 2367 quod
2419 2297 2646 2363 colitur,
2679 2298 2752 2353 ita
2775 2306 2836 2353 ut
2863 2298 2916 2352 in
2945 2297 3144 2369 templo
3165 2299 3259 2353 Dei
3283 2298 3492 2362 sedeat,

1908 2389 2244 2446 «ostendens
2311 2405 2371 2446 se
2437 2400 2692 2460 tanquam
2745 2391 2818 2446 sit
2862 2389 3024 2445 Deus.
3057 2410 3075 2443 ι
3129 2389 3328 2461 (Δηώ.)
3373 2387 3496 2444 Vult

1900 2481 2115 2550 quidem
2154 2481 2354 2545 dicere,
2383 2481 2639 2551 quoniam
2669 2495 2776 2536 non
2803 2489 3031 2550 possunt
3061 2481 3135 2535 ita
3172 2480 3289 2535 fieri
3315 2480 3492 2551 prius-

1899 2590 2060 2644 quam
2115 2575 2468 2631 antichristus
2512 2575 2709 2630 veniat.
2774 2573 2998 2644 Oportet
3052 2575 3196 2629 enim
3251 2573 3486 2644 primum

1898 2663 2048 2718 illum
2073 2665 2281 2731 venire,
2305 2667 2497 2720 deinde
2515 2678 2912 2735 consequenter
2957 2665 3045 2719 illa
3072 2681 3193 2734 quae
3215 2665 3489 2719 dicuntur.

1897 2754 2239 2824 Apostasiam
2265 2771 2394 2811 vero
2419 2757 2630 2812 vocavit
2655 2764 2864 2828 tempus
2884 2756 3014 2811 illud
3033 2797 3048 2822 ,
3073 2771 3138 2812 eo
3166 2755 3308 2826 quod
3332 2755 3492 2826 paulo

1900 2847 2079 2901 minus
2097 2861 2285 2902 omnes
2327 2855 2454 2902 tunc
2491 2847 2768 2903 discedent
2802 2863 2832 2900 a
2861 2848 3085 2918 pietate,
3113 2854 3169 2902 et
3201 2856 3488 2902 accurrent

1901 2938 1970 2992 ad
2015 2953 2139 2993 eum
2172 2953 2186 2990 :
2228 2939 2504 2994 hominem
2547 2939 2798 3008 equidem
2837 2955 2962 2994 eum
3001 2938 3304 2993 nominavit
3330 2935 3480 3005 justa

1899 3028 2130 3093 ratione,
2165 3043 2232 3084 eo
2270 3029 2414 3099 quod
2451 3029 2612 3085 homo
2653 3030 2760 3085 erit
2805 3031 3047 3085 daemone
3096 3029 3151 3083 in
3196 3043 3261 3084 eo
3304 3029 3484 3084 omnia

1897 3119 2233 3189 inoperante,
2266 3119 2422 3175 sicuti
2456 3127 2511 3175 et
2537 3120 2592 3174 in
2619 3120 2769 3174 illum
2807 3120 3082 3176 hominem
3125 3120 3216 3190 qui
3253 3133 3352 3189 pro
3387 3133 3483 3173 no-

1900 3217 2016 3265 stra
2047 3209 2218 3265 salute
2246 3218 2491 3279 sumptus
2524 3218 2608 3266 est
2645 3209 2788 3266 Deus
2824 3211 2989 3267 verbo
3016 3209 3310 3283 perfecisse
3335 3211 3488 3264 vide-

283 3308 304 3340 ⁴
338 3289 618 3360 Rogamus
652 3299 832 3346 autem
863 3305 977 3355 V03.
1008 3289 1225 3355 Ῑτθινθεν
1249 3305 1348 3360 Per
1378 3291 1666 3366 adventum
1695 3290 1800 3346 θο-
1823 3279 1870 3343 C
1905 3311 2010 3359 tur.
2035 3301 2230 3358 Tentat
2248 3302 2390 3357 enim
2414 3302 2501 3356 ille
2526 3316 2624 3371 per
2666 3303 2847 3356 omnia
2876 3303 2965 3357 illa
2991 3279 3112 3372 qua:
3136 3301 3335 3357 Christi
3365 3311 3490 3356 sunt

207 3400 228 3434 ι
257 3381 398 3436 mini
442 3381 616 3436 nostri
648 3380 775 3437 Jesu
805 3380 1024 3448 Christi,
1063 3391 1119 3438 et
1149 3391 1392 3438 nostram
1429 3383 1801 3454 congregatio.

212 3491 232 3525 ι
261 3489 396 3528 nem
419 3473 474 3528 in
505 3490 648 3540 eum,
679 3481 740 3529 ut
763 3489 831 3530 ne
859 3474 965 3530 cito
990 3476 1334 3540 moveamini,
1367 3490 1542 3546 neque
1567 3490 1666 3547 per
1691 3475 1802 3544 spi-

210 3584 230 3617 ι
261 3567 436 3622 ritum
456 3607 471 3631 ,
526 3581 704 3638 neque
736 3582 835 3637 per
869 3567 1093 3622 verbum
1115 3607 1130 3632 ,
1171 3581 1348 3637 neque
1387 3582 1483 3637 per
1519 3565 1800 3636 epistolam

212 3679 230 3711 ι
267 3669 529 3729 tanquam
574 3675 606 3714 a
645 3659 799 3716 nobis
848 3661 1092 3726 missam,
1138 3661 1292 3732 quasi
1335 3661 1498 3715 instet
1538 3661 1654 3716 dies
1696 3660 1803 3716 Do-

211 3769 231 3800 ι
264 3749 428 3804 mini.
456 3769 475 3802 ι
532 3748 734 3823 (ϐπ-ες.)
774 3749 907 3806 Cum
953 3750 1151 3810 Paulus
1199 3751 1700 3807 Thessalonicenses
1745 3753 1802 3808 in

208 3852 442 3912 accepta
479 3845 863 3914 praedicatione
897 3846 1252 3915 perdurantes
1274 3886 1290 3910 ,
1329 3847 1482 3914 quasi
1507 3847 1587 3901 .dc
1621 3845 1802 3902 vicino

209 3934 408 3990 mundi
449 3934 680 3990 termino
712 3936 943 4006 quadam
981 3944 1327 4006 cognosceret
1361 3936 1803 4006 pusillanimitate

209 4026 488 4092 turbatos,
524 4027 678 4098 prius
703 4027 756 4083 in
793 4029 872 4084 eis
905 4045 1024 4101 quae
1048 4027 1208 4084 fortia
1237 4030 1492 4099 prospicit
1520 4029 1721 4097 laudat,
1748 4038 1804 4086 et

209 4128 376 4174 caute
407 4119 672 4174 monendo
697 4121 1037 4190 postmodum
1075 4136 1195 4191 qua:
1234 4121 1447 4176 inﬁrma
1483 4129 1609 4178 sunt
1644 4123 1804 4178 robo-

210 4220 325 4276 rat,
357 4212 438 4265 ait
483 4211 628 4266 enim
660 4210 912 4267 :Gratias
953 4228 1112 4284 agere
1160 4213 1416 4270 debemus
1453 4215 1561 4270 Deo
1591 4229 1804 4286 semper

207 4319 318 4375 pro
350 4304 523 4368 vobis,
554 4305 769 4372 fratres,
806 4307 878 4360 ita
924 4315 983 4360 ut
1019 4307 1237 4378 dignum
1260 4315 1376 4375 est,
1416 4309 1671 4379 quoniam
1708 4325 1801 4365 su-

209 4398 519 4468 percrescit
547 4397 680 4454 fides
715 4408 893 4454 vestra
923 4407 978 4456 et
1003 4399 1238 4455 abundat
1278 4401 1516 4456 charitas
1548 4401 1804 4457 uniuscu-

206 4492 415 4561 jusque
447 4498 690 4546 vestrum
719 4491 772 4546 in
801 4491 1029 4546 invicem
1048 4531 1064 4558 ,
1093 4493 1168 4547 ita
1196 4502 1256 4548 ut
1280 4501 1338 4549 et
1369 4509 1467 4550 nos
1493 4493 1594 4564 ipsi
1625 4495 1680 4550 in
1711 4511 1805 4550 vo-

211 4585 307 4640 bis
346 4584 642 4656 gloriemur
680 4585 735 4640 in
776 4583 1032 4640 Eccleslis
1069 4585 1164 4641 Dei
1204 4601 1304 4656 pro
1338 4588 1595 4658 patientia
1623 4596 1802 4642 vestra

214 4689 276 4735 et
305 4677 432 4733 lide.
466 4678 569 4746 Qui
599 4678 939 4759 cum‘blanda
981 4680 1096 4734 haec
1139 4680 1265 4735 vitae
1309 4695 1497 4736 eorum
1536 4681 1805 4750 praeconia

215 4774 607 4846 przemisisset,
633 4775 792 4844 paulo
811 4783 934 4846 post
961 4776 1197 4831 subdidit
1222 4776 1406 4832 dicens
1436 4795 1448 4830 :
1484 4795 1502 4828 ‹
1535 4776 1806 4844 Rogamus

215 4876 407 4920 autem
430 4879 546 4931 vos,
575 4865 791 4932 fratres,
814 4881 912 4936 per
933 4866 1220 4922 adventum
1249 4867 1458 4921 Domini
1483 4868 1654 4921 nostri
1681 4866 1804 4923 Jesu

215 4957 448 5023 Christi,
487 4966 545 5013 et
579 4967 779 5014 nostra:
815 4959 1260 5030 congregationis
1278 4958 1335 5012 in
1371 4957 1568 5028 ipsum,
1602 4966 1664 5012 ut
1699 4973 1806 5013 non

214 5053 331 5106 cito
369 5051 696 5107 moveamini
735 5066 764 5104 a
803 5060 986 5106 vestro
1031 5066 1189 5106 sensu
1217 5091 1232 5117 ,
1281 5064 1456 5120 neque
1494 5049 1808 5106 terreamini

217 5159 400 5214 neque
437 5159 536 5214 per
579 5143 827 5213 spiritum
854 5184 868 5208 ,
909 5157 1083 5212 neque
1119 5157 1217 5213 per
1252 5156 1596 5206 sermonem,
1635 5156 1810 5211 neque

217 5253 320 5309 per
356 5236 667 5307 epistolam,
711 5245 966 5306 tanquam
1003 5251 1099 5306 per
1132 5250 1231 5291 nos
1268 5236 1510 5301 missam,
1542 5236 1695 5306 quasi
1729 5236 1811 5291 in-

222 5337 335 5384 stet
375 5329 494 5384 dies
531 5327 768 5383 Domini.
799 5347 817 5379 ›
861 5326 984 5398 Egit
1007 5326 1150 5381 enim
1173 5340 1336 5380 verus
1361 5325 1548 5381 doctor
1575 5336 1632 5381 ut
1659 5326 1810 5396 prius

223 5419 480 5476 audirent
527 5418 727 5474 laudati
773 5417 917 5488 quod
957 5425 1432 5487 recognoscerent,
1475 5424 1532 5470 et
1571 5424 1810 5486 postmo-

225 5512 356 5566 dum
409 5511 554 5583 quod
589 5511 858 5567 cxhortati
901 5517 1257 5581 sequerentur
1286 5526 1300 5563 :
1334 5519 1597 5579 quatenus
1617 5524 1804 5565 eorum

227 5614 466 5660 mentem
519 5617 586 5660 ne
623 5604 918 5659 admonitio
955 5600 1242 5672 subiuncta
1285 5609 1638 5667 concuteret,
1687 5602 1805 5658 laus

228 5698 508 5768 praemissa
542 5696 815 5764 solidaret,
847 5705 901 5752 et
926 5695 1019 5766 qui
1055 5703 1351 5750 commotos
1379 5709 1472 5750 eos
1493 5695 1652 5749 vicini
1681 5695 1806 5752 finis

230 5791 538 5861 suspicione
564 5798 906 5862 cognoverat,
942 5803 1049 5843 non
1079 5787 1192 5857 jam
1222 5789 1581 5860 redarguebat
1609 5796 1802 5855 motos,

234 5884 328 5938 sed
353 5883 510 5955 quasi
541 5893 809 5942 transacta
838 5882 1106 5948 nesciens,
1132 5884 1310 5941 adhuc
1332 5884 1661 5940 commoveri
1684 5899 1806 5954 pro-

1902 3395 2124 3462 imitari,
2152 3405 2339 3466 utpote
2373 3406 2430 3451 et
2467 3395 2742 3452 Christum
2782 3409 2840 3451 se
2869 3409 2990 3452 esse
3021 3397 3207 3452 dicens
3238 3415 3251 3448 :
3280 3395 3492 3465 peccati

1899 3505 2031 3545 vero
2069 3490 2341 3545 hominem
2385 3505 2510 3546 eum
2550 3489 2700 3552 dixit,
2736 3505 2801 3546 eo
2837 3489 2978 3560 quod
3007 3501 3286 3560 peccatum
3322 3489 3484 3544 mini-

1901 3581 2116 3648 strabit,
2141 3590 2196 3636 et
2223 3581 2406 3636 multis
2430 3581 2737 3637 hominibus
2769 3580 2928 3650 hujus
2957 3597 3120 3637 causa
3150 3582 3350 3636 existet
3385 3599 3400 3634 :
3430 3588 3488 3638 et

1901 3673 2071 3728 illium
2110 3689 2232 3728 eum
2269 3672 2588 3742 perditionis
2630 3672 2778 3736 dicit,
2814 3680 2999 3744 utpo'.c
3036 3673 3327 3745 perditioni
3359 3671 3486 3728 sub-

1901 3775 2136 3831 dendum
2165 3785 2287 3846 post
2314 3776 2435 3840 hoc,
2471 3775 2612 3830 sicut
2630 3782 2684 3829 et
2707 3775 2760 3828 in
2789 3775 3240 3844 subsequentibus
3263 3774 3482 3829 eviden-

1902 3869 2011 3925 tius
2045 3869 2212 3935 dicit;
2255 3876 2412 3924 vocat
2449 3878 2634 3923 autem
2674 3883 2796 3923 cum
2839 3867 3213 3922 adversarium
3248 3866 3489 3937 quidem,

1901 3961 2054 4032 quasi
2086 3961 2176 4031 qui
2205 3967 2259 4015 et
2281 3959 2505 4014 adversa
2531 3967 2656 4031 agat
2677 3959 2870 4013 divinae
2903 3958 3191 4024 voluntati,
3218 3967 3274 4012 et
3305 3971 3494 4012 omnes

1903 4053 1970 4108 ad
2006 4067 2064 4109 se
2093 4051 2441 4106 transducere
2472 4051 2784 4105 annitatur:
2819 4048 3328 4120 superextollentem
3365 4061 3492 4102 vero

1903 4160 1962 4201 se
1989 4159 2151 4215 super
2179 4158 2339 4198 omne
2368 4143 2511 4214 quod
2537 4143 2734 4197 dicitur
2760 4141 2934 4206 Deus,
2974 4148 3070 4195 aut
3101 4139 3244 4210 quod
3271 4139 3488 4205 colitur,

1903 4249 1969 4291 eo
1996 4235 2140 4305 quod
2173 4249 2363 4290 omnes
2399 4233 2646 4288 homines
2675 4250 2705 4287 a
2741 4233 2958 4304 propria
3001 4247 3187 4287 eorum
3211 4240 3358 4286 secta
3380 4230 3496 4285 dis~

1903 4328 2096 4384 cedere
2154 4327 2406 4392 suadens,
2437 4341 2494 4382 se
2531 4325 2693 4381 faciet
2731 4324 2982 4390 adorare,
3030 4325 3266 4394 seipsum
3309 4323 3493 4378 dicens

1904 4433 2024 4474 esse
2047 4415 2349 4483 Christum,
2383 4417 2469 4472 cui
2502 4427 2558 4473 et
2589 4417 2656 4472 ab
2682 4416 2934 4472 omnibus
2972 4416 3229 4470 honorem
3263 4413 3358 4469 Dei
3389 4415 3488 4469 tri-

1905 4507 1997 4562 bui
2024 4515 2081 4562 ut
2093 4508 2296 4579 justum
2331 4508 2623 4563 vindicabit
2652 4527 2665 4561 :
2696 4509 2776 4563 sic
2796 4509 2941 4564 enim
2965 4518 3021 4562 et
3040 4507 3094 4561 in
3121 4507 3215 4561 Dei
3252 4506 3492 4576 templis,

1907 4600 2010 4655 hoc
2057 4609 2159 4666 est,
2213 4600 2266 4654 iu
2306 4600 2554 4656 domibus
2593 4601 2900 4655 orationum
2938 4599 3246 4670 ingrediens
3289 4598 3492 4653 sedebit

1911 4693 2064 4764 quasi
2089 4693 2202 4762 ipse
2231 4693 2301 4746 sit
2334 4692 2581 4747 Christus
2607 4699 2662 4746 et
2681 4701 2903 4762 propter
2936 4691 3041 4746 hoc
3071 4690 3266 4745 debeat
3297 4689 3363 4744 ab
3395 4690 3492 4745 ho-

1912 4784 2146 4840 minibus
2174 4783 2386 4838 adorari
2414 4783 2468 4837 in
2497 4782 2743 4838 ordinem
2771 4781 2886 4836 Dei.
2937 4780 3006 4835 Et
3035 4781 3324 4836 ostendens
3361 4797 3494 4851 quo-

1914 4876 2055 4930 niam
2081 4874 2217 4930 nihil
2248 4889 2392 4930 nunc
2421 4875 2546 4930 novi
2575 4874 2705 4928 dicit
2733 4873 2801 4928 ad
2829 4887 2923 4927 eos
2955 4891 2969 4927 :
3008 4891 3027 4926 ι
3053 4871 3171 4927 Non
3215 4874 3368 4940 estis,
3406 4875 3492 4930 in-

1917 4986 1936 5018 ‹
1965 4966 2102 5036 quit,
2158 4979 2426 5021 memores
2460 4965 2716 5036 quoniam
2761 4979 2885 5020 cum
2927 4964 3170 5020 adessem
3205 4966 3347 5037 apud
3396 4982 3492 5024 vos

1918 5077 1937 5110 ι
1965 5057 2082 5113 haec
2116 5056 2360 5112 dicebam
2404 5057 2594 5112 vobis?
2626 5075 2643 5108 ι
2689 5056 2893 5112 Deinde
2929 5055 3112 5126 adjicit
3143 5076 3155 5110 :
3191 5077 3210 5108 ‹
3239 5057 3307 5113 Ει
3351 5073 3494 5118 nunc

1913 5171 1931 5202 ι
1960 5151 2103 5221 quod
2141 5150 2345 5206 detinet
2381 5151 2548 5209 scitis.
2582 5157 2642 5203 ut
2672 5149 2942 5205 reveletur
2970 5149 3023 5204 in
3049 5165 3148 5206 suo
3174 5157 3432 5221 tempore.
3466 5169 3487 5204 δ

1909 5241 2048 5296 Dicit
2083 5249 2262 5297 autem
2301 5241 2442 5311 quod
2481 5255 2625 5295 nunc
2672 5240 2895 5306 detinet,
2952 5255 3018 5296 eo
3060 5240 3203 5311 quod
3249 5241 3492 5297 diabolus

1907 5333 2107 5390 dudum
2134 5334 2352 5403 quidem
2379 5333 2606 5388 voluerit
2641 5334 2745 5388 hoc
2783 5333 2926 5388 idem
2968 5331 3168 5399 facere,
3196 5333 3338 5388 Deus
3362 5348 3492 5388 vero

1909 5427 2128 5482 interim
2159 5426 2380 5493 retinet,
2405 5441 2471 5483 eo
2500 5427 2644 5497 quod
2673 5435 2886 5498 tempus
2919 5426 3110 5482 statuit
3147 5441 3494 5482 consumma-

1905 5519 2068 5574 tionis
2097 5519 2276 5574 saeculi
2306 5519 2481 5584 istius,
2505 5519 2797 5574 secundum
2824 5534 2986 5588 quam
3031 5519 3200 5573 videri
3243 5517 3491 5574 concedit

1907 5627 2050 5668 cum.
2078 5610 2192 5666 Hoc
2210 5610 2498 5676 Apostolus
2514 5609 2813 5665 nominavit
2841 5629 2859 5662 ι
2885 5609 3027 5680 quod
3053 5625 3197 5663 nunc
3219 5609 3441 5672 detinet,
3464 5627 3484 5660 ι

1908 5703 2002 5759 Dei
2033 5703 2217 5759 dicens
2241 5703 2607 5758 definitionem
2631 5702 2871 5759 detinere
2895 5717 3038 5757 eum.
3091 5698 3240 5754 Unde
3268 5698 3488 5766 adjicit:

1913 5813 1932 5846 ι
1969 5791 2036 5847 Ut
2070 5793 2334 5848 reveletur
2363 5793 2502 5849 idem
2528 5808 2625 5849 suo
2651 5801 2910 5864 tempore.
2943 5809 2964 5842 ι
3004 5789 3166 5856 Quasi
3190 5789 3280 5858 qui
3307 5789 3492 5858 prohi-

1908 5886 2102 5942 beatur
2138 5901 2279 5942 nunc
2301 5884 2474 5955 ,viderl
2503 5899 2674 5954 usque
2703 5894 2862 5951 tunc,
2891 5896 2958 5938 eo
2983 5880 3126 5950 quod
3154 5880 3334 5936 divina
3359 5881 3490 5936 delia
