3986 6338
483 387 583 444 571

1124 384 1184 438 Β.
1227 381 1482 438 RABANI
1520 380 1740 438 MAURI
1778 376 2095 436 ARCHIEP.
2135 375 2445 435 MOGUNT.
2482 377 2771 436 OPERUM
2807 376 2988 436 PARS
3024 377 3110 434 Ill.

3669 375 3796 432 5η

475 500 686 558 nitione
709 499 778 554 ad
809 512 1045 569 praisens
1081 505 1347 554 teneatur.
1391 497 1674 553 Videbitur
1703 511 1830 551 vero
1857 504 1988 550 tunc
2013 493 2068 548 in
2093 493 2148 555 Α
2173 493 2374 548 turitur
2396 495 2679 560 adventus,
2705 501 2762 549 et
2785 494 2931 564 quod
2958 493 3048 549 ille
3064 503 3388 562 operatums
3410 503 3518 560 est,
3539 501 3796 565 postea,

477 592 662 650 muli
692 592 820 658 line,
855 590 1072 660 quando
1111 599 1166 646 et
1207 590 1458 646 concedit
1497 589 1574 645 illi
1611 590 1871 645 Dominus
1917 602 2076 642 suam

478 683 764 740 ostendere
792 682 1077 748 malitiam,
1101 691 1320 752 propter
1343 681 1487 753 quod
1513 683 1653 737 bene
1675 681 1898 752 adjicit:
1925 699 1943 733 ι
1969 679 2075 751 My-

479 775 705 830 sterium
739 773 884 829 eitim
914 774 1028 844 jam
1063 774 1374 844 inoperatur
1411 775 1731 846 iniquitatis.
1764 789 1786 826 ι
1824 773 1939 828 Hoc
1963 781 2069 839 est,

481 869 582 924 etsi
619 883 722 921 non
763 877 946 936 aperte
983 869 1309 936 apostasiam
1358 878 1616 938 operatur
1661 867 1925 932 diabolus,
1975 867 2074 922 sed

481 957 632 1026 quasi
664 957 716 1010 in
746 958 1004 1027 mysterio
1034 975 1176 1014 nunc
1205 960 1414 1029 peragit
1444 975 1539 1030 per
1565 960 1775 1030 singula
1797 966 2070 1014 momenta

484 1063 580 1118 per
607 1064 754 1110 suos.
785 1064 814 1102 ιι
857 1049 1060 1118 pietate
1099 1057 1313 1105 tentans
1357 1051 1610 1105 divellere
1639 1067 1734 1106 eos
1777 1051 1869 1120 qui
1907 1051 1974 1104 ad
2003 1051 2068 1105 lio

483 1139 606 1193 dem
665 1140 972 1205 accedunt;
1029 1148 1086 1196 et
1138 1141 1240 1195 hoc
1290 1141 1466 1212 ipsum
1521 1142 1713 1195 iterum
1767 1155 2065 1197 resumens.

489 1251 506 1281 ι
543 1230 772 1286 Tantum
809 1241 866 1286 ut
893 1233 986 1301 qui
1014 1241 1162 1288 tenet
1194 1247 1354 1298 ﬂllliC,
1389 1241 1568 1288 teneat
1596 1233 1766 1288 donec
1803 1233 1870 1288 de
1895 1233 2072 1288 medio

489 1343 507 1374 ι
543 1323 652 1387 iiat,
682 1333 736 1378 et
757 1333 883 1380 tunc
905 1324 1230 1379 revelabitur
1261 1324 1347 1380 ille
1377 1326 1612 1396 iniquus.
1648 1346 1668 1379 ι
1713 1326 1881 1394 Igitur
1903 1326 2073 1380 Thes-

483 1413 898 1470 salonicensium
926 1415 1132 1470 animos
1155 1415 1237 1470 vel
1262 1417 1478 1472 occasio
1507 1432 1612 1472 non
1636 1417 1919 1472 intellecta:
1949 1417 2074 1487 Epi-

483 1503 653 1568 stolas,
684 1503 767 1557 vel
795 1504 918 1558 [icta
947 1505 1226 1569 revelatio.
1253 1521 1372 1574 qua:
1401 1521 1496 1575 per
1518 1521 1766 1560 somnum
1788 1508 2072 1576 deceperat

485 1594 834 1661 dormientes,
875 1596 958 1651 vel
1006 1597 1308 1666 aliquorum
1347 1597 1653 1667 conjectura
1699 1598 1851 1653 lsaiae
1877 1606 1932 1654 et
1968 1599 2073 1654 Da-

481 1683 658 1750 nielis,
695 1684 1412 1756 Evangeliorumque-verba
1457 1689 1523 1742 de
1573 1689 1906 1745 Antichristo
1947 1705 2074 1760 pro-

481 1775 788 1830 nuntiantis
816 1778 868 1832 in
893 1777 1024 1832 illud
1054 1787 1264 1849 tempus
1293 1779 1785 1851 interpretantium,
1829 1791 2073 1836 moverat

2179 583 2231 639 in
2271 583 2375 639 isto
2415 599 2484 638 ex
2530 592 2684 653 parte
2726 583 3040 654 completur.
3085 582 3317 639 Tantmn
3352 592 3412 640 ut
3450 583 3802 641 Romanum

2177 677 2481 749 imperium,
2512 678 2656 748 quod
2681 693 2825 734 nunc
2851 678 3130 734 universas
3159 687 3345 748 gentes
3373 685 3537 743 tenet,
3568 687 3802 735 tenere

2175 770 2352 835 cedat,
2389 778 2444 826 et
2474 769 2696 850 dimidio
2725 769 2814 832 Ide
2857 769 3056 841 medio]
3083 770 3194 835 list,
3231 779 3287 827 et
3321 779 3444 828 tunc
3472 771 3800 830 Antichri-

2175 870 2291 918 stus
2331 862 2532 926 veniet,
2574 861 2693 916 fons
2735 861 3055 931 iniquitatis,
3099 877 3261 933 quem
3303 861 3556 919 Dominus
3601 864 3799 924 Jesns

2177 953 2464 1009 interliciet
2487 951 2690 1022 Spiritu
2713 953 2824 1008 oris
2854 951 2958 1017 sui,
2987 951 3166 1008 divina
3187 953 3434 1010 videlicet
3461 965 3796 1025 potestate,

2171 1057 2229 1102 et
2248 1063 2361 1103 suae
2381 1046 2678 1116 majestatis
2705 1045 2951 1115 imperio,
2983 1047 3138 1116 cujus
3156 1047 3383 1117 jussisse
3407 1047 3609 1106 fecisse
3641 1059 3744 1106 est
3777 1071 3792 1105 :

2174 1157 2282 1196 non
2320 1139 2374 1194 in
2419 1139 2691 1194 exercitus
2739 1138 3098 1204 multitudine,
3144 1139 3334 1196 nonin
3378 1141 3572 1199 robore
3629 1142 3801 1199 mili-

2171 1238 2309 1294 tum,
2364 1247 2469 1285 non
2505 1231 2559 1286 in
2608 1230 2921 1302 angelorum
2957 1230 3179 1294 auxilio,
3216 1231 3311 1286 sed
3359 1234 3542 1288 statim
3573 1242 3652 1288 ut
3695 1234 3800 1290 ille

2175 1323 2487 1386 advenerit,
2536 1321 2891 1378 interﬁcietur
2940 1320 3346 1386 Antichristus,
3392 1332 3446 1378 et
3489 1326 3798 1395 quomodo

2175 1415 2412 1469 tenebrte
2461 1413 2589 1468 solis
2641 1412 2896 1484 fugantur
2941 1412 3210 1477 adventu.
3269 1414 3349 1470 sic
3402 1415 3794 1471 illustrations:

2175 1506 2438 1560 adventus
2481 1505 2566 1559 sui
2593 1519 2714 1560 eum
2744 1504 3002 1559 Dominus
3031 1505 3304 1570 destruet,
3337 1516 3498 1576 atque
3533 1507 3787 1574 delebit,

2175 1598 2328 1667 cujus
2355 1611 2517 1666 Opera
2549 1595 2762 1650 Satanae
2786 1604 2911 1652 sunt
2948 1611 3144 1666 opera,
3181 1608 3235 1652 et
3265 1599 3403 1654 sicut
3449 1600 3501 1654 in
3544 1599 3794 1655 Christo

2172 1690 2452 1760 plenitudo
2474 1690 2774 1744 divinitatis
2803 1689 2903 1744 fuit
2927 1691 3300 1760 corporaliter,
3329 1691 3399 1745 ita
3425 1700 3478 1746 et
3517 1691 3570 1746 in
3602 1692 3790 1746 Anti-

2179 1783 2385 1838 christo
2428 1797 2618 1837 omnes
2665 1789 2826 1836 erunt
2872 1781 3218 1838 fortitudines
3260 1792 3317 1838 et
3362 1785 3546 1854 signa,
3602 1794 3794 1854 atque.

485 1873 644 1934 atque
677 1869 1020 1933 turbaverat,
1043 1876 1102 1922 ut
1127 1869 1177 1922 in
1207 1869 1491 1939 majestate
1511 1886 1606 1925 sua
1643 1878 1768 1925 tunc
1796 1869 2068 1926 Christum
2100 1867 2150 1926 B
2174 1876 2416 1945 prodigia
2443 1913 2459 1940 ,
2515 1875 2608 1930 sed
2656 1874 2908 1928 universa
2955 1876 3234 1930 mendacia
3263 1894 3276 1929 :
3309 1877 3576 1946 quomodo
3624 1877 3792 1931 enim

484 1966 768 2026 sperarent
794 1974 912 2013 esse
933 1967 1239 2014 venturum.
1282 1959 1480 2032 (Hiera)
1511 1961 1608 2016 Cui
1632 1962 1804 2016 errori
1832 1963 2075 2016 medetur

480 2045 768 2116 Apostolus
791 2057 846 2103 et
869 2051 1108 2119 exponit,
1139 2067 1258 2122 qua:
1285 2061 1411 2107 ante
1442 2054 1728 2107 adventum
1755 2053 2075 2110 Antichristi

484 2137 714 2192 debeant
742 2141 1064 2208 praestolari,
1105 2151 1162 2196 ut
1199 2159 1320 2198 cum
1361 2143 1449 2196 illa
1485 2143 1627 2198 facta
1661 2145 1913 2212 viderint,
1951 2155 2076 2201 tunc

483 2227 654 2281 sciant
682 2227 1098 2296 Antichristum,
1125 2232 1178 2286 id
1207 2241 1309 2294 est,
1343 2234 1613 2289 hominem
1640 2237 1868 2306 peccati,
1909 2247 1962 2292 et
2015 2236 2077 2292 ft-

483 2318 612 2374 lium
647 2321 993 2389 perditionis,
1025 2325 1117 2394 qui
1148 2326 1463 2380 adversatur
1501 2337 1554 2382 et
1601 2328 1875 2384 extollitur
1913 2345 2077 2400 super

487 2425 646 2466 omne
678 2414 821 2482 quod
847 2415 1041 2470 dicitur
1076 2417 1238 2481 Deus,
1270 2429 1364 2472 aut
1397 2421 1539 2489 quod
1568 2421 1782 2487 colitur,
1811 2430 1863 2476 ct
1893 2423 1984 2492 qui
2021 2423 2075 2478 in

485 2499 683 2570 templo
719 2501 812 2557 Dei
851 2505 1054 2569 sedeat,
1095 2520 1213 2561 esse
1249 2519 1554 2564 venturum.
1593 2511 1728 2576 Nisi,
1762 2511 1955 2580 inquit,
1984 2528 2076 2570 ve-

487 2590 902 2649 neritdiscessio
924 2597 1153 2665 primum
1180 2601 1320 2669 quod
1343 2600 1530 2657 Graec
1548 2603 1744 2658 dicitur
1757 2607 2068 2674 ἀποστάσεσι,

485 2692 544 2740 ut
592 2700 780 2744 omnes
819 2698 1006 2761 gentes
1045 2708 1162 2764 qua:
1202 2692 1446 2751 Romano
1489 2696 1714 2766 imperio
1757 2697 2070 2768 subjacent,

483 2779 737 2834 recedant
761 2781 830 2838 ab
866 2783 963 2846 eis,
999 2795 1054 2840 et
1081 2787 1350 2844 revelatus
1380 2788 1564 2857 fuerit,
1593 2792 1644 2846 id
1665 2801 1769 2860 est,
1799 2803 2070 2860 ostensus,

481 2883 639 2939 quem
693 2873 935 2930 omnium
999 2879 1384 2950 prophetarum
1448 2884 1612 2938 verba
1672 2888 2069 2956 pronuntiant,

483 2961 643 3018 homo
679 2968 902 3033 peccati,
941 2967 996 3024 in
1034 2986 1142 3041 quo
1175 2971 1295 3028 fons
1329 2976 1568 3030 omnium
1597 2988 1940 3047 peccatorum
1963 2990 2066 3046 est,

483 3060 539 3107 et
577 3055 718 3113 ﬁlius
752 3060 1097 3129 perditionis,
1138 3063 1192 3117 id
1225 3071 1336 3126 est,
1379 3065 1577 3122 diaboli
1611 3087 1623 3122 :
1657 3069 1773 3138 ipse
1807 3083 1891 3125 est
1923 3073 2068 3127 enim

481 3146 856 3204 universorum
887 3152 1117 3221 perditio
1140 3154 1230 3223 qui
1261 3156 1578 3212 adversatur
1607 3157 1846 3226 Christo,
1873 3171 1928 3217 et
1950 3163 2068 3220 ideo

2177 1970 2346 2040 signis
2383 1968 2477 2022 Dei
2506 1983 2627 2038 qua:
2667 1967 3032 2036 operabantur
3077 1984 3172 2038 per
3212 1969 3425 2039 Moysen
3458 1969 3600 2040 magi
3652 1968 3781 2023 suis

2175 2061 2501 2115 resistebant
2529 2059 2840 2121 mendaciis,
2877 2067 2934 2114 et
2954 2060 3100 2130 virga
3151 2059 3318 2132 Moysi
3353 2061 3644 2116 devoravit
3665 2061 3788 2115 vir-

2175 2167 2272 2222 gas
2299 2167 2486 2206 eorum
2508 2192 2523 2216 ,
2553 2153 2626 2206 ita
2671 2151 3010 2206 mendacium
3049 2152 3370 2208 Antichristi
3397 2153 3599 2208 Christi
3635 2153 3795 2209 veri-

2175 2252 2262 2298 tas
2291 2243 2606 2298 devorahit:
2643 2244 2969 2299 seduceutur
3008 2254 3188 2299 autem
3219 2244 3338 2313 ejus
3362 2245 3660 2300 mendacio
3685 2248 3788 2316 qui

2174 2335 2466 2404 perditioni
2491 2343 2619 2390 sunt
2644 2337 2956 2406 praeparati.
2991 2335 3194 2408 (Aug.)
3226 2336 3330 2391 Alii
3359 2351 3509 2402 vero,
3541 2345 3596 2390 et
3626 2337 3788 2406 quod

2175 2429 2271 2494 ait,
2300 2447 2318 2480 ι
2348 2429 2478 2499 quid
2502 2429 2744 2484 detineat
2765 2429 2936 2495 scitis,
2957 2449 2975 2483 ι
3002 2439 3058 2486 et
3079 2431 3396 2502 mysterium
3418 2432 3648 2501 operari
3677 2430 3790 2484 ini-

2174 2521 2419 2592 quitatis,
2448 2536 2554 2575 non
2579 2530 2772 2592 putant
2791 2522 3014 2588 dictum,
3038 2523 3141 2578 nisi
3165 2523 3234 2578 de
3256 2523 3414 2578 malis
3432 2532 3486 2578 et
3511 2522 3665 2577 ﬁctis
3687 2524 3787 2593 qui

2183 2625 2308 2670 sunt
2348 2617 2401 2669 in
2435 2616 2875 2680 Ecclesia,donec
2907 2617 3230 2687 perveniant
3265 2617 3332 2673 ad
3353 2622 3564 2671 tantum
3587 2629 3793 2670 nume-

2175 2723 2318 2774 rum,
2342 2710 2530 2778 quauti
2559 2709 2778 2764 Christo
2807 2708 2922 2782 [qui
2945 2707 3300 2782 Antichristo]
3328 2723 3583 2777 magnum
3597 2723 3788 2778 popu-

2175 2799 2284 2853 lum
2329 2799 2513 2866 faciat,
2541 2801 2722 2855 ethoc
2760 2815 2881 2856 esse
2908 2801 3228 2872 mysterium
3255 2800 3583 2870 iniquitatis,
3624 2799 3790 2870 quod

2172 2893 2386 2947 videtur
2411 2893 2680 2948 occultum
2716 2911 2729 2946 :
2761 2895 2968 2950 hortari
3000 2903 3179 2950 autem
3204 2895 3516 2966 Apostolum
3550 2894 3778 2962 ﬁdeles,

2175 2982 2301 3036 utin
2324 2983 2427 3038 ﬁde
2441 2999 2602 3052 quam
2621 2993 2826 3049 tenent,
2842 2985 3107 3040 tenaciter
3123 2993 3487 3055 perseverent,
3505 2985 3784 3053 dicende,

2181 3095 2198 3128 ‹
2237 3086 2442 3132 tantum
2458 3078 2548 3148 qui
2567 3077 2726 3134 modo
2745 3085 2911 3144 tenet,
2929 3085 3127 3143 teneat,
3146 3077 3318 3134 donec
3331 3075 3394 3134 de
3410 3075 3592 3134 medio
3607 3077 3738 3146 fiat,
3762 3097 3782 3130 ι

2161 3169 2278 3226 .hoc
2305 3177 2408 3233 est,
2443 3170 2615 3225 donec
2660 3177 2817 3225 exeat
2843 3167 2910 3225 de
2947 3170 3124 3226 medio
3159 3169 3412 3226 Ecclesiae
3442 3171 3786 3242 mysterium

481 3238 1127 3335 vocatur‘Antichristus,
1165 3253 1218 3300 et
1251 3246 1528 3303 extollitur
1553 3265 1714 3319 super
1740 3267 1900 3308 omne
1926 3257 2070 3324 quod
2099 3237 2144 3301 ε
2176 3260 2480 3332 iniquitatis
2514 3263 2660 3334 quod
2689 3277 2836 3318 nunc
2860 3263 3136 3319 occultum
3158 3270 3244 3320 est
3276 3264 3383 3319 :ad
3413 3237 3593 3335 ipsum
3619 3267 3784 3322 enim

481 3329 678 3386 dicitur
705 3331 862 3395 Deus,
892 3344 1321 3396 aut-cunctarum
1345 3343 1586 3411 gentium
1612 3344 1773 3412 Deus.
1799 3347 1912 3404 sive
1948 3365 2067 3404 nm-

483 3419 652 3484 nium,
682 3422 798 3478 sive
826 3440 1040 3482 omnem
1063 3443 1284 3498 pravam
1313 3441 1371 3490 et
1406 3449 1586 3490 veram
1627 3438 1938 3509 religionem
1971 3457 2069 3497 suo

482 3509 650 3566 calcet
690 3514 846 3583 pede,
879 3526 936 3571 et
973 3516 1028 3572 in
1067 3521 1266 3590 templo
1289 3523 1381 3579 Dei
1405 3523 1489 3578 vel
1511 3526 1562 3581 in
1589 3525 1975 3601 Hierosolymis
2012 3541 2071 3588 ut

483 3601 698 3672 quidam
725 3613 932 3674 putant,
955 3611 1038 3663 vel
1057 3609 1111 3664 in
1132 3610 1396 3682 Ecclesia,
1427 3624 1489 3672 ut
1509 3619 1687 3674 verius
1717 3622 2066 3689 arbitramur.

481 3692 698 3760 sede'rit,
723 3699 1012 3758 ostendens
1031 3717 1092 3760 se
1121 3713 1376 3778 tanquam
1405 3711 1520 3782 ipse
1537 3712 1609 3768 sit
1631 3713 1878 3771 Christus
1895 3725 1952 3772 et
1974 3717 2066 3773 Fi-

481 3784 586 3842 lius
609 3787 723 3844 Dei.
770 3789 904 3858 Nisi,
933 3794 1126 3866 inquit,
1159 3809 1284 3857 ante
1314 3802 1614 3861 Romanum
1644 3807 1926 3878 imperium
1954 3811 2070 3870 fue-

481 3879 551 3934 rit
576 3880 898 3956 desolatum,
928 3897 983 3944 et
1013 3890 1380 3952 Antichristus
1420 3902 1778 3968 prmeesserit,
1817 3883 2069 3962 Christus

478 3990 586 4030 non
627 3980 823 4046 veniet,
854 3983 945 4056 qui
987 3984 1108 4041 ideo
1147 3995 1406 4047 venturus
1439 4001 1544 4058 est,
1583 4001 1642 4049 ut
1673 3994 2067 4056 Antichristum

475 4063 736 4124 destruat.
788 4069 1128 4144 Meministis,
1155 4079 1251 4146 ait,
1282 4084 1424 4152 quod
1447 4083 1563 4142 hac
1598 4086 1732 4157 ipsa,
1773 4104 1895 4158 qua:
1921 4107 2067 4148 nunc

473 4157 654 4214 scribo
687 4175 787 4229 per
810 4164 1118 4236 epistolam,
1145 4185 1268 4224 cum
1301 4175 1440 4242 apud
1471 4191 1568 4232 vos
1604 4157 2064 4250 essemipraesenti

474 4261 725 4304 sermone
751 4256 1062 4324 narrabam,
1094 4269 1152 4315 et
1177 4261 1423 4318 dicebam
1453 4267 1622 4334 vobis,
1651 4268 1922 4329 Christum
1955 4290 2063 4332 non

473 4350 593 4392 esse
636 4348 919 4400 venturum
943 4386 960 4410 ,
1014 4348 1117 4404 nisi
1156 4354 1522 4422 praesensisset
1557 4357 1958 4431 Antichristus,
2008 4374 2064 4422 et

473 4443 616 4528 nunc
637 4431 764 4502 quid
794 4433 1032 4494 detineat
1058 4442 1210 4497 scitis
1230 4451 1290 4499 ut
1310 4447 1579 4504 reveletur
1597 4451 1650 4506 in
1672 4468 1771 4508 suo
1797 4464 2059 4528 tempore,

473 4519 576 4576 hoc
603 4530 708 4590 est,
739 4539 858 4595 quae
888 4544 1048 4586 causa
1070 4533 1162 4601 sit,
1190 4544 1250 4592 ut
1267 4537 1636 4600 Antichristus
1663 4545 1714 4600 in
1741 4519 2057 4617 praesentia;

473 4625 590 4664 rum
615 4630 729 4711 non
761 4619 956 4687 veniat,
988 4625 1190 4695 optime
1215 4631 1388 4687 nostis
1425 4648 1440 4688 :
1479 4651 1580 4692 nec
1615 4639 1730 4694 vult
1765 4651 1949 4711 aperte
1979 4647 2060 4703 di-

470 4715 594 4808 cere
613 4703 1216 4787 Romanumimperium
1248 4723 1635 4786 destruendum
1669 4703 1814 4802 quod
1839 4735 1938 4806 ipsi
1963 4739 2054 4808 qui

470 4807 1049 4899 mmorant-aeternum
1098 4820 1314 4880 putant.
1370 4816 1524 4874 Unde
1575 4825 1870 4880 secundum
1913 4807 2057 4899 Apo-

439 4884 708 4982 ‘calypsin
748 4889 974 4954 Joannis
1027 4900 1079 4954 in
1138 4901 1315 4962 fronte
1376 4922 1686 4982 purpuratte
1751 4884 2052 4976 meretricis

468 4979 729 5049 scriptum
777 4995 861 5042 est
914 5005 1108 5049 nomen
1156 4979 1534 5070 blasphemiae,
1588 5007 1642 5063 id
1692 5017 1808 5071 est,
1867 5012 2051 5068 Romae

469 5079 713 5169 aeternae.
750 5076 806 5133 Si
841 5083 984 5138 enim
1016 5099 1199 5157 aperte
1245 5095 1607 5167 audacterque
1645 5101 1900 5169 dixisset,
1943 5121 2049 5161 non

468 5163 647 5254 veniet
687 5166 1072 5242 Antichristus,
1124 5182 1226 5236 nisi
1270 5185 1420 5254 prius
1461 5163 1762 5247 Romanum
1805 5163 2051 5253 deleatur

468 5251 782 5328 imperium,
823 5263 969 5334 justa
1025 5286 1185 5328 causa
1240 5279 1632 5345 persecutionis
1681 5284 1734 5339 in
1783 5287 2048 5344 orientem

469 5352 595 5447 tunc
633 5347 924 5412 Ecclesiam
953 5375 1282 5434 consurgere
1326 5367 1628 5427 videbatur.
1665 5373 1928 5448 Quodque
1958 5395 2050 5437 se-

467 5437 671 5506 quitur.
709 5461 726 5493 ι
763 5445 878 5514 jam
915 5453 1058 5506 enim
1091 5457 1406 5524 mysterium
1438 5437 1741 5533 iniquitatis
1769 5437 2046 5539 operatur.

471 5536 676 5588 tantum
709 5545 767 5591 ut
805 5540 896 5608 qui
941 5549 1086 5597 tenet
1135 5560 1279 5601 nunc
1326 5557 1504 5606 teneat
1547 5555 1718 5614 donec
1767 5536 2048 5618 dimidium

467 5619 579 5688 ﬁat,
612 5633 665 5678 et
715 5637 839 5684 tunc
885 5633 1210 5690 revelabitur
1239 5638 1324 5695 ille
1355 5643 1590 5714 iniquus,
1630 5667 1648 5700 ι
1705 5651 1845 5708 hunc
1889 5653 2050 5712 habet

467 5728 684 5818 sensum
715 5735 730 5774 ;
763 5721 937 5778 Multis
967 5727 1120 5782 malis
1150 5738 1311 5802 atque
1337 5738 1605 5805 peccatis,
1646 5743 1845 5811 quibus
1873 5745 2049 5818 impuo

469 5810 716 5872 rissimus
754 5814 1026 5880 Cassarum
1055 5825 1312 5886 mundum
1344 5834 1544 5905 premit
1572 5810 1892 5896 Antichristi
1921 5810 2046 5904 par-

2174 3357 2492 3426 mysterium
2516 3357 2792 3426 pertinere
2812 3357 3167 3425 arbitrantur,
3195 3357 3338 3429 quod
3353 3359 3428 3414 ait
3449 3359 3501 3414 in
3527 3359 3784 3431 Epistoh

2173 3460 2270 3501 sua
2294 3445 2530 3503 Joannes
2555 3465 2568 3502 :
2609 3467 2629 3499 ι
2659 3448 2738 3502 Ex
2764 3448 2919 3504 nobis
2947 3449 3219 3515 exierunt,
3248 3450 3342 3506 sed
3369 3465 3472 3506 non
3508 3459 3680 3505 erant
3707 3467 3780 3508 ex

2171 3537 2368 3610 nobis(
2399 3538 2428 3593 Ι
2463 3540 2621 3594 Joon.
2651 3553 2690 3594 ιι
2727 3539 2768 3611 ).
2804 3561 2822 3594 ι
2877 3539 3111 3614 [Greg.]
3140 3542 3284 3597 Idem
3323 3542 3561 3599 Joannes
3588 3544 3773 3600 dicit:

2179 3644 2199 3679 ι
2237 3623 2389 3684 Nunc
2431 3631 2753 3687 Antichristi
2796 3632 2950 3688 multi
2997 3632 3128 3689 facti
3173 3643 3320 3698 sunt,
3359 3649 3380 3688 ι
3421 3635 3546 3706 quia
3591 3637 3772 3708 iniqui

2169 3733 2360 3778 omnes
2383 3720 2497 3791 jam
2527 3725 2770 3779 membra
2798 3724 2914 3794 ejus
2941 3735 3089 3793 sunt,
3116 3739 3236 3798 quae
3260 3725 3467 3784 scilicet
3503 3743 3770 3799 perverse

2168 3807 2314 3867 edita
2346 3823 2508 3884 caput
2549 3831 2706 3871 suum
2740 3816 2882 3872 male
2915 3817 3142 3873 vivendo
3180 3827 3581 3889 praevenerunt.
3620 3820 3766 3877 Hine

2169 3905 2367 3962 Paulus
2398 3909 2514 3965 ait:
2553 3928 2573 3963 ι
2608 3909 2678 3967 Ut
2721 3911 2990 3968 reveletur
3025 3927 3124 3969 suo
3154 3921 3417 3986 tempore.
3461 3915 3600 3972 Nam
3639 3933 3762 3992 my-

2167 4002 2396 4057 sterium
2437 4004 2550 4075 jam
2595 4015 2849 4076 operatur
2892 4005 3227 4078 iniquitatis,
3261 4027 3278 4060 »
3315 4023 3379 4064 ac
3429 4012 3477 4065 si
3516 4010 3758 4068 diceret:

2171 4103 2299 4152 tunc
2324 4097 2692 4156 Antichristus
2719 4099 3038 4158 manifestus
3062 4102 3352 4169 videbitur,
3391 4119 3516 4159 nam
3550 4105 3608 4160 in
3639 4122 3764 4162 eor-

2169 4189 2325 4246 dihus
2355 4191 2664 4262 iniquorum
2690 4201 2901 4250 secreta
2924 4211 3020 4250 sua
3041 4196 3153 4268 jam
3182 4211 3324 4252 nunc
3353 4199 3602 4256 occultus
3631 4215 3762 4272 ope-

2167 4290 2339 4338 ratur.
2390 4283 2460 4339 Ut
2485 4285 2632 4339 cnim
2665 4285 2730 4341 de
2768 4288 3130 4357 apertioribus
3164 4289 3484 4347 criminibus
3523 4300 3757 4356 taceam,

2167 4385 2296 4428 ecce
2320 4373 2457 4429 alius
2494 4373 2648 4430 i‘ratri
2692 4377 2746 4432 in
2786 4379 2952 4434 corde
2993 4395 3093 4436 suo
3133 4381 3328 4437 tacitus
3357 4382 3594 4449 invidet,
3630 4393 3686 4440 et
3713 4387 3757 4441 si

2165 4467 2505 4522 occasionem
2557 4469 2820 4540 reperiat,
2873 4487 2998 4527 eum
3050 4471 3399 4544 supplantare
3452 4479 3755 4542 contendit,

2165 4555 2318 4624 cujus
2348 4557 2571 4616 alterius
2602 4563 2903 4618 membrum
2945 4571 3059 4631 est,
3095 4567 3196 4622 nisi
3238 4567 3304 4623 de
3343 4581 3452 4638 quo
3489 4569 3757 4642 scriptum

2162 4656 2245 4702 est
2261 4666 2273 4700 :
2297 4667 2314 4699 ι
2339 4648 2540 4705 invidia
2565 4652 2761 4708 diaboli
2777 4669 2924 4710 mors
2941 4655 3165 4712 intravit
3179 4660 3235 4714 in
3249 4659 3435 4716 orbem
3453 4664 3758 4717 terrarum?

2160 4740 2316 4812 (Sap.
2348 4746 2435 4813 ιι.)
2475 4763 2493 4796 ι
2524 4745 2676 4802 Alius
2722 4751 2898 4820 magni
2933 4751 3113 4807 meriti
3157 4767 3278 4808 esse
3345 4769 3404 4809 se
3450 4755 3751 4818 mstinmns

2157 4845 2254 4900 per
2292 4841 2558 4889 tumorem
2604 4837 2786 4893 cordis
2832 4842 3044 4897 cunctis
3091 4853 3150 4898 se
3195 4845 3512 4914 praetereas,
3564 4861 3755 4901 omnes

2157 4927 2450 4996 semetipso
2476 4928 2760 4986 inferiores
2780 4933 2972 4999 credit,
3017 4935 3171 5004 cujus
3196 4937 3416 4993 alterius
3445 4939 3750 4995 membrum

2154 5023 2255 5080 est,
2286 5018 2386 5072 nisi
2414 5017 2530 5086 ejus
2565 5020 2632 5076 de
2663 5037 2770 5092 quo
2806 5027 3066 5094 scriptum
3099 5037 3222 5083 est:
3253 5047 3272 5080 ι
3301 5028 3476 5085 Omne
3519 5031 3750 5086 sublime

2157 5105 2302 5161 videt
2326 5117 2380 5162 et
2404 5108 2519 5178 ipse
2546 5120 2629 5166 est
2653 5127 2748 5167 rex
2775 5129 2938 5184 super
2968 5118 3250 5174 universos
3283 5120 3420 5176 iilios
3441 5122 3750 5192 superbiae?

2157 5197 2178 5271 (
2202 5197 2324 5254 Job.
2359 5217 2466 5257 xu.
2499 5203 2696 5274 )Aiius
2743 5209 2927 5263 mundi
2976 5209 3137 5279 hujus
3174 5215 3472 5282 potentias:
3519 5216 3744 5286 quaerit,

2156 5309 2262 5350 non
2293 5313 2400 5367 quo
2450 5297 2570 5356 aliis
2615 5303 2804 5372 prosit,
2841 5305 2935 5361 sed
2985 5321 3092 5377 quo
3134 5309 3249 5379 ipse
3292 5307 3444 5366 alteri
3496 5313 3744 5368 subditus

2155 5399 2262 5441 non
2291 5387 2382 5452 sit,
2406 5387 2559 5458 cujus
2584 5392 2806 5449 alterius
2831 5396 3128 5452 membrum
3150 5405 3252 5464 est,
3275 5397 3377 5455 nisi
3404 5399 3522 5469 ejus
3543 5401 3612 5455 de
3635 5417 3742 5472 qur:-

2155 5481 2414 5550 scriptnm
2452 5491 2555 5550 est,
2599 5504 2618 5537 ι
2649 5487 2740 5556 qui
2779 5487 2914 5544 dixit
2945 5507 2958 5544 :
2995 5489 3210 5548 Sedebo
3236 5494 3288 5548 in
3319 5502 3502 5550 monte
3551 5495 3741 5550 Testa-

2153 5573 2318 5627 menti
2369 5574 2419 5627 in
2455 5575 2711 5633 lateribus
2742 5577 3064 5649 Aquilonis;
3094 5583 3383 5640 ascendam
3418 5600 3584 5657 super
3621 5585 3741 5641 alti-

2154 5661 2394 5718 tudinem
2431 5667 2678 5733 nuhium,
2701 5671 2890 5726 similis
2922 5689 3018 5730 ero
3044 5673 3366 5732 Altissimo?
3393 5675 3529 5748 (Isa.
3567 5688 3733 5748 xiv.»

2154 5751 2312 5809 Solus
2336 5757 2532 5828 quippe
2558 5759 2868 5818 Altissimus
2898 5765 2968 5819 ita
3012 5766 3320 5821 dominatur
3341 5781 3506 5838 super
3531 5769 3736 5834 omnia,

2152 5853 2213 5902 ut
2237 5847 2392 5902 alteri
2425 5849 2650 5908 subesse
2673 5867 2783 5909 non
2821 5856 3011 5928 possit,
3052 5870 3218 5930 quem
3255 5858 3510 5916 Diabols
3531 5858 3731 5914 imitari
