3986 6338
193 446 305 502 573

665 438 1212 499 ENARMTIONUM
1247 437 1316 496 IN
1356 439 1503 496 EPP.
1543 437 1751 498 PAULI
1788 437 1916 496 LIB.
1956 435 2120 495 XXII.
2157 469 2226 481 —-
2260 435 2330 496 IN
2366 439 2580 496 EPIST.
2619 439 2658 496 II
2695 439 2788 496 AD
2822 439 3063 498 THESS.

3350 439 3452 495 574

195 575 457 638 perverse
509 558 678 614 voluit
721 572 846 612 cum
893 571 1048 611 suum
1098 556 1396 610 dominium
1436 567 1682 626 quarens
1725 556 1776 610 ei
1804 555 1851 619 Α
1880 553 2022 624 quod
2050 569 2150 609 nec
2169 555 2314 625 justa
2337 554 2433 608 ilat
2457 554 2666 610 ratione
2695 555 2764 610 ab
2803 553 2908 609 illis
2933 555 3026 626 qui
3049 567 3114 609 ea
3135 555 3376 623 faciunt;
3401 567 3457 615 et
3533 569 3539 574 '

191 657 430 713 subesse
453 649 726 706 recusavit
750 666 764 704 :
787 648 1031 702 imitatur
1055 662 1185 717 ergo
1226 647 1508 702 Diabolum
1537 647 1780 718 quisquis

196 750 409 807 Idcirco
425 753 750 816 potestatem
777 755 930 796 suam
960 743 1182 810 appetit,
1215 742 1339 810 quia
1378 741 1428 794 ei
1457 739 1548 810 qui
1578 739 1677 794 sibi
1698 746 1782 794 est

195 855 437 912 superna
496 835 836 891 ordinatione
895 834 1217 903 praepositus
1281 831 1502 886 subesse
1553 829 1777 885 fastidit.

199 933 220 1003 (
248 934 402 984 Amo.
434 928 451 999 )
503 926 893 981 lntendendum
931 939 1061 980 vero
1086 932 1170 978 est
1210 923 1284 977 illi
1323 924 1486 993 parti,
1525 923 1780 993 quoniam

203 1021 588 1076 revelationem
632 1016 948 1072 Antichristi
999 1014 1492 1069 maniiestationem
1545 1014 1778 1080 vocavit,

199 1123 256 1169 et
285 1111 534 1182 superius
557 1109 746 1164 (licens
773 1124 785 1158 :
823 1124 843 1159 ι
876 1105 1010 1161 Cum
1041 1105 1312 1160 revelatus
1340 1102 1506 1160 fuerit
1528 1105 1722 1169 homo,
1758 1123 1776 1156 ι

199 1214 258 1260 et
285 1205 340 1258 in
372 1203 477 1257 hoc
507 1201 628 1255 loco
660 1217 679 1252 ε
706 1199 1054 1254 Revelabitur
1075 1199 1311 1268 iniquus,
1347 1217 1368 1250 s
1401 1214 1468 1254 eo
1492 1199 1633 1269 quod
1657 1199 1784 1253 Dia-

201 1294 361 1351 bolus
395 1308 607 1362 semper
641 1292 858 1362 quidem
885 1293 952 1346 ab
982 1291 1216 1346 adventu
1257 1291 1466 1346 Domini
1496 1291 1786 1345 meditatur

203 1386 338 1440 illud
379 1384 560 1438 facere
589 1383 656 1437 ad
681 1383 1023 1437 nocivitatem
1058 1383 1334 1436 hominum
1355 1421 1368 1447 ,
1418 1389 1475 1436 et
1503 1383 1685 1452 utique
1719 1383 1784 1436 il-

203 1476 298 1530 lud
338 1474 582 1538 fecisset,
633 1474 680 1529 si
715 1488 818 1528 non
848 1475 1142 1528 secundum
1189 1475 1602 1529 inenarrabilem
1633 1491 1787 1530 suam

204 1566 603 1636 providentiam
654 1565 1008 1620 continuisset
1055 1565 1196 1620 Deus
1256 1581 1398 1619 eum.
1455 1563 1782 1635 Opet'abitur

205 1673 340 1712 vero
383 1667 533 1722 tunc,
559 1667 614 1712 et
640 1657 898 1726 perducet
923 1656 1050 1711 illud
1079 1658 1134 1710 in
1167 1665 1376 1725 aperto,
1421 1656 1564 1725 quod
1585 1657 1787 1711 dudum

207 1750 311 1805 sibi
349 1751 650 1814 videbatur,
686 1765 808 1804 cum
841 1749 918 1802 illi
958 1748 1122 1803 fuerit
1159 1763 1476 1803 concessum
1513 1763 1665 1802 suam
1697 1763 1790 1803 v0-

209 1843 475 1896 lnutatem
509 1842 567 1920 in
581 1855 742 1910 opere
765 1840 1090 1909 producere;
1131 1847 1186 1893 et
1207 1838 1498 1894 ostendens
1534 1838 1787 1908 quoniam

1879 648 2135 716 quoniam
2166 648 2232 703 de
2253 646 2355 704 illis
2380 649 2472 718 qui
2499 657 2628 704 tunc
2656 648 2915 704 increduli
2946 655 3104 704 erunt
3131 648 3285 720 dixit,
3317 651 3455 707 bene

1881 738 2070 810 adjicit
2097 753 2114 793 :

1955 848 1974 882 ‹
2013 829 2122 885 Nos
2157 835 2337 886 autem
2376 829 2631 886 debemus
2670 831 2876 901 gratias
2909 843 3068 902 agere
3101 831 3213 886 Deo
3245 845 3460 902 semper

1887 933 1905 974 ο
1939 935 2040 992 pro
2092 922 2244 977 vobis
2274 962 2288 987 ,
2323 922 2518 978 fratres
2543 964 2558 990 ,
2617 921 2796 979 dilecti
2847 937 2878 979 a
2914 921 3162 990 Domino,
3196 925 3452 994 quoniam

1889 1027 1907 1063 ε
1935 1011 2210 1082 praeelegit
2241 1027 2340 1068 nos
2370 1013 2512 1069 Deus
2541 1013 2608 1070 ab
2643 1013 2798 1069 initio
2828 1027 2882 1069 tu
2909 1013 3140 1070 salutem
3171 1015 3225 1069 in
3253 1014 3458 1070 sancti-

1887 1120 1908 1155 ‹
1939 1101 2192 1158 iloatione
2224 1102 2491 1173 Spiritus,
2520 1105 2574 1159 et
2613 1104 2718 1161 ilde
2748 1105 2994 1160 veritatis
3020 1106 3074 1160 in
3105 1105 3248 1175 quod
3279 1113 3334 1160 et
3361 1119 3459 1159 vo-

1890 1213 1908 1248 s
1942 1197 2083 1250 cavit
2109 1212 2202 1252 vos
2227 1211 2327 1266 per
2353 1196 2717 1268 Evangelium,
2749 1197 2806 1252 in
2844 1199 3253 1268 acquisitionem
3278 1197 3461 1268 gloriae

1889 1305 1909 1339 ι
1945 1288 2157 1343 Domini
2201 1289 2373 1343 nostri
2417 1288 2544 1344 Jesu
2584 1289 2804 1344 Christi.
2841 1309 2862 1343 ι
2911 1291 3098 1362 Itaque
3145 1299 3199 1346 et
3239 1297 3463 1362 propter

1885 1378 2007 1442 hoc,
2040 1378 2234 1445 inquit,
2263 1393 2361 1448 pro
2387 1378 2541 1433 vobis
2571 1380 2771 1449 gratias
2809 1381 3018 1451 agimus
3045 1383 3177 1446 Deo,
3201 1381 3453 1452 quoniam

1888 1483 1980 1524 vos
2002 1469 2179 1538 elegit,
2209 1469 2284 1523 ita
2315 1478 2376 1524 ut
2401 1478 2764 1540 exspectatam
2785 1469 3044 1526 fruamini
3081 1472 3308 1527 salutem
3337 1485 3462 1540 par-

1889 1564 2115 1634 ticipans
2145 1564 2358 1634 quidem
2381 1565 2534 1620 vobis
2560 1564 2786 1636 gratiam
2818 1564 3074 1634 Spiritus,
3108 1564 3317 1619 donans
3359 1577 3457 1616 ve—

1887 1669 1950 1710 ro
1974 1657 2126 1711 vobis
2153 1656 2397 1710 veritatis
2425 1655 2602 1711 iidem.
2638 1655 2751 1712 Hoc
2793 1657 2937 1712 enim
2990 1656 3142 1712 vobis
3191 1655 3465 1726 Evangelii

1887 1749 2118 1818 prtebuit
2148 1749 2376 1812 vocatis,
2405 1745 2640 1803 futuram
2683 1749 3071 1821 gloriam:per
3113 1749 3258 1803 illam
3305 1747 3464 1802 [idem

1889 1853 2008 1910 qua:
2032 1841 2086 1894 in
2112 1839 2326 1897 Christo
2354 1849 2437 1897 est
2462 1844 2860 1913 repromittens;
2889 1851 2945 1898 et
2971 1850 3091 1914 post
3124 1843 3230 1898 hoc
3258 1861 3272 1896 :
3304 1861 3322 1893 ‹
3357 1841 3467 1896 lta-

209 1946 314 1986 nec
345 1931 433 1984 ille
456 1919 573 1985 sine
606 1944 766 1999 pmna
791 1929 914 1992 erit.
949 1929 1130 1984 addit:
1158 1947 1176 1980 ‹
1204 1930 1376 1994 Quem
1413 1928 1669 1984 Dominus
1704 1930 1790 1983 in-
1823 1919 1866 1982 Β
1900 1947 1918 1983 α
1951 1945 2076 2001 que,
2113 1933 2325 1997 fratres,
2362 1941 2519 2000 state,
2544 1940 2600 1988 et
2625 1943 2801 1990 tenete
2832 1936 3149 1990 traditiones
3174 1975 3188 2001 ,
3220 1949 3355 2004 quas
3391 1933 3468 1987 di-

215 2044 235 2076 ι
273 2022 510 2078 terﬁciet
551 2020 753 2092 Spiritu
783 2022 893 2075 oris
929 2021 1042 2085 sui,
1072 2029 1127 2075 et
1164 2023 1404 2077 destruet
1433 2022 1792 2077 illustratione

217 2134 235 2168 ι
269 2115 533 2170 adventus
561 2113 665 2168 sui.
697 2111 940 2184 (Αηιὸν.)
977 2133 995 2165 ο
1025 2111 1259 2167 Evidens
1297 2121 1404 2178 est,
1445 2114 1697 2181 quoniam
1725 2113 1792 2169 de

1897 2039 1918 2072 ι
1952 2022 2160 2077 dieistis
2203 2023 2315 2078 sive
2341 2037 2436 2094 per
2463 2024 2708 2090 verbum,
2737 2025 2849 2080 sive
2899 2039 2996 2096 per
3047 2023 3341 2094 Epistulam
3380 2037 3473 2078 no-

1899 2127 1920 2164 c
1956 2121 2144 2167 stram.
2187 2131 2206 2166 ι
2248 2113 2360 2167 Hoc
2405 2113 2546 2167 enim
2589 2114 2656 2168 ad
2706 2122 2876 2168 totum
2919 2113 3170 2180 reddidit,
3229 2114 3331 2168 hoc
3365 2119 3466 2176 est,

213 2204 433 2259 homine
473 2203 528 2258 id
553 2201 684 2258 dicit
717 2219 728 2254 :
763 2217 864 2257 nec
891 2202 1031 2256 enim
1061 2203 1316 2258 Satanam
1355 2204 1590 2272 expedit,
1630 2219 1792 2273 quem
1895 2205 2059 2260 nolite
2085 2205 2392 2274 persuaderi
2424 2206 2492 2260 sb
2526 2205 2631 2260 illis
2673 2206 2765 2276 qui
2810 2219 2908 2259 vos
2957 2207 3216 2260 seducere
3263 2204 3470 2269 volunt,

212 2301 432 2348 anteme:
469 2300 553 2348 est
600 2306 769 2361 pinna:
819 2291 1139 2358 traditurus,
1187 2293 1283 2347 sed
1325 2292 1492 2358 illum,
1541 2307 1608 2348 eo
1651 2294 1794 2364 quod
1896 2296 1990 2350 sed
2017 2306 2228 2350 manete
2257 2296 2309 2349 in
2335 2295 2439 2351 illis
2487 2312 2606 2366 quae
2649 2297 2801 2352 vobis
2836 2296 3175 2362 tradidimus,
3219 2296 3333 2351 sive
3377 2309 3474 2365 per

213 2400 482 2455 organum
509 2384 611 2440 sibi
657 2382 804 2438 illum
848 2383 915 2438 ad
953 2391 1155 2438 tantam
1185 2384 1502 2456 explendam
1531 2385 1792 2442 malitiam
1893 2388 2114 2442 verbum
2160 2397 2468 2458 prtesentes,
2531 2389 2643 2444 sive
2687 2397 2740 2446 et
2793 2391 3043 2446 absentes
3088 2405 3186 2461 per
3219 2390 3470 2455 litteras:

215 2475 442 2534 Daemon
464 2486 822 2548 opportunum
845 2477 1261 2548 cogitationibus
1283 2479 1394 2533 suis
1420 2494 1540 2534 esse
1571 2480 1791 2549 reperit,

215 2581 273 2631 et
304 2573 410 2630 hoc
448 2573 502 2628 in
543 2570 996 2643 subsequentibus
1024 2570 1260 2641 apertius
1305 2570 1664 2626 manifestavit
1711 2571 1796 2626 di-

217 2683 352 2724 cens
383 2684 396 2722 :
433 2685 452 2720 s
486 2663 652 2734 Cujus
696 2673 781 2720 est
816 2665 1078 2720 adventus
1119 2663 1413 2718 secundum
1467 2665 1797 2734 inoperatio-

221 2784 241 2814 ι
277 2775 403 2816 nem
443 2758 675 2816 Satanas.
707 2777 727 2811 ι
779 2757 957 2812 Alium
1001 2757 1288 2828 quemdam
1337 2757 1632 2812 insinuavit
1675 2771 1799 2810 eum

217 2870 342 2910 esse
392 2863 588 2926 praeter
633 2852 911 2918 Satanam,
948 2851 1102 2921 cujus
1143 2853 1512 2922 inoperotione
1559 2851 1796 2920 seipsum

217 2944 634 3001 demonstrabit.
679 2943 944 2999 Terribile
968 2952 1056 2999 est
1092 2955 1271 2998 autem
1299 2944 1442 3012 quod
1469 2944 1620 3009 dicit,
1650 2943 1797 2998 illum

217 3036 367 3091 enim
393 3036 519 3091 talia
546 3046 795 3108 agentem
816 3044 872 3090 et
889 3049 989 3105 per
1017 3044 1185 3092 totum
1219 3036 1405 3090 orbem
1425 3049 1614 3090 omnes
1629 3034 1802 3089 homi-

1895 2479 2088 2534 deinde
2110 2479 2305 2535 iterum
2334 2489 2453 2534 orat
2477 2493 2576 2550 pro
2601 2481 2680 2536 eis
2720 2498 2733 2534 :
2770 2500 2789 2533 ε
2831 2481 2950 2551 ipse
2991 2489 3170 2536 autem
3215 2479 3476 2534 Dominus

1903 2587 1922 2626 α
1959 2583 2143 2628 noster
2160 2573 2316 2630 Jesus
2344 2573 2608 2638 Christus,
2642 2581 2694 2630 et
2726 2573 2868 2629 Deus
2897 2579 2951 2628 et
2979 2582 3136 2643 pater
3161 2569 3476 2640 noster,qui

1903 2683 1921 2716 α
1960 2665 2152 2720 dilexit
2177 2679 2278 2720 nos
2309 2675 2363 2720 et
2391 2665 2537 2720 dedit
2563 2666 2717 2721 nobis
2746 2664 3169 2721 consolationem
3215 2671 3476 2718 aeternam

1903 2771 1924 2806 ι
1953 2763 2005 2809 et
2029 2770 2177 2824 spem
2204 2756 2401 2810 bonam
2433 2755 2484 2810 in
2515 2757 2709 2826 gratia,
2755 2755 3066 2811 consoletur
3096 2753 3258 2810 corda
3295 2762 3476 2808 vestra

1905 2867 1924 2898 ‹
1957 2857 2012 2902 et
2036 2847 2380 2903 eonstabiliat
2401 2848 2453 2900 in
2477 2848 2622 2902 omni
2656 2848 2822 2902 verbo
2855 2853 2909 2902 et
2939 2859 3104 2916 Opere
3131 2845 3292 2900 bono.
3332 2863 3350 2897 ι
3377 2843 3480 2912 Qui

1901 2941 2100 3013 gratia,
2134 2939 2326 3010 inquit,
2351 2953 2446 2994 sua
2473 2948 2730 2993 mternam
2756 2937 2900 2992 illam
2935 2935 3356 2992 consolationem
3385 2931 3488 2988 no?

1903 3037 1986 3092 bis
2010 3033 2246 3096 donavit,
2277 3034 2330 3088 id
2360 3042 2473 3098 est,
2515 3031 2817 3087 futurorum
2853 3031 3116 3086 bonorum
3148 3041 3330 3097 spem,
3369 3025 3483 3095 ipse

221 3143 322 3183 nes
360 3127 638 3183 discedere
673 3142 704 3182 a
733 3127 932 3198 pietate
967 3128 1283 3182 suadentem
1308 3167 1322 3190 ,
1369 3127 1546 3182 subito
1575 3127 1640 3182 de
1665 3126 1802 3181 ctelo
1902 3137 1958 3185 et
2005 3128 2298 3184 secundum
2354 3133 2672 3196 pratsentem
2725 3124 2891 3178 vitam
2939 3123 3080 3178 hanc
3127 3131 3406 3192 prosperet
3428 3127 3485 3174 et

219 3235 492 3290 apparens
526 3219 792 3285 Christus,
824 3227 880 3275 et
920 3220 1256 3274 solummodo
1299 3217 1557 3282 clamans,
1587 3231 1801 3273 cessare

1910 3224 2067 3280 corda
2105 3231 2287 3278 vestra
2344 3235 2442 3275 vos
2490 3218 2836 3284 conﬁrmans,
2894 3224 2954 3271 ut
2995 3231 3173 3279 omne,
3224 3213 3484 3284 quidquid

223 3287 388 3367 iaciet
428 3313 498 3367 ab
523 3327 704 3381 opere,
743 3323 914 3367 totum
949 3311 1100 3366 illum
1150 3315 1458 3382 expendcns
1484 3327 1498 3364 :
1529 3311 1632 3366 hoc
1659 3311 1802 3366 enim
1829 3287 1874 3351 ε
1909 3313 2034 3369 illud
2056 3313 2182 3369 boni
2204 3320 2309 3376 est,
2337 3318 2391 3367 et
2420 3310 2602 3366 dicere
2628 3317 2682 3364 et
2711 3307 2888 3364 facere
2918 3305 3158 3380 possitis.
3189 3303 3482 3376 (Paphum.

221 3401 401 3466 dicit,
457 3399 655 3470 Spiritu
701 3401 831 3467 eris,
871 3404 975 3458 hoc
1023 3411 1146 3467 est,
1190 3417 1360 3468 voce,
1405 3415 1472 3456 ex
1521 3402 1624 3456 illis
1684 3415 1804 3472 quze
1904 3408 1961 3462 in
1988 3403 2178 3461 Cotlat.
2217 3403 2391 3475 Cass.)
2429 3403 2597 3458 Deum
2628 3409 2847 3478 queque
2872 3405 3062 3471 aptare
3111 3399 3225 3454 slve
3277 3395 3481 3451 contir-

223 3493 368 3563 apud
399 3508 499 3548 nos
521 3502 649 3552 sunt
687 3509 905 3550 sumens
935 3494 1084 3559 illud,
1109 3501 1164 3550 et
1191 3495 1379 3549 dicens
1400 3531 1414 3558 ,
1447 3509 1514 3549 eo
1538 3494 1680 3564 quod
1707 3508 1804 3549 nos
1907 3510 2057 3554 mare
2083 3497 2295 3552 animos
2324 3505 2536 3551 nostros
2564 3495 2630 3548 ad
2654 3505 2812 3549 omne
2857 3505 2989 3562 opus
3024 3493 3225 3547 bonum
3268 3496 3322 3542 et
3363 3501 3486 3556 ope-

221 3585 420 3655 spiritu
456 3593 780 3655 cooperante
818 3585 1091 3640 abutimur
1133 3587 1202 3640 ad
1241 3586 1577 3642 articulatatn
1622 3585 1807 3656 loque-
1906 3588 2017 3643 rari
2056 3589 2111 3642 in
2146 3587 2303 3642 nobis
2320 3601 2382 3641 ea
2412 3600 2532 3656 qum
2559 3583 2661 3639 sibi
2691 3591 2816 3638 sunt
2842 3581 3039 3654 placita
3089 3580 3228 3634 idem
3257 3577 3488 3648 Aposto-

223 3677 360 3729 lam.
386 3675 514 3742 Qua:
533 3676 828 3732 mundum
849 3675 998 3754 illum
1020 3684 1164 3742 sunt,
1191 3676 1394 3732 referre
1418 3676 1626 3746 incipit,
1651 3676 1806 3746 cujus

221 3775 312 3822 est
342 3767 607 3824 adventus
637 3768 930 3823 secundum
959 3755 1384 3838 inoperationetn
1419 3766 1654 3832 Satanae,
1700 3767 1805 3822 hoc

217 3868 352 3924 est,
395 3861 676 3930 apparebit
723 3859 799 3916 illi
849 3859 1079 3916 Satanas
1121 3861 1193 3914 ibi
1236 3860 1549 3931 insperante
1585 3859 1802 3913 omnia:

223 3952 426 4008 deinde
462 3949 664 4019 adjicit
679 3960 734 4007 et
755 3951 884 4022 quid
913 3952 1000 4007 ille
1033 3959 1288 4021 Operatur
1317 3951 1369 4006 in
1410 3965 1494 4005 eo.
1525 3968 1544 4001 ι
1572 3949 1630 4004 ln
1659 3949 1808 4004 omni

229 4065 250 4098 ι
283 4045 484 4100 virtute
520 4051 576 4098 et
610 4044 778 4115 signis
813 4052 867 4099 et
902 4043 1160 4114 prodigiis
1199 4043 1568 4097 mendacibus.
1605 4059 1623 4092 ι
1645 4040 1812 4096 Multa

225 4140 412 4210 inquit
446 4148 506 4194 et
539 4153 730 4210 magna
775 4138 923 4209 signa
951 4152 1166 4207 quoque
1206 4144 1262 4191 et
1303 4135 1546 4206 prodigia
1593 4135 1812 4190 demon-

225 4231 433 4288 strabit
451 4246 549 4300 per
572 4244 715 4287 eum.
741 4230 884 4285 Bene
910 4239 1087 4284 autem
1115 4227 1318 4298 adjicit,
1355 4247 1374 4280 ι
1403 4227 1804 4292 mendacibus,»

225 4324 550 4388 ostendens,
577 4323 830 4393 quoniam
859 4323 912 4375 in
943 4322 1324 4391 phantasmate
1369 4320 1539 4390 magis
1567 4331 1728 4388 quam
1759 4318 1812 4372 ln

225 4431 404 4488 opere
443 4414 574 4470 facit
620 4431 704 4470 es.
740 4416 856 4481 Qua
900 4424 1078 4468 autem
1127 4413 1338 4467 ratione
1386 4413 1488 4466 hoc
1524 4410 1814 4479 operatur?

234 4529 256 4562 s
283 4509 353 4564 Et
385 4509 438 4562 in
461 4506 607 4562 omni
635 4504 945 4561 seductione
967 4503 1242 4572 injustitite
1267 4503 1319 4556 in
1347 4502 1430 4556 bis
1447 4501 1538 4571 qui
1562 4507 1812 4571 pereunt,

235 4622 256 4654 ι
296 4617 367 4656 eo
395 4599 538 4670 quod
580 4597 896 4652 charitatetn
929 4595 1173 4650 veritatis
1218 4609 1327 4648 non
1366 4600 1706 4662 receperunt,
1754 4599 1813 4644 ut.

237 4714 258 4746 ¢
298 4692 438 4748 salvi
483 4690 694 4746 ﬁerent.
728 4709 746 4743 ι
784 4689 876 4745 Sic
915 4697 1094 4743 autem
1129 4696 1286 4742 vocat
1323 4701 1416 4741 eos
1456 4685 1547 4755 qui
1587 4693 1716 4739 sunt
1762 4684 1813 4740 ei

229 4783 560 4854 accipiendi,
583 4798 682 4853 pro
708 4781 902 4851 quibus
938 4780 1254 4836 charitatem
1284 4777 1526 4834 veritatis
1556 4790 1661 4831 non
1697 4791 1817 4832 sus-

232 4883 502 4946 ceperunt
533 4883 592 4929 ut
621 4873 898 4928 solventur
926 4886 941 4925 :
972 4887 1094 4926 cum
1123 4869 1456 4934 convenerit,
1495 4867 1691 4936 inquit,
1723 4881 1816 4923 eos

233 4979 562 5038 permanere
594 4965 650 5018 in
690 4963 918 5018 veritate
946 4961 1246 5024 charitatis,
1289 4969 1343 5014 et
1389 4974 1496 5013 non
1539 4957 1817 5013 discedere

234 5060 308 5114 ab
333 5062 450 5128 ipsa
478 5072 543 5112 es
565 5071 672 5126 qua
691 5067 743 5110 et
772 5054 968 5110 salvari
1007 5059 1276 5124 poterant.
1307 5068 1324 5102 ι
1353 5049 1478 5106 Ideo
1508 5050 1674 5104 mittit
1712 5049 1817 5106 illis

243 5170 262 5202 ι
297 5151 441 5206 Deus
464 5149 832 5217 operationem
863 5145 1064 5201 erroris
1092 5152 1153 5198 ut
1178 5144 1402 5199 credant
1430 5142 1732 5208 mendacio,
1762 5150 1819 5198 et

243 5261 264 5294 ι
297 5241 612 5313 judicentur
649 5253 838 5295 omnes
885 5239 977 5308 qui
1024 5251 1131 5292 non
1175 5237 1522 5294 crediderunt
1567 5237 1816 5304 veritati,

249 5357 268 5390 |
298 5337 396 5392 sed
441 5341 830 5389 consenserunt
868 5330 1154 5400 iniquitati.
1188 5349 1206 5382 ι
1263 5329 1498 5384 Evidens
1535 5338 1637 5393 est,
1685 5343 1822 5399 quo-

243 5433 393 5485 niam
413 5427 765 5483 concessione
784 5425 876 5480 Dei
900 5424 1050 5495 qnasi
1074 5439 1210 5493 Opus
1229 5422 1346 5492 ejus
1366 5438 1487 5479 esse
1507 5424 1817 5494 adscripsit,

244 5520 362 5574 vult
387 5519 533 5576 enim
561 5520 761 5583 dicere,
805 5517 1057 5587 quoniam
1101 5530 1207 5570 non
1248 5522 1626 5583 permanentes
1652 5516 1706 5570 in
1729 5531 1820 5570 ve-

245 5615 442 5676 ritate,
481 5611 767 5667 intendunt
809 5607 1107 5665 seductioni
1153 5616 1208 5660 et
1251 5605 1471 5659 credent
1515 5606 1816 5673 mendacio,

241 5706 444 5776 justam
475 5719 688 5776 pmnam
734 5705 1045 5766 subeuntes,
1090 5716 1186 5772 pro
1223 5701 1419 5770 quibus
1457 5699 1819 5770 relinquentes

249 5801 533 5854 veritatem
573 5798 641 5852 ad
692 5794 1006 5866 lnjustitiam
1038 5793 1470 5856 declinaverunt,
1526 5780 1587 5846 ut
1632 5792 1813 5847 dicat:

253 5893 528 5952 Diabolum
577 5894 956 5958 adoraverunt,
987 5890 1302 5961 injustitiam
1338 5901 1458 5944 eam
1488 5903 1706 5954 vocans,
1753 5905 1818 5945 eo

1905 3681 1990 3736 lus
2040 3680 2200 3736 docet
2247 3677 2432 3750 (Hebr.
2485 3675 2645 3748 xm):
2694 3693 2711 3726 ‹
2755 3675 2898 3730 Deus
2933 3681 3115 3728 autem
3165 3669 3332 3740 pacis,
3396 3667 3487 3737 qui

1915 3791 1934 3825 ο
1968 3772 2153 3828 eduxit
2184 3771 2251 3825 de
2303 3768 2542 3825 tenebris
2595 3773 2868 3836 pastorem
2915 3777 3170 3835 magnum
3216 3760 3396 3816 ovium
3434 3759 3487 3814 in

1915 3883 1934 3921 ι
1967 3867 2226 3939 sanguine
2247 3863 2576 3921 Testamenti
2600 3862 2786 3918 :eterni
2818 3859 3002 3916 Jesum
3023 3857 3320 3920 Christum,
3341 3861 3490 3925 aptet

1915 3981 1934 4014 ι
1967 3975 2063 4016 vos
2091 3961 2144 4016 in
2169 3958 2314 4014 omni
2357 3959 2497 4013 bono
2541 3953 2748 4011 faciens
2798 3955 2852 4010 in
2898 3951 3053 4006 vobis
3093 3949 3236 4020 quod
3275 3947 3489 4018 placeat

1920 4077 1938 4112 ι
1975 4073 2158 4114 coram
2204 4071 2263 4113 se
2299 4075 2313 4112 :
2359 4073 2377 4108 ›
2423 4054 2564 4126 quod
2606 4053 2768 4108 etiam
2817 4043 3392 4105 'I'hessaionicensibus
3433 4050 3493 4096 ut

1911 4150 2128 4208 eveniat
2157 4151 2229 4203 ita
2255 4154 2528 4219 precatur,
2557 4144 2742 4199 dicens
2769 4161 2783 4198 :
2819 4162 2838 4195 ι
2879 4142 2995 4212 ipse
3018 4147 3195 4194 autem
3227 4137 3486 4192 Dominus

1917 4262 1937 4297 ι
1969 4241 2126 4299 Jesus
2149 4240 2396 4297 Christus
2416 4245 2469 4293 et
2495 4237 2637 4293 Deus
2658 4243 2810 4306 pater
2839 4239 3025 4289 noster
3054 4229 3144 4300 qui
3171 4227 3361 4284 dilexit
3393 4242 3492 4282 nos

1919 4357 1936 4390 ‹
1974 4344 2029 4392 et
2052 4333 2634 4391 deditconsoiationem
2663 4337 2920 4385 aeternam
2947 4331 3001 4380 et
3032 4337 3179 4394 Spem
3215 4322 3408 4376 bonam
3439 4318 3493 4372 in

1920 4447 1938 4482 ι
1974 4430 2169 4500 gratia,
2195 4425 2510 4482 cxbortetur
2533 4421 2697 4479 corda
2722 4427 2899 4477 vestra
2923 4415 3275 4472 etconllrmet
3300 4411 3351 4466 in
3375 4425 3494 4466 om-

1920 4539 1938 4573 ι
1973 4520 2026 4576 ni
2067 4531 2230 4591 opere
2283 4526 2339 4574 et
2397 4527 2649 4573 sermone
2699 4513 2865 4569 bono.
2909 4529 2928 4564 ι
2968 4508 3100 4564 Post
3151 4507 3257 4562 hoc
3305 4501 3494 4558 scribit

1917 4614 2018 4669 eis.

2521 4713 2750 4774 CAPUT
2787 4714 2876 4771 III.

1917 4815 2054 4872 Petit
2084 4813 2361 4886 Apostolus
2392 4812 2679 4886 orationem
2709 4801 2987 4886 stt/fraqii,
3016 4801 3268 4886 intorntat
3308 4817 3393 4856 eos
3436 4819 3493 4856 m

1988 4872 2374 4957 regeneratione
2421 4881 2571 4948 mali,
2615 4872 2989 4952 atque"in6itat
3034 4874 3102 4928 ad
3130 4872 3356 4928 laborem
3377 4889 3494 4928 ma-

1994 5087 2012 5120 ι
2049 5067 2125 5122 De
2147 5074 2362 5131 cretero,
2396 5063 2611 5127 fratres,
2655 5070 2810 5119 orate
2854 5077 2953 5136 pro
2993 5063 3182 5130 nobis,
3227 5071 3288 5119 ut
3316 5079 3495 5120 sermo

1927 5179 1946 5212 ‹
1982 5160 2192 5215 Domini
2217 5163 2399 5214 currat
2426 5165 2481 5212 et
2515 5156 2841 5212 clariﬂcetur
2870 5159 3009 5214 sicut
3037 5168 3092 5216 et
3129 5157 3270 5232 apud
3294 5174 3409 5224 vos,
3442 5167 3497 5214 et

1924 5259 1982 5306 ut
2028 5250 2322 5306 liberemur
2365 5248 2434 5303 ab
2485 5247 2808 5320 importunis
2857 5256 2914 5305 et
2964 5249 3120 5305 malis
3167 5249 3491 5304 hominibus.

1923 5339 2147 5413 (Ambr.)
2189 5338 2265 5393 ita
2295 5346 2356 5393 ut
2391 5345 2550 5393 orent
2585 5353 2684 5409 pro
2711 5351 2778 5394 eo
2817 5346 2874 5394 et
2912 5353 3012 5410 pro
3068 5337 3183 5408 ejus
3231 5337 3494 5394 desiderio

1922 5431 2167 5487 doctrina
2197 5429 2396 5499 ubique
2418 5427 2717 5498 profectum
2754 5431 3002 5500 accipiat,
3052 5430 3210 5486 sicuti
3258 5437 3313 5483 et
3355 5430 3494 5497 apud

1922 5523 2061 5587 illos,
2095 5521 2168 5576 ita
2202 5529 2264 5575 ut
2285 5521 2353 5576 ab
2378 5519 2629 5576 omnibus
2665 5519 2874 5576 insidiis
2921 5520 3351 5576 adversariorum
3381 5517 3492 5574 eri-

1920 5614 2360 5688 piatur:quibus
2415 5613 2690 5684 adjicitzt
2722 5611 2838 5667 Non
2886 5612 3030 5668 enim
3077 5611 3314 5666 omnium
3361 5607 3494 5663 ﬁdes

1919 5716 2023 5763 est.
2062 5725 2079 5757 ι
2107 5704 2219 5760 Hoc
2245 5715 2346 5770 est,
2372 5705 2498 5774 quia
2537 5719 2639 5758 non
2669 5717 2856 5759 omnes
2897 5701 3160 5765 credunt,
3209 5705 3336 5753 sunt
3363 5711 3493 5752 vero

1922 5798 2082 5868 quiet
2107 5793 2487 5850 contrasistant
2527 5793 2771 5857 veritati;
2804 5802 2861 5845 ut
2888 5805 3018 5861 ergo
3063 5790 3131 5843 ab
3153 5787 3363 5842 insidiis
3391 5786 3462 5842 bo

1920 5903 2040 5944 rum
2068 5886 2205 5961 eripi
2232 5885 2420 5956 possit,
2456 5884 2673 5957 dignum
2709 5882 2983 5940 existimat
3026 5879 3302 5937 orationes
3344 5891 3484 5938 esse.
