3986 6338
1109 426 1174 482 Β.
1213 421 1466 479 ΒΑΒΑΝΙ
1503 419 1726 477 MAURI
1761 417 2078 476 ARCHIEP.
2121 414 2426 473 MOGUNT.
2466 413 2752 472 OPERUM
2789 413 2968 471 PARS
3000 413 3087 472 111.
3673 413 3788 467 576

479 560 498 593 ι
529 538 728 595 Fidelis
777 549 958 595 autem
1002 537 1264 594 Dominus
1309 536 1403 606 qui
1442 533 1785 589 conﬁrmavit
1830 546 1947 596 vos,
1998 536 2056 586 et
2080 532 2134 594 Α
2157 530 2478 600 quibusdam
2503 537 2560 586 et
2601 530 2860 586 causticis
2887 529 3300 587 medicamentis
3338 547 3535 587 sanare
3571 545 3798 602 aggre-

479 652 498 685 ι
534 629 806 686 custodiet
834 645 867 684 a
897 629 1061 685 malo.
1098 627 1264 682 »Ἠοο
1298 627 1366 682 ad
1394 626 1556 680 verba
1579 623 1875 689 orationis,
1895 636 2061 692 quam
2162 623 2326 687 ditur,
2358 621 2612 692 nullaque
2635 621 2749 692 jam
2781 621 2994 676 mitium
3022 621 3317 677 verborum
3347 619 3602 678 fomenta
3631 635 3796 692 pras-

477 725 704 800 fecerat,
725 721 982 786 reddidit,
1014 720 1138 775 ﬁdei
1165 718 1478 773 ﬁrmitatem
1501 713 1824 769 adessejllis
1844 721 2060 782 oplans,
2161 716 2346 772 mittit.
2394 714 2513 770 Non
2559 714 2709 770 illam
2737 721 2978 769 teneram
3025 728 3214 769 vocem
3264 727 3330 768 ac
3371 713 3684 779 blandam,
3739 723 3804 770 ut

477 815 746 883 simulque
770 820 826 868 et
857 813 1044 868 dicens
1073 828 1085 864 :
1117 810 1373 881 quoniam
1393 821 1556 862 verus
1577 813 1660 861 est
1681 806 1823 860 Deus
1851 804 1942 874 qui
1963 817 2064 858 vo-
2163 808 2274 864 ibi:
2313 827 2332 860 ι
2366 807 2640 879 Rogamus
2663 815 2846 862 autem
2871 822 2989 871 vos,
3023 805 3244 871 fratres,
3294 807 3409 872 sed,
3465 807 3802 862 denuntia-

479 904 626 960 cavit
649 917 747 958 vos
780 903 834 956 in
870 917 965 972 spe
1009 900 1295 966 bonitatis,
1329 899 1444 968 ipse
1485 911 1581 951 VOS
1615 893 1958 950 confirmabit
2009 894 2066 948 in
2165 917 2287 957 mus
2330 901 2506 966 vobis,
2559 899 2773 964 fratres,
2832 899 2888 954 in
2922 898 3142 954 nomine
3170 898 3384 954 Domini
3428 900 3620 956 nostri
3657 897 3805 953 Jesn

483 1000 612 1064 ﬁde,
633 999 710 1053 ita
734 1007 792 1052 ut
821 998 1036 1068 assequi
1058 996 1278 1068 possitis
1309 994 1399 1050 illa
1439 995 1579 1050 bona
1619 993 1687 1047 ab
1719 991 1867 1047 omni
1894 991 2069 1046 disce-
2166 992 2388 1058 Christi,
2418 1000 2478 1047 ut
2506 992 2840 1047 subtrahatis
2869 1006 2966 1046 vos
2992 993 3060 1046 ab
3082 991 3229 1046 omni
3261 989 3426 1046 fratre
3447 991 3804 1048 ambulante

488 1095 676 1149 dentes
719 1089 1120 1146 inconvenienti
1185 1098 1311 1144 actu
1365 1105 1380 1141 :
1432 1086 1629 1156 quibus
1677 1092 1732 1140 et
1778 1082 2064 1154 adjungit:
2169 1083 2488 1139 inordinate.
2521 1102 2539 1134 ι
2575 1082 2652 1137 lbi
2689 1089 2876 1152 rogat,
2909 1081 2997 1136 hic
3024 1080 3346 1146 denuntiat;
3393 1083 3444 1136 in
3482 1082 3576 1136 illa
3625 1082 3804 1136 blan-

491 1205 509 1238 ‹
545 1183 882 1241 Conﬁdimus
927 1192 1108 1237 autem
1140 1182 1194 1236 in
1231 1180 1460 1236 Domino
1488 1180 1554 1234 de
1592 1178 1777 1243 vobis,
1811 1177 2070 1248 quoniam
2170 1174 2366 1229 dientis
2387 1172 2631 1238 affectus,
2679 1173 2733 1228 in
2763 1173 2865 1228 hac
2903 1172 3225 1228 obtestantis
3276 1175 3535 1229 severitas
3557 1182 3636 1228 et
3689 1173 3806 1227 mi-

490 1295 509 1327 ι
545 1290 666 1346 qua:
692 1273 1039 1344 principimus
1073 1279 1128 1327 et
1152 1270 1352 1336 facitis,
1378 1277 1433 1325 et
1453 1267 1688 1323 facietis.
1724 1285 1743 1317 ι
1778 1264 1914 1320 Nam
1943 1266 2073 1320 dum
2172 1269 2391 1323 nantis:
2441 1285 2459 1318 ι
2496 1267 2880 1322 denuntiamus
2912 1267 3089 1332 vobis,
3123 1267 3349 1330 fratres,
3384 1286 3402 1318 ι
3434 1267 3560 1336 quia
3627 1266 3806 1336 prius

487 1373 616 1427 dicit
663 1387 724 1426 se
765 1372 831 1426 de
875 1370 954 1426 eis
993 1369 1188 1424 bonam
1229 1367 1430 1422 habere
1469 1364 1876 1427 conﬁdentiam,
1940 1375 2075 1430 quo-
2174 1368 2426 1431 rogantes
2451 1359 2850 1429 contempsistis
2880 1357 3068 1412 audire
3095 1397 3109 1422 ,
3159 1356 3352 1411 saltem
3377 1372 3520 1410 nunc
3547 1359 3802 1410 denun-

486 1467 636 1520 niam
661 1478 880 1519 omnem
915 1461 1034 1531 ejus
1055 1460 1358 1517 doctrinam
1385 1473 1506 1514 cum
1557 1455 1918 1512 sollicitudine
1953 1451 2073 1508 efﬁ-
2175 1453 2372 1507 tiantes
2398 1452 2649 1517 obedite;
2682 1452 2960 1522 ipsamque
2987 1451 3443 1506 denuntiationem
3475 1467 3590 1504 non
3631 1450 3800 1503 nudo

488 1558 656 1622 ciunt,
681 1553 950 1611 sulliciens
975 1565 1060 1608 est
1091 1561 1146 1607 et
1167 1553 1457 1608 exhortare
1504 1545 1646 1612 illos,
1676 1554 1736 1600 ut
1763 1546 2076 1616 opinionem
2176 1541 2360 1604 verbo,
2391 1541 2484 1595 sed
2513 1555 2637 1596 cum
2677 1541 3032 1595 obtestatione
3072 1540 3306 1594 nominis
3347 1539 3555 1593 Domini
3599 1539 3806 1594 nostri

487 1664 638 1705 suam
673 1660 837 1718 Opere
874 1645 1084 1700 ﬁrmam
1128 1658 1248 1699 esse
1273 1640 1606 1696 ostendant:
1641 1645 1697 1693 et
1732 1637 1930 1691 iterum
1955 1640 2078 1687 orat
2177 1631 2303 1687 Jesu
2343 1631 2544 1686 Christi
2576 1631 2872 1686 terribilem
2925 1630 3112 1696 infert,
3161 1646 3230 1686 ne
3280 1627 3417 1685 forte
3462 1631 3804 1701 simplicem

487 1754 586 1810 pro
641 1737 748 1792 illis
797 1736 1023 1792 dicens:
1075 1755 1094 1786 ε
1138 1733 1396 1788 Dominus
1444 1737 1626 1785 autem
1669 1727 1867 1798 dirigat
1914 1724 2076 1779 corda
2180 1726 2326 1780 velut
2364 1725 2598 1779 humana
2624 1741 2758 1780 voce
2795 1725 3057 1795 prolatam
3083 1740 3302 1779 rursum
3332 1733 3803 1788 contemnerent,

486 1841 663 1887 vestra
687 1832 739 1886 in
767 1831 1036 1886 charitate
1060 1827 1178 1894 Dei,
1209 1825 1344 1881 etin
1368 1823 1633 1894 patientia
1646 1819 1872 1877 Christi.
1898 1837 1917 1869 ι
1943 1816 2081 1872 Con-
2119 1893 2126 1894 ί
2181 1832 2283 1872 nec
2319 1832 2647 1887 magnopere
2688 1819 2947 1873 ducerent
2992 1817 3424 1883 observandam;
3473 1818 3806 1886 statimque

487 1925 659 1994 tingat
701 1922 856 1979 vobis
881 1932 1201 1991 permanere
1253 1917 1306 1971 in
1335 1893 1396 1971 ea
1435 1914 1730 1976 charitatc,
1783 1924 1904 1980 quae
1949 1921 2078 1977 erga
2105 1893 2154 1955 Β
2182 1919 2239 1964 ιιι
2285 1908 2645 1978 peritissimus
2697 1909 2938 1964 medicus
2988 1908 3220 1978 putridis
3274 1908 3530 1962 membris
3571 1908 3804 1977 quibus

487 2029 610 2069 eum
644 2022 748 2078 est,
783 2011 1076 2066 tolerantes
1111 2007 1326 2064 etiamsi
1359 2016 1415 2060 et
1443 2004 1648 2074 aliquid
1671 2001 1960 2058 conveniat
1980 2011 2079 2068 pro
2179 1999 2284 2054 leni
2316 1998 2710 2056 medicamento
2737 1999 3034 2054 remedium
3090 1997 3232 2054 ferre
3266 2014 3373 2054 non
3407 2000 3578 2070 potuit
3609 2041 3628 2062 ,
3673 2014 3804 2053 me—

487 2121 552 2162 eo
580 2105 712 2175 pati.
747 2101 881 2156 Nam
911 2101 1053 2172 quod
1087 2100 1224 2155 dixit
1247 2099 1342 2153 Dei
1371 2108 1425 2154 et
1454 2095 1677 2161 Christi,
1710 2094 1762 2148 in
1792 2103 2080 2148 commune

487 2197 538 2252 id
569 2196 804 2265 positum
835 2209 960 2250 esse
983 2193 1218 2258 videtur,
1273 2191 1326 2246 id
1353 2200 1434 2247 est
1453 2231 1467 2257 ,
1505 2191 1562 2245 in
1609 2188 1879 2244 charitate
1906 2193 1960 2239 et
1983 2200 2080 2256 pa-

487 2288 703 2343 tientia.

566 2400 584 2431 ‹
622 2379 1014 2434 Denuntiamus
1069 2384 1251 2434 autem
1305 2375 1482 2438 vobis,
1533 2370 1750 2436 fratres,
1775 2369 1832 2424 in
1861 2369 2082 2424 nomine

472 425 578 482 575

2179 2092 2293 2147 deri
2322 2089 2580 2163 spiritalis
2608 2091 2739 2146 ferri
2769 2091 3031 2147 incisione
3067 2100 3361 2162 pertentat,
3418 2111 3437 2143 ι
3465 2102 3528 2146 ιιι
3557 2093 3802 2146 subtra-

2178 2182 2323 2237 hatis
2369 2198 2464 2237 vos
2500 2201 2518 2234 ι
2565 2182 2836 2252 inquiens,
2893 2202 2910 2234 ι
2951 2183 3021 2237 ab
3049 2185 3196 2238 omni
3250 2181 3417 2239 fratre
3455 2183 3794 2238 ambulante

2177 2273 2485 2330 inordinate
2523 2258 2706 2330 et'non
2736 2275 3030 2330 secundum
3061 2277 3407 2331 traditionem
3429 2291 3588 2346 quam
3618 2291 3799 2331 acce-

2177 2374 2374 2436 perunt
2404 2382 2434 2420 a
2461 2366 2633 2421 nobis.
2669 2385 2689 2418 ›
2731 2366 2916 2437 Itaque
2945 2367 3012 2421 ab
3039 2367 3124 2421 his
3147 2368 3238 2436 qui
3269 2383 3462 2423 vacare
3485 2369 3646 2438 operi
3693 2385 3796 2424 no-

495 2488 515 2522 c
549 2468 762 2524 Domini
793 2469 964 2524 nostri
989 2467 1118 2522 Jesu
1146 2466 1374 2530 Christi,
1417 2472 1478 2518 ut
1521 2462 1856 2518 subtrahatis
1882 2475 1980 2516 vos
2013 2461 2082 2514 ab
2177 2459 2315 2522 lunt,
2359 2457 2515 2527 jubet
2562 2459 2809 2513 subtrahi
2855 2467 2910 2514 et
2939 2459 3087 2513 velut
3117 2459 3359 2514 membra
3387 2461 3481 2514 otii
3517 2471 3794 2531 corrupta

499 2577 517 2611 ι
553 2558 700 2613 omni
727 2557 896 2612 fratre
943 2555 1255 2611 ambulante
1287 2554 1611 2618 inordinate,
1664 2562 1720 2606 et
1747 2567 1854 2606 non
1885 2566 2083 2607 secun-
2178 2549 2465 2621 putredine
2493 2548 2772 2614 desecari,
2802 2563 2871 2604 ne
2903 2550 3111 2605 inertia:
3150 2551 3372 2606 morbus
3405 2552 3548 2606 velut
3577 2551 3794 2606 lethale

501 2666 520 2699 ι
562 2648 690 2700 dum
717 2644 1063 2700 traditionem
1103 2660 1269 2716 quam
1308 2649 1635 2714 acceperunt
1659 2656 1692 2695 a
1718 2641 1892 2696 nobis.
1924 2661 1945 2694 ι
1974 2640 2086 2694 Ma—
2182 2643 2489 2714 contagium
2515 2643 2681 2696 etiam
2708 2655 2870 2697 sanas
2901 2642 3266 2698 membrorum
3295 2653 3471 2714 partes
3501 2643 3638 2699 tabo
3670 2660 3797 2699 ser-

495 2738 752 2794 nifestum
777 2744 860 2792 est
885 2737 1012 2792 hinc
1039 2735 1320 2790 evidenter
1350 2735 1417 2790 de
1439 2731 1854 2802 indisciplinatis
1880 2731 2083 2797 dicere,
2181 2742 2343 2802 pente
2373 2741 2704 2801 corrumpat,
2737 2733 3086 2802 dicturusque
3114 2733 3180 2787 de
3199 2733 3284 2788 his
3303 2735 3395 2804 qui
3418 2735 3638 2803 operari
3671 2735 3796 2787 suis

495 2843 632 2900 quos
657 2836 710 2882 et
750 2827 1098 2882 vehementer
1123 2825 1367 2896 corripit.
1396 2823 1726 2893 Praecipiens
1753 2822 1920 2878 etiam
1955 2830 2016 2876 ut
2052 2836 2085 2876 a
2184 2825 2435 2880 manibus
2457 2823 2666 2890 nolunt,
2711 2833 2766 2879 et
2793 2839 2990 2894 panem
3024 2840 3180 2880 suum
3207 2840 3332 2880 cum
3361 2824 3580 2881 silentio
3619 2841 3792 2879 man-

495 2917 761 2988 colloquio
782 2931 970 2973 eorum
993 2930 1112 2972 sese
1139 2915 1444 2971 cohibeant.
1473 2914 1588 2972 Hoc
1616 2923 1701 2971 est
1735 2916 1904 2980 enim,
1941 2913 2087 2986 quod
2185 2918 2399 2981 ducare,
2429 2933 2460 2972 a
2490 2918 2685 2988 quibus
2713 2919 2875 2972 etiam
2896 2917 3142 2989 praecipit
3167 2919 3615 2982 subtrahendum,
3653 2933 3798 2988 qua-

496 3007 662 3062 dicit:
713 3014 961 3078 separate
982 3006 1069 3061 vel
1102 3024 1121 3056 ¢
1160 3005 1466 3061 subtrahite
1499 3021 1616 3073 vos,
1656 3025 1676 3060 ι
1713 3006 1816 3062 hoc
1847 3013 1951 3072 est,
1992 3019 2085 3060 ac-
2185 3007 2327 3064 libus
2351 3023 2444 3064 eos
2467 3023 2499 3062 a
2523 3008 2788 3078 principio
2808 3009 3112 3080 opprobriis
3142 3010 3341 3074 inurat,
3365 3010 3653 3064 attendite.
3687 3003 3795 3063 lml

498 3103 734 3158 celerate
762 3114 1050 3158 secernere
1077 3116 1173 3156 vos
1213 3101 1282 3156 ab
1312 3099 1418 3156 illis
1445 3101 1538 3170 qui
1579 3099 1715 3156 tales
1754 3109 1900 3165 sunt,
1941 3105 1999 3153 et
2029 3106 2090 3153 ut
2187 3101 2376 3173 primis
2425 3100 2762 3157 inordinatos
2791 3101 2942 3166 dicit,
2971 3116 3070 3157 nec
3099 3101 3394 3157 secundum
3423 3101 3795 3156 traditionem

497 3211 564 3250 ne
585 3194 1040 3250 videreturverbo
1060 3199 1272 3247 tantum
1299 3191 1354 3246 id
1377 3190 1591 3246 tradere
1611 3191 1725 3244 ait:
1762 3209 1781 3242 ‹
1813 3189 1920 3260 lpsi
1939 3189 2085 3243 enim
2123 3257 2156 3264 _
2189 3192 2485 3258 ambulare,
2536 3193 2656 3248 aliis
2700 3194 2880 3249 verbis
2929 3202 3276 3250 contumaces
3305 3209 3416 3260 eos,
3461 3202 3656 3250 utpote
3691 3196 3794 3264 qni

499 3286 650 3341 scitis
677 3281 1132 3354 quemadmodum
1161 3288 1409 3351 oporteat
1441 3280 1642 3334 imitari
1674 3295 1794 3345 n08,
1826 3278 2085 3348 quoniam
2111 3257 2158 3321 (ἶ
2189 3285 2376 3340 nolunt
2411 3271 2566 3354 juxta
2595 3287 2986 3342 institutionem
3014 3287 3131 3356 ejus
3161 3287 3431 3352 incedere,
3463 3295 3518 3342 et
3548 3287 3794 3343 Inhone-

498 3392 608 3432 non
651 3376 878 3445 inquieti
901 3373 1105 3430 fuimus
1134 3373 1188 3428 in
1208 3373 1401 3428 vobis:
1440 3390 1458 3424 ι
1497 3380 1553 3426 et
1571 3371 1826 3442 quoniam
1861 3371 1964 3426 ista
1993 3370 2090 3426 ad-
2189 3387 2302 3434 stos
2322 3393 2443 3434 esse
2471 3379 2780 3451 designans,
2817 3379 2870 3434 id
2894 3388 2995 3442 est,
3023 3394 3131 3435 non
3155 3380 3539 3450 processionis,
3571 3396 3686 3436 non
3711 3381 3796 3436 vi.

504 3471 609 3523 huc
637 3483 743 3524 non
783 3475 939 3522 erant
969 3482 1163 3539 magna
1190 3467 1379 3537 adjicit
1404 3483 1418 3520 :
1481 3485 1500 3518 ι
1534 3465 1720 3537 Neque
1743 3467 1889 3522 enim
1916 3466 2088 3536 gratis
2189 3471 2480 3536 sitationis,
2535 3486 2645 3526 non
2667 3471 2840 3539 verbi,
2874 3486 2980 3527 non
3009 3473 3270 3543 temporis
3316 3473 3790 3543 opportunitatem

505 3575 698 3630 panem
731 3557 1176 3614 manducavimus
1203 3559 1346 3629 apud
1397 3558 1655 3630 aliquem,
1695 3579 1713 3612 ι
1745 3568 1802 3614 et
1829 3559 1971 3630 quod
2003 3558 2090 3614 bis
2187 3576 2482 3632 congruam
2527 3561 2921 3633 honestamque
2971 3570 3284 3628 sectantes,
3334 3563 3586 3618 omnibus
3633 3564 3790 3617 enim

505 3647 680 3717 majus
706 3658 805 3714 est,
839 3668 858 3701 ι
897 3649 991 3704 sed
1021 3649 1074 3703 in
1103 3649 1286 3706 labore
1309 3657 1363 3706 et
1393 3649 1711 3706 lassitudine
1739 3659 1898 3706 nocte
1919 3659 1975 3705 et
2002 3649 2090 3704 die

503 3751 811 3812 operantes,
843 3751 1030 3798 utnon
1059 3759 1409 3815 gravaremus
1428 3758 1753 3815 quemquam
1780 3753 2039 3800 vestrum.
2064 3763 2082 3797 ι

505 3832 574 3887 Ει
601 3834 743 3902 quod
787 3832 961 3902 majus
1002 3833 1187 3889 extolli
1240 3842 1420 3905 potest
1470 3833 1654 3903 adjicit
1682 3855 1708 3890 :-
1753 3855 1772 3888 ι
1807 3834 1922 3890 Non
1960 3837 2089 3906 quia

506 3938 615 3978 non
642 3923 991 3981 habuerimus
1019 3932 1375 3996 potestatem,
1407 3926 1502 3981 sed
1528 3934 1585 3979 ut
1609 3941 1708 3981 nos
1738 3926 1968 3981 formam
1997 3927 2090 3981 da-

506 4030 687 4071 remus
714 4016 866 4072 vobis
910 4024 970 4071 ut
1012 4017 1320 4072 imitemini.
1367 4035 1386 4070 »
1439 4017 1508 4073 Et
1533 4019 1750 4088 quidem
1781 4018 1936 4074 nobis
1966 4019 2092 4074 licet

507 4106 752 4177 accipere
798 4122 864 4162 eo
890 4107 1034 4177 quod
1084 4122 1213 4179 erga
1260 4108 1562 4163 doctrinam
1597 4123 1791 4164 vacare
1821 4109 2088 4176 videmur,

507 4201 600 4256 sed
629 4200 900 4256 noluimus
921 4241 935 4266 ,
969 4209 1030 4254 ut
1051 4201 1168 4270 ipso
1197 4216 1362 4271 opere
1386 4216 1482 4256 vos
1511 4201 1801 4257 doceamus
1830 4201 2092 4272 quemad-

511 4291 728 4346 modum
764 4291 1017 4345 convenit
1045 4291 1224 4346 facere
1253 4310 1264 4345 :
1308 4301 1363 4347 et
1395 4292 1687 4346 ostendens
1717 4294 1973 4363 quoniam
2007 4300 2092 4347 ta-

511 4383 581 4437 lia
613 4396 778 4453 agens
809 4383 951 4452 apud
996 4381 1115 4437 illos
1144 4383 1470 4454 permansit,
1523 4394 1856 4440 memoratur
1895 4385 2091 4440 iterum

512 4477 857 4533 traditionem
887 4493 1060 4534 suam.
1111 4497 1131 4530 ‹
1172 4477 1307 4533 Nam
1331 4487 1388 4536 et
1415 4494 1537 4534 cum
1567 4494 1784 4536 eramus
1815 4480 1959 4551 apud
1996 4495 2092 4537 vos

511 4576 614 4630 hoc
639 4573 1066 4644 praedicabamus
1090 4573 1260 4637 vobis,
1297 4572 1548 4642 quoniam
1576 4573 1667 4643 qui
1696 4589 1803 4630 non
1832 4573 1946 4628 vult
1965 4588 2092 4644 ope-

514 4665 656 4730 rari,
683 4678 784 4718 nec
812 4664 1116 4719 manducet.
1153 4682 1171 4714 ι
1209 4663 1333 4718 Haec
1359 4671 1415 4717 et
1437 4672 1730 4734 prmscutes
1757 4665 2090 4730 dicebamus,

512 4755 656 4826 quod
704 4756 843 4827 pigri
884 4771 1058 4826 neque
1086 4755 1410 4810 manducare
1449 4757 1556 4812 sint
1584 4757 1749 4827 digni.
1791 4756 1905 4811 Non
1932 4772 2093 4828 gene-

514 4847 700 4902 raliter
738 4847 839 4902 hoc
885 4848 1103 4912 dicens,
1141 4847 1284 4916 quod
1314 4847 1402 4902 ille
1432 4849 1522 4918 qui
1551 4864 1655 4902 non
1688 4857 1942 4918 operatur
1985 4865 2093 4904 non

515 4939 675 4993 debet
701 4938 1025 4993 manducare
1053 4955 1066 4990 :
1107 4939 1318 4994 videtur
1341 4941 1482 4994 enim
1507 4940 1619 5008 ipse
1645 4939 1939 4996 Corinthiis
1961 4941 2068 4996 scri
2093 4967 2098 4982 τ

517 5031 651 5085 hens
676 5030 832 5100 longa
861 5031 1234 5099 prosecutioue
1263 5031 1316 5086 id
1343 5031 1657 5102 explicasse,
1706 5032 1960 5101 quoniam
1989 5033 2096 5088 illis

519 5124 745 5178 debetur
767 5123 858 5193 qui
889 5122 1147 5179 doctrinae
1187 5134 1380 5180 vacant
1400 5134 1460 5179 ut
1485 5140 1514 5178 a
1539 5123 1815 5193 discipulis
1839 5140 2093 5194 corpora-

519 5214 650 5267 lium
705 5213 1003 5284 percipiant
1055 5214 1447 5270 ministerium:
1496 5213 1591 5268 scd
1634 5211 1783 5267 illum
1831 5214 1961 5269 dicit
1990 5231 2098 5270 non

520 5324 639 5365 esse
685 5310 1011 5380 operarium,
1057 5311 1147 5380 qui
1191 5321 1364 5378 neque
1390 5307 1458 5362 de
1493 5306 1808 5363 melioribus
1839 5307 2101 5363 sollicitus

521 5407 624 5466 est,
671 5415 845 5471 neque
882 5402 1162 5471 corporale
1191 5398 1393 5468 aliquid
1438 5397 1554 5451 vult
1601 5398 1831 5469 operari.
1883 5398 2100 5455 Otiosus

524 5506 650 5547 vero
668 5501 889 5548 exstans
912 5492 1138 5546 aliorum
1167 5490 1330 5543 vitam
1354 5488 1566 5544 curiose
1604 5489 1845 5556 discutit,
1875 5491 1942 5546 de
1965 5491 2102 5546 indi-

524 5584 823 5654 sciplinatis
864 5584 1062 5639 etenim
1113 5582 1186 5636 illi
1238 5591 1320 5636 est
1353 5596 1548 5637 sermo.
1601 5579 1891 5653 (Cassium)
1943 5582 2103 5638 Deni-

527 5694 631 5748 qne
661 5677 759 5732 hos
787 5677 931 5746 ipsos
960 5689 1094 5744 quos
1139 5673 1193 5728 in
1221 5673 1455 5744 Epistola
1485 5674 1657 5744 prima
1701 5676 1847 5730 molli
1892 5674 2103 5730 foverat

526 5768 828 5839 palpatione
855 5767 1164 5831 verborum,
1203 5765 1432 5836 qualiter
1459 5765 1512 5821 in
1545 5768 1801 5833 secunda,
1828 5765 1973 5824 velut
2009 5767 2099 5836 qui

531 5875 640 5915 non
683 5856 1013 5930 profecerim
1063 5857 1131 5911 ad
1181 5855 1417 5914 remedia
1470 5856 1671 5914 leniora
1717 5857 2104 5913 austerioribus

2187 3652 2334 3706 vitiis
2359 3651 2478 3707 istis
2515 3652 2881 3708 inordinatum
2907 3667 3178 3723 quemque
3211 3667 3434 3708 necesse
3473 3662 3560 3707 est
3595 3652 3788 3723 subj:-

2190 3759 2332 3799 cere.
2369 3761 2386 3793 ι
2420 3742 2488 3797 Ει
2516 3758 2622 3797 non
2655 3743 2947 3799 secundum
2979 3743 3324 3799 traditionem
3346 3759 3508 3814 quam
3538 3758 3784 3815 accepe-

2188 3842 2317 3889 runt
2343 3850 2373 3888 a
2403 3833 2575 3889 nobis.
2607 3854 2626 3886 ι
2659 3835 2716 3889 In
2748 3836 2850 3890 hoc
2888 3835 3117 3891 rebelles
3144 3851 3240 3891 eos
3277 3837 3682 3907 quodammodo
3731 3846 3790 3893 et

2189 3934 2590 3996 contemptores
2634 3933 2806 3992 notat,
2854 3927 2943 3996 qui
2974 3927 3315 3984 traditionem
3346 3943 3509 3999 quam
3555 3945 3788 4000 accepe-

2190 4024 2318 4070 runt
2362 4017 2431 4072 ab
2473 4031 2539 4072 eo
2567 4024 2752 4071 tenere
2782 4026 3170 4082 contemnant,
3228 4033 3327 4073 nec
3357 4018 3563 4072 imitari
3611 4019 3789 4074 velint

2190 4109 2244 4164 id
2290 4110 2438 4180 quod
2467 4110 2785 4180 magistrum
2813 4126 2922 4165 non
2971 4111 3144 4166 solum
3169 4110 3338 4166 verbo
3366 4111 3616 4168 docuisse
3663 4128 3785 4167 me-

2189 4200 2487 4267 minerint,
2543 4202 2638 4256 sed
2699 4203 2862 4257 etiam
2911 4217 3076 4273 opere
3129 4213 3402 4259 noverunt
3463 4204 3782 4275 perfecisse.

2197 4312 2214 4344 ι
2248 4291 2354 4362 Ipsi
2399 4293 2545 4347 enim
2585 4293 2736 4349 scitis
2783 4295 3235 4364 quemadmodum
3288 4305 3534 4368 oporteat
3575 4299 3782 4352 imitari

2189 4398 2310 4441 nos.
2347 4403 2366 4436 ι
2426 4383 2722 4440 immanem
2771 4386 3045 4443 cumulum
3093 4389 3533 4459 reprehensionis
3583 4406 3785 4462 enge-

2190 4485 2276 4533 rat
2303 4491 2426 4533 cum
2451 4476 2556 4532 hoc
2596 4493 2691 4534 eos
2735 4479 2928 4535 asserit
2955 4495 3063 4536 non
3090 4482 3381 4537 observare
3408 4483 3553 4553 quod
3580 4493 3638 4538 et
3670 4500 3786 4539 me-

2193 4569 2381 4626 morie
2407 4585 2596 4625 eorum
2621 4570 2900 4637 inhaereat,
2947 4581 3004 4628 et
3026 4573 3093 4629 ad
3121 4573 3438 4629 imitandum
3463 4589 3570 4630 non
3607 4574 3782 4630 solum

2195 4660 2362 4716 verbo
2386 4660 2687 4716 instruente
2726 4662 3031 4730 didicerint,
3061 4665 3154 4720 sed
3181 4665 3344 4720 etiam
3375 4666 3627 4736 exemplo
3655 4682 3786 4735 ope-

2197 4768 2318 4807 rum
2370 4761 2700 4822 provocante
2755 4755 3108 4824 susceperint.
3175 4775 3194 4808 ι
3229 4755 3368 4824 Quia
3401 4773 3508 4812 non
3555 4759 3782 4828 inquieti

2195 4845 2397 4900 fuimus
2425 4845 2568 4899 inter
2594 4861 2710 4901 vos.
2751 4864 2769 4896 ι
2797 4844 2930 4900 Cum
2967 4861 3026 4901 se
3045 4846 3161 4901 vult
3189 4846 3488 4918 inquietum
3523 4849 3672 4903 inter
3690 4864 3785 4904 eos

2197 4954 2304 4995 non
2349 4937 2516 4994 fuisse
2565 4951 2662 5009 per
2717 4938 2895 5007 operis
2931 4939 3250 4994 exercitium
3279 4939 3640 5010 comprobare
3691 4954 3784 4994 eos

2196 5033 2290 5103 qui
2318 5032 2533 5101 operari
2572 5031 2780 5098 nolunt,
2813 5030 3026 5086 abunde
3050 5038 3202 5085 notat
3225 5030 3512 5086 otiositatis
3539 5030 3676 5085 vitio
3701 5031 3784 5084 in-

2197 5123 2409 5194 quietos
2433 5138 2647 5194 semper
2674 5124 2928 5179 existere.
2955 5142 2974 5175 ι
3004 5122 3190 5193 Neque
3212 5123 3381 5195 gratis
3405 5138 3602 5194 panem
3631 5139 3783 5179 man-

2198 5216 2514 5272 ducavimus
2543 5217 2611 5271 ab
2637 5217 2840 5286 aliquo.
2862 5235 2880 5268 ι
2899 5214 3005 5270 Per
3026 5216 3232 5287 singula
3256 5217 3420 5271 verba
3449 5216 3779 5288 interpreta-

2200 5308 2365 5363 tionis
2379 5307 2621 5362 auxesim
2643 5306 2773 5362 facit
2792 5307 2982 5362 doctor
2994 5307 3252 5378 gentium.
3271 5306 3602 5362 Praedicator
3615 5307 3790 5361 Evan-

2202 5402 2344 5474 gelii,
2362 5403 2491 5458 dicit
2511 5418 2569 5459 se
2589 5417 2694 5457 non
2710 5402 2876 5474 gratis
2903 5416 3095 5471 panem
3120 5403 3186 5455 ab
3202 5401 3382 5470 aliquo
3403 5402 3780 5466 manducasse,

2200 5495 2289 5563 qui
2321 5494 2466 5550 novit
2516 5493 2799 5548 Dominum
2828 5492 3166 5562 pracepisse,
3206 5501 3267 5546 ut
3309 5493 3402 5562 qui
3433 5491 3780 5562 Evangelium

2202 5584 2520 5639 denuntiant
2544 5583 2610 5639 de
2623 5582 2910 5654 Evangelio
2931 5582 3117 5636 vivant
3131 5580 3182 5652 (1
3198 5581 3320 5636 Cor.
3341 5583 3442 5646 ιι),
3460 5591 3516 5637 et
3529 5597 3743 5637 rursum
3765 5600 3776 5634 :

2207 5695 2226 5726 ι
2261 5675 2463 5746 Dignus
2487 5681 2570 5730 est
2598 5673 2878 5744 Operarius
2916 5671 3039 5727 cibo
3081 5687 3181 5726 suo
3210 5671 3362 5742 (Luc.
3392 5673 3469 5742 χ).
3501 5670 3639 5728 Cum
3673 5672 3778 5726 uti-

2202 5781 2307 5836 que
2329 5779 2434 5820 non
2459 5765 2624 5835 gratis
2656 5764 2748 5834 qui
2771 5762 3116 5834 Evangelium
3138 5763 3486 5833 praedicabat,
3519 5773 3624 5818 tam
3654 5763 3780 5817 sub-

2200 5856 2328 5913 lime
2372 5865 2428 5912 et
2475 5857 2715 5927 spiritale
2761 5870 2898 5924 opus
2940 5869 3218 5921 exercens,
3245 5855 3422 5911 cibum
3459 5855 3562 5911 sibi
3597 5853 3779 5910 Domi-
