3986 6338
209 410 295 464 ἰΠ

591 405 1138 465 ENARRATIONUM
1174 406 1244 463 IN
1283 407 1431 465 EPP.
1467 407 1674 465 PAULI
1707 407 1835 464 LIB.
1873 407 2038 466 XXII.
2081 439 2149 450 —
2183 407 2251 465 IN
2287 405 2504 464 EPIST.
2541 406 2587 464 II
2618 406 2712 464 AD
2750 405 2990 463 THESS.

3364 399 3468 460 578

182 520 332 574 nicas
377 519 638 587 jussionis
681 520 1002 574 auctoritate
1046 531 1400 591 praesumeret
1443 541 1454 575 :
1503 521 1632 592 quid
1680 536 1782 576 nos
1810 520 2074 585 Alabore
2108 524 2428 594 praeberem.
2473 520 2580 576 Sed
2609 537 2678 576 ne
2725 519 2864 576 forte
2912 520 3109 577 tacitus
3150 533 3386 590 Operans
3413 529 3470 576 et

181 612 458 669 faciemus
505 614 702 684 quibus
740 629 850 670 non
880 613 1055 669 solum
1098 615 1244 672 nulla
1277 615 1592 686 praedicatio
1631 612 1786 669 verbi
1824 683 1838 689 η

183 706 483 762 commissa
509 715 614 771 est,
668 707 760 761 sed
790 721 888 762 nec
931 707 1037 761 ulla
1077 708 1293 777 quidem
1325 707 1430 763 nisi
1465 707 1660 762 animae
1689 721 1787 762 no-

185 804 324 852 strae
352 795 522 870 solius
573 812 700 851 cura
729 795 1057 850 mandatur?
1093 812 1198 866 qua
1225 797 1420 852 ﬁducia
1448 795 1639 850 otiosis
1667 810 1786 850 ma-

184 884 353 939 nibus
380 885 550 956 gratis
577 901 772 955 panem
801 887 1087 940 comedere
1123 885 1464 953 audebimus,
1506 901 1667 956 quem
1690 901 1786 941 vas

186 975 511 1042 electionis,
558 976 880 1047 Evangelica
931 977 1286 1032 sollicitudine
1320 986 1375 1033 et
1405 977 1787 1048 praedicatione

186 1068 545 1134 constrictus,
568 1067 686 1123 sine
720 1083 882 1138 opere
919 1085 1178 1124 manuum
1202 1069 1489 1125 comedere
1511 1085 1618 1124 non
1645 1083 1784 1139 prae-

188 1158 400 1214 sumit"
432 1178 450 1211 (
482 1159 591 1214 Sed
618 1160 673 1213 in
695 1159 878 1214 labore
900 1179 918 1209 ι
951 1160 1146 1230 inquit,
1183 1178 1201 1211 ι
1233 1170 1290 1217 et
1315 1159 1628 1233 fatigatione
1654 1172 1786 1229 ope-

189 1264 382 1311 rantes
412 1252 497 1307 die
523 1267 588 1306 ac
615 1261 793 1318 nocte,
822 1269 889 1308 ne
909 1269 1069 1324 quem
1097 1263 1338 1310 vestrum
1360 1272 1730 1328 gravaremus.
1762 1279 1780 1312 ι

189 1347 390 1400 Adhuc
448 1344 819 1400 additamenta
870 1361 982 1401 suae
1043 1346 1417 1417 castigationis
1473 1358 1783 1421 exaggerat.

191 1436 314 1491 Non
345 1436 492 1491 enim
524 1435 840 1506 simpliciter
865 1437 1037 1502 dixit,
1072 1453 1179 1493 non
1214 1441 1550 1498 comedimus
1573 1459 1787 1513 panem

192 1527 264 1582 ab
292 1527 476 1596 aliquo
507 1533 768 1591 vestrum,
800 1535 856 1582 et
881 1527 1159 1597 hucusque
1186 1529 1355 1584 stetit.
1381 1529 1602 1586 Poterat
1641 1533 1787 1588 enim

191 1618 370 1672 videri
413 1619 634 1689 proprio
659 1618 942 1689 otiosoque
989 1631 1206 1690 sumptu
1255 1637 1321 1676 ac
1373 1622 1646 1677 recondita
1695 1638 1789 1692 pe-

195 1711 379 1776 cunia,
411 1710 496 1765 vel
526 1711 754 1766 aliorum
781 1711 905 1766 licet
931 1728 1038 1766 non
1065 1713 1314 1780 istorum,
1357 1715 1644 1770 collatione
1691 1731 1787 1771 seu

195 1802 517 1862 muneribus
537 1812 870 1860 sustentatus
891 1803 1078 1872 fuisse,
1109 1825 1127 1857 ι
1159 1807 1253 1862 sed
1275 1807 1329 1861 in
1351 1806 1559 1872 labore,
1590 1807 1785 1876 inquit,

1887 614 2106 671 erudire
2127 629 2220 670 eos
2240 613 2429 669 volens
2453 611 2738 682 exemplis,
2757 611 2981 667 minime
2997 611 3118 666 illos
3143 610 3308 666 etiam
3330 627 3470 682 prae-

1887 714 2166 776 ceptorum
2188 705 2405 760 monitis
2427 704 2748 760 instruxisse
2761 705 3056 769 videretur,
3072 703 3258 759 infert.
3287 723 3305 755 r
3333 704 3470 761 Nam

1885 805 1942 852 et
1965 812 2088 852 cum
2108 812 2356 854 essemus
2379 797 2521 867 apud
2546 811 2663 862 vos,
2688 795 2792 851 hoc
2813 794 3269 850 denuntiabamus
3294 794 3468 862 vobis,

1885 889 2140 960 quoniam
2160 890 2208 945 si
2229 890 2352 961 quis
2367 905 2477 945 non
2499 888 2614 944 vult
2631 904 2794 959 opera
2804 889 2848 943 ri
2871 904 2973 944 nec
2992 888 3302 944 manducet.
3328 908 3346 940 ι
3365 887 3473 944 Ad-

1886 980 1993 1036 huc
2007 981 2222 1037 illorum
2242 979 2528 1048 desidiam,
2549 981 2642 1051 qui
2664 980 2899 1036 scientes
2920 995 3046 1035 eum
3071 987 3130 1034 ut
3152 979 3470 1050 magistrum

1885 1071 2086 1128 bonum
2118 1071 2379 1127 doctrinae
2406 1070 2580 1141 gratia
2624 1078 2680 1124 et
2720 1068 3079 1124 institutionis
3106 1068 3333 1124 obtentu
3360 1066 3476 1122 suis

1885 1161 2135 1217 manibus
2166 1171 2450 1232 operatum
2474 1200 2489 1224 ,
2521 1158 2725 1214 imitari
2761 1164 3136 1225 contemnunt,
3162 1165 3219 1212 et
3245 1157 3476 1228 diligen-

1888 1251 2020 1308 tiam
2039 1252 2454 1322 cautionemque
2477 1266 2632 1305 suam
2658 1257 2976 1321 exaggerat,
2994 1249 3198 1312 dicens,
3215 1263 3324 1302 non
3350 1256 3474 1302 tan-

1889 1355 2002 1403 tum
2029 1361 2087 1401 se
2109 1346 2216 1401 hoc
2243 1345 2350 1401 illis
2385 1343 2630 1415 exemplo
2653 1343 2944 1398 tradidisse
2976 1339 3332 1412 praesentem,
3380 1340 3475 1396 sed

1889 1441 2052 1496 etiam
2072 1439 2251 1495 verbis
2266 1439 2470 1511 jugiter
2484 1439 2832 1508 praedicasse,
2848 1446 2908 1492 ut
2926 1437 2974 1492 si
2995 1437 3118 1508 quis
3136 1436 3344 1492 scilicet
3367 1450 3476 1489 non

1889 1531 2004 1587 vult
2030 1530 2247 1602 Operari
2296 1547 2397 1587 nec
2433 1531 2743 1587 manducet.
2785 1528 2904 1585 Non
2940 1527 3053 1597 jam
3099 1527 3338 1584 doctoris
3389 1525 3475 1580 vel

1890 1622 2086 1677 medici
2113 1623 2284 1676 utitur
2313 1622 2380 1676 ad
2406 1637 2502 1677 eos
2531 1620 2776 1685 consilio,
2809 1619 2904 1674 sed
2935 1619 3272 1674 districtione
3303 1617 3356 1670 in
3381 1631 3476 1672 eos

1883 1711 2183 1783 iudiciaria).
2216 1713 2674 1785 pronuntiationis
2711 1711 3015 1776 invehitur,
3058 1719 3115 1765 et
3162 1707 3474 1778 Apostolica

1889 1815 2156 1877 potestate
2172 1815 2468 1877 resumpta,
2491 1804 2638 1860 velut
2659 1819 2691 1859 e
2717 1801 2972 1858 tribunali
2997 1801 3050 1856 in
3073 1808 3476 1870 contemptores

195 1899 252 1947 et
283 1891 602 1964 fatigatione
655 1904 811 1950 nocte
859 1904 914 1950 et
939 1896 1022 1950 die
1071 1907 1379 1967 operantes,
1416 1920 1435 1952 ι
1468 1899 1522 1954 id
1557 1910 1657 1965 est,
1696 1915 1792 1954 no-
1819 1892 1868 1953 B
1895 1899 2218 1954 sententiam
2257 1898 2428 1953 dicit:
2462 1896 2553 1952 illa
2601 1909 2794 1966 nempe
2832 1901 3126 1963 potestate,
3159 1905 3323 1960 quam
3353 1904 3478 1945 cum

198 1991 315 2039 stro
341 2000 504 2056 opere
533 1985 843 2056 specialiter
863 1989 1146 2042 sustentati
1177 2008 1188 2041 :
1219 1998 1274 2044 et
1300 1990 1422 2056 hoc,
1455 1990 1649 2060 inquit,
1679 2006 1788 2045 non

205 2089 306 2144 pro
345 2085 532 2131 nostra
575 2075 845 2132 voluntate
869 2079 1334 2148 perpetrabamus,
1374 2095 1475 2135 nec
1518 2095 1616 2150 pro
1645 2079 1791 2135 dele-

199 2169 457 2234 ctatione,
484 2178 546 2224 ut
571 2170 786 2240 requies
808 2181 863 2226 et
886 2173 1206 2227 exercitium
1235 2175 1477 2244 corporis
1501 2174 1785 2240 invitabat,

199 2259 296 2314 sed
340 2270 400 2314 ut
439 2263 737 2318 necessitas
781 2272 837 2318 et
868 2263 1048 2335 inopia
1077 2265 1252 2321 victus
1294 2283 1400 2322 non
1433 2267 1549 2323 sine
1587 2267 1788 2338 ingenti

199 2349 518 2419 fatigatione
564 2353 806 2424 corporis
854 2352 1035 2409 facere
1063 2355 1433 2426 compellebat.
1476 2357 1593 2414 Non
1619 2357 1790 2412 solum

199 2459 441 2513 namque
474 2460 572 2514 per
599 2455 772 2500 totum
798 2446 907 2500 dici
933 2447 1198 2517 spatium,
1232 2448 1326 2503 sed
1359 2448 1520 2504 etiam
1550 2457 1791 2519 tempore

199 2534 406 2600 noctis,
443 2535 582 2604 quod
613 2537 780 2606 quieti
810 2537 1056 2608 corporis
1107 2539 1321 2592 videtur
1367 2537 1655 2605 indultum,
1689 2541 1791 2595 hoc

198 2640 339 2694 opus
382 2641 638 2681 manuum
671 2643 768 2698 pro
817 2644 954 2684 escae
1003 2628 1366 2685 sollicitudine
1421 2631 1793 2686 indesinenter

201 2718 484 2788 urgebam.
522 2718 633 2775 Nec
672 2729 854 2776 tamen
910 2736 968 2776 se
1020 2721 1193 2776 solum
1239 2723 1476 2777 totaliter
1508 2725 1650 2778 inter
1698 2740 1792 2780 eos

203 2815 584 2862 conversatum
621 2807 785 2864 fuisse
835 2818 1084 2876 testatur,
1134 2827 1202 2866 ne
1239 2811 1378 2867 forte
1418 2829 1524 2867 non
1575 2829 1789 2885 magna,

203 2914 308 2952 nec
335 2899 603 2970 generalis
643 2898 914 2955 videretur
969 2902 1084 2956 haec
1128 2901 1327 2969 forma,
1383 2903 1427 2958 si
1456 2904 1627 2974 ipsius
1676 2913 1793 2958 tan-

202 2998 321 3044 tum
384 2992 689 3047 traderetur
741 2995 1029 3065 exemplo:
1092 2995 1188 3050 sed
1233 2997 1397 3052 etiam
1449 3011 1636 3052 omnes
1701 2997 1794 3068 qui

204 3095 359 3138 erant
420 3099 605 3139 secum
651 3085 718 3140 ad
773 3086 1135 3142 ministerium
1185 3088 1463 3161 Evangelii
1526 3090 1790 3161 deputati,

206 3177 259 3231 id
314 3185 420 3244 est,
477 3177 751 3234 Silvanum
797 3189 852 3234 et
891 3181 1252 3248 Timotheum,
1299 3183 1392 3254 qui
1447 3185 1563 3239 haec
1603 3186 1792 3240 eadem

207 3285 329 3323 cum
362 3285 429 3324 eo
460 3271 723 3338 scribunt,
773 3273 969 3327 asserit
1010 3273 1174 3327 simili
1199 3289 1362 3343 opere
1395 3274 1689 3331 laborasse.
1731 3276 1789 3330 In
1820 3257 1865 3320 (ἶ

208 3377 273 3416 co
288 3362 476 3428 etiam,
491 3362 634 3431 quod
648 3362 806 3417 dicit:
831 3382 849 3414 ι
869 3379 936 3419 ne
947 3378 1107 3434 quem
1131 3374 1366 3420 vestrum
1383 3380 1755 3434 gravaremus,
1768 3385 1787 3418 ι

211 3451 595 3508 verecundiam
617 3455 698 3510 eis
731 3454 925 3510 incutit
953 3471 1243 3527 magnam:
1286 3457 1331 3512 si
1375 3457 1520 3513 enim
1570 3456 1662 3512 ille
1701 3457 1795 3528 qui

212 3545 566 3617 Evangelium
622 3547 954 3616 praedicabat
1001 3549 1168 3619 signis
1220 3548 1349 3605 illud
1400 3549 1798 3620 virtutibusque

213 3639 623 3705 commendans,
669 3655 737 3694 ne
765 3650 1013 3712 gravaret
1051 3642 1380 3712 quempiam,
1409 3644 1578 3712 gratis
1603 3657 1794 3713 panem

211 3730 545 3784 manducare
571 3745 678 3785 non
709 3731 890 3798 audet,
933 3733 1202 3800 quomodo
1234 3732 1309 3786 illi
1368 3750 1474 3788 non
1529 3735 1799 3790 aestiment

211 3840 270 3878 se
304 3840 534 3894 gravare
556 3825 646 3894 qui
669 3825 904 3895 quotidie
925 3840 1049 3879 eum
1070 3826 1228 3881 otiosi
1270 3841 1438 3880 vacan
1448 3836 1632 3896 tesque
1659 3843 1797 3896 prae-

211 3916 472 3971 sumunt?
490 3936 508 3968 ‹
534 3916 650 3973 Non
673 3919 825 3987 quasi
849 3935 954 3973 non
985 3919 1310 3974 haberemus
1331 3928 1678 3989 potestatem,
1700 3921 1796 3988 ait,

212 4013 310 4069 sed
338 4021 402 4066 ut
426 4014 788 4082 nosmetipsos
811 4011 1040 4069 formam
1062 4013 1315 4070 daremus
1329 4014 1478 4069 vobis
1497 4015 1562 4068 ad
1584 4014 1801 4068 imitan-

210 4103 344 4158 dum
371 4118 492 4159 nos.
517 4123 536 4156 ι
565 4103 758 4159 Pandit
779 4120 1019 4170 causam,
1036 4119 1133 4160 cur
1152 4105 1255 4160 sibi
1279 4113 1489 4159 tantum
1504 4103 1804 4158 Iaborisin-

208 4197 436 4262 dixerit,
472 4205 578 4263 «ut,
618 4197 814 4266 inquit,
852 4196 1083 4252 formam
1112 4196 1366 4252 daremus
1400 4196 1554 4251 vobis
1593 4196 1661 4251 ad
1683 4195 1803 4248 imi-

210 4287 444 4341 tandum
461 4302 614 4354 nos,»
632 4295 692 4342 ut
710 4287 756 4342 si
777 4285 916 4343 forte
937 4287 1239 4342 doctrinam
1263 4287 1552 4342 verborum
1580 4286 1803 4341 auribus

207 4375 421 4430 vestris
434 4374 745 4447 frequenter
767 4377 1032 4448 ingestam
1090 4376 1345 4433 oblivioni
1365 4376 1675 4442 traderetis,
1699 4375 1805 4433 sal-

212 4479 328 4524 tem
350 4471 780 4526 conversationis
807 4471 1052 4542 exen‘ipla
1078 4472 1179 4527 sub
1209 4471 1492 4527 oculorum
1518 4471 1624 4528 ﬁde
1651 4471 1804 4527 vobis

213 4561 423 4615 tradita
445 4563 760 4617 memoriter
795 4562 1102 4618 retineretis
1127 4581 1140 4617 :
1170 4563 1315 4618 haud
1345 4563 1514 4619 levior
1536 4580 1721 4620 eorum
1747 4572 1802 4618 et

213 4655 274 4712 in
304 4657 412 4711 hoc
450 4658 818 4726 reprehensio,
859 4673 981 4713 cum
1017 4657 1168 4723 dicit,
1201 4672 1259 4712 se
1307 4657 1452 4712 nulla
1481 4657 1611 4723 alia,
1639 4673 1802 4728 quam

215 4748 459 4820 exempli
515 4749 688 4821 gratia
729 4749 968 4805 laborem
1019 4750 1162 4804 hunc
1205 4756 1261 4803 et
1305 4747 1674 4820 fatigationem
1719 4749 1805 4804 die

215 4849 497 4910 noctuque
523 4840 766 4911 corporis
788 4841 1050 4912 exegisse,
1088 4847 1143 4894 et
1177 4852 1270 4894 cos
1301 4837 1652 4894 nihilominus
1681 4853 1806 4894 eru-

218 4935 327 4990 diri
375 4934 538 5000 nolle,
566 4943 785 5004 propter
821 4949 957 5004 quos
994 4934 1107 5004 ipse
1140 4932 1522 4990 necessitatem
1561 4946 1670 4986 non
1709 4931 1806 4985 ha-

217 5029 387 5092 bens,
422 5026 524 5082 sibi
559 5035 765 5082 tantum
794 5026 1125 5097 fatigationis
1155 5025 1430 5081 indixerit.
1472 5024 1540 5078 Et
1562 5023 1803 5094 quidem,

219 5117 425 5188 inquit,
455 5133 578 5172 cum
605 5117 953 5172 habuerimus
980 5124 1318 5188 potestatem,
1349 5124 1404 5172 et
1437 5122 1685 5186 paterent
1711 5129 1809 5170 no-

219 5209 310 5266 bis
359 5209 645 5265 facultates
671 5210 914 5266 omnium
965 5209 1211 5273 fratrum,
1253 5218 1418 5281 atque
1469 5209 1806 5275 substantiae,

223 5308 281 5354 et
311 5299 500 5355 utendi
528 5300 608 5356 eis
645 5299 854 5356 Domini
885 5301 1054 5356 nostri
1084 5316 1297 5356 nossem
1340 5316 1426 5356 me
1451 5301 1652 5357 habere
1685 5315 1810 5371 per-

225 5390 483 5455 missum,
533 5405 639 5444 non
683 5405 803 5446 sum
866 5399 1046 5446 tamen
1100 5407 1232 5446 usus
1280 5392 1380 5445 hac
1407 5399 1695 5460 potestate,
1742 5406 1811 5446 ne

227 5479 376 5548 quod
404 5493 436 5532 a
459 5492 545 5534 me
586 5480 722 5535 bene
745 5495 808 5535 ac
835 5479 980 5535 licite
1011 5479 1187 5544 ﬁeret,
1221 5477 1342 5533 aliis
1371 5479 1467 5533 otii
1496 5481 1643 5534 noxii
1674 5494 1812 5550 prte-

229 5570 390 5626 beret
418 5572 753 5643 exemplum;
797 5583 852 5629 et
883 5574 1084 5630 idcirco
1122 5571 1471 5642 Evangelium
1509 5571 1813 5643 praedicans

233 5662 376 5717 meis
409 5663 656 5720 manibus
675 5673 836 5736 atque
853 5680 1017 5737 opere
1044 5663 1208 5720 malui
1236 5664 1551 5728 sustentari,
1573 5671 1636 5718 ut
1661 5663 1814 5719 vobis

238 5769 455 5825 quoque
477 5756 780 5813 volentibus
824 5757 928 5812 iter
969 5756 1189 5812 virtutis
1219 5755 1493 5821 incedere,
1520 5754 1662 5810 viam
1691 5771 1813 5825 per-

241 5844 494 5906 fectionis
532 5851 816 5920 aperirem,
865 5861 921 5908 et
945 5849 1372 5909 conversationis
1417 5847 1646 5904 formam
1692 5864 1812 5906 meo

1887 1989 2330 2045 interminatione
2375 1988 2623 2045 scribens
2677 1987 2746 2042 ad
2798 1982 3110 2041 Corinthios
3163 1999 3195 2038 a
3250 1981 3478 2037 Domino

1887 2080 1992 2137 sibi
2028 2081 2264 2137 asseruit
2288 2081 2492 2147 datam,
2517 2095 2641 2135 cum
2668 2094 2762 2134 eos
2790 2079 2844 2132 in
2882 2075 3083 2133 delicto
3108 2075 3313 2145 positos
3339 2088 3478 2144 prae-

1888 2184 2162 2241 moneret,
2204 2184 2264 2230 ut
2307 2182 2433 2229 ante
2474 2173 2766 2227 adventum
2803 2187 2960 2226 suum
3000 2168 3319 2239 semetipsos
3360 2181 3480 2222 cor-

1889 2279 2065 2334 rigere
2087 2264 2426 2328 festinarent,
2460 2264 2534 2318 ita
2550 2263 2871 2334 praecipiens
2895 2280 2909 2316 :
2943 2279 2962 2312 ‹
2992 2260 3266 2332 Rogamus
3288 2274 3386 2314 vos
3406 2272 3478 2314 ne

1887 2373 2129 2430 prtesens
2155 2359 2447 2430 compellar
2478 2359 2683 2413 audere
2709 2357 2764 2412 in
2791 2355 3057 2426 quosdam
3083 2360 3352 2425 potestate
3387 2349 3479 2406 illa

1889 2463 2008 2519 quae
2027 2449 2152 2503 data
2173 2458 2257 2504 est
2278 2448 2410 2502 mihi
2434 2449 2490 2501 in
2512 2447 2668 2502 vobis
2687 2445 2740 2518 (Ι
2748 2446 2774 2499 I
2808 2443 2931 2500 Cor.
2961 2444 3043 2517 x).
3076 2463 3095 2497 ι
3130 2443 3198 2498 Et
3237 2443 3478 2497 iterum:

1895 2557 1913 2591 ι
1943 2539 2000 2594 Si
2024 2540 2169 2595 enim
2193 2539 2416 2595 voluero
2443 2538 2648 2610 aliquid
2672 2537 2892 2610 gloriari
2925 2537 2990 2592 de
3027 2543 3296 2606 potestate
3317 2547 3480 2603 quam

1888 2629 2040 2685 dedit
2065 2631 2197 2686 mihi
2239 2630 2518 2694 Dominus,
2563 2629 2618 2683 in
2658 2626 3038 2690 aediﬁcatione,
3083 2633 3136 2680 et
3162 2640 3270 2680 non
3309 2623 3364 2678 in
3390 2622 3483 2676 de-

1890 2721 2186 2776 structione
2207 2729 2410 2786 vestra,
2437 2735 2546 2774 non
2574 2718 2893 2773 erubescam
2917 2715 3004 2789 (II
3024 2713 3148 2770 Cor.
3175 2715 3317 2782 xm).
3342 2733 3361 2766 ι
3388 2699 3482 2767 Illa

1890 2812 2111 2882 inquam
2139 2820 2407 2882 potestate
2448 2793 2782 2882 pronuntial,
2817 2827 2835 2860 ι
2867 2809 2922 2864 Si
2950 2808 3071 2878 quis
3095 2824 3203 2862 non
3223 2806 3339 2861 vult
3355 2819 3483 2875 ope-

1892 2905 2024 2972 rari,
2051 2920 2151 2960 nec
2177 2905 2486 2969 manducet,
2510 2922 2528 2955 ι
2552 2919 2658 2957 ιιοιι
2674 2901 2853 2973 gladio
2869 2900 3076 2956 carnali
3097 2914 3191 2955 eos
3206 2899 3480 2963 addicens,

1893 2997 1986 3052 sed
2013 2994 2339 3050 auctoritate
2363 2993 2537 3050 sancti
2584 2993 2820 3063 Spiritus
2847 2989 3008 3062 hujus
3032 2992 3157 3045 vita:
3199 2990 3278 3045 eis
3315 2989 3485 3044 inter-

1893 3088 2077 3146 dicens
2098 3087 2476 3152 substantiam,
2509 3094 2568 3140 ut
2595 3085 2642 3142 si
2666 3085 2806 3140 forte
2849 3097 3068 3154 penam
3107 3081 3306 3136 futurae
3333 3095 3478 3136 mor-

1895 3181 1968 3236 tis
2005 3180 2225 3236 minime
2253 3180 2550 3251 cogitantes
2579 3178 2753 3234 adhuc
2779 3175 2978 3232 vellent
3009 3191 3196 3232 amore
3234 3175 3330 3230 otii
3367 3175 3484 3230 exi-

1897 3281 2038 3330 stere
2075 3282 2445 3338 contumaces,
2475 3270 2668 3327 saltem
2709 3270 3038 3326 necessitate
3084 3267 3319 3322 naturali
3362 3281 3488 3322 eon-

1895 3366 2070 3422 stricti
2113 3374 2170 3421 et
2213 3374 2360 3420 metu
2389 3363 2672 3436 prmsentis
2722 3361 2996 3426 interitus,
3047 3357 3304 3414 salutaria
3352 3373 3485 3428 pra:-

1895 3469 2052 3530 cepta
2097 3459 2372 3530 suscipere
2416 3449 2700 3530 cogantd‘r.
2750 3455 2902 3523 Quod
2951 3452 3192 3525 apertius
3241 3451 3489 3508 indicans

1897 3549 2049 3606 dicit.
3529 3599 3536 3606 .

1988 3567 2049 3604 ιι.

1953 3567 1995 3672 cc
2019 3620 2338 3676 Audivimus
2358 3620 2503 3676 enim
2524 3619 2785 3692 quosdam
2811 3618 3154 3674 ambulantes
3172 3619 3228 3673 in
3239 3617 3489 3673 vobisin-

1905 3731 1923 3765 ‹
1948 3714 2146 3784 quiete,
2167 3713 2300 3768 nihil
2313 3722 2622 3783 operantes,
2637 3713 2732 3768 sed
2747 3712 2959 3767 curiose
2974 3712 3214 3782 agentes.
3245 3730 3263 3762 ι
3283 3707 3485 3783 (Δηώ.)

1899 3804 2125 3860 Curiose
2153 3820 2312 3873 agerc
2347 3805 2552 3871 dicens,
2579 3804 2732 3874 quasi
2774 3803 2868 3874 qui
2907 3803 3021 3858 otio
3053 3801 3231 3867 abusi,
3271 3801 3338 3855 ad
3385 3801 3492 3855 hoc

1900 3906 2101 3953 vacant
2159 3904 2218 3950 ut
2279 3898 2510 3951 altorum
2579 3896 2894 3951 examinem
2937 3895 3126 3959 vitam,
3181 3891 3325 3962 quod
3371 3889 3491 3946 fieri

1903 3991 2058 4062 quasi
2085 3991 2468 4046 inconveniens
2488 3989 2779 4055 abdicabit,
2813 3986 3133 4057 praecipiens
3167 3985 3386 4055 quidem
3421 3983 3488 4037 il-

1901 4080 1990 4148 lis,
2021 4089 2081 4136 ut
2123 4089 2380 4151 separent
2421 4096 2479 4136 se
2512 4095 2544 4134 a
2602 4079 2819 4144 talibus,
2860 4079 3048 4134 dicens
3088 4076 3346 4146 quoniam
3392 4090 3492 4130 nec

1903 4175 2233 4231 manducare
2264 4174 2372 4228 sint
2397 4172 2544 4244 digni
2583 4171 2630 4228 si
2665 4188 2774 4227 non
2817 4169 3032 4241 operari
3076 4167 3347 4222 voluerint
3381 4183 3395 4219 :
3438 4173 3494 4222 et

1906 4265 2267 4322 abundantius
2281 4264 2411 4319 illud
2424 4263 2666 4335 pandens
2688 4262 2873 4334 adjicit
2898 4281 2910 4316 :
2931 4281 2950 4314 ι
2969 4259 3080 4315 Illis
3095 4267 3278 4314 autem
3293 4259 3384 4329 qui
3400 4258 3494 4312 hu-

1899 4356 2138 4429 jusmodi
2190 4364 2316 4411 sunt
2356 4355 2722 4426 praecipimus,
2760 4363 2814 4409 et
2859 4354 3211 4408 obsecramus
3250 4363 3348 4420 per
3385 4349 3492 4404 Do-

1906 4452 2114 4507 minum
2154 4458 2398 4505 nostrum
2439 4446 2625 4503 Jesum
2658 4445 2954 4511 Christum,
2986 4453 3047 4499 ut
3072 4459 3197 4499 cum
3229 4441 3491 4498 modestia

1907 4550 2193 4612 operantes
2211 4555 2366 4595 suum
2389 4554 2583 4608 panem
2600 4538 2942 4593 manducent.
2966 4555 2986 4588 ι
3007 4535 3125 4591 Νοιι
3141 4534 3390 4590 absolute
3412 4534 3494 4588 di-

1831 4619 1882 4678 Ῑ)
1909 4649 2038 4690 cens
2065 4643 2124 4688 ut
2152 4640 2464 4703 operentur,
2499 4632 2592 4687 sed
2625 4631 2824 4700 adjecit
2853 4647 2970 4684 cum
3008 4628 3264 4684 modestia
3287 4668 3302 4694 ,
3348 4626 3492 4698 quod

1910 4735 2068 4781 erant
2115 4725 2438 4789 adimentes,
2463 4733 2524 4778 ut
2554 4737 2620 4776 ne
2650 4722 2775 4777 vitae
2801 4721 2977 4776 aliena
3011 4721 3225 4776 curiose
3250 4725 3490 4790 agerent.

1912 4815 2139 4872 Volebat
2163 4815 2308 4870 enim
2346 4822 2406 4869 ut
2439 4814 2554 4869 sine
2585 4812 2694 4868 ulla
2719 4813 3034 4868 curiositate
3059 4811 3147 4866 illa
3181 4817 3495 4882 operentur,

1913 4927 2035 4983 qua:
2086 4917 2341 4980 poterant
2394 4907 2496 4963 sibi
2547 4907 2680 4978 ipsis
2724 4904 2970 4962 sufﬁcere
3022 4906 3088 4961 ad
3137 4905 3496 4962 sustentatio-

1915 5024 2062 5064 nem.
2093 5007 2384 5082 (Cassium)
2414 5007 2545 5062 Post
2574 5014 2780 5060 tantum
2824 5005 3008 5076 itaque
3049 5006 3282 5075 rigorem
3333 5018 3497 5060 evan-

1914 5101 2099 5172 gelica:
2136 5099 2507 5160 districtionis,
2550 5113 2693 5154 nunc
2723 5112 2945 5152 causam
2981 5096 3204 5166 exponit
3243 5111 3341 5151 cur
3381 5093 3498 5150 haec

1915 5195 2165 5250 universa
2221 5190 2545 5264 prtemiserit
2592 5209 2608 5245 :
2654 5209 2674 5243 ι
2712 5189 3028 5245 Audivimus
3050 5188 3196 5245 enim
3227 5187 3370 5243 inter
3396 5202 3492 5242 vos

1915 5289 2173 5360 quosdam
2207 5286 2488 5342 ambulare
2514 5285 2775 5355 inquiete,
2809 5281 2943 5338 nihil
2965 5289 3254 5354 operantes
3281 5281 3378 5336 sed
3399 5295 3494 5336 cu-

1914 5382 2059 5437 riose
2082 5389 2320 5452 agentes.
2349 5399 2367 5431 )
2394 5377 2669 5448 Nusquam
2689 5393 2784 5433 eos
2795 5377 2886 5448 qui
2903 5376 3069 5431 dediti
3091 5391 3210 5432 esse
3230 5373 3380 5445 Operi
3401 5386 3501 5430 no-

1917 5472 2054 5537 lunt,
2080 5487 2188 5526 uno
2223 5478 2434 5526 tantum
2465 5469 2652 5525 morbo
2680 5475 2966 5539 corruptos
2989 5465 3344 5538 pronuntiare
3366 5480 3498 5520 cons

1921 5572 2099 5622 tentus
2125 5570 2251 5618 est:
2297 5563 2351 5618 in
2395 5561 2565 5634 priori
2607 5576 2841 5632 namque
2881 5559 3123 5630 Epistola
3154 5555 3492 5613 inordinatos

1916 5669 2012 5712 eos
2038 5652 2288 5724 appellat,
2313 5668 2414 5708 nec
2436 5651 2730 5708 secundum
2753 5650 3100 5706 traditionem
3135 5647 3280 5704 illam
3307 5645 3499 5701 ambu-

1916 5746 2053 5806 lare.
2083 5761 2262 5817 .quam
2296 5751 2620 5816 acceperunt
2661 5744 2728 5800 ah
2753 5757 2837 5800 eo.
2883 5741 3156 5811 Inquietos
3182 5739 3346 5796 etiam
3374 5751 3499 5794 esse

1922 5839 2130 5906 deﬁnit,
2176 5847 2234 5894 et
2277 5837 2445 5910 gratis
2491 5851 2688 5908 panem
2734 5833 3078 5890 manducare.
3116 5831 3350 5887 Rursum
3385 5827 3497 5896 hic,
