3986 6338
467 340 576 403 579
1140 334 1201 402 Β.
1241 334 1494 399 RABANI
1531 330 1750 399 usum
1783 309 2100 397 ascitum.
2138 330 2449 400 uocum.
2488 339 2772 399 omum
2806 330 2987 398 rans
3019 338 3107 398 Ill.
3648 335 3783 397 ass

468 475 492 514 ι
512 455 839 523 audivimus,
868 454 1069 526 inquit,
1096 456 1361 526 quosdam
1386 455 1529 511 inter
1546 468 1640 510 vos
1662 451 1939 510 ambulare
1959 452 2041 509 ina
2065 456 2119 521 Α
2143 455 2437 529 apostolica
2475 455 2729 512 mandata
2754 454 3086 522 custodiant,
3133 451 3406 527 subiungit
3435 451 3781 511 confestim

467 549 676 622 quiete,
706 568 726 601 ι
756 556 813 604 et
836 547 1113 619 subiungit
1150 546 1336 603 statim
1381 545 1677 603 secundum
1709 545 2044 616 languorem,
2146 544 2318 616 patris
2360 544 2812 618 indulgentissimi
2858 544 3159 612 lenitatem,
3203 552 3261 600 et
3286 553 3346 600 ut
3388 543 3527 602 ﬁlios
3586 558 3777 609 suos,

461 641 557 715 qui
581 639 966 710 inquietudinis
988 638 1241 707 bniusest
1268 637 1441 701 radix,
1476 656 1495 689 ι
1520 635 1673 700 nihil,
1701 636 1893 707 inquit,
1922 648 2047 708 ope-
2146 650 2306 709 quem
2332 653 2459 711 erga
2485 637 2774 708 praedictos
2794 651 2894 707 pro
2913 636 3182 692 charitate
3209 635 3581 693 iraternitans
3615 635 3779 692 alle-

461 738 669 788 rsntes.
700 748 721 783 ι
754 727 998 785 Tertium
1029 742 1245 799 quoque
1276 728 1522 783 morbum
1559 726 1652 797 qui
1672 738 1740 782 ex
1765 726 1871 783 isto
1896 725 2045 782 velut
2144 736 2291 786 ctum
2316 730 2547 787 debeant
2588 730 2840 794 retinere,
2887 726 3139 785 similiter
3160 728 3335 785 docet.
3369 754 3385 781 ι
3442 728 3510 785 Et
3568 727 3780 785 nolite

461 819 1403 896 quidamramuneulusoritur,tsed
1424 818 2045 890 curioseqentes.»ltav
2145 822 2298 892 quasi
2336 822 2619 878 mimicum
2661 820 2995 885 existimare,
3052 819 3148 877 sed
3197 819 3453 891 corripite
3496 828 3565 876 ut
3640 818 3777 875 fra-

370 920 371 923 ‘
460 928 568 985 que
592 912 766 969 tumlti
786 912 1042 969 vitiorum
1075 920 1347 967 tantorum
1374 924 1666 982 congruam
1694 927 1836 967 nunc
1857 926 2045 968 emend
2143 924 2303 971 trem.
2327 932 2347 968 ι
2369 912 2568 987 mmo.)
2593 912 2726 980 Hoc,
2751 912 2947 983 inquit,
2971 911 3152 970 facere
3170 912 3294 970 volo
3317 928 3431 982 vos,
3456 922 3517 969 ut
3536 930 3678 971 non
3710 914 3777 970 in

460 1003 733 1061 dationem
778 1002 1030 1060 conferre
1074 1002 1312 1070 festinat,
1356 1011 1411 1059 et
1450 1002 1543 1058 illa
1584 1002 1895 1073 Apostoiica
1935 1018 2042 1076 qua
2142 1014 2298 1075 parte
2335 1004 2541 1060 mimici
2566 1020 2691 1061 cum
2730 1004 3003 1072 habeatis,
3049 1005 3145 1062 sed
3187 1012 3250 1061 ut
3278 1006 3449 1063 modis
3471 1005 3775 1063 omnibus

459 1110 593 1151 usus
624 1095 801 1151 meret
845 1094 1006 1166 paulo
1054 1104 1179 1150 ante
1220 1093 1465 1166 deposita
1506 1101 1809 1165 potestate,
1843 1095 2041 1151 iterum
2143 1095 2533 1167 increpatione,
2575 1096 2973 1162 obsecratione,
3012 1096 3257 1152 doctrina
3284 1097 3564 1154 reducatis
3622 1113 3775 1153 eum

458 1186 527 1243 ad
548 1187 754 1243 viscera
792 1187 867 1257 pii
898 1186 1070 1259 patris
1094 1185 1176 1243 vel
1197 1185 1478 1243 clementis
1503 1185 1795 1243 revertitur
1822 1186 2039 1255 medici,
2142 1188 2211 1242 ad
2235 1186 2290 1242 id
2311 1188 2455 1259 quod
2482 1189 2768 1244 honestum
2802 1196 2905 1245 est.
2952 1185 3244 1262 (Cassium)
3274 1187 3574 1245 Severitati
3595 1189 3773 1257 judi—

456 1282 516 1333 et
534 1275 681 1332 velut
721 1276 845 1333 iiiiis
878 1276 1249 1348 suseeptisque
1295 1277 1409 1333 suis
1447 1277 1676 1333 consilio
1709 1276 1911 1333 salubri
1957 1278 2043 1334 ln-
2142 1278 2326 1335 ciarite
2354 1288 2637 1351 paternam
2681 1279 3040 1335 intermiscuit
3083 1278 3361 1351 pietatem,
3397 1287 3456 1336 et
3502 1291 3775 1337 senten-

456 1363 565 1423 fert
578 1368 816 1423 remedia
830 1368 1097 1433 sanitatis,
1126 1368 1311 1424 dicens
1337 1387 1350 1423 :
1381 1386 1400 1420 ι
1420 1367 1517 1426 llis
1539 1376 1721 1425 autem
1743 1370 1835 1440 qui
1856 1368 2042 1440 buius-
2141 1373 2274 1429 tiam
2310 1372 2601 1444 apostolico
2633 1373 2812 1446 rigore
2839 1372 3128 1444 prolatam,
3182 1372 3429 1430 clementi
3472 1388 3774 1430 mansne-

456 1459 2037 1531 modisuntdenuntiamusetobsecramusinDominoJesu,
2142 1464 2329 1520 tudine
2352 1465 2688 1535 temperavit.
2731 1463 2867 1520 Nam
2913 1472 2970 1521 et
3008 1464 3186 1520 notari
3226 1462 3380 1535 jubet
3432 1480 3594 1530 eum,
3658 1464 3769 1537 qui

455 1561 518 1610 ut
535 1569 661 1611 cum
687 1554 906 1610 silentio
925 1563 1215 1627 operantes
1236 1570 1432 1627 panem
1452 1570 1611 1611 suum
1633 1556 1982 1612 manducent.
2012 1574 2033 1609 ι
2140 1557 2362 1613 obedire
2383 1559 2496 1613 suis
2525 1558 2809 1629 praeceptis
2828 1557 3237 1629 contempserit,
3263 1568 3319 1612 et
3345 1573 3465 1612 cum
3492 1556 3598 1612 illo
3638 1572 3769 1613 non

454 1645 659 1702 Causas
688 1653 960 1702 tantorum
990 1645 1230 1703 ulcerum
1248 1687 1264 1714 ,
1294 1662 1416 1718 qua:
1446 1646 1514 1704 de
1544 1647 1724 1704 radice
1748 1647 2040 1706 otiositatis
2139 1648 2477 1704 commisceri
2506 1664 2519 1702 :
2554 1656 2610 1703 et
2638 1658 2818 1703 tamen
2840 1647 2958 1704 haec
2996 1648 3113 1703 iieri
3142 1660 3248 1702 non
3290 1648 3397 1704 odii
3422 1646 3561 1704 vitio
3598 1661 3769 1718 pre—

454 1746 759 1812 cmergunt,
800 1755 909 1795 uno
936 1738 1269 1812 operationis
1307 1739 1533 1797 salutari
1562 1748 1834 1812 pmccpto
1873 1756 2035 1797 cura-
2139 1740 2289 1811 cipit,
2320 1740 2412 1796 sed
2442 1738 2695 1795 fraterna:
2721 1737 3028 1794 dilectionis
3065 1746 3121 1792 et
3159 1750 3346 1793 eorum
3383 1737 3763 1793 emendatio.

451 1832 550 1901 vit,
577 1840 637 1889 ut
656 1835 1023 1907 peritissimus
1046 1835 1411 1901 medicorum;
1445 1843 1673 1892 caeteras
1697 1849 1915 1909 quoque
1935 1850 2031 1890 va-
2061 1843 2109 1905 B
2135 1834 2221 1889 nis
2244 1833 2463 1889 intuitu.
2494 1853 2511 1884 ‹
2541 1831 2736 1898 Nolite,
2766 1830 2960 1900 inquit,
2995 1830 3337 1887 commisceri
3376 1842 3501 1886 cum
3543 1829 3659 1884 illo
3694 1837 3765 1885 ut

448 1925 720 1987 letudines
767 1926 939 1984 maias
983 1925 1176 1983 eodem
1216 1927 1420 1997 cespite
1472 1926 1796 1998 pullulantes
1859 1926 2036 1983 sciens
2138 1922 2519 1992 confundatur,
2550 1942 2570 1977 ι
2608 1933 2668 1978 ut
2702 1923 2796 1993 qui
2830 1936 2938 1978 non
2974 1929 3061 1977 est
3087 1921 3225 1977 meis
3262 1921 3549 1993 praeceptis
3580 1920 3761 1976 miti-

450 2018 698 2090 protinus
724 2019 1146 2091 exstinguendas
1166 2017 1375 2090 origine
1399 2019 1573 2075 morbi
1606 2017 1922 2091 principalis
1942 2034 2039 2075 ει·-
2137 2019 2239 2075 bus
2263 2021 2597 2085 emendatus,
2626 2016 2819 2073 saltem
2850 2015 3069 2089 publica
3089 2016 3333 2073 omnium
3371 2024 3628 2073 vestrum
3661 2031 3761 2072 se-

448 2109 669 2166 stincta.
717 2108 784 2167 Et
825 2111 1084 2183 quoniam
1132 2110 1207 2166 illi
1259 2111 1352 2184 qui
1398 2110 1709 2183 hujusmodi
1753 2120 1934 2180 erant,
1982 2120 2039 2169 et
2138 2109 2452 2183 gregatione
2501 2106 2783 2175 confusus,
2825 2107 2894 2162 ad
2945 2107 3215 2164 tramitem
3266 2106 3454 2163 salutis
3499 2106 3762 2178 incipiat

449 2202 667 2272 operari
694 2200 919 2258 minime
942 2202 1218 2270 volebant,
1245 2204 1501 2261 seditiose
1531 2219 1653 2275 qua:
1693 2219 1803 2260 non
1837 2217 2036 2261 conve-
2138 2200 2427 2272 aliquando
2456 2201 2721 2257 revocari.
2754 2218 2774 2252 t
2800 2199 2923 2272 ipse
2962 2208 3146 2256 autem
3174 2200 3318 2256 Deus
3342 2199 3499 2271 pacis
3518 2200 3623 2257 det
3646 2214 3757 2254 vo-

449 2292 809 2359 niebant,iila
830 2294 1206 2364 perﬂelebant,
1229 2295 1518 2351 occasione
1540 2310 1630 2362 ea,
1653 2297 1781 2367 quia
1806 2306 2037 2353 caetero.
2136 2293 2224 2349 bis
2265 2303 2455 2364 pacem
2501 2306 2717 2365 semper
2771 2292 2828 2349 in
2869 2292 3016 2347 omni
3060 2291 3244 2347 modo.
3288 2292 3550 2348 Dominus
3607 2306 3755 2346 crint

449 2400 571 2441 rum
594 2384 890 2445 liberalitas
906 2391 1205 2460 praestabat
1241 2389 1371 2456 illis,
1397 2404 1521 2446 cum
1542 2392 1691 2446 omni
1722 2391 2037 2462 celeritate,
2138 2384 2390 2441 omnibus
2422 2384 2594 2441 vobis.
2639 2383 2830 2440 Amen.
2866 2402 2885 2437 ι
2918 2381 3116 2458 (Δηώ.)
3165 2383 3367 2440 Deinde
3408 2392 3534 2440 orat
3559 2382 3755 2439 tribui

451 2476 542 2533 illa
587 2492 709 2548 quae
743 2485 901 2534 erant
940 2479 1251 2536 necessaria
1277 2480 1433 2552 quasi
1478 2480 1719 2551 ejusdem
1764 2481 1890 2537 iidel
1914 2498 2040 2538 con-
2138 2476 2220 2534 eis
2260 2493 2445 2550 pacem
2467 2493 2498 2533 a
2530 2479 2660 2545 Deo,
2700 2478 2775 2533 ita
2800 2487 2861 2534 ut
2898 2490 3114 2552 semper
3136 2492 3256 2535 eam
3298 2478 3559 2545 habeant,
3590 2484 3663 2532 et
3686 2484 3755 2533 ut

451 2569 658 2635 stitutis
683 2609 700 2637 ,
732 2569 875 2640 quod
918 2579 975 2628 et
1016 2571 1073 2627 in
1114 2572 1289 2643 prima
1332 2572 1574 2645 Epistula
1619 2575 2040 2646 interpretantes
2140 2569 2316 2625 modis
2342 2569 2593 2625 omnibus
2625 2583 2838 2640 semper
2863 2568 2970 2625 illis
2991 2569 3136 2626 adsit
3169 2583 3199 2623 a
3228 2569 3356 2625 Deo.
3389 2588 3408 2622 t
3445 2568 3751 2631 Salutatio

453 2658 813 2734 signassevisi
834 2676 1042 2729 sumus,
1067 2662 1253 2734 adjicit
1274 2663 1343 2718 ad
1365 2662 1486 2719 illos
1506 2665 1599 2735 qui
1623 2664 1966 2735 praebebant:
2142 2675 2263 2717 mea
2305 2672 2470 2716 manu
2510 2660 2684 2716 Pauli.
2720 2680 2738 2714 ι
2781 2659 3173 2717 Salutationem
3220 2658 3430 2716 vocavit
3482 2659 3755 2714 subscri—

531 2768 552 2804 l
582 2751 691 2809 Vos
716 2760 920 2820 autem,
947 2750 1166 2821 fratres,
1199 2768 1267 2810 ne
1287 2753 1553 2811 deficiatis
1594 2756 1798 2813 bonum
1842 2755 2042 2814 iacien-
2141 2755 2383 2825 ptionem
2401 2773 2413 2808 :
2429 2769 2530 2825 pro
2553 2754 2643 2809 illo
2664 2754 2808 2809 enim
2824 2754 2968 2824 quod
2982 2768 3081 2809 nos
3099 2752 3335 2810 solemus
3346 2766 3550 2823 ponere
3574 2740 3754 2807 ineo-

460 2859 482 2894 ι
512 2850 613 2899 tes.
649 2860 670 2894 ι
712 2838 911 2916 (Δηώ.)
942 2842 1061 2899 Hoc
1097 2852 1203 2911 est,
1228 2860 1328 2902 vos
1366 2846 1728 2919 exsequlmini
1761 2850 2041 2920 proprium
2142 2846 2347 2916 iumen,
2369 2856 2499 2915 etc.,
2527 2847 2617 2904 ille
2635 2863 2850 2919 semper
2872 2847 3028 2919 ponit
3052 2867 3070 2900 ι
3105 2847 3280 2919 gratia
3311 2845 3521 2905 Domini
3550 2845 3749 2902 nostri

455 2950 607 3006 opus,
652 2942 710 2992 et
744 2950 814 2991 ne
850 2944 1076 3009 prepter
1119 2937 1349 2996 aliorum
1391 2941 1655 2997 malitiam
1698 2943 1987 2999 discedatis
2011 2960 2043 3003 a
2143 2935 2271 2994 163“
2293 2939 2515 2995 Chrlsli-
2551 2954 2571 2992 δ
2602 2936 2755 2994 Hanc
2781 2953 2912 3012 ergo
2952 2936 3330 2995 salutationem
3372 2944 3574 2992 vocat:
3629 2952 3750 2993 nec

454 3029 595 3085 bono
630 3043 835 3102 opere:
865 3029 995 3086 licet
1031 3028 1109 3086 illi
1131 3030 1285 3101 pravi
1319 3031 1430 3088 sint
1466 3048 1566 3089 suo
1604 3035 1905 3105 proposito,
1948 3035 2043 3093 sed
2145 3031 2290 3087 enim
2338 3033 2553 3088 videtur
2598 3031 2807 3103 aliquos
2857 3032 2913 3087 in
2965 3031 3205 3102 Epistula
3257 3046 3351 3087 sua
3407 3029 3695 3089 salutasse
3730 3048 3749 3096 ;

452 3121 605 3179 vobis
626 3136 835 3178 merces
853 3122 1046 3178 similis
1067 3121 1137 3177 ob
1161 3131 1401 3178 vestrum
1421 3124 1527 3179 erit
1542 3126 1903 3196 propositum,
1921 3138 2043 3183 cura
2153 3140 2172 3176 ι
2195 3124 2350 3194 Quod
2378 3133 2462 3182 est
2487 3126 2697 3196 signum
2730 3125 2783 3180 in
2811 3125 2959 3181 omni
2982 3123 3241 3199 Epistula.
3265 3122 3342 3178 ita
3363 3122 3569 3179 scribo.
3596 3122 3754 3179 Gra-

454 3211 1033 3287 tribuitis:(Gassian.)
1062 3232 1081 3266 ι
1107 3212 1306 3283 Nolite,
1334 3212 1530 3286 inquit,
1555 3217 1789 3274 deiicere
1814 3218 2037 3276 benefa—
2063 3218 2109 3287 C
2142 3218 2217 3273 tia
2250 3219 2459 3274 Domini
2488 3218 2657 3273 nostri
2686 3217 2814 3274 Jesu
2860 3216 3064 3273 Christi
3107 3232 3230 3275 cum
3259 3216 3513 3274 omnibus
3551 3217 3753 3273 vobis.

455 3305 763 3361 cientes:id
778 3305 1291 3371 est,humanitatem
1312 3316 1690 3382 vestramerga
1707 3326 1821 3377 eos,
1839 3311 1883 3368 si
1901 3309 2039 3369 forte
2141 3308 2335 3366 Amen.
2376 3328 2394 3362 ι
2428 3309 2543 3365 Hoc
2585 3308 2751 3380 igitur
2792 3308 2948 3383 quasi
2978 3307 3257 3383 signaculo
3302 3316 3429 3364 utor
3471 3306 3533 3365 in
3580 3308 3753 3362 omni

455 3395 797 3467 neglexerint
815 3397 1106 3454 observare
1127 3398 1274 3468 quod
1297 3399 1556 3469 diximus,
1573 3401 1824 3458 similiter
1840 3402 2040 3476 imper-
2144 3401 2402 3472 Epistula,
2453 3400 2697 3457 scribens
2741 3398 2870 3455 illud
2916 3415 3037 3456 mea
3076 3416 3236 3461 manu
3269 3399 3412 3469 quod
3450 3407 3508 3455 et
3541 3398 3597 3453 in
3628 3398 3755 3454 hac

452 3487 569 3543 tite.
600 3485 671 3543 Ut
691 3488 977 3560 castigavit
1010 3488 1129 3546 illos
1151 3491 1245 3565 qui
1276 3498 1433 3546 erant
1465 3492 1664 3548 inﬁrmi
1690 3510 1758 3550 ne
1778 3496 1891 3551 otio
1931 3494 2042 3551 dls—
2140 3493 2381 3563 Epistula
2410 3493 2532 3558 feci,
2566 3493 2639 3548 ita
2664 3501 2725 3548 ut
2750 3508 2913 3548 nemo
2936 3490 3144 3550 dubitet
3165 3508 3316 3549 meas
3340 3507 3460 3549 esse
3489 3491 3749 3548 litteras.

454 3578 615 3636 soluti
650 3579 1009 3652 inquietudini
1034 3590 1088 3638 et
1128 3582 1432 3640 curiositati
1472 3600 1694 3655 operam
1721 3587 1930 3655 darent,
1966 3588 2041 3643 ita
2140 3583 2257 3640 Hoc
2279 3594 2460 3640 autem
2500 3584 2715 3641 videtur
2738 3586 2840 3641 boc
2876 3585 2932 3640 in
2971 3584 3092 3641 loco
3120 3585 3386 3657 adiecisse
3428 3601 3541 3642 non
3572 3586 3751 3640 abso-

454 3673 555 3730 bos
573 3674 665 3745 qui
691 3673 810 3744 sani
839 3683 963 3733 sunt
997 3685 1315 3746 praemonet,
1338 3686 1400 3733 ut
1430 3677 1853 3746 humanitatem,
1877 3695 2041 3751 quam
2141 3677 2273 3743 lute,
2316 3677 2408 3733 sed
2454 3678 2581 3747 quia
2633 3678 2713 3732 illi
2761 3676 2855 3749 qui
2909 3678 2976 3733 de
3020 3677 3487 3735 consummatione
3542 3677 3747 3733 seculi

454 3764 612 3821 bonis
634 3781 699 3824 ac
735 3764 895 3823 malis
915 3768 1195 3841 impertire
1222 3764 1433 3825 Domini
1474 3781 1743 3843 praecepto
1764 3773 2040 3845 jubetaur,
2140 3767 2517 3839 loquebantur,
2544 3776 2600 3824 et
2624 3768 2875 3824 dicebant
2897 3782 3019 3823 eam
3044 3782 3166 3825 esse
3199 3768 3578 3840 propinquam,
3608 3784 3749 3841 pcr-

455 3858 502 3915 si
528 3857 669 3916 forte
711 3859 933 3932 quidam
967 3862 1119 3937 pravi
1148 3862 1219 3921 ad
1250 3877 1440 3918 sanam
1470 3862 1771 3919 doctrinam
1800 3863 2042 3921 converti
2142 3861 2442 3918 suadebant
2470 3863 2550 3918 eis
2576 3862 2730 3933 quasi
2761 3861 2853 3932 qui
2881 3870 2935 3917 et
2964 3877 3033 3917 ex
3064 3861 3302 3935 Epistula
3346 3860 3595 3934 Apostoli
3627 3864 3747 3920 hoc

458 3952 750 4020 noluerint,
788 3969 895 4010 non
928 3953 1249 4013 abscindunt
1287 3955 1356 4013 ab
1382 3957 1485 4023 eis,
1513 3958 1609 4015 sed
1640 3956 1959 4015 benefacere
1987 3967 2043 4014 et
2142 3955 2284 4011 idem
2346 3956 2713 4027 significantes
2756 3956 3039 4023 dicerent,
3089 3956 3343 4029 quodque
3391 3962 3443 4012 et
3498 3958 3618 4029 ipse
3684 3959 3744 4014 in

458 4042 640 4101 fovere
659 4060 754 4101 eos
776 4053 882 4101 tam
904 4046 1358 4105 consolationiset
1380 4049 1739 4122 correptionis
1766 4065 2038 4119 sermone,
2143 4047 2511 4117 superioribus
2556 4046 2900 4118 signiﬁcavit.
2942 4045 3187 4102 scribens
3231 4047 3313 4103 eis
3352 4062 3461 4103 non
3504 4063 3745 4118 peran-

456 4152 618 4206 quam
646 4137 926 4197 beneﬁciis
963 4139 1138 4198 solitis
1170 4151 1226 4199 et
1250 4143 1584 4201 humanitate
1625 4158 1732 4203 non
1771 4144 2040 4201 desinant.
2143 4139 2260 4195 deri
2291 4138 2494 4196 abillis
2533 4142 2624 4211 qui
2666 4155 2762 4213 per
2802 4140 3100 4215 Epistolam
3123 4140 3370 4212 Apostoli
3408 4141 3529 4196 haec
3560 4156 3621 4197 se
3656 4143 3743 4197 di-

457 4228 695 4291 Rursom
726 4240 907 4289 tamen
942 4247 1010 4289 ne
1052 4232 1194 4291 forte
1221 4235 1326 4292 hac
1365 4235 1589 4291 lenitate
1615 4238 1893 4305 provocati
1916 4236 2040 4308 qui:-
2143 4245 2269 4286 cere
2295 4234 2715 4304 promittebant;
2747 4234 3056 4291 necessario
3100 4249 3231 4307 ergo
3257 4234 3361 4289 hoc
3406 4233 3463 4288 in
3506 4232 3631 4290 loco
3660 4236 3743 4289 si-

458 4321 582 4378 dam
607 4323 890 4395 praeceptis
911 4323 1028 4394 ejus
1048 4325 1270 4383 obedire
1292 4334 1671 4392 contemnant,
1701 4328 2041 4385 intermiscet
2144 4322 2419 4393 Βηὶίίοεινίι
2448 4324 2500 4379 in
2530 4324 2724 4394 qnibus
2766 4324 3059 4394 εονίρεθτει
3102 4326 3169 4381 de
3218 4325 3306 4380 his
3334 4324 3402 4379 ad
3437 4340 3556 4391 θοευ
3598 4340 3739 4394 (1υο-

459 4416 810 4491 apostolicatn
842 4420 1214 4487 severitatem,
1250 4427 1307 4475 et
1323 4420 1436 4474 ait:
1474 4440 1493 4475 ι
1531 4420 1687 4491 Quod
1710 4422 1755 4476 si
1784 4420 1906 4490 quis
1931 4438 2040 4483 non
2143 4416 2289 4471 niam
2317 4414 2435 4485 ejus
2457 4414 2801 4489 csSEpistula
2838 4419 2906 4474 ob
2946 4416 3327 4473 salutationem
3371 4414 3737 4473 subicientem

459 4509 825 4569 obeditverbo
860 4522 1067 4577 nostro,
1107 4525 1203 4580 per
1240 4510 1537 4583 Epistulam
1575 4513 1719 4569 hunc
1752 4521 1957 4581 actate,
1985 4522 2042 4571 et
2143 4509 2451 4576 OStendere,
2495 4512 2637 4580 quod
2674 4518 2728 4564 et
2770 4510 2872 4565 hoc
2905 4509 2979 4564 illi
3021 4510 3092 4564 sit
3124 4512 3177 4565 in
3206 4508 3627 4575 consuetudine,
3681 4519 3741 4564 et

461 4601 625 4657 nolite
650 4602 988 4663 commisceri
1035 4616 1158 4657 cum
1195 4601 1308 4669 illo,
1351 4610 1413 4661 ut
1446 4600 1829 4665 confundatur.
1873 4623 1892 4657 ι
1930 4602 2042 4661 Μο-
2066 4588 2119 4649 D
2144 4601 2287 4672 quod
2316 4616 2414 4657 sua
2439 4618 2599 4657 manu
2629 4610 2889 4658 consuete
2910 4602 3240 4669 subscribat,
3264 4610 3325 4657 ut
3349 4598 3487 4656 nihil
3508 4608 3739 4657 contra—-

460 4704 701 4764 ususque
728 4707 840 4757 eos,
885 4707 981 4769 pro
1023 4692 1328 4751 reverentia
1374 4708 1471 4749 sua
1518 4702 1575 4751 et
1622 4694 1855 4751 utilitate
1890 4710 2041 4751 com-
2147 4695 2287 4750 rium
2312 4695 2578 4767 recipiant
2601 4694 2710 4750 illis
2729 4710 2849 4765 quae
2876 4695 2966 4751 hic
2987 4695 3189 4769 scripta
3225 4700 3352 4753 sunt
3380 4692 3451 4750 ad
3479 4708 3599 4761 eos,
3635 4694 3683 4749 si
3704 4708 3737 4747 a

462 4784 652 4855 muni,
692 4783 822 4855 quid
856 4792 1104 4855 oporteat
1142 4785 1435 4847 observare
1458 4826 1477 4859 ,
1523 4803 1738 4863 quaque
1787 4788 2040 4847 cautione
2148 4786 2387 4858 quolibet
2415 4786 2608 4842 iisdem
2646 4786 2957 4842 suadeatur.

473 4924 3734 4959 mm

1082 5089 1499 5211 LIBER
1580 5088 2360 5212 VICESIMUS
2443 5090 3101 5217 TERTIUS.

867 5383 1421 5465 EXPOSITIO
1500 5385 1609 5466 IN
1690 5389 2278 5472 EPISTOLAM
2339 5394 2374 5472 Ι
2436 5395 2570 5473 ΑΙ)
2641 5394 3310 5477 TIMOTHEUM.

995 5586 1503 5648 ARGUMENTUM.
2141 5598 2325 5655 Asiam
2353 5597 2636 5655 universas
2659 5614 2779 5672 quae
2805 5599 2915 5656 illic
2938 5608 3067 5657 sunt
3084 5598 3358 5658 Ecclesiae
3375 5598 3723 5674 gubernaret.

541 5680 820 5742 «Sanetus
867 5684 1138 5757 apostolus
1181 5684 1382 5743 Paulus
1424 5686 1646 5744 beatum
1689 5686 2034 5746 Timotheum
2144 5688 2343 5746 Scribit
2369 5689 2533 5762 igitur
2557 5689 2625 5745 ad
2673 5706 2796 5747 eum
2844 5692 2897 5746 in
2941 5692 3116 5764 prima
3168 5692 3406 5765 Epistula
3451 5708 3613 5763 quam
3658 5689 3724 5744 ad

469 5788 492 5825 ι
525 5771 719 5845 Ephesi
772 5777 987 5849 reliquit
1022 5798 1039 5831 ι
1093 5778 1321 5846 scilicet,
1367 5788 1427 5835 ut
1479 5794 1695 5836 omnem
1741 5798 2037 5853 peragrans
2138 5798 2377 5855 pra'sens
2407 5784 2749 5855 interpretari
2783 5785 3100 5855 nnnitimur,
3130 5787 3181 5842 in
3217 5788 3483 5860 principio
3506 5784 3719 5857 quidem

1924 5297 2252 5318 ἡ
