3986 6338
168 347 268 406 581

628 341 1190 404 suxanartouun
1213 345 1283 404 lN
1320 341 1469 431 EPP.
1507 347 1713 408 PAULI
1749 349 1759 404 ι

1863 388 1879 404 .
1917 347 2108 406 XXIII.
2143 378 2216 394 —
2252 349 2320 408 IN
2356 347 2574 406 EPIST.
2614 352 2635 408 l
2665 352 2760 408 AD
2799 349 2940 410 TIM.

3329 358 3439 418 582

165 461 426 536 Epistolas
470 462 655 520 statim
699 478 1051 519 commonens
1087 479 1234 530 eum.
1279 474 1341 522 ut
1384 480 1512 522 suos
1555 467 1758 524 cautis-
1784 471 1834 530 Α
1862 467 2037 522 cratio
2072 467 2290 538 quidem
2319 467 2483 522 etiam
2521 467 2678 524 valde
2706 467 3004 526 desidiosas
3034 468 3139 528 scit
3167 469 3409 532 animare
3434 515 3450 544 ,
3542 515 3548 518 .

164 559 307 616 sime
351 557 608 624 instruat,
640 571 748 612 non
787 557 1067 616 intendere
1108 557 1214 614 illis
1258 559 1352 630 qui
1395 559 1528 630 legis
1579 567 1762 618 custo-

161 653 317 708 diam
355 649 683 710 Christianis
719 641 880 708 modo
920 653 1367 710 subintroducere
1399 653 1618 721 volunt;
1666 654 1761 708 do-

159 755 252 802 cet
291 759 422 802 vero
445 759 569 802 eum
598 744 650 799 in
676 745 1129 814 subsequentibus
1163 760 1282 816 quae
1306 745 1596 804 conveniat
1633 759 1759 802 eum

159 837 372 903 facere,
402 837 770 894 Eeclesiarum
794 838 1250 908 dispensationem
1277 839 1577 908 indeptum.
1611 839 1763 896 Unde

160 929 315 988 etde
348 930 604 986 onmibus
651 929 803 988 illum
850 929 1071 988 instruit
1111 930 1313 990 docens
1350 946 1498 998 eum,
1543 931 1761 1002 qualem

158 1036 288 1078 esse
327 1035 771 1090 unumquemque
819 1019 1110 1076 conveniat
1152 1035 1341 1078 eorum
1385 1023 1478 1092 qui
1521 1022 1765 1093 quolibet

160 1112 330 1171 modo
357 1114 412 1170 in
437 1099 809 1170 ecclesiastico
850 1113 1042 1170 ordine
1080 1114 1432 1184 deputantur.
1473 1114 1557 1168 vel
1601 1114 1762 1172 mini-

159 1205 338 1262 sterio
373 1203 526 1276 fungi
549 1204 832 1270 videntur;
875 1205 1018 1274 quod
1043 1211 1100 1262 et
1129 1205 1444 1265 cautissime
1483 1205 1760 1276 explicans

157 1297 393 1351 instruit
446 1311 571 1350 eum
619 1295 686 1350 de
731 1295 838 1352 illis
891 1312 1011 1367 qua:
1071 1297 1297 1355 deceant
1341 1298 1753 1368 presbyterum.

155 1405 356 1460 quaeve
391 1391 699 1455 diaconum,
747 1389 936 1460 quales
975 1389 1141 1447 etiam
1189 1391 1476 1448 conveniat
1515 1406 1638 1448 esse
1678 1391 1758 1448 vi-

156 1481 325 1546 duas,
355 1489 415 1537 et
448 1482 514 1536 de
555 1481 770 1538 ett-teris
797 1480 1048 1538 similiter
1079 1482 1346 1553 omnibus,
1377 1497 1442 1538 ea
1482 1499 1604 1553 qua:
1628 1498 1757 1542 con-

153 1571 460 1630 veniebant
506 1571 805 1634 instruens.
863 1569 1158 1642 perfectam
1212 1572 1266 1628 in
1333 1573 1452 1643 ipsa
1517 1573 1753 1643 Epistola

157 1663 476 1720 doctrinam
505 1663 654 1720 visus
681 1671 766 1720 est
793 1664 1233 1733 deprompsisse;
1270 1673 1602 1722 memoratus
1623 1679 1753 1722 vero

156 1765 247 1813 est
278 1768 336 1814 et
360 1758 606 1828 quaedam
637 1757 704 1812 de
725 1757 975 1828 dogmate
1001 1756 1052 1812 in
1081 1757 1257 1814 media
1287 1767 1443 1828 parte
1472 1757 1749 1826 Epistolre,

1867 558 2121 630 praecepti
2147 573 2276 613 vero
2301 558 2511 630 pondus
2546 567 2600 614 et
2639 559 2786 616 illum
2815 559 2908 634 qui
2939 558 3219 618 alacritate
3239 572 3454 622 tenetur

1865 647 2077 720 pigrum
2100 664 2240 722 saepe
2263 649 2457 706 fecisse
2472 651 2683 710 videtur
2705 665 2720 706 :
2746 651 3134 714 intendendum
3160 663 3244 711 est
3271 666 3453 714 autem

1865 745 1920 794 et
1945 739 2128 796 sensui
2161 739 2430 797 dictorum
2458 758 2474 808 ;
2503 758 2606 798 nec
2630 743 2774 800 enim
2798 744 2902 802 hoc
2927 745 3041 804 vult
3069 746 3272 814 dicere,
3315 749 3456 805 sicut

1865 845 2084 900 sensus,
2111 833 2205 903 qui
2234 832 2288 890 in
2318 845 2570 906 promptu
2598 845 2704 903 est,
2738 837 3048 909 signiﬁcare
3061 839 3296 906 videtur,
3322 857 3456 914 quo-
3470 840 3508 894 ξ’

1864 929 2008 984 niam
2030 931 2236 1002 rogavit
2263 946 2387 988 eum
2404 941 2466 988 ut
2488 934 3016 1010 sustineretEphesi,
3032 935 3107 992 ita
3123 937 3456 1008 utpraacipe-

1862 1030 1945 1078 ret
1979 1024 2299 1092 quibusdam
2346 1040 2414 1081 ne
2452 1026 2613 1082 aliter
2683 1029 2972 1096 docerent,
3021 1045 3123 1086 nec
3173 1031 3318 1086 enim
3355 1045 3455 1101 pro

1860 1111 1965 1168 hoc
1997 1115 2111 1170 solo
2141 1115 2360 1187 reliquit
2389 1133 2512 1176 eum
2546 1119 2679 1187 illic,
2705 1121 2800 1176 sed
2824 1129 2880 1176 ut
2906 1123 3088 1180 omnia
3118 1137 3218 1196 pro
3246 1122 3334 1180 illa
3366 1121 3454 1178 fa-

1859 1216 2008 1263 ceret
2023 1208 2405 1277 sollicitudine,
2429 1227 2594 1282 quam
2606 1228 2734 1285 erga
2750 1212 3024 1274 Ecclesias
3038 1213 3132 1270 Dei
3149 1215 3454 1284 expendere

1858 1298 2037 1355 fuerat
2063 1301 2364 1370 ordinatus,
2391 1305 2456 1358 de
2484 1306 2682 1374 quibus
2704 1306 2871 1362 etiam
2893 1307 3144 1368 omnibus
3169 1307 3453 1378 Scripsisse

1856 1388 2070 1444 videtur
2097 1391 2164 1446 ad
2194 1405 2318 1446 eum
2353 1393 2407 1448 in
2444 1394 2714 1464 Epistula;
2749 1405 2877 1452 sunt
2914 1407 3094 1456 autem
3126 1412 3319 1454 sensus
3343 1395 3454 1450 duo

1856 1483 2119 1554 complexi
2183 1485 2287 1540 sibi
2340 1485 2568 1542 invicem
2618 1507 2631 1542 :
2699 1489 2875 1559 primo
2925 1505 3088 1546 sensu
3150 1489 3448 1546 secundum

1853 1573 2300 1632 exclamationem
2330 1577 2645 1648 imperfecte
2687 1596 2946 1654 expresso
2991 1592 3052 1638 ut
3095 1580 3186 1638 tali
3238 1582 3449 1640 ratione
3541 1605 3544 1610 ·

1852 1669 2016 1724 etiam
2038 1685 2203 1726 unum
2223 1685 2343 1726 esse
2365 1673 2506 1742 quod
2530 1673 2733 1730 dictum
2754 1685 2836 1728 est
2856 1673 3441 1734 videretur.Vultcnim

1853 1762 2062 1820 dicere:
2089 1763 2240 1819 Sicut
2283 1774 2336 1820 te
2385 1765 2569 1837 rogavi
2613 1766 2957 1833 Macedonian,
2997 1767 3362 1838 proﬁciscens,
3391 1772 3454 1822 ut

157 1850 228 1904 de
258 1850 462 1919 quibus
491 1849 574 1904 vel
601 1849 835 1906 maxime
875 1849 1241 1904 necessarium
1294 1849 1396 1906 sibi
1447 1849 1749 1906 doctrinam
1779 1856 1827 1916 Β
1855 1855 2150 1912 sustineres
2174 1856 2394 1927 Ephesi,
2421 1858 2750 1929 diligentiam
2780 1859 2884 1913 illis
2913 1859 3173 1916 adhibens
3211 1857 3303 1928 qui
3338 1856 3450 1914 illic

157 1957 288 1999 esse
330 1941 712 2013 perspiciebat.
765 1940 908 2001 Nihil
953 1956 1084 1998 vero
1127 1957 1196 1997 ex
1229 1940 1336 1998 illis
1373 1941 1591 2011 reliquit
1632 1957 1753 2012 qum

157 2033 232 2091 ad
293 2048 582 2090 commune
630 2042 1013 2094 ornamentum
1059 2034 1334 2104 pertinere
1380 2041 1648 2104 poterant,
1706 2033 1752 2088 si

157 2135 349 2182 tamen
394 2126 520 2196 quis
545 2126 746 2196 scripta
777 2124 895 2195 ejus
923 2141 1046 2184 cum
1075 2129 1401 2198 competenti
1429 2128 1639 2184 cautela
1668 2127 1753 2182 vel

157 2220 349 2291 legere
376 2218 464 2275 vel
493 2219 766 2276 custodire
793 2219 1026 2276 voluerit
1053 2237 1066 2274 :
1099 2221 1239 2278 hanc
1275 2221 1438 2291 igitur
1458 2220 1754 2292 Epistulam

156 2330 292 2370 meo
336 2313 544 2382 judicio
593 2329 783 2371 names
823 2316 1137 2370 cautissime
1180 2315 1463 2385 episcopos
1513 2315 1758 2374 ediscere

154 2409 542 2464 conveniebat.
595 2407 688 2464 Sic
733 2410 877 2464 enim
927 2409 1210 2482 diligenter
1260 2407 1508 2466 instructi
1558 2424 1753 2482 cogno-

153 2516 326 2556 scere
355 2509 601 2570 poterant
631 2501 902 2558 Ecclesias
945 2503 1157 2558 Domini
1203 2502 1298 2557 Dei
1351 2503 1649 2560 secundum
1698 2510 1758 2558 ut

153 2592 371 2649 decens
411 2603 493 2650 est
532 2594 618 2650 vel
649 2609 836 2666 regere
885 2595 970 2654 vel
1015 2595 1331 2666 dispensare
1353 2636 1369 2661 ,
1413 2595 1557 2653 beati
1603 2595 1757 2653 Pauli

155 2683 381 2755 legibus
425 2685 819 2743 inservientes:
853 2702 917 2743 ea
948 2687 1094 2744 enim
1136 2703 1258 2758 quae
1293 2687 1360 2744 ad
1410 2687 1759 2746 Timotheum

156 2783 299 2832 tunc
326 2778 546 2848 scripsit
572 2778 884 2848 relinquens
910 2793 1034 2835 eum
1074 2779 1274 2848 Ephesi
1327 2779 1581 2836 omnibus
1630 2794 1758 2836 eum

154 2867 429 2930 Ecclesiis
461 2885 586 2940 quae
611 2869 905 2928 secundum
926 2870 1110 2926 Asiam
1134 2871 1457 2928 videbantur
1481 2886 1603 2926 esse
1630 2886 1760 2941 pro-

156 2976 399 3032 ponens,
423 2963 538 3020 haec
567 2963 714 3018 omni
751 2964 1024 3034 episcopo,
1058 2963 1149 3033 qui
1190 2961 1490 3018 Ecclesiam
1520 2963 1615 3018 Dei
1643 2977 1762 3020 ere-

157 3056 316 3110 ditus
367 3065 456 3112 est
501 3057 825 3128 gubernare,
868 3057 1044 3128 aptari
1093 3072 1282 3128 posse,
1317 3070 1478 3114 nemo
1530 3056 1758 3110 dubitet.

159 3146 478 3218 incipienda
521 3156 607 3205 est
634 3163 764 3219 ergo
804 3147 895 3204 illa
934 3149 1200 3220 expositio
1250 3164 1414 3220 quam
1441 3162 1538 3218 per
1576 3155 1758 3216 partes

1855 1956 2002 2016 sunt,
2029 1949 2170 2019 quod
2196 1958 2252 2003 et
2280 1947 2440 2006 facite
2471 1948 2591 2023 (sic)
2619 1951 2968 2006 commissum
3008 1948 3103 2010 tibi
3130 1964 3268 2020 opus
3287 1963 3452 2018 expe-

1855 2037 2024 2106 diens,
2050 2048 2106 2094 et
2128 2039 2307 2100 omnia
2335 2039 2566 2098 sollicite
2611 2038 2842 2112 iinplens
2869 2055 2987 2110 quae
3010 2041 3078 2098 ad
3103 2055 3446 2102 communem

1853 2133 2126 2200 pertinent
2155 2134 2566 2190 correctionem.
2599 2132 2714 2188 Hoc
2747 2134 2911 2204 igitur
2942 2141 3024 2192 est
3063 2133 3206 2203 quod
3230 2132 3344 2189 vult
3378 2132 3449 2188 si-

1854 2223 2110 2294 gniticare
2138 2240 2234 2295 per
2277 2224 2406 2280 illud
2445 2226 2588 2294 quod
2622 2225 2802 2282 dixit:
2836 2243 2855 2278 ι
2889 2224 3042 2282 Sicut
3076 2225 3264 2296 rogavi
3300 2233 3352 2281 to
3389 2233 3450 2280 ut

1855 2317 2153 2376 sustineres
2181 2317 2378 2388 Ephesi
2406 2334 2530 2374 cum
2563 2316 2698 2374 irem
2734 2318 2790 2376 in
2829 2317 3219 2385 Macedoniam,
3253 2337 3272 2372 ι
3307 2319 3449 2388 quod

1855 2415 1911 2463 et
1936 2407 2252 2478 imperfecte
2278 2408 2480 2468 dictum
2509 2424 2630 2464 esse
2651 2409 2880 2474 astruxi,
2909 2409 2970 2464 Β.
2989 2408 3157 2464 Paulo
3180 2417 3450 2466 consuetae

1856 2501 1912 2558 in
1953 2501 2105 2558 illum
2144 2501 2369 2572 loquelze
2411 2501 2648 2558 studium
2688 2501 3055 2567 adhibentem,
3097 2501 3226 2562 illud
3267 2507 3449 2556 autem
3539 2487 3542 2490 ’

1857 2592 2001 2664 quod
2041 2593 2141 2649 sibi
2168 2594 2452 2650 videbatur
2477 2609 2577 2664 pro
2611 2609 2708 2650 sua
2737 2594 2954 2659 virtute,
2992 2600 3053 2648 ut
3082 2600 3317 2664 poterat,
3357 2607 3454 2647 ex-

1857 2685 2112 2755 plicante.
2139 2683 2272 2740 Nam
2300 2700 2400 2740 nec
2423 2675 2760 2755 disciplinam
2784 2683 2998 2742 dicendi
3021 2684 3322 2748 studuerat,
3355 2680 3451 2738 sed

1858 2796 1958 2836 nec
1988 2796 2086 2850 pro
2130 2781 2233 2837 hoc
2273 2781 2510 2836 studium
2543 2780 2956 2838 accommodare
2980 2780 3312 2836 conveniens
3347 2776 3450 2834 sibi

1859 2887 1980 2928 esse
2019 2873 2388 2930 existimabat.
2435 2872 2638 2928 Deinde
2681 2872 2915 2940 adjecit:
2952 2890 2972 2925 ι
3010 2871 3081 2927 Ut
3105 2869 3452 2931 denuntiares

1859 2968 2216 3038 quibusdam,
2251 2987 2269 3018 ι
2303 2975 2360 3023 et
2394 2967 2634 3036 reliqua,
2667 2967 2772 3022 hoc
2806 2966 3010 3031 dicens,
3039 2965 3182 3035 quod
3218 2963 3302 3022 vel
3337 2978 3454 3020 ma-

1859 3060 2023 3126 xime,
2049 3068 2175 3116 ante
2217 3059 2399 3116 omnia
2449 3067 2628 3116 autem
2678 3071 2972 3129 procurare
3017 3056 3272 3122 volebat;
3323 3052 3451 3124 quid

1859 3162 1989 3221 ergo
2018 3149 2146 3204 illud
2173 3149 2288 3204 est?
2322 3168 2339 3202 ι
2372 3147 2507 3206 Volo
2548 3157 2622 3214 te,
2651 3148 2858 3218 inquit,
2886 3157 3014 3204 ante
3055 3147 3234 3204 omnia
3280 3154 3339 3202 ut
3363 3145 3454 3200 de-

159 3241 426 3310 expedire
479 3257 578 3296 nos
634 3241 911 3306 convenit,
961 3255 1026 3297 eo
1086 3241 1228 3311 quod
1275 3249 1653 3311 argumentum
1703 3239 1757 3294 in
1787 3227 1831 3290 C
1869 3261 1888 3295 ‹
1925 3243 2159 3300 horteris
2185 3243 2305 3298 illos
2345 3245 2438 3314 qui
2481 3244 2537 3302 in
2583 3242 2812 3299 ecclesia
2849 3242 2955 3298 alia
2997 3243 3222 3312 cupiunt
3259 3239 3455 3296 docere

162 3334 318 3389 hisce
347 3331 680 3390 suﬂicienter
705 3349 738 3389 a
764 3334 920 3389 nobis
955 3348 1274 3404 expressum
1302 3347 1422 3392 esse
1449 3332 1685 3390 videtur.

676 3466 906 3524 CAPUT
970 3467 1260 3526 PRIMUM.

166 3560 350 3635 Monet
386 3561 712 3635 Timotheum
755 3563 1034 3635 Apostolus
1079 3580 1141 3618 ne
1167 3561 1400 3635 attendat
1447 3561 1761 3634 genealogiis

237 3651 304 3686 ac
334 3633 585 3703 legalibus
603 3633 960 3688 observantiis.
991 3633 1202 3688 Gratias
1223 3636 1328 3704 agit
1363 3633 1466 3687 Deo
1492 3650 1584 3704 per
1611 3650 1764 3687 voca-

231 3705 434 3759 tionem
473 3705 541 3758 αα
579 3705 947 3773 apostolutum,
980 3715 1026 3760 et
1053 3706 1253 3760 inducit
1282 3721 1401 3760 eum
1424 3704 1492 3759 ad
1521 3705 1762 3759 resisten-

236 3776 369 3832 dum
404 3775 706 3834 doctoribus
747 3776 1018 3848 falsitatis.

247 3908 268 3942 ι
306 3889 507 3944 Paulus
544 3889 832 3960 Apostolus
855 3890 1058 3946 Christi
1092 3888 1222 3946 Jesu
1261 3890 1553 3946 secundum
1596 3890 1765 3959 impe~

169 4004 188 4036 ι
219 3985 372 4040 rium
421 3983 516 4038 Dei
547 3982 845 4038 Salvatoris
887 3984 1084 4049 nostri,
1129 3992 1185 4039 et
1223 3983 1424 4040 Christi
1461 3981 1609 4048 Jesu,
1651 3983 1764 4052 spei

171 4098 189 4130 ι
227 4085 439 4132 nostra:
491 4076 776 4132 Timotheo
804 4077 1126 4132 charissimo
1167 4075 1279 4131 tilio
1318 4077 1373 4130 in
1418 4076 1542 4140 ﬁde,
1593 4075 1764 4144 gratia

171 4190 191 4223 ι
220 4169 608 4224 misericordia
646 4176 702 4224 et
737 4184 842 4239 pax
877 4185 908 4222 a
951 4169 1063 4224 Deo
1091 4178 1266 4237 patre,
1309 4177 1364 4226 et
1392 4167 1608 4224 Christo
1636 4166 1765 4224 Jesu

1866 3354 1885 3389 ‹
1922 3345 2282 3406 prazterquam
2326 3336 2542 3407 pietatis
2574 3331 2809 3405 postulat
2849 3335 3007 3390 ratio.
3045 3353 3064 3386 ι
3098 3333 3332 3389 Evidens
3372 3339 3459 3388 est

1857 3429 2003 3484 enim
2030 3429 2174 3498 quod
2199 3427 2356 3494 dixit,
2391 3446 2409 3480 ι
2441 3435 2500 3484 ut
2524 3429 2808 3483 denunties
2830 3426 3176 3497 quibusdam,
3208 3443 3228 3477 ι
3257 3424 3322 3480 de
3345 3423 3458 3479 suis

1859 3523 2003 3578 enim
2031 3521 2084 3577 id
2109 3521 2238 3577 dicit
2265 3530 2317 3576 et
2355 3529 2462 3576 non
2489 3521 2554 3576 de
2579 3521 2788 3577 alienis.
2817 3520 2928 3576 Nec
2951 3522 3095 3575 enim
3131 3518 3335 3575 exteris
3363 3518 3459 3573 de—

1861 3617 2114 3670 nuntiare
2154 3623 2274 3670 erat
2300 3615 2569 3670 Timothei
2612 3625 2739 3671 tunc
2775 3614 2860 3668 vel
2904 3613 3141 3672 maxime
3183 3610 3458 3684 magistris

1860 3709 2096 3780 pietatis,
2121 3724 2226 3762 non
2248 3708 2420 3764 solum
2445 3708 2728 3777 increpare
2746 3706 3037 3762 contrariis
3057 3705 3280 3759 minime
3299 3719 3456 3759 usur-

1859 3801 2133 3871 pantibus,
2167 3802 2260 3857 sed
2291 3817 2321 3856 e
2349 3802 2624 3856 contrario
2649 3799 2882 3871 plurima
2910 3800 2977 3855 ab
3002 3798 3108 3853 illis
3131 3797 3273 3853 male
3300 3797 3460 3852 susti-

1863 3894 2136 3947 nentibus.
2186 3894 2326 3948 Dicit
2353 3902 2533 3947 autem
2559 3908 2665 3947 non
2702 3892 2897 3946 debere
2939 3890 3094 3945 aliter
3132 3891 3347 3952 docere,
3391 3886 3458 3942 de

1865 3985 1970 4041 illis
2003 3986 2188 4040 dicens
2212 3986 2304 4055 qui
2335 4001 2399 4040 ex
2428 3983 2841 4039 circumcisione
2884 3981 3244 4046 crediderant,
3277 3978 3369 4048 qui
3399 3985 3456 4032 et

1866 4078 2034 4136 multa
2060 4077 2215 4148 quasi
2248 4091 2348 4146 pro
2376 4076 2492 4147 lege
2523 4075 2826 4145 loquentes,
2863 4088 2960 4128 eos
2989 4072 3081 4144 qui
3117 4086 3182 4126 ex
3208 4069 3459 4142 gentibus

1867 4180 2027 4228 erant
2066 4172 2263 4226 docere
2292 4169 2677 4224 annitebantur
2701 4176 2891 4223 contra
2915 4164 3210 4222 Christiani
3240 4163 3460 4234 dogma-

173 4250 479 4318 c’Dnmino
523 4269 731 4318 nostro.
783 4280 801 4314 ι
853 4260 1051 4333 (Αιηὸ.)
1087 4260 1310 4318 Videtur
1343 4263 1532 4318 beatus
1569 4260 1768 4316 Paulus
1868 4265 1936 4320 tis
1961 4265 2144 4320 ritum.
2193 4263 2326 4318 Nam
2373 4273 2428 4318 et
2474 4262 2529 4318 in
2573 4261 2825 4317 omnibus
2854 4257 3096 4330 epistolis
3129 4254 3459 4328 prepemodo

167 4355 223 4410 in
278 4355 694 4426 prmecriptione
745 4354 1028 4423 prementis
1076 4355 1328 4426 Epistolas
1375 4362 1564 4409 contra
1613 4369 1768 4410 suam
1867 4356 2090 4412 Beatum
2117 4356 2238 4426 quis
2269 4355 2509 4412 inveniet
2551 4351 2777 4408 Paulum
2821 4351 2888 4407 de
2934 4350 3040 4405 illis
3067 4349 3295 4420 plurima
3326 4345 3460 4400 scri-

166 4449 624 4504 consuetudinem
665 4446 928 4516 adjecisse
981 4449 1214 4520 gratiam
1260 4459 1315 4504 et
1362 4464 1570 4520 pacem,
1605 4457 1767 4516 atque
1869 4453 2106 4514 bentem,
2133 4464 2200 4504 eo
2223 4449 2366 4519 quod
2394 4455 2450 4501 et
2479 4444 2633 4500 multi
2668 4453 2799 4499 tunc
2839 4452 2998 4498 erant
3031 4441 3122 4509 qui
3151 4436 3460 4508 hujusmodi

167 4541 632 4606 misericordiam,
661 4541 730 4596 ab
753 4538 947 4596 aii‘ectu
975 4541 1200 4612 majore,
1234 4556 1393 4610 quem
1423 4557 1551 4611 erga
1584 4539 1768 4593 Timo‘
1792 4599 1838 4612 ﬁ
1869 4542 2242 4612 proponebant
2283 4539 2606 4604 doctrinam,
2652 4536 2796 4607 quod
2824 4542 2879 4590 et
2907 4533 3099 4590 melius
3135 4541 3461 4599 cognoscere

167 4635 365 4689 theam
393 4631 594 4688 habere
629 4633 936 4700 videbatur,
971 4599 1079 4688 hac
1100 4599 1578 4703 vocis-adjectio’ne
1601 4631 1766 4686 fuisse
1792 4599 1844 4659 Ι)
1869 4599 1989 4708 quis
2013 4635 2212 4707 poterit
2239 4635 2283 4687 si
2313 4631 2814 4702 interpretationem
2857 4635 3123 4689 nostram,
3152 4639 3312 4693 quam
3338 4637 3461 4693 pro-

167 4727 428 4788 abusnm,
485 4739 870 4781 consummans
915 4740 1048 4781 vero
1101 4726 1564 4796 praascriptionem
1598 4726 1650 4777 in
1683 4725 1768 4780 his
1868 4730 2155 4800 pemodum
2199 4741 2296 4798 per
2335 4739 2524 4780 omnes
2565 4722 2821 4794 epistolas
2861 4719 3160 4789 explicasse
3189 4716 3460 4780 videmur,

171 4820 374 4890 incipit
418 4819 499 4874 sic
532 4837 546 4874 :
585 4837 605 4872 ι
639 4818 794 4874 Sicut
835 4821 1018 4891 rogavi
1047 4829 1100 4873 te
1129 4830 1190 4874 ut
1215 4821 1517 4874 sustineres
1546 4819 1765 4887 Ephesi,
1869 4823 2158 4877 decurrere
2181 4817 2433 4880 voluerit,
2471 4816 2524 4869 in
2559 4813 2754 4884 quibus
2780 4809 3116 4865 ostendimus
3145 4808 3204 4862 Β.
3233 4805 3458 4862 Paulum

177 4939 198 4970 ι
231 4933 363 4974 cum
391 4917 530 4972 irem
557 4916 610 4970 in
640 4914 1032 4981 Macedoniam,
1079 4923 1138 4969 ut
1163 4913 1514 4970 denuntiares
1543 4913 1768 4983 quibus-
1870 4914 2038 4968 multa
2065 4913 2130 4967 de
2164 4912 2251 4966 his
2277 4909 2445 4964 fuisse
2471 4907 2728 4962 locutum.
2764 4903 2900 4958 Nam
2926 4902 3068 4972 quod
3093 4900 3262 4965 dixit,
3296 4917 3315 4950 ι
3353 4913 3460 4953 non

179 5032 199 5063 ι
237 5011 372 5066 dam
413 5025 519 5064 non
561 5009 719 5064 aliter
762 5011 979 5076 docere,
1012 5024 1188 5080 neque
1227 5009 1506 5064 intendere
1548 5007 1790 5076 fabulis,”
1870 5003 2149 5060 intendere
2191 5000 2390 5058 fabulis
2428 5006 2482 5054 et
2513 4995 2843 5070 genealogiis
2878 4993 3122 5057 infinitis,
3153 5011 3172 5044 ι
3219 4991 3272 5046 in
3317 5003 3465 5046 com-

179 5125 201 5158 ς
231 5112 292 5161 et
332 5103 663 5176 genealogiis
691 5102 939 5166 inﬁnitis,
983 5118 1103 5172 quae
1145 5102 1470 5172 quaestiones
1516 5109 1774 5171 praestant

181 5217 202 5250 α
239 5196 437 5267 magis,
467 5211 630 5267 quam
651 5195 1106 5266 dispensationem
1135 5194 1248 5256 Dei,
1266 5201 1487 5263 quaeest
1509 5194 1562 5247 in
1592 5193 1713 5248 tide.
1747 5211 1766 5244 ι

175 5292 326 5346 Ante
353 5290 537 5345 omnia
560 5288 702 5344 beati
743 5287 894 5342 Pauli
940 5286 1216 5341 humilitas
1242 5286 1400 5356 digna
1431 5297 1514 5340 est
1537 5284 1774 5339 demira-

179 5386 337 5442 tinne
361 5383 619 5455 quoniam
633 5380 898 5452 discipulo
918 5395 1016 5436 suo
1031 5379 1278 5435 scribens
1303 5394 1410 5433 non
1425 5378 1560 5432 dixit
1577 5394 1591 5430 :
1618 5376 1774 5431 Sicut

181 5478 444 5550 praecepi,
471 5485 567 5532 aut
597 5475 958 5547 probavi,aut
979 5472 1116 5538 dixi,
1146 5472 1240 5526 sed
1270 5471 1406 5527 dixit
1429 5469 1767 5540 simpliciter,

183 5572 332 5627 sicut
361 5571 565 5642 rogavi,
597 5569 683 5624 vel
726 5570 1044 5625 obsecratus
1085 5581 1206 5622 sum
1241 5583 1256 5621 ε
1307 5565 1387 5620 sic
1413 5565 1616 5620 sanctis
1665 5562 1774 5620 illis

185 5666 431 5722 studium
462 5673 582 5721 erat
617 5666 901 5719 universos
929 5661 1307 5719 obsecratione
1332 5660 1401 5715 ad
1427 5675 1563 5730 opus
1593 5659 1772 5730 pieta-

191 5756 269 5811 tis
291 5755 543 5821 invitare,
574 5755 650 5809 ita
694 5763 756 5810 ut
794 5761 850 5809 et
893 5752 1230 5809 alacritatem
1265 5751 1454 5808 iisdem
1494 5767 1618 5806 cum
1643 5765 1776 5822 qua-

195 5853 326 5910 dam
351 5849 517 5908 animi
541 5850 902 5907 oblectatione
939 5848 1296 5919 imponerent,
1344 5861 1410 5903 eo
1447 5844 1591 5916 quod
1618 5846 1776 5900 obse—

1875 5112 2039 5153 mune
2065 5096 2280 5168 quidem
2310 5095 2378 5149 de
2401 5091 2654 5148 omnibus
2677 5089 2845 5155 dixit,
2874 5087 3108 5142 maxime
3137 5086 3203 5140 de
3235 5081 3340 5139 illis
3365 5081 3458 5152 qui

1873 5210 1940 5250 ex
1980 5193 2228 5266 gentibus
2268 5199 2429 5256 sunt,
2480 5187 2571 5258 qui
2626 5186 2968 5242 intendentes
2997 5184 3102 5240 illis
3145 5199 3265 5254 quae
3314 5180 3462 5238 aluo

1873 5287 2004 5342 dicis
2047 5285 2382 5348 dicebantur,
2429 5295 2572 5352 saepe
2614 5280 2670 5335 in
2719 5280 2966 5352 dogmate
3007 5277 3224 5349 pietatis
3266 5290 3463 5332 nocere

1871 5379 2214 5441 videbantur,
2244 5377 2386 5446 quod
2410 5383 2467 5430 et
2488 5373 2693 5430 Galatae
2716 5372 2954 5443 perpessi
2980 5371 3148 5426 inisse
3183 5369 3463 5424 inveniun-

1877 5481 1987 5538 tnr,
2036 5471 2128 5542 qui
2178 5485 2301 5525 cum
2341 5467 2688 5524 observantia
2728 5474 3048 5522 ceterorum
3086 5479 3205 5534 qua:
3243 5462 3296 5515 in
3345 5461 3464 5530 lego

1879 5565 2093 5620 fuerant
2127 5563 2368 5629 deﬁnita,
2397 5562 2561 5616 etiam
2597 5575 2697 5616 nec
2722 5575 2750 5615 a
2778 5558 3187 5616 circumcisione
3227 5568 3346 5609 sese
3371 5568 3463 5608 co-

1878 5656 2196 5721 hibuerunt;
2240 5652 2568 5725 genealogiis
2609 5665 2743 5706 vero
2781 5664 2875 5707 eos
2921 5647 3201 5703 intendere
3240 5642 3464 5698 minime

1881 5748 2170 5806 convenire
2191 5747 2350 5813 dixit,
2390 5760 2459 5801 eo
2479 5744 2623 5815 quod
2650 5742 2819 5799 Judaei
2849 5750 2976 5796 tunc
3013 5737 3240 5794 multam
3263 5749 3461 5804 expeno

1883 5843 2081 5898 debent
2115 5839 2553 5904 sollicitudinem,
2580 5846 2640 5893 ut
2676 5837 3023 5891 ostenderent
3047 5829 3321 5888 Christum
3354 5841 3460 5881 non
