3986 6338
449 351 556 406 585
1013 323 1016 326 ’
1087 344 1442 401 numam
1490 341 1710 400 mum
1746 339 2066 397 ARCHIEP.
2108 333 2418 392 uocum.
2458 313 2956 387 OPERUM'PARS
2992 321 3078 377 Ill.
3613 315 3738 372 εει

449 461 838 536 promissorum
857 459 1136 531 sequentia
1161 474 1226 514 ex
1251 458 1522 513 Abraham
1545 465 1600 512 et
1620 454 1788 510 David
1811 455 2026 510 descen-
2054 456 2106 515 Α
2135 469 2154 502 ι
2189 464 2365 520 neque
2379 446 2444 500 de
2458 444 2654 538 quibus
2680 440 2965 538 allii-mam.
2989 457 3008 489 ι
3028 435 3254 538 “omni.
3277 432 3474 538 ἰηίιξιξῑ,
3500 431 3747 538 dilige“:

449 527 618 618 disse,
648 557 704 606 et
733 527 956 622 ιιι-οριεῦ
993 549 1098 604 hoc
1138 547 1521 602 annitebantur
1557 546 1718 600 etiam
1744 542 2025 614 progenies
2123 543 2253 596 tiam
2293 540 2512 612 quidam
2559 536 2638 591 sic
2682 533 2941 588 facientes
2981 545 3012 583 a
3055 529 3262 599 pietate~
3298 527 3515 596 quidem
3545 527 3745 622 exten'

448 617 662 698 veteres
696 617 1012 708 memorari,
1051 640 1312 706 dicentes,
1339 639 1788 709 quemadmodum
1817 637 1904 691 ille
1941 651 2027 692 or-
2125 634 2254 691 facti
2299 642 2444 698 sunt,
2476 645 2605 700 erga
2633 625 2996 697 vaniloquium
3035 637 3167 678 vero
3197 629 3474 684 vacantes,
3519 617 3726 675 eonﬁn

447 743 536 790 tus
559 743 644 789 est
668 748 736 789 ex
763 732 874 800 illo,
913 730 1367 802 quemadmodum
1391 745 1520 784 vero
1545 729 1632 783 ille
1661 730 1728 784 ab
1755 728 1845 784 illo
1870 739 2029 783 natus
2126 735 2258 800 gunt
2282 743 2341 782 se
2367 725 2476 791 illa,
2501 739 2622 794 qua:
2650 720 2782 792 legis
2808 725 2952 810 sunt,
2981 716 3203 780 docere,
3230 714 3320 784 qui
3351 714 3517 810 etiam
3544 727 3686 810 quae
3703 726 3746 810 ξι

448 833 533 882 est
569 844 582 880 :
624 841 692 881 ex
733 823 927 895 quibus
957 824 1118 879 etiam
1155 822 1351 877 multos
1377 820 1690 877 conturbari
1725 819 2026 884 eveniebat,
2129 834 2186 874 se
2212 818 2465 873 dicuntur
2504 813 2726 868 minime
2762 807 3103 878 intelligunt;
3137 814 3194 859 et
3233 805 3488 875 quoniam
3529 803 3750 858 verisi—

449 932 517 973 ex
543 917 647 972 illis
673 915 759 971 vel
784 916 1018 971 maxime
1050 914 1143 986 qui
1168 929 1234 969 ex
1259 913 1504 986 gentibus
1538 911 1903 975 crediderant,
1937 910 2029 980 qui
2127 909 2256 963 mile
2284 922 2404 962 esse
2426 904 2708 960 videbatur
2735 910 2921 956 utnon
2977 897 3337 968 intelligerent
3358 896 3480 966 ipsi,
3509 896 3585 950 de
3619 895 3753 986 qni-

451 1011 585 1066 nihil
607 1009 914 1065 cautissime
936 1025 1000 1064 ex
1030 983 1445 1078 antiquisvlibris
1469 1007 1608 1072 scire
1634 1015 1906 1078 poterant.
1936 1005 2030 1060 llis
2128 997 2230 1052 bus
2259 997 2478 1061 dicunt,
2506 993 2710 1089 Optime
2737 987 2924 1089 adjicit
2945 1029 2958 1053 ,
2992 1007 3010 1038 ι
3046 1003 3222 1089 "FQ"?
3247 987 3314 1041 de
3338 987 3533 1089 (ιυξξιυε
3585 983 3754 1089 imi":

451 1117 580 1173 ergo
619 1100 917 1171 praecipito,
962 1101 1055 1165 ait,
1106 1077 1177 1154 ut"
1209 1100 1538 1171 genealogiis
1581 1077 1686 1154 non
1731 1099 2026 1163 intendant,

2141 1106 2156 1140 ι
2190 1094 2371 1152 mant,
2408 1106 2426 1139 ι
2460 1100 2585 1140 nam
2615 1086 2707 1152 qui
2751 1081 2974 1136 minime
3013 1079 3194 1134 sciunt
3227 1094 3322 1148 pro
3345 1077 3543 1148 quibus
3585 1077 3786 1154 loqui.

451 1171 586 1263 qu'as
613 1194 751 1249 bene
773 1200 828 1248 ει
853 1191 1091 1248 inﬁnitas
1113 1208 1232 1248 esse
1257 1193 1410 1259 dixit,
1440 1208 1505 1248 eo
1529 1193 1670 1262 quod
1709 1192 1804 1256 illi,
1833 1193 1924 1262 qui
1953 1200 2032 1246 ta-
2132 1196 2227 1237 eos
2253 1178 2560 1242 conveniat,
2593 1176 2648 1231 hi
2679 1174 2898 1245 propria
2924 1171 3176 1263 videntur
3201 1172 3468 1242 ignorare;
3495 1178 3557 1225 et
3583 1180 3660 1222 ut
3687 1183 3758 1222 ne

450 1261 520 1341 lia
547 1286 919 1358 explicabant,
945 1295 1188 1357 poterant
1217 1287 1376 1343 modo
1401 1286 1516 1351 hic,
1547 1261 1705 1342 modo
1732 1261 2031 1342 illicisuum
2133 1273 2406 1362 νίάθῐέειυι·
2435 1269 2605 1340 legem
2631 1267 2906 1362 illcuiial‘“,
2933 1261 3122 1362 adii?“
3149 1281 3162 1316 ³
3222 1353 3233 1362 _
3306 1279 3310 1282 ’
3335 1353 3346 1362 _
3487 1351 3502 1362 ἢ
3587 1351 3604 1362 ⁶
3622 1350 3662 1362 7_

450 1390 666 1435 vertere
706 1394 1041 1446 sermonem,
1090 1387 1145 1435 et
1195 1396 1338 1435 nunc
1383 1380 1598 1451 quidem
1650 1378 1808 1447 hujus
1855 1380 2034 1435 dicere

2211 1381 2230 1414 ι
2268 1361 2482 1417 Scimus
2503 1359 2760 1428 quoniam
2782 1359 2923 1412 bona
2945 1363 3026 1410 est
3055 1355 3164 1419 lex,
3190 1353 3236 1408 si
3261 1353 3379 1422 quis
3397 1367 3463 1407 ea
3485 1351 3764 1422 legitime

451 1470 794 1542 progeniem,
839 1485 980 1524 nunc
1011 1485 1138 1526 vero
1181 1445 1423 1537 alterius,
1469 1479 1524 1526 et
1564 1445 1760 1524 iterum
1806 1471 1874 1525 ab
1929 1471 2035 1524 isto
2135 1465 2337 1511 mall"-
2374 1473 2392 1507 ³
2436 1452 2562 1506 “330
2602 1459 2782 1506 autem
2825 1464 3035 1515 assem.
3082 1463 3191 1502 "0“
3233 1446 3401 1516 ιθεεω
3446 1445 3760 1510 incusans.

455 1541 712 1618 transisse
737 1561 806 1618 ad
847 1562 1095 1628 alterum,
1131 1563 1274 1632 quod
1316 1561 1370 1616 in
1397 1561 1722 1632 genealogiis
1745 1560 1861 1617 ﬁeri
1902 1561 2036 1617 solet

2141 1551 2231 1606 sed
2270 1547 2634 1619 insipientiam
2681 1545 2894 1601 illorum
2937 1558 3190 1615 arguens,
3238 1541 3331 1612 qui
3373 1542 3650 1596 nesciunt
3699 1558 3763 1594 ea

450 1655 778 1721 necessario,
803 1658 1019 1726 quando
1041 1656 1163 1725 quis
1186 1655 1497 1727 progeniem
1523 1671 1589 1711 ex
1612 1655 1793 1710 multis
1821 1656 2039 1712 descen-
2136 1643 2214 1698 uti
2241 1657 2256 1696 :
2287 1642 2333 1698 si
2363 1656 2491 1698 vero
2513 1640 2634 1710 quis
2661 1653 2791 1694 usus
2815 1653 2879 1693 ea
2910 1636 3072 1692 fuerit
3097 1636 3237 1691 sicut
3266 1635 3536 1727 convenit,
3571 1633 3760 1687 valde

451 1745 664 1802 dentem
690 1745 923 1801 voluerit
945 1726 1337 1813 interpretari:
1367 1743 1610 1800 inﬁnitas
1635 1745 1940 1810 nominans,
1970 1761 2034 1800 eo
2138 1746 2193 1791 et
2215 1735 2372 1790 Ιίωάθ
2407 1732 2776 1804 dignis-imam
2803 1739 2855 1784 ei
2884 1727 3245 1827 "Bllerabilf’m
3285 1726 3620 1827 leg?'“.es.5°
3671 1739 3763 1778 τέ’

450 1840 592 1909 quod
615 1838 822 1893 nullum
853 1837 1014 1892 ﬁnem
1045 1836 1303 1902 habeant,
1331 1836 1425 1892 sed
1453 1852 1552 1892 nec
1575 1837 1807 1893 deﬁcere
1831 1837 2043 1906 possint
2075 1824 2118 1882 Β
2145 1827 2304 1897 cipio.
2323 1825 2392 1880 Et
2415 1834 2476 1879 ut
2505 1839 2573 1878 ne
2600 1823 2844 1877 videatur
2873 1819 3335 1876 conversationem
3369 1818 3500 1886 legis
3530 1818 3764 1909 iterum

449 1908 762 1985 occasiones
811 1929 1103 1983 verborum
1150 1927 1203 1982 in
1255 1926 1450 1983 talibus
1489 1927 1575 1981 vel
1619 1928 1855 1983 maxime
1901 1944 2040 1998 quze-
2143 1919 2590 1977 subintroducere
2628 1916 2785 1988 quasi
2812 1931 2908 1970 usu
2948 1914 3148 1984 aliquo,
3193 1911 3376 1980 adjicit
3418 1925 3433 1964 :
3489 1932 3506 1962 ι
3537 1908 3765 1964 Sciens

450 2021 736 2084 stionibus,
776 2035 912 2090 quas
949 2020 1113 2075 etiam
1139 2020 1452 2076 occasiones
1490 2019 1860 2074 narrationum
1889 2028 1942 2074 et
1971 2019 2044 2074 fa-
2151 2031 2169 2064 ί
2203 2013 2306 2067 hoc
2336 2011 2588 2081 quoniam
2615 2009 2762 2081 508w
2791 2009 2878 2063 Ῑειί
2905 2023 3009 2062 ηοη
3038 2016 3123 2061 θεῑ
3149 2005 3343 2076 βοείων
3374 2004 3464 2059 53d
3492 2003 3763 2073 inlusus.

448 2113 603 2169 bulas
631 2127 750 2168 esse
789 2112 945 2178 dixit,
987 2127 1052 2167 eo
1095 2112 1238 2182 quod
1280 2127 1379 2166 nec
1420 2111 1621 2182 aliquid
1663 2112 1863 2167 habent
1903 2114 1956 2166 in
1985 2127 2042 2167 se
2151 2125 2170 2157 ι
2207 2114 2260 2161 et
2286 2120 2392 2159 non
2423 2103 2674 2167 subditis,
2705 2101 2906 2171 impiis,
2932 2112 2985 2156 et.
3015 2097 3760 2171 peccatoribus,sceleratis,

450 2203 839 2271 necessarium,
883 2205 979 2259 sed
1021 2203 1188 2259 solam
1217 2203 1583 2259 narrationem
1613 2205 1925 2260 contineant
1949 2221 2042 2259 va-
2150 2218 2169 2250 ι
2205 2206 2260 2254 et
2281 2193 2983 2263 contaminatis,parricidis
3001 2200 3057 2247 et
3079 2189 3395 2254 matricidis,
3419 2189 3763 2254 bomicidis,

452 2313 576 2352 nam
604 2297 893 2368 quamdam
931 2307 989 2352 et
1025 2296 1355 2364 fabulosam,
1392 2300 1646 2369 quoniam
1675 2300 1763 2356 ille
1799 2301 1948 2356 illum
1976 2316 2044 2356 ex
2151 2309 2168 2342 ι
2205 2287 2645 2350 fornicatoribus,
2678 2283 3038 2338 masculorum
3055 2278 3767 2350 concubitoribus,plagia—

452 2386 541 2441 illa
571 2387 785 2457 genuit;
811 2395 866 2440 et
893 2387 1258 2456 interpretans
1281 2388 1408 2456 quid
1444 2387 1716 2442 inﬁnitum
1742 2404 1863 2444 esse
1887 2389 2039 2454 dicit,

2150 2399 2170 2434 ι
2207 2381 2336 2446 riis,
2385 2377 2766 2443 mendacibus,
2815 2374 3066 2447 perjuris.
3115 2393 3134 2426 ι
3187 2372 3318 2427 illud
3370 2380 3546 2425 autem
3609 2372 3764 2435 scio,

451 2478 655 2548 optime
695 2476 926 2547 adjecit,
965 2495 989 2536 ,ι
1039 2493 1158 2546 quae
1202 2479 1527 2548 quaestiones
1570 2489 1827 2548 praestant
1873 2480 2043 2552 magis
2143 2470 2400 2542 quoniam
2435 2467 2521 2523 lex
2555 2476 2772 2523 actuum
2817 2464 3311 2521 inconvenientium
3337 2462 3766 2518 abdicationem

459 2585 478 2619 ι
512 2583 672 2638 quam
695 2567 1148 2638 dispensationem
1172 2569 1268 2623 Dei
1294 2569 1346 2622 in
1376 2568 1498 2624 ﬁde.
1529 2589 1548 2621 ι
1581 2570 1813 2637 Talium,
1842 2571 2039 2642 inquit,
2144 2563 2408 2628 continet,
2436 2560 2612 2633 posita
2640 2567 2726 2615 est
2753 2559 2896 2612 enim
2928 2565 2986 2612 ut
3013 2555 3296 2626 prohibeat
3321 2570 3508 2610 omnes
3535 2554 3766 2624 iniqui-

452 2658 696 2713 narratio
714 2667 770 2713 et
789 2657 1112 2728 sollicitudo,
1139 2675 1257 2730 quae
1279 2661 1344 2716 de
1370 2660 1566 2716 talibus
1589 2671 1694 2728 est,
1721 2663 2043 2733 quaestiones
2144 2666 2306 2713 tates.
2335 2657 2475 2727 Erga
2504 2656 2626 2711 illos
2653 2655 2742 2725 qui
2775 2661 3002 2724 peccant
3034 2652 3343 2707 necessaria
3369 2660 3450 2706 est
3477 2651 3632 2722 legis
3666 2653 3768 2707 de-

452 2748 668 2818 quidem
699 2749 944 2819 capiosas
966 2749 1227 2818 quasdam
1263 2758 1317 2805 et
1350 2751 1590 2807 inﬁnitas
1614 2761 1871 2823 praestare
1893 2754 2044 2809 vide-
2145 2749 2340 2814 ﬁnitio,
2369 2749 2525 2803 docet
2547 2748 2691 2802 enim
2719 2761 2812 2801 eos
2837 2745 3058 2800 minime
3086 2745 3177 2798 illa
3203 2743 3398 2798 facere.
3422 2742 3523 2809 Qui
3549 2753 3763 2798 autem

451 2847 542 2895 tur
568 2858 581 2894 :
609 2840 899 2912 prohibent
919 2855 1048 2895 vero
1073 2840 1308 2894 divinam
1337 2857 1662 2913 cognoscere
1687 2843 2042 2915 dispensatio-
2145 2843 2312 2899 semel
2357 2851 2483 2897 sunt
2504 2839 2784 2912 justiﬁcati
2819 2847 2875 2895 et
2903 2839 2971 2893 ab
2997 2839 3143 2893 omni
3170 2847 3391 2908 peccato
3427 2838 3766 2907 superiores

452 2948 596 2997 nem,
644 2933 938 2988 secundum
983 2948 1144 3004 quam
1192 2933 1336 2988 Deus
1377 2945 1620 2989 nostram
1669 2936 1899 2992 salutem
1945 2952 2043 3007 per
2144 2934 2356 3002 effecti,
2390 2933 2658 3005 superﬂua
2687 2943 2772 2990 est
2805 2932 2911 2988 illis
2937 2932 3059 2998 lex,
3091 2932 3185 3002 qui
3213 2931 3298 2986 vel
3341 2931 3578 2985 maxime
3615 2931 3765 3003 legis

454 3026 724 3084 Christum
761 3026 976 3099 operari
1012 3026 1260 3100 dignatus
1284 3037 1398 3097 est,
1435 3029 1521 3083 cui
1545 3029 1631 3084 vel
1657 3032 1893 3086 maxime
1917 3046 2040 3086 cum
2143 3029 2422 3099 possident
2449 3026 2824 3082 directionem.
2859 3021 2972 3079 Hoc
2998 3031 3179 3078 autem
3211 3032 3292 3079 est
3334 3023 3472 3092 apud
3514 3037 3628 3078 nos
3662 3025 3762 3092 qui

453 3121 598 3176 omni
645 3119 749 3176 ﬁde
780 3119 1060 3176 intendere
1086 3121 1338 3176 convenit
1377 3121 1496 3177 illos
1523 3121 1614 3193 qui
1659 3121 1902 3189 audiunt,
1950 3122 2042 3192 qui
2145 3108 2436 3188 peccantis
2483 3115 2907 3190 [exspectamus]
2943 3116 3396 3170 resurrectionem
3442 3121 3502 3168 et
3549 3113 3762 3169 incor-

452 3220 508 3266 et
537 3211 670 3270 ipsis
698 3213 860 3266 rebus
888 3212 1132 3268 veritatis
1157 3211 1357 3268 habere
1384 3222 1610 3282 possunt
1643 3213 2036 3284 probationem,
2068 3215 2113 3278 C
2147 3211 2450 3281 ruptionem
2471 3225 2595 3264 cum
2615 3224 2722 3279 qua
2747 3218 2802 3264 et
2831 3207 3241 3264 invertibilitate
3270 3215 3531 3276 perpetua
3559 3208 3762 3274 persi-

453 3317 681 3372 quorum
712 3301 959 3358 doctrina
994 3303 1217 3358 minime
1255 3295 1638 3374 praetermissa,
1675 3305 2042 3360 successiones
2143 3311 2367 3367 stemus,
2384 3317 2609 3372 peccare
2623 3303 2761 3356 ultra
2776 3301 2998 3356 minime
3019 3300 3355 3364 valentes,et
3382 3305 3620 3367 propter
3649 3297 3761 3350 hoc

453 3407 562 3448 non
583 3393 835 3448 convenit
851 3392 1122 3450 discutere
1143 3408 1422 3464 generum,
1447 3409 1572 3449 nam
1594 3395 1722 3465 quia
1751 3403 1878 3451 tunc
1903 3394 2043 3450 mala
2143 3393 2258 3465 lege
2272 3409 2378 3447 non
2396 3392 2727 3464 indigemus:
2746 3391 2930 3460 itaque
2953 3391 3108 3445 nobis
3127 3392 3218 3460 qui
3234 3389 3640 3444 credidimuset
3653 3401 3761 3458 per

453 3494 616 3538 erunt
637 3484 870 3540 dehisce
897 3486 1102 3550 verbis,
1127 3484 1328 3556 liquido
1351 3485 1404 3540 id
1425 3485 1684 3556 probatur
1709 3502 1773 3541 ex
1804 3486 2041 3544 Matthaai
2142 3479 2371 3538 formam
2401 3483 2738 3553 baptismatis
2760 3483 2814 3536 in
2841 3481 2945 3536 illis
2966 3483 3076 3554 jam
3107 3481 3432 3546 exstitimus,
3461 3479 3759 3549 superﬂua

453 3583 512 3630 et
547 3574 706 3631 Lucae
741 3575 1208 3646 Evangelistarum
1253 3577 1583 3632 narratione.
1617 3577 1844 3648 Utrique
1875 3580 2043 3650 cxpli-
2141 3585 2226 3630 cst
2253 3576 2386 3647 legis
2417 3576 2682 3643 deﬁnitio,
2724 3575 2815 3644 qui
2845 3576 2982 3629 ultra
3009 3592 3038 3630 a
3071 3576 3308 3646 peccatis
3337 3589 3434 3629 nos
3457 3575 3758 3630 abstinere

455 3677 716 3723 caverunt
750 3667 896 3722 enim
934 3669 1384 3738 quemadmodum
1415 3667 1615 3724 Christi
1657 3673 1933 3742 generatio
1973 3689 2042 3728 ex
2143 3686 2249 3724 non
2267 3687 2332 3724 cx
2358 3671 2472 3742 lege
2495 3670 2837 3736 instruimur,
2860 3670 2954 3724 sed
2975 3668 3449 3725 docemurimitari
3477 3667 3607 3722 illas
3633 3685 3751 3732 res,

455 3760 678 3830 antiquo
710 3759 1008 3825 descendit,
1052 3776 1159 3816 non
1189 3772 1368 3816 tamen
1408 3777 1508 3832 pro
1545 3763 1635 3816 illa
1679 3763 1791 3835 ipsa
1820 3780 2044 3836 genera-

455 3854 602 3910 tione
644 3855 713 3910 ad
755 3855 922 3910 David
963 3857 1151 3928 utique
1181 3867 1462 3924 venerunt,
1510 3859 1602 3914 sed
1649 3858 1930 3915 Matthqu
1973 3860 2042 3916 ad

456 3945 619 4000 aliam
666 3945 1031 4017 genealogiam
1077 3962 1141 4002 ex
1190 3947 1358 4004 David
1400 3949 1741 4006 descendisse
1781 3951 2036 4006 videtur:

454 4034 630 4093 Lucas
653 4051 782 4094 vero
809 4037 877 4093 ad
905 4037 1066 4093 aliam
1091 4048 1307 4096 coactus
1331 4049 1416 4097 est
1440 4042 1628 4097 venire
1651 4043 2037 4111 narrationem,

458 4129 525 4185 ab
563 4130 668 4186 illis
695 4133 1081 4202 quaestionibus
1124 4149 1243 4205 quae
1285 4143 1412 4191 tunc
1440 4136 1525 4191 vel
1570 4137 1804 4192 maxime
1837 4137 2041 4192 moveri

456 4221 802 4286 videbantur,
833 4226 974 4294 quod
1000 4226 1164 4280 etiam
1189 4228 1498 4284 cautissime
1531 4229 1651 4298 quis
1681 4230 1822 4284 scire
1845 4229 2044 4298 poterit

460 4309 956 4382 interpretationem
981 4327 1220 4372 nostram
1247 4319 1564 4384 decurrens,
1589 4335 1748 4388 quam
1775 4321 1841 4374 de
1867 4320 2042 4374 Evan-

458 4403 611 4476 geliis
635 4409 965 4477 expressisse
992 4409 1094 4464 visi
1123 4425 1338 4474 sumus;
1365 4417 1421 4462 et
1441 4408 1628 4464 dicens
1652 4409 1738 4463 illa
1768 4426 1888 4480 quae
1915 4427 2042 4467 con-

457 4499 745 4556 veniebant
777 4503 1068 4574 praacipere
1093 4502 1193 4566 cis,
1222 4511 1276 4556 et
1312 4517 1342 4554 a
1373 4502 1566 4570 quibus
1591 4518 1650 4558 se
1675 4504 1927 4560 cohibere
1950 4506 2041 4559 de-

2142 3767 2194 3820 in
2213 3782 2442 3836 quorum
2461 3765 2688 3821 formam
2697 3763 2810 3834 jam
2827 3779 2968 3820 nunc
2980 3761 3418 3819 consistimus.Et
3431 3762 3755 3816 evidentius

2139 3865 2267 3928 post
2287 3857 2751 3912 enumerationem
2773 3866 3118 3927 peccatorum
3140 3854 3364 3924 adjecit:
3396 3872 3414 3905 ι
3446 3853 3515 3907 Et
3539 3854 3583 3908 si
3609 3855 3752 3922 quid

2148 3967 2166 4000 ι
2203 3949 2347 4004 aliud
2377 3965 2520 4004 sana:
2560 3949 2819 4004 doctrina:
2859 3949 3179 4003 adversatur
3219 3946 3514 4002 secundum
3562 3945 3752 3999 Evan—

2147 4062 2165 4095 ‹
2201 4043 2397 4113 gelium
2424 4041 2606 4114 gloria:
2632 4041 2781 4096 Beati
2807 4041 2923 4108 Dei,
2949 4041 3091 4110 quod
3121 4039 3383 4095 creditum
3411 4047 3496 4093 est
3520 4037 3686 4092 mihi.
3725 4057 3745 4088 ι

2142 4137 2214 4194 Ut
2244 4139 2387 4192 dicat
2414 4137 2669 4207 quoniam
2696 4136 2898 4201 omnia,
2931 4150 3049 4208 quzr
3077 4148 3243 4206 prava
3268 4141 3422 4198 sunt,
3455 4131 3750 4187 contraria

2141 4237 2269 4285 sunt
2301 4236 2498 4282 nostra:
2528 4229 2811 4293 doctrinae,
2833 4243 2993 4297 quam
3023 4235 3420 4295 consequenter
3439 4224 3748 4295 Evangelio

2142 4320 2326 4393 gloriae
2361 4319 2618 4385 facimus;
2659 4319 2882 4390 gloriam
2915 4319 3131 4389 quidem
3177 4318 3383 4383 dicens,
3421 4317 3573 4371 illam
3601 4319 3746 4373 dicit

2141 4429 2263 4483 quae
2293 4413 2346 4466 in
2377 4411 2560 4466 futuro
2581 4410 2778 4466 saeculo
2805 4420 2926 4481 post
2956 4410 3406 4466 resurrectionem
3434 4410 3612 4465 aderit
3645 4413 3746 4467 bo-

2143 4505 2400 4571 minibus,
2441 4504 2598 4573 quasi
2638 4503 2730 4573 qui
2775 4513 2829 4558 et
2869 4503 2924 4557 in
2963 4503 3242 4557 meliorem
3284 4503 3567 4557 transituri
3610 4517 3749 4560 sunt

458 4587 666 4654 herent,
692 4573 824 4645 dicit
848 4588 1226 4658 compendiose
1250 4597 1305 4643 et
1330 4589 1416 4642 illa
1461 4606 1581 4660 qua:
1609 4593 1894 4646 emendare
1915 4609 2038 4648 cum
2065 4573 2118 4632 D
2143 4605 2362 4650 statum.
2401 4616 2420 4648 ι
2457 4595 2768 4650 Seminatur
2793 4596 2968 4661 enim,
2999 4595 3102 4660 ait,
3132 4597 3184 4652 in
3209 4596 3581 4665 corruptione,
3611 4614 3744 4652 sur-

459 4678 704 4735 ﬁdelibus
731 4679 962 4742 videbat,
992 4679 1064 4734 ita
1095 4687 1154 4734 ut
1177 4679 1509 4752 diligentiam
1529 4698 1717 4738 eorum
1735 4683 2035 4741 adhiberet.

464 4788 484 4822 ε
521 4770 690 4837 Finis,
737 4772 941 4840 inquit,
993 4773 1244 4842 prmcepti
1293 4781 1375 4828 est
1425 4775 1684 4840 Charitas,
1733 4790 1799 4830 ex
1841 4779 2040 4832 mundo

465 4882 484 4915 ι
517 4863 682 4917 corde
706 4869 762 4918 et
785 4863 1132 4929 conscientia,
1161 4865 1301 4920 bona
1326 4874 1383 4920 et
1407 4865 1510 4921 ﬁde
1541 4883 1647 4922 non
1676 4867 1818 4922 ﬁcta.
1855 4887 1874 4922 ι
1901 4868 2042 4924 Prai-

459 4956 640 5026 cipere
661 4963 838 5010 autem
869 4964 922 5010 te
945 4956 1032 5011 vel
1067 4959 1302 5014 maxime
1323 4959 1480 5029 cupio
1503 4958 1629 5026 illis,
1664 4959 1807 5030 quod
1833 4968 1890 5016 et
1916 4960 2040 5016 ﬁnis

458 5057 545 5106 est
568 5060 766 5104 nostra:
793 5049 1072 5116 doctrinae,
1097 5058 1156 5104 ut
1179 5051 1455 5106 discedant
1483 5051 1552 5105 ab
1571 5051 1719 5106 omni
1745 5052 2041 5122 quastione

460 5156 622 5205 vana,
647 5154 752 5195 non
777 5140 1057 5196 intendant
1081 5155 1210 5196 vero
1249 5142 1354 5197 illis
1391 5143 1481 5213 qui
1526 5141 1767 5197 fabulosa
1796 5145 2040 5212 quaedam

463 5245 687 5286 narrare
711 5231 968 5301 cupiunt,
999 5231 1199 5287 salvam
1224 5248 1353 5288 vero
1383 5241 1543 5303 atque
1569 5234 1833 5304 integram
1862 5235 2040 5290 chari-

464 5329 628 5376 tatem
655 5338 782 5394 erga
812 5337 1150 5378 communem
1181 5323 1463 5378 Dominum
1497 5325 1801 5380 custodiant
1839 5327 2040 5381 mundo

459 5415 624 5471 corde
665 5423 720 5469 et
755 5413 994 5484 perfecta
1036 5415 1384 5470 conscientia.
1413 5414 1482 5470 Et
1504 5417 1794 5472 ostendens
1832 5428 2037 5489 quanta

459 5507 726 5563 nocivitas
773 5506 1084 5562 adnascitur
1128 5505 1234 5562 illis
1275 5507 1368 5576 qui
1413 5523 1519 5563 non
1562 5509 1636 5562 ita
1675 5525 1804 5581 erga
1843 5507 2036 5580 dogma

461 5601 678 5672 pietatis
702 5603 1023 5669 consistunt,
1054 5599 1237 5670 adjicit
1261 5618 1274 5654 :
1305 5619 1324 5652 ι
1355 5598 1402 5655 Α
1426 5601 1622 5671 quibus
1643 5602 1860 5672 quidam
1888 5604 2040 5658 aber-

471 5711 491 5744 c
524 5705 706 5751 rantes
733 5694 979 5751 conversi
1005 5703 1131 5749 sunt
1155 5693 1208 5748 in
1234 5693 1622 5762 vaniloquium,
1652 5692 1893 5750 volentes
1921 5709 2040 5750 esse

472 5799 490 5838 ι
526 5786 656 5858 legis
677 5795 944 5856 doctores,
970 5803 1077 5845 non
1101 5787 1463 5860 intelligentes
1491 5800 1667 5856 neque
1693 5802 1814 5858 qua
1831 5789 2036 5854 dicunt,

2148 4705 2167 4738 ι
2203 4687 2360 4758 getin
2387 4687 2823 4757 incorruptione;
2848 4688 3146 4743 seminatur
3169 4689 3223 4743 in
3255 4688 3590 4752 inﬁrmitate,
3615 4705 3745 4745 sur-

2146 4795 2164 4829 ¢
2203 4785 2292 4848 get
2317 4776 2370 4831 in
2398 4778 2628 4842 virtute;
2662 4780 2961 4833 seminatur
2983 4780 3037 4833 in
3069 4779 3425 4850 ignobilitate,
3457 4790 3651 4852 surget
3687 4783 3740 4836 in

2146 4888 2164 4920 ι
2201 4868 2394 4940 gloria.
2432 4889 2449 4922 ι
2485 4868 2832 4941 Evangelium
2871 4885 2997 4926 vero
3024 4880 3183 4926 vocat
3209 4870 3354 4924 illam
3381 4872 3742 4940 praedicatio-

2141 4977 2263 5017 nem
2284 5002 2298 5027 ,
2339 4977 2460 5032 quae
2494 4963 2562 5016 de
2592 4962 2884 5034 Evangelia
2911 4971 3024 5028 est,
3059 4963 3201 5032 quod
3240 4973 3296 5020 et
3337 4975 3744 5034 consequenter

2141 5052 2402 5107 creditum
2429 5053 2530 5108 sibi
2555 5068 2678 5109 esse
2707 5054 2872 5119 dixit,
2915 5063 2974 5108 ut
3001 5055 3218 5110 doceret
3250 5071 3442 5111 omnes
3483 5057 3742 5114 homines

2141 5144 2339 5200 debere
2365 5153 2682 5215 exspectare
2709 5145 2796 5199 illa
2827 5160 2925 5215 per
2947 5160 3066 5200 eam
3095 5145 3256 5201 ﬁdem
3291 5161 3415 5218 quae
3441 5148 3498 5202 in
3514 5148 3740 5206 Christo

2140 5248 2241 5295 est.
2275 5238 2516 5295 Gloriam
2543 5247 2722 5294 autem
2749 5239 2886 5295 dixit
2925 5240 3076 5296 Beati
3107 5241 3223 5306 Dei,
3255 5252 3315 5298 ut
3339 5243 3486 5299 dicat
3513 5261 3636 5315 qua:
3667 5247 3739 5300 ab

2139 5330 2232 5386 illo
2272 5331 2428 5386 nobis
2455 5331 2726 5386 tribuitur.
2757 5332 2888 5388 Jure
2930 5331 3154 5388 Beatum
3188 5334 3360 5390 Deum
3390 5335 3495 5391 hoc
3522 5338 3578 5391 in
3613 5337 3737 5393 loco

2138 5433 2323 5489 vocat,
2354 5438 2419 5478 eo
2451 5426 2593 5493 quod
2625 5423 2767 5480 idem
2797 5426 2852 5479 in
2889 5434 3082 5481 natura
3116 5429 3506 5484 beatitudinem
3535 5432 3732 5486 habeat

2137 5522 2362 5585 propter
2389 5531 2542 5571 suam
2577 5517 3038 5572 invertibililalem
3059 5557 3075 5583 ,
3112 5519 3270 5574 nobis
3306 5535 3437 5575 vero
3465 5526 3635 5592 gratis
3678 5523 3729 5577 id

2140 5605 2359 5660 tribuat.
2403 5606 2532 5663 Hanc
2572 5623 2700 5680 ergo
2751 5609 3066 5678 praedicatio
3103 5619 3189 5666 est
3230 5611 3298 5666 de
3346 5612 3544 5667 futuris
3608 5628 3730 5682 qua

2137 5707 2453 5768 exspectare
2480 5715 2666 5754 omnes
2687 5701 2963 5765 docemur,
2992 5713 3410 5773 consequentem
3440 5719 3492 5759 et
3521 5704 3728 5759 facien-

2138 5798 2222 5847 tes
2248 5791 2580 5860 doctrinam,
2608 5808 2973 5864 praeparamus
2999 5796 3143 5851 cnim
3168 5811 3359 5852 omnes
3387 5797 3534 5852 illam
3563 5797 3728 5851 vitam
