3986 6338
252 418 365 476 585

717 418 1261 480 ENARRATIONUM
1294 422 1363 481 IN
1402 422 1553 479 EPP.
1588 423 1790 481 PAULI
1830 425 1958 481 LIB.
2000 426 2188 482 XXIII.
2221 455 2293 467 —
2325 421 2396 479 IN
2433 422 2649 479 EPIST.
2689 422 2710 478 ι
2742 423 2836 478 AD
2875 423 3013 479 TIM.
3073 492 3083 499 ν

3406 426 3511 481 586

252 535 312 591 in
336 533 593 604 praesenti
627 533 821 591 steculo
848 535 1079 603 imitari,
1118 546 1280 608 prout
1305 547 1482 610 potest
1516 546 1771 595 caventes
1802 554 1835 595 a
1862 544 1912 603 Α
1938 555 2045 610 qua
2072 548 2288 610 sumpta
2309 537 2485 595 fuerat
2509 546 2633 610 post
2652 537 2848 594 omium
2870 553 3005 608 aqua
3036 538 3211 605 rediit,
3235 541 3360 598 dum
3390 555 3515 613 post

249 624 517 695 peccatis,
545 637 612 679 eo
639 624 783 693 quod
805 624 934 682 licet
958 626 1038 682 eis
1061 627 1403 685 credentibus
1426 642 1526 699 per
1552 627 1838 699 baptisma-

252 713 325 768 tis
351 711 585 769 formam
610 722 892 771 consortes
913 715 1126 772 illorum
1157 717 1275 774 ﬁeri
1302 719 1598 786 bonorum,
1641 719 1836 777 talibus

247 818 383 859 vero
408 803 747 859 exstantibus
775 805 1045 876 superflua
1063 815 1147 864 est
1168 808 1273 863 illis
1297 808 1406 873 lex,
1425 824 1592 865 unum
1620 810 1835 880 quidem

246 894 378 964 quia
405 895 568 950 rebus
590 894 723 966 ipsis
748 895 856 951 frui
886 896 1031 952 illam
1056 907 1391 969 exspectant,
1414 899 1469 955 in
1494 900 1690 970 quibus
1716 900 1835 956 exi-

245 993 459 1041 stentes
496 1000 605 1041 non
640 985 840 1041 habent
874 988 1233 1043 necessariam
1274 988 1408 1061 legis
1435 988 1833 1058 ditﬁnitionem,

246 1076 483 1134 alterum
522 1093 653 1135 vero
695 1079 955 1150 quoniam
992 1095 1208 1137 omnem
1249 1082 1395 1137 omni
1438 1082 1690 1152 legitimae
1735 1082 1834 1139 do-

243 1170 444 1227 ctrina:
468 1169 700 1226 formam
722 1171 1030 1241 praecellere
1054 1174 1287 1241 videtur,
1327 1182 1382 1230 et
1421 1174 1510 1229 illa
1534 1174 1689 1242 ﬁdes,
1716 1192 1837 1247 qua:

243 1261 317 1317 de
347 1262 455 1318 illis
480 1271 583 1327 est,
615 1263 682 1320 ad
712 1277 924 1319 omnem
948 1264 1210 1321 virtutum
1236 1265 1502 1323 cautelam
1525 1282 1619 1324 eos
1641 1267 1837 1339 perdu-

244 1371 376 1412 cere
394 1364 592 1427 potest,
606 1354 799 1412 deinde
818 1356 975 1429 quasi
994 1372 1062 1413 ex
1082 1357 1351 1414 dictorum
1372 1360 1650 1430 sequentia
1666 1359 1836 1415 verti-

242 1456 357 1513 tur,
392 1457 452 1503 ut
494 1449 696 1520 gratias
721 1458 847 1523 agat
894 1450 1027 1516 Deo,
1072 1452 1328 1521 quoniam
1371 1453 1721 1509 commissum
1752 1462 1836 1510 est

243 1542 349 1599 sibi
380 1543 731 1617 Evangelium
761 1560 886 1600 cum
924 1561 1034 1603 non
1066 1555 1211 1602 esset
1243 1547 1456 1619 dignus.
1500 1546 1682 1603 Utitur
1705 1561 1836 1603 vero

242 1633 359 1691 illis
385 1650 509 1706 quae
532 1640 664 1706 erga
707 1650 767 1691 se
786 1644 964 1702 erant,
993 1636 1237 1694 referens
1258 1637 1329 1693 ad
1361 1638 1728 1695 ostensionem
1753 1638 1835 1695 di-

240 1734 457 1781 ctorum
511 1724 778 1796 simulque
826 1726 1202 1784 demonstrans
1246 1729 1504 1799 quoniam
1551 1730 1834 1786 universos

238 1816 496 1873 Christus
525 1817 775 1884 salvavit,
809 1817 864 1873 in
891 1817 1091 1875 futuris
1128 1818 1248 1876 illos
1280 1820 1619 1877 constituens
1651 1821 1831 1889 bouis,

1938 638 2085 685 tanta
2103 645 2214 686 sua:
2233 628 2699 701 contemplationis
2718 644 2916 685 arcana
2939 641 3277 700 peccatorem
3299 649 3357 691 se
3376 633 3514 690 Pau-

1936 717 2019 774 lus
2040 720 2302 785 meminit,
2326 727 2388 774 ut
2413 719 2670 789 prodesse
2701 719 2974 777 humiliter
2997 724 3368 792 peccatoribus
3391 741 3514 797 pos-

1934 811 2024 866 sit.
2073 810 2300 882 (Ambr.)
2337 810 2405 865 Et
2432 818 2716 882 postquam
2750 812 2818 866 de
2859 827 2918 868 se
2957 813 3161 885 gratias
3198 815 3266 871 ad
3294 816 3517 873 demon-

1933 901 2255 957 strationem
2281 901 2679 972 praedictorum,
2718 902 2860 958 sicut
2893 904 3029 959 dixit
3073 905 3184 970 illa,
3211 921 3332 977 quae
3357 908 3425 964 de
3458 925 3516 965 se

1932 988 2168 1060 fuerunt,
2200 994 2347 1049 visus
2371 1002 2456 1050 est
2484 995 2731 1052 retulisse
2759 996 3018 1068 adjiciens
3047 999 3155 1053 ait:

2011 1102 2030 1137 ι
2068 1083 2251 1142 Fidele
2276 1087 2501 1142 verbum
2537 1095 2594 1142 et
2616 1089 2762 1143 omni
2788 1090 3096 1160 acceptione
3124 1090 3365 1162 dignum,
3391 1096 3516 1164 quia

1939 1194 1962 1228 ι
1994 1175 2243 1234 Christus
2267 1175 2426 1235 Iesus
2452 1179 2599 1233 venit
2628 1178 2683 1234 in
2722 1179 2867 1235 hunc
2906 1181 3163 1236 mundum
3200 1192 3517 1253 peccatores

1939 1285 1960 1321 ι
1995 1267 2170 1324 salvos
2211 1268 2411 1332 facere,
2438 1283 2668 1339 quorum
2708 1270 2916 1340 primus
2945 1288 3046 1342 ego
3085 1290 3226 1328 sum.
3261 1293 3280 1326 ›
3318 1275 3515 1331 Verum

1933 1366 2017 1414 cst
2039 1373 2169 1430 ergo
2194 1359 2449 1431 quoniam
2483 1358 2728 1416 Christus
2758 1376 2855 1432 pro
2880 1371 3225 1432 peccatorum
3252 1364 3398 1419 venit
3432 1382 3519 1422 sa-

1933 1444 2068 1518 lute,
2099 1452 2242 1508 sicut
2285 1467 2354 1509 ex
2395 1467 2483 1508 me
2524 1461 2608 1508 est
2649 1452 2704 1509 id
2754 1454 3072 1523 perspicere.
3118 1454 3299 1520 Fidele
3338 1467 3516 1512 autem

1932 1542 2158 1598 verbum
2184 1541 2402 1609 dicens,
2444 1557 2634 1598 verum
2661 1543 2872 1599 dicetur
2898 1546 3123 1601 verbum
3150 1562 3165 1601 :
3207 1549 3519 1620 acceptione

1931 1647 2064 1688 vero
2091 1632 2311 1705 dignum
2356 1633 2478 1690 ideo
2503 1632 2671 1701 dixit,
2715 1649 2781 1690 co
2818 1636 2961 1706 quod
3000 1637 3178 1693 omnis
3207 1639 3516 1711 quicunque

1930 1720 2098 1779 fuerit
2138 1724 2227 1780 ille
2275 1725 2529 1797 recipiet,
2558 1724 2784 1781 credens
2809 1725 2935 1797 quia
2969 1727 3114 1783 Deus
3140 1728 3389 1784 homines
3417 1731 3518 1785 mi—

1934 1814 2231 1871 sericordia
2259 1814 2457 1883 salvat,
2487 1831 2609 1872 cum
2636 1815 2766 1871 sinit
2788 1826 3101 1887 peccatores
3124 1827 3345 1890 pr0pter
3363 1835 3518 1875 suam

239 1908 299 1964 in
327 1908 528 1978 quibus
556 1917 612 1964 et
639 1908 989 1980 persistentes
1019 1909 1348 1966 invertibiles
1374 1910 1516 1966 ultra
1559 1911 1676 1966 sine
1702 1926 1831 1983 pec-
1859 1893 1908 1955 Β
1935 1906 2337 1974 inﬁrmitatem,
2380 1906 2723 1979 acceptabilis
2751 1922 2882 1963 vero
2910 1915 2993 1964 est
3020 1908 3269 1965 omnibus
3309 1910 3522 1966 bonitas

239 2012 383 2067 cato,
422 2002 498 2058 ita
519 2014 588 2083 ⁸ιιι
610 2011 667 2059 et
690 2002 956 2075 superﬂua
984 2002 1090 2059 illis
1131 2004 1439 2061 necessaria
1478 2003 1566 2060 lex
1596 2019 1717 2061 esse
1752 2004 1834 2060 vi-

239 2093 460 2161 deatur,
486 2092 629 2164 quod
657 2103 713 2150 et
741 2094 874 2165 ipsis
898 2093 1071 2166 magis
1092 2094 1395 2151 ostenditur
1423 2095 1624 2161 verbis,
1648 2094 1836 2153 dicens

238 2184 389 2240 enim
422 2201 442 2235 ‹
478 2183 775 2241 secundum
804 2183 1150 2256 Evangelium
1180 2183 1369 2256 gloria:
1398 2184 1542 2240 beati
1572 2186 1667 2241 Dei
1690 2186 1835 2257 quod

239 2275 511 2332 creditum
537 2284 622 2332 est
647 2274 796 2339 mihi,
831 2294 850 2328 ι
885 2273 1108 2345 adjicit:
1148 2294 1166 2329 ι
1203 2276 1271 2330 Et
1298 2277 1502 2348 gratias
1536 2292 1637 2349 ago
1663 2278 1714 2333 ei
1743 2279 1836 2348 qui

244 2385 265 2417 σ
300 2382 390 2423 me
431 2366 764 2424 eonfortavit
803 2366 1021 2424 Christo
1058 2368 1186 2424 Jesu
1228 2367 1458 2426 Domino
1496 2379 1705 2435 nostro,
1741 2370 1835 2441 qui

242 2477 264 2510 ι
304 2457 514 2515 ﬁdelem
561 2474 649 2516 me
694 2459 1046 2527 existimavit,
1092 2475 1299 2532 ponens
1350 2461 1407 2517 in
1450 2462 1832 2531 ministerium,

243 2566 265 2600 ι
304 2549 401 2620 qui
425 2550 573 2622 prius
600 2549 678 2606 fui
709 2550 1073 2622 blasphemus,
1100 2562 1155 2608 et
1193 2563 1529 2625 persecutor,
1559 2564 1617 2612 et
1642 2564 1834 2612 contu-

243 2657 265 2690 σ
302 2639 584 2697 meliosus.
619 2660 639 2693 ι
674 2639 913 2707 Gratias,
954 2641 1154 2712 inquit,
1195 2642 1395 2698 multas
1419 2642 1597 2700 refero
1623 2660 1723 2715 pro
1749 2644 1834 2700 bis

237 2718 462 2786 Christo
488 2731 580 2801 qui
608 2731 664 2787 in
700 2732 795 2786 tali
822 2746 908 2787 me
934 2745 1098 2803 opere
1128 2732 1488 2800 confortavit,
1528 2735 1602 2789 ita
1630 2743 1690 2789 ut
1713 2734 1834 2790 uni-

236 2837 403 2879 verso
431 2810 549 2879 o'rbi
570 2823 917 2896 Evangelium
950 2825 1326 2895 praedicarem.
1359 2824 1470 2881 Nec
1507 2834 1625 2881 erat
1651 2834 1831 2881 autem

236 2914 501 2986 possibile
528 2915 632 2971 hoc
654 2930 834 2987 posse,
878 2916 924 2972 si
949 2932 1055 2970 non
1083 2915 1200 2986 ejus
1224 2917 1604 2987 cooperatione
1637 2914 1833 2988 dignus

237 3006 466 3064 fuissem
490 3009 732 3075 eﬁ'ectus,
774 3016 831 3065 et
853 3009 1107 3080 quoniam
1137 3024 1235 3065 sua
1264 3008 1591 3065 revelatione
1615 3008 1684 3064 ad
1712 3008 1830 3079 pie-

237 3108 411 3158 tatem
433 3117 523 3157 me
543 3102 784 3168 tradens,
809 3101 1168 3158 ministerium
1193 3101 1335 3157 aliud
1364 3102 1525 3158 saluti
1556 3103 1832 3172 imponere

237 3204 321 3252 est
350 3194 625 3267 dignatus,
667 3196 888 3268 dignum
928 3210 1016 3251 me
1053 3195 1333 3252 existimas
1371 3193 1618 3264 quamvis
1652 3193 1830 3251 adhuc

238 3257 664 3344 studiovtenerer
690 3257 1069 3361 persequendi,
1095 3299 1152 3344 et
1185 3257 1592 3358 blasphema'ndi
1616 3292 1673 3342 et
1692 3301 1825 3342 con-
1855 3257 1902 3321 θ

240 3381 483 3437 tumeliis
533 3380 799 3437 alliciendi
838 3396 932 3437 eos
974 3380 1067 3452 qui
1112 3380 1167 3436 in
1206 3379 1356 3434 illum
1405 3378 1730 3445 credebant,
1774 3386 1831 3457 et

238 3485 578 3545 exaggerans
606 3471 736 3528 illud
754 3471 853 3526 ait.
881 3492 899 3524 ι
928 3469 1036 3528 Sed
1059 3470 1486 3527 misericordiam
1510 3476 1830 3526 consecutus

247 3584 267 3617 ι
300 3581 457 3631 sum,
497 3565 752 3637 quoniam
790 3564 893 3622 feci
937 3566 994 3621 in
1042 3565 1419 3622 incredulitate
1449 3582 1464 3621 :
1498 3566 1833 3637 superabun-

247 3678 267 3711 σ
301 3658 454 3715 davit
498 3668 677 3715 autem
721 3660 893 3731 gratia
940 3658 1156 3715 Domini
1209 3658 1383 3715 nostri
1427 3675 1552 3715 cum
1599 3660 1732 3725 ﬁde,
1778 3666 1834 3714 et

248 3770 268 3803 ι
303 3750 592 3817 charitate,
621 3766 744 3822 qua:
763 3759 849 3807 est
871 3750 926 3805 in
950 3748 1167 3806 Christo
1188 3750 1336 3807 Jesu.
1374 3771 1394 3804 ι
1432 3749 1537 3806 Sed
1574 3749 1696 3806 talis
1715 3750 1835 3820 qui-

239 3843 368 3901 dem
410 3858 561 3901 eram
601 3858 723 3917 ego,
767 3842 1198 3900 misericordiam
1240 3856 1368 3897 vero
1408 3849 1711 3909 assecutus,
1752 3842 1835 3898 di-

240 3951 382 4008 gnus
424 3935 641 3991 habitus
679 3951 797 3990 sum
841 3950 1183 4007 magnorum,
1230 3933 1339 3990 Deo
1376 3932 1583 3990 scilicet
1609 3943 1833 4005 peccata

238 4026 464 4095 quidem
482 4041 603 4082 mea
622 4024 941 4097 ignorantiae
964 4040 1098 4082 mea:
1120 4025 1429 4096 deputante,
1453 4023 1682 4079 bonitati
1703 4039 1834 4082 vero

241 4133 355 4174 suae
376 4117 433 4172 in
462 4116 622 4173 ﬁdem
648 4125 704 4173 et
723 4118 1047 4174 charitatem
1077 4119 1388 4188 recipiente.
1415 4115 1618 4191 (Greg.)
1647 4116 1833 4174 Sancti

241 4208 447 4278 quique
468 4209 634 4263 etiam
658 4222 781 4264 cum
809 4208 865 4262 in
894 4208 1158 4264 virtutum
1189 4223 1315 4264 arce
1339 4208 1665 4275 consistunt,
1690 4209 1836 4266 unde

241 4298 369 4355 elati
414 4307 545 4355 sunt
583 4298 957 4366 considerant,
1006 4314 1105 4356 nec
1144 4299 1331 4356 alienae
1370 4299 1699 4356 inﬁrmitatis
1740 4300 1835 4355 ab-

232 4388 384 4461 jecla
413 4399 789 4446 contemnunt.
824 4390 977 4448 Unde
1014 4390 1068 4446 in
1094 4388 1203 4446 .Job
1239 4392 1478 4464 legitur:
1513 4410 1533 4445 ι
1561 4392 1664 4460 Qui
1691 4408 1834 4464 pra:-

241 4485 378 4557 cipit
402 4486 512 4540 nivi
539 4496 600 4541 ut
624 4486 917 4543 descendat
940 4486 993 4541 in
1022 4496 1246 4563 terram,
1266 4495 1320 4542 et
1345 4487 1539 4544 hiemis
1562 4489 1758 4560 pluviis
1776 4497 1834 4545 et

240 4576 408 4631 imbri
457 4575 788 4634 fortitudinis
831 4592 942 4633 sua:
969 4576 1111 4648 (Job.
1161 4578 1389 4650 xxxvn).
1433 4599 1453 4632 ι
1496 4579 1660 4648 Quasi
1701 4597 1830 4652 ergo

240 4683 401 4738 aqua:
423 4668 491 4723 ad
527 4677 705 4723 terras
726 4668 794 4724 de
820 4668 1017 4738 quibus
1041 4667 1265 4724 sublatae
1289 4677 1416 4724 sunt
1436 4671 1684 4738 redeunt,
1706 4672 1830 4727 dum

240 4761 740 4829 condescendentes
782 4759 913 4830 justi
971 4760 1343 4830 peccatoribus
1400 4762 1676 4818 reminisci
1725 4779 1833 4820 non

241 4852 532 4920 desinunt,
568 4854 711 4923 quod
748 4852 967 4909 fuerunt
998 4871 1011 4907 :
1039 4861 1186 4908 certe
1213 4853 1267 4907 in
1296 4855 1456 4909 terris
1481 4856 1658 4910 adhuc
1692 4854 1835 4911 Pau—

242 4944 331 5001 lus
374 4945 581 5014 fuerat,
618 4962 741 5003 cum
778 4946 951 5020 legem
982 4944 1270 5002 carnaliter
1299 4947 1574 5016 sapiebat,
1613 4947 1708 5003 sed
1736 4950 1835 5004 du-

241 5045 365 5093 ctus
412 5038 480 5093 ad
507 5039 752 5096 cmlestia
801 5040 854 5095 in
897 5032 1081 5095 'nivem
1124 5053 1314 5094 versus
1356 5047 1470 5106 est,
1520 5040 1647 5110 quia
1689 5040 1835 5111 quod

242 5129 401 5200 prius
444 5128 722 5187 inﬁmum
760 5130 966 5201 sapuit,
1006 5130 1072 5185 ad
1108 5128 1433 5185 soliditatem
1460 5145 1603 5186 vera:
1640 5130 1840 5187 intelli-

242 5221 444 5294 gentiae
471 5223 856 5290 commutavit,
894 5231 949 5278 et
976 5230 1157 5277 tamen
1186 5222 1621 5280 condescendens
1655 5223 1838 5280 fratri-

240 5313 371 5379 bus,
404 5314 558 5385 quasi
591 5316 680 5369 nix
731 5314 838 5369 ima
879 5313 1127 5385 repetiit,
1171 5321 1227 5369 et
1254 5311 1378 5384 quia
1418 5322 1542 5385 post
1574 5314 1836 5371 virtutum

245 5406 521 5475 culmina,
571 5421 735 5477 quam
781 5404 948 5461 fuerit
994 5405 1245 5478 indignus
1300 5406 1576 5476 agnoscit,
1606 5406 1835 5463 dicens:

250 5518 271 5549 ι
306 5496 415 5566 Qui
441 5498 593 5570 prius
621 5496 699 5552 fui
727 5496 1093 5567 blasphemus,
1125 5504 1182 5552 et
1208 5504 1541 5567 persecutor,
1569 5506 1623 5552 et
1650 5508 1839 5555 contu-

243 5589 543 5656 meliosus,
582 5589 677 5645 sed
714 5588 1143 5645 misericordiam
1172 5598 1493 5644 consecutus
1533 5603 1682 5656 sum,
1712 5590 1841 5660 quia

243 5678 510 5756 ignorans
536 5680 642 5738 feci
676 5681 732 5737 in
758 5679 1152 5738 incredulitate.
1190 5699 1210 5732 ι
1249 5678 1389 5737 Ecce
1410 5696 1575 5752 quam
1608 5681 1842 5739 clemen-

248 5778 334 5827 ter
360 5788 476 5830 sua:
500 5770 883 5829 imbecillitatis
904 5772 1294 5839 reminiscitur,
1317 5779 1379 5827 ut
1407 5771 1634 5827 aliorum
1662 5788 1843 5844 aequa-

245 5864 478 5923 nimiter
503 5866 719 5921 inﬁrma
756 5866 1023 5938 patiatur;
1064 5866 1221 5937 quasi
1266 5866 1412 5924 enim
1440 5864 1508 5922 ad
1549 5873 1748 5922 terram
1775 5866 1841 5922 de

542 5956 813 6023 Panos.
856 5959 1057 6024 C-Xll.

1858 4622 1912 4684 D

1934 1997 2171 2054 maxime
2196 1996 2312 2063 Dei,
2342 2014 2463 2068 qua:
2496 1996 2647 2054 valde
2670 2006 2754 2053 est
2795 2014 3011 2070 magna,
3054 2009 3109 2055 et
3136 2000 3305 2056 multo
3340 2001 3524 2071 copio-

1934 2088 2049 2144 sior
2092 2104 2220 2160 erga
2268 2104 2368 2146 nos
2407 2088 2619 2155 effecta,
2665 2089 2842 2145 omnis
2881 2099 3061 2147 autem
3104 2091 3410 2163 quicunque
3446 2091 3520 2147 illi

1935 2179 2235 2235 delectatur
2262 2179 2317 2235 in
2355 2180 2505 2236 hisce
2534 2179 2897 2246 sermonibus,
2924 2196 3044 2236 cum
3083 2182 3154 2237 sit
3183 2182 3295 2252 ipse
3335 2184 3517 2248 homo,

1932 2279 1989 2328 et
2022 2272 2163 2328 bona
2189 2272 2254 2327 de
2296 2271 2604 2328 hominibus
2643 2271 2830 2326 audire
2870 2271 3070 2342 cupiat,
3102 2281 3173 2353 'et
3215 2272 3375 2329 latius
3417 2275 3521 2329 hoc

1932 2374 2260 2421 consecutus
2293 2380 2413 2420 sum
2462 2365 2603 2421 idem
2646 2365 2834 2422 dicens
2870 2364 3073 2435 adjicit.
3110 2385 3129 2418 ι
3166 2364 3274 2423 Sed
3302 2376 3523 2438 propter

1937 2474 1960 2509 ι
1996 2457 2102 2515 hoc
2132 2458 2560 2514 misericordiam
2592 2467 2916 2515 consecutus
2941 2476 3083 2525 sum,
3111 2468 3173 2514 ut
3214 2460 3268 2514 in
3298 2477 3384 2515 me
3411 2461 3521 2530 pri-

1938 2567 1959 2603 ι
1994 2566 2144 2606 mum
2161 2551 2414 2607 ostendat
2434 2549 2679 2606 Christus
2699 2547 2857 2607 Iesus
2877 2565 3091 2607 omnem
3114 2550 3428 2620 patientiam
3451 2552 3519 2606 ad

1937 2659 1958 2695 ι
1994 2643 2431 2699 informationem
2461 2658 2648 2701 eorum
2684 2644 2777 2714 qui
2812 2652 2939 2699 sunt
2972 2643 3227 2699 credituri
3259 2642 3332 2698 illi
3360 2643 3413 2699 in
3440 2644 3520 2698 vi-

1939 2755 1959 2788 ι
1996 2745 2107 2791 tam
2128 2745 2403 2805 aeternam.
2434 2755 2452 2788 ι
2478 2735 2604 2792 Ideo
2627 2751 2711 2790 me
2734 2736 3043 2791 ministrum
3068 2736 3367 2792 vocationis
3388 2752 3519 2807 gen-

1932 2828 2068 2883 tium
2094 2828 2160 2884 de
2188 2827 2384 2883 talibus
2405 2826 2584 2898 elegit,
2607 2835 2668 2882 ut
2691 2843 2758 2882 ex
2784 2842 2870 2882 me
2896 2825 3240 2882 manifestum
3269 2827 3519 2882 omnibus

1934 2915 2119 2983 faciat,
2149 2916 2404 2987 quoniam
2428 2916 2714 2972 clementia
2744 2916 2838 2971 Dei
2867 2924 2921 2970 et
2951 2915 3193 2971 bonitate
3218 2931 3405 2971 omnes
3426 2916 3520 2986 qui

1934 3007 2159 3063 credunt
2186 3008 2239 3062 in
2262 3022 2386 3062 eum
2408 3005 2776 3071 salvabuntur,
2798 3014 3054 3061 aeternam
3082 3006 3301 3077 petituri
3327 3008 3518 3061 vitam.

1935 3100 1992 3158 Si
2019 3110 2199 3157 autem
2224 3101 2487 3157 doctrina:
2512 3099 2758 3154 minister
2782 3097 2906 3153 talis
2930 3106 3175 3168 sumptus
3204 3104 3309 3164 est,
3335 3097 3522 3169 quales

1933 3201 2094 3249 erunt
2141 3192 2217 3248 illi
2265 3193 2355 3262 qni
2404 3206 2503 3263 per
2545 3203 2669 3246 eum
2708 3190 2776 3246 ad
2821 3189 3077 3259 pietatem
3127 3190 3426 3244 vocantur?
3466 3199 3521 3245 et

1931 3286 2087 3357 quasi
2115 3285 2208 3357 qui
2255 3283 2491 3341 ostendit
2531 3297 2631 3353 per
2672 3283 2822 3348 hzec,
2853 3280 3106 3352 quoniam
3136 3296 3263 3337 vera
3312 3281 3522 3337 ratione

1933 3377 2307 3435 misericordia
2337 3383 2465 3431 tunc
2492 3389 2682 3430 omnes
2710 3372 3078 3436 salvabuntur,
3107 3370 3320 3441 quando
3346 3386 3376 3426 a
3398 3386 3524 3440 pec-

1935 3481 2056 3528 cato
2093 3468 2267 3527 exteri
2307 3467 2467 3534 facti,
2506 3466 2625 3538 lege
2664 3464 2803 3520 ultra
2842 3461 3065 3519 minime
3105 3461 3344 3533 indigere
3374 3460 3525 3516 vide-

1932 3563 2158 3630 buntur,
2184 3570 2246 3618 ut
2280 3576 2348 3617 ex
2374 3560 2480 3617 hoc
2507 3556 2791 3615 conﬁrmet
2819 3556 2969 3622 illud,
3012 3556 3155 3626 quod
3188 3554 3524 3626 propositum

1936 3654 2039 3711 sibi
2073 3653 2285 3720 fuerat,
2331 3652 2587 3725 quoniam
2626 3666 2735 3706 non
2781 3646 3033 3704 convenit
3064 3662 3160 3719 per
3202 3646 3374 3718 legem
3416 3645 3528 3701 liti-.

1936 3762 2088 3819 gare,
2116 3745 2358 3803 credenti
2386 3759 2514 3800 vero
2540 3744 2596 3798 in
2623 3740 2898 3799 Christum
2928 3748 3247 3809 exspectare
3286 3737 3523 3793 futuram

1936 3845 1993 3893 et
2034 3836 2327 3893 secundum
2357 3834 2445 3890 illa
2472 3848 2571 3905 pro
2598 3831 2798 3887 virium
2844 3844 3062 3886 suarum
3088 3826 3444 3898 possibilitate
3470 3828 3539 3882 in.

1935 3926 2190 3999 praesenti
2234 3925 2431 3982 saeculo
2457 3940 2609 3980 suam
2654 3922 2818 3978 vitam
2866 3934 3055 3992 regere
3085 3938 3099 3975 :
3130 3921 3205 3975 ita
3238 3930 3296 3974 ut
3328 3934 3428 3975 nec
3456 3919 3527 3975 sit

1937 4018 2043 4074 illis
2067 4018 2132 4073 ad
2162 4031 2402 4089 praesens
2434 4015 2570 4071 adeo
2594 4012 2900 4069 necessaria
2934 4012 3044 4077 lex,
3071 4011 3117 4066 si
3144 4020 3322 4069 tamen
3347 4011 3415 4065 ad
3442 4009 3527 4066 fu-

1937 4117 2059 4165 tura
2108 4108 2459 4180 respicientes
2501 4104 2718 4160 virtutis
2757 4103 3189 4159 habere-curam
3240 4102 3524 4169 voluerint,

1937 4204 2233 4276 gratiarum
2253 4200 2465 4257 actione
2485 4214 2644 4255 suum
2666 4197 2930 4256 conclusit
2950 4210 3279 4262 sermonem,
3298 4211 3365 4252 eo
3384 4195 3530 4268 quod

1937 4304 1993 4351 et
2031 4309 2225 4367 magna
2265 4293 2457 4349 adesse
2497 4289 2653 4347 nobis
2694 4290 2833 4345 bona
2876 4287 3148 4354 ostendit,
3198 4294 3529 4358 quapropter

1936 4395 1991 4443 et
2015 4386 2145 4442 dicit
2174 4403 2186 4439 :
2221 4403 2240 4435 ι
2270 4382 2403 4455 Regi
2426 4389 2606 4437 autem
2637 4379 2958 4436 saeculorum
2985 4378 3308 4445 immortali,
3338 4378 3527 4434 invisi-

1943 4498 1961 4531 ι
1996 4477 2091 4533 bili
2118 4476 2217 4533 soli
2247 4477 2380 4542 Deo,
2405 4475 2577 4530 honor
2606 4480 2661 4528 et
2685 4471 2854 4543 gloria
2881 4471 2935 4525 in
2965 4470 3159 4526 saecula
3185 4469 3525 4525 saeculorum.

1945 4592 1964 4624 ι
2002 4572 2194 4628 Amen.
2218 4590 2237 4622 ι
2270 4569 2383 4625 Hoc
2412 4576 2514 4636 est,
2540 4582 2639 4639 pro
2663 4566 2913 4622 omnibus
2939 4564 3097 4620 bonis
3121 4563 3269 4618 illum
3298 4561 3525 4629 laudari,

1931 4663 2138 4736 justum
2184 4670 2267 4718 est
2300 4678 2331 4717 a
2375 4660 2563 4725 nobis,
2606 4658 2699 4729 qui
2747 4664 3020 4711 tantorum
3068 4654 3222 4709 nobis
3264 4653 3530 4708 bonorum

1940 4765 2133 4814 auctor:
2166 4755 2439 4812 exstitisse
2473 4752 2725 4807 videtur:
2760 4758 2935 4804 tamen
2965 4756 3021 4803 et
3048 4748 3281 4819 hymnus
3323 4745 3529 4802 nullum

1940 4863 2137 4906 nomen
2162 4846 2403 4905 absolute
2424 4843 2627 4916 posuit,
2650 4842 2742 4898 sed
2771 4857 2949 4913 regem
2973 4840 3185 4911 quidem
3210 4840 3528 4897 saeculorum

1940 4949 2154 4999 vocant
2186 4940 2355 4996 Deum
2377 4978 2393 5005 ,
2418 4945 2637 5009 propter
2667 4934 2971 4989 futurorum
3007 4934 3364 4991 aeternitatem
3397 4949 3412 4988 :
3444 4935 3527 4991 in-

1941 5033 2347 5105 corruptibilem
2371 5045 2501 5086 vero
2530 5029 2686 5095 dixit,
2720 5038 2942 5100 propter
2967 5027 3113 5083 illam
3141 5028 3526 5098 incorruptibi-

1938 5126 2144 5183 litatem
2171 5140 2332 5197 quam
2360 5122 2515 5180 nobis
2538 5121 2730 5178 adesse
2752 5129 3156 5192 exspectamus,
3206 5121 3526 5177 invisibilem

1939 5234 2070 5275 vero
2098 5217 2195 5285 ait,
2222 5232 2286 5272 eo
2315 5215 2458 5286 quod
2488 5228 2595 5269 non
2624 5213 2910 5269 videantur
2936 5211 3026 5268 illa
3068 5213 3229 5275 bona,
3273 5227 3394 5283 qua:
3430 5227 3529 5268 ex-

1937 5319 2272 5383 Spectantur,
2308 5323 2438 5380 ergo
2475 5307 2544 5364 ab
2576 5304 2701 5373 illis,
2745 5322 2864 5377 qua:
2906 5305 3017 5361 Deo
3058 5304 3238 5361 adsint
3277 5304 3366 5360 illa
3410 5320 3529 5374 qua:

1940 5403 2099 5459 nobis
2127 5402 2196 5457 ab
2224 5415 2289 5457 eo
2332 5400 2560 5456 aderunt
2593 5397 2741 5455 credi
2772 5396 2912 5453 bene
2943 5397 3329 5463 reinsinuavit,
3371 5395 3527 5450 sicuti

1940 5506 1997 5552 et
2022 5495 2077 5551 in
2098 5494 2467 5566 superioribus
2494 5493 2713 5549 beatum
2742 5506 2868 5547 eum
2904 5490 3041 5547 dixit
3062 5488 3131 5545 ad
3159 5488 3528 5545 conﬁrmatio-

1944 5605 2066 5646 nem
2116 5587 2464 5644 beatitudinis
2510 5587 2672 5652 illius,
2710 5600 2830 5655 qua:
2880 5582 3035 5639 nobis
3080 5582 3277 5638 aderit.
3328 5578 3531 5635 Verum

1942 5681 2070 5754 quia
2096 5679 2230 5737 nihil
2260 5695 2326 5736 ex
2355 5679 2441 5735 his
2468 5675 2758 5752 Apostolus
2780 5674 3057 5733 deﬁnitum
3102 5689 3203 5746 pro
3231 5687 3329 5729 suo
3352 5672 3532 5743 posuit

1944 5775 2192 5842 arbitrio,
2225 5774 2319 5831 sed
2345 5774 2525 5830 omnia
2554 5775 2695 5829 sicut
2736 5771 2790 5827 in
2818 5769 3260 5840 interpretatione
3287 5761 3530 5820 ostendi«

1945 5874 2089 5936 inus,
2116 5868 2465 5942 congregavit
2493 5868 2752 5925 adven-sus
2775 5880 2870 5922 eos
2893 5864 2983 5936 qui
3008 5877 3106 5934 pro
3132 5858 3265 5932 legis
3286 5856 3532 5914 doctrina

2939 5960 3015 6021 19
