3992 6338
440 345 547 406 587

1097 333 1160 390 Β.
1192 327 1447 389 BABANI
1487 323 1706 385 MAURI
1742 319 2041 381 ARCHIEP

2143 286 2415 379 meum.
2455 312 2739 373 OPERUM
2771 286 2955 369 plus
2989 306 3078 367 ιιι.

442 469 791 530 corrumpere
844 450 1113 526 dogmatis
1167 448 1548 505 annitebantur
1593 440 1988 513 simplicitatem
2010 480 2025 505 ,
2054 441 2108 504 Α
2133 452 2265 509 gens
2293 435 2484 507 dignus
2529 430 2647 489 ﬁeri
2700 431 2968 495 videatur,
3001 435 3063 483 ut
3082 422 3328 482 'futuram
3359 421 3594 480 salutem
3629 435 3727 477 as-

440 554 586 611 unde
613 558 669 607 et
703 546 923 618 scripsit
961 544 1067 609 illi,
1107 549 1167 597 ut
1202 539 1522 613 przeciperet
1557 535 1671 592 suis
1696 548 1806 590 non
1833 531 2033 588 debere

443 648 715 706 sustinere
752 641 874 700 illos
904 640 997 715 qui
1039 639 1253 704 docent,
1299 648 1475 706 neque
1513 630 1710 688 debere
1755 625 2035 683 intendere

443 746 549 805 illis
571 743 664 815 qui
696 738 823 796 talia
848 735 1033 794 doceri
1059 732 1277 799 volunt,
1305 728 1450 803 quod
1480 724 1781 784 evidentius
1808 722 1866 779 in
1898 719 2032 779 sub-

445 835 798 909 sequentibus
825 828 1063 888 ostendit
1089 831 1377 899 postquam
1398 818 1626 878 addidit.

520 949 540 981 (
569 928 685 985 Hoc
711 930 1036 998 praeceptum
1061 918 1159 975 tibi
1190 913 1530 980 commendo,
1557 911 1632 968 ﬁli
1662 908 1967 966 Timotbee.
2008 924 2027 958 ι

447 1022 581 1087 Hoc,
608 1018 803 1090 inquit,
835 1015 932 1073 tibi
960 1008 1356 1075 commendavi,
1380 1007 1435 1063 id
1464 1012 1570 1071 est,
1594 1010 1946 1077 praeceptum,
1977 1005 2036 1054 ut

446 1114 592 1171 dicat
636 1109 844 1184 injunxi
890 1107 1012 1174 tibi,
1053 1113 1134 1174 ut,
1171 1104 1238 1161 de
1277 1104 1361 1159 his
1390 1102 1605 1164 doceas,
1650 1106 1712 1155 ut
1751 1093 2037 1169 praecipias

448 1205 579 1271 tuis,
621 1202 698 1259 ita
726 1208 788 1257 ut
813 1214 923 1256 non
954 1198 1235 1254 intendant
1264 1193 1368 1250 illis
1393 1192 1485 1265 qui
1528 1188 1788 1248 seducere
1823 1202 1918 1244 eos
1941 1199 2039 1240 vo-

445 1293 586 1361 lunt,
614 1300 671 1348 et
716 1290 1073 1346 transducere
1098 1286 1164 1342 ad
1215 1284 1351 1358 legis
1392 1290 1616 1349 sectam,
1646 1288 1703 1337 et
1745 1278 2037 1337 ostendens

446 1384 703 1456 quoniam
730 1397 839 1439 non
885 1379 1130 1437 absolute
1157 1378 1261 1433 ista
1290 1375 1365 1432 illi
1410 1373 1690 1445 iniungere
1734 1372 1883 1426 visus
1931 1374 2036 1441 est,

449 1476 659 1550 adjicit,
693 1494 713 1528 ι
746 1473 1054 1531 Secundum
1084 1468 1452 1542 praecedentes
1485 1466 1541 1521 in
1571 1474 1623 1521 te
1648 1462 1981 1537 prophetiae.
2012 1479 2032 1514 ι

446 1569 563 1627 Hoc
610 1566 991 1624 revelationem
1039 1564 1279 1619 divinam
1328 1561 1405 1616 tui
1454 1558 1680 1624 faciens,
1719 1557 2040 1613 electionem

447 1660 693 1717 commisi
721 1658 815 1714 tibi
844 1655 1103 1713 doctrinm
1130 1668 1289 1724 opus,
1313 1651 1507 1707 deinde
1551 1657 1612 1706 ut
1641 1665 1748 1705 non
1794 1646 2042 1707 videatur

447 1768 587 1808 vane
627 1750 706 1808 illi
751 1757 874 1822 post
899 1746 1212 1821 prophetias
1237 1744 1523 1800 consilium
1570 1742 1722 1809 dare,
1754 1740 1910 1813 quasi
1946 1738 2041 1811 qui

2132 529 2286 601 sequi
2324 528 2517 600 possit,
2550 527 2830 597 hucusque
2872 523 3061 580 dicens
3084 519 3232 576 illam
3250 532 3375 589 quae
3418 515 3728 574 secundum

2130 632 2457 699 praesentem
2476 621 2647 677 vitam
2671 617 2857 677 multis
2878 613 3243 674 necessariam
3262 626 3389 669 esse
3415 609 3485 667 ad
3506 609 3735 682 dogma-

2130 728 2249 778 tum
2284 717 2635 777 existimabat
2678 713 2965 780 cautelam,
3009 707 3201 780 incipit
3242 704 3479 763 ulterius
3512 702 3585 759 de
3622 701 3737 759 illis
3786 742 3793 747 .

2134 814 2319 872 dicere
2346 828 2467 885 quae
2509 812 2578 869 ad
2608 816 2988 867 ornamentum
3025 817 3313 861 commune
3336 799 3624 871 pertinere
3647 796 3737 852 vi-

2134 906 2422 972 debantur,
2448 912 2506 962 et
2533 904 2601 961 de
2624 902 2733 958 illis
2755 916 2875 973 quae
2900 897 3098 955 debent
3126 893 3439 952 necessario
3464 891 3522 947 in
3542 888 3741 947 Eccle-

2135 999 2217 1058 sia
2261 997 2497 1070 impleri,
2538 996 2645 1053 hoc
2667 1002 2749 1052 est
2774 991 3073 1058 orationes,
3097 997 3154 1045 et
3200 985 3474 1060 imprimis
3508 982 3741 1055 quidem

2137 1091 2242 1149 ista
2271 1090 2423 1159 dicit,
2456 1104 2523 1146 eo
2549 1088 2692 1160 quod
2718 1084 3082 1143 necessarium
3111 1079 3465 1139 existimabat
3493 1074 3743 1149 primum

2137 1187 2335 1256 debere
2360 1187 2557 1242 docere
2594 1182 2708 1250 illa,
2739 1196 2860 1253 quae
2884 1195 2979 1236 eos
3005 1175 3392 1235 convenienter
3428 1170 3620 1227 facere
3645 1168 3748 1226 de-

2138 1281 2317 1345 cebat,
2345 1278 2541 1337 deinde
2575 1276 2643 1335 de
2687 1274 2964 1351 proposito
3008 1270 3138 1330 vitae
3177 1269 3422 1345 disputat
3458 1264 3573 1323 illis
3602 1259 3748 1320 inci-

2136 1373 2297 1453 piens
2324 1373 2419 1439 tali
2450 1372 2630 1430 modo.

2746 1499 2974 1563 CAPUT
3008 1497 3075 1559 ll.

2142 1624 2439 1684 Instruit!"
2456 1620 2760 1677 Timotheus
2798 1619 2865 1674 de
2900 1626 3025 1674 actu
3047 1612 3239 1671 orandi
3265 1620 3316 1667 et
3338 1608 3523 1684 modo,
3558 1603 3754 1679 loqui-

2244 1706 2435 1769 turque
2455 1694 2519 1751 de
2538 1693 2778 1751 oratione
2802 1688 2981 1762 quod
3010 1684 3261 1760 populum
3282 1682 3608 1754 subjectum.

446 1844 675 1901 ulterius
713 1816 822 1899 non
863 1816 1122 1915 indigeat,
1165 1837 1358 1893 addit:
1390 1855 1409 1889 ι
1445 1845 1507 1892 ιιι
1557 1836 1778 1903 milites,
1830 1833 2043 1907 inquit,
2074 1825 2124 1889 B
2226 1852 2245 1887 ι
2278 1831 2518 1889 Obsecro
2538 1822 3149 1903 igiturprimoomnlum
3173 1816 3756 1881 ﬁeriobsecrationes,

454 1957 473 1990 ‹
506 1937 561 1993 in
590 1936 698 1992 illis
727 1935 926 1991 bonam
970 1930 1243 1995 militiam,
1291 1930 1498 1987 habens
1545 1930 1707 1986 ﬁdem
1743 1936 1799 1985 et
1840 1928 2040 1984 bonam

455 2049 474 2081 ι
509 2020 918 2086 conscientiam.
950 2045 968 2078 ι
1007 2022 1353 2095 Prophetiatn
1379 2021 1598 2095 quidem
1623 2020 1899 2093 eleganter
1918 2034 2043 2091 gra-

447 2122 578 2177 tiam
608 2118 867 2187 ostendit,
896 2117 1003 2174 erit
1030 2131 1163 2172 vero
1191 2123 1285 2172 tuo
1332 2115 1386 2171 in
1417 2128 1580 2185 opere
1624 2112 1797 2186 ipsam
1827 2111 2042 2168 electio-

446 2228 572 2269 nem
602 2211 840 2267 ﬁrmare.
872 2208 985 2267 Nec
1011 2216 1193 2264 autem
1240 2206 1434 2264 electio
1471 2205 1582 2261 vim
1613 2203 1817 2261 inferre
1853 2211 2040 2260 nostro

448 2301 728 2358 consuevit
751 2300 1000 2367 arbitrio,
1031 2315 1098 2359 eo
1128 2299 1271 2371 quod
1300 2312 1401 2354 nec
1424 2297 1617 2354 Judam
1646 2296 1798 2369 pravi
1831 2295 2044 2351 arbitrii

447 2401 779 2458 exstantem,
822 2391 1016 2448 electio
1065 2391 1266 2462 aliquid
1304 2390 1481 2461 potuit
1514 2388 1791 2461 adjuvare,
1830 2401 2042 2459 perma-

447 2496 581 2537 nere
612 2496 744 2553 ergo
772 2479 961 2535 ﬁrmus
991 2480 1045 2535 in
1088 2478 1361 2551 dogmate,
1410 2479 1513 2535 hoc
1548 2486 1728 2533 autem
1760 2477 1913 2544 dicit,
1944 2478 2041 2532 ha—

447 2570 585 2629 bens
615 2570 781 2629 ﬁdem
801 2586 923 2628 cum
951 2571 1092 2627 bona
1122 2571 1452 2627 conscientia
1475 2570 1533 2626 in
1563 2570 1668 2627 illis
1689 2584 2038 2638 conversans,

449 2666 527 2724 ita
555 2672 618 2723 ut
644 2680 748 2724 nec
772 2673 832 2721 tu
869 2665 985 2736 ipse
1026 2665 1416 2733 transducaris,
1445 2674 1498 2723 et
1524 2663 1661 2721 alios
1698 2664 1892 2721 docere
1933 2678 2042 2720 non

449 2762 656 2834 pigeas,
703 2759 921 2817 etiamsi
953 2768 1005 2816 te
1036 2758 1239 2831 aliquid
1279 2759 1390 2831 pati
1418 2775 1520 2831 pro
1569 2757 1674 2814 illis
1700 2758 2040 2825 convenerit,

448 2853 553 2911 hoc
574 2852 720 2910 enim
748 2868 1005 2925 magnum
1036 2850 1133 2908 tibi
1162 2851 1467 2923 providebit
1484 2850 1741 2922 juvamen
1769 2858 1825 2907 et
1853 2865 2045 2907 conse-

451 2954 685 3019 quenter
715 2944 1058 3018 eligentistae
1079 2944 1287 3017 gratiae,
1317 2949 1373 2999 et
1413 2941 1704 2999 ostendens
1733 2950 1933 3013 quanta
1971 2940 2045 2997 sit

450 3039 779 3111 ignobilitas,
822 3038 871 3094 si
917 3054 1024 3096 non
1068 3036 1267 3094 bonam
1314 3051 1444 3108 erga
1494 3038 1745 3107 dogmata
1794 3033 2045 3093 habuerit

452 3129 865 3195 conscientiam,
891 3128 990 3193 ait,
1020 3146 1040 3179 ε
1083 3142 1245 3198 quam
1285 3126 1505 3199 quidam
1547 3123 1869 3195 repellentes
1912 3138 2038 3197 erga

2149 1947 2168 1981 ι
2221 1928 2522 1993 orationes,
2567 1923 2956 2001 postulationes
2981 1962 2997 1989 ,
3049 1918 3351 1993 gratiarum
3390 1913 3677 1971 actiones.
3733 1927 3755 1964 ι

2140 2020 2282 2077 Ante
2348 2018 2531 2079 omnia
2555 2060 2572 2087 ,
2642 2016 2822 2088 inquit
2847 2056 2863 2083 ,
2937 2011 3069 2072 illud
3147 2010 3378 2068 obsecro
3438 2005 3591 2083 quod
3666 2002 3764 2060 vel

2140 2113 2491 2173 maximevos
2519 2109 2665 2167 scire
2692 2108 2874 2181 operis
2899 2121 3020 2164 esse
3045 2105 3226 2170 debet,
3252 2108 3315 2159 ut
3349 2098 3763 2158 convenientes

2140 2206 2285 2265 scire
2308 2203 2527 2276 possitis
2555 2202 2699 2275 quid.
2718 2200 2838 2259 ﬁeri
2877 2198 3209 2257 conveniens
3238 2194 3330 2252 sit.
3360 2190 3503 2248 Dicit
3528 2197 3764 2253 autem,

2141 2298 2439 2365 orationes,
2455 2292 2884 2361 obsecrationes,
2900 2289 3313 2365 postulationes,
3327 2283 3639 2343 secundum
3662 2295 3769 2335 va-

2144 2391 2401 2449 rietatem
2434 2387 2884 2461 postulationum,
2922 2383 3088 2440 etiam
3116 2380 3397 2438 nominum
3429 2376 3647 2432 abusus
3674 2380 3770 2428 est

2141 2481 2507 2540 mutabilitate
2532 2499 2548 2534 :
2575 2488 2671 2536 aut
2688 2478 2834 2536 enim
2860 2476 3003 2533 bona
3027 2472 3183 2530 nobis
3205 2488 3237 2529 a
3258 2468 3372 2527 Deo
3397 2466 3511 2526 dari
3542 2474 3767 2537 postu-

2143 2576 2354 2642 lamus,
2386 2572 2530 2645 quod
2558 2572 2834 2630 orationes
2875 2568 3111 2634 vocavit,
3142 2568 3236 2621 aut
3276 2562 3540 2621 malorum
3602 2556 3773 2613 solu-

2141 2668 2364 2730 tionem,
2396 2664 2537 2737 quod
2584 2660 2987 2721 obsecrationes
3029 2654 3386 2727 nuncupavit,
3423 2666 3545 2707 nam
3598 2647 3773 2722 quod

2143 2770 2199 2818 et
2224 2761 2360 2817 dixit
2389 2757 2804 2831 postulationes,
2828 2753 2988 2810 valde
3015 2754 3410 2820 consequenter
3435 2742 3601 2807 dixit,
3639 2756 3773 2815 pra:

2143 2848 2395 2908 omnibus
2448 2849 2647 2905 etenim
2706 2844 3016 2903 accelerare
3064 2841 3293 2901 nitimur
3346 2836 3413 2893 ad
3468 2834 3771 2889 virtutum

2142 2959 2329 3016 opera,
2374 2942 2466 2998 illa
2496 2955 2624 2999 vero
2650 2955 2771 3011 quae
2818 2937 2887 2993 ad
2934 2936 3039 2994 hoc
3081 2932 3239 2991 nobis
3266 2936 3394 2988 sunt
3432 2923 3770 2991 contraria,

2144 3036 2313 3095 multa
2343 3045 2489 3101 sunt,
2523 3044 2578 3091 et
2620 3032 2855 3090 assidua.
2892 3030 3074 3089 Unum
3101 3026 3340 3100 quidem,
3380 3022 3502 3095 quia
3530 3017 3776 3075 Dm

2145 3147 2275 3191 num
2299 3130 2578 3202 subreptio
2601 3126 2751 3184 varie
2775 3140 2877 3183 nos
2899 3138 2930 3179 a
2953 3123 3096 3181 bono
3131 3128 3380 3177 avertere
3415 3114 3581 3187 cupit,
3620 3112 3777 3170 alte-

453 3222 613 3278 ﬁdem
644 3220 1128 3293 naufragaverunt,
1163 3239 1182 3273 D
1212 3217 1680 3274 inconvenientem
1724 3216 1940 3286 quidem
1979 3216 2044 3271 de
2071 3204 2118 3269 C
2148 3244 2271 3287 ι-υιη
2294 3242 2427 3284 γεω
2463 3223 2711 3283 malum
2756 3220 3094 3295 passionum,
3122 3229 3243 3293 quae
3275 3210 3430 3269 nobis
3452 3208 3650 3264 inesse
3680 3206 3775 3262 vi-

452 3312 560 3368 illis
586 3311 973 3369 conscientiam
1000 3311 1283 3377 habentes,
1311 3308 1672 3380 suscipientes
1706 3323 1836 3363 vero
1859 3309 2044 3363 adver-

453 3401 723 3456 sariorum
770 3400 1078 3456 doctrinam
1129 3408 1287 3456 extra
1331 3399 1492 3456 ﬁdem
1537 3406 1664 3457 sunt
1711 3398 1911 3467 eil‘ecti,
1948 3416 2047 3473 per

450 3498 634 3565 partes
662 3499 846 3547 autem
874 3491 1021 3548 dubii
1071 3499 1347 3549 exstantes
1375 3493 1442 3548 ab
1485 3490 1632 3549 omni
1672 3500 1798 3553 sunt
1840 3494 2051 3567 pietate

451 3583 628 3639 exteri
657 3582 1035 3649 demonstrati,
1063 3593 1120 3639 et
1152 3590 1211 3638 ut
1249 3583 1425 3658 majus
1453 3599 1575 3640 eum
1604 3584 1661 3639 in
1685 3585 1881 3641 timore
1905 3584 2048 3641 redi-

452 3680 564 3747 gat,
595 3674 912 3730 nominatim
950 3683 1284 3732 memoratus
1323 3685 1409 3735 est
1434 3691 1623 3733 eorum
1654 3676 1746 3749 qui
1773 3676 1909 3733 tales
1930 3675 2047 3732 fue-

454 3770 604 3831 runt,
629 3779 767 3836 quos
789 3764 874 3821 vel
895 3766 1131 3822 maxime
1160 3766 1366 3824 sciebat
1394 3777 1594 3839 praeter
1622 3778 1848 3825 caeteros
1876 3770 1927 3823 in
1955 3769 2046 3824 de.

452 3855 622 3911 terius
651 3855 955 3928 scripsisse.
996 3876 1016 3911 ι
1045 3856 1127 3913 Ex
1156 3859 1352 3930 quibus
1379 3868 1482 3927 est,
1515 3879 1535 3912 ι
1569 3854 1764 3931 inquit,
1795 3878 1814 3912 ι
1849 3858 2047 3932 Hyme-

459 3968 479 4000 ι
510 3963 661 4005 naeus
687 3957 742 4006 et
770 3948 1098 4019 Alexander,
1132 3971 1153 4005 ι
1190 3960 1245 4008 et
1292 3951 1421 4024 quid
1464 3952 1529 4009 de
1555 3952 1662 4009 illis
1690 3962 1897 4026 gestum
1928 3954 2047 4010 est?

458 4056 479 4091 ι
515 4054 651 4111 quos
672 4040 870 4097 tradidi
893 4040 1111 4098 Satanae
1136 4052 1197 4098 ut
1227 4043 1437 4100 discant
1460 4061 1567 4101 non
1594 4043 1989 4117 blasphemare.
2020 4066 2039 4101 ι

451 4128 588 4186 Nam
613 4132 758 4203 quod
778 4132 912 4189 dicit
943 4150 963 4185 ι
998 4132 1194 4191 tradidi
1225 4132 1463 4202 Satanae,
1501 4157 1521 4189 ι
1551 4136 1653 4193 hoc
1681 4145 1788 4202 est,
1814 4136 2047 4193 alienari

456 4236 552 4277 eos
592 4221 662 4278 ab
683 4222 952 4293 Ecclesia,
982 4224 1144 4281 sicuti
1174 4233 1232 4282 et
1253 4224 1547 4284 Corinthiis
1575 4229 1819 4285 scribens
1843 4229 2047 4287 dixisse

452 4314 686 4380 videtur,
712 4316 930 4373 tradere
969 4333 1095 4374 eum
1123 4319 1215 4391 qui
1248 4320 1370 4377 talis
1395 4329 1479 4377 est
1523 4320 1757 4389 Satanae,
1786 4338 1852 4379 eo
1901 4324 2047 4394 quod

454 4407 531 4463 illi
573 4407 665 4481 qui
687 4410 756 4467 ab
781 4408 1021 4467 Ecclesia
1038 4410 1399 4468 excluduntur
1417 4413 1519 4468 sub
1539 4412 1755 4471 Satanae
1777 4417 1936 4486 positi
1957 4432 2048 4487 ρος

454 4508 649 4557 testate
697 4516 819 4559 esse
855 4501 1131 4567 videntur,
1160 4498 1415 4563 Ecclesiae
1449 4504 1829 4562 alienationem
1872 4508 2044 4563 tradi-

2145 3319 2324 3385 detur,
2354 3332 2387 3372 a
2410 3316 2607 3389 quibus
2648 3322 2705 3371 et
2744 3330 2779 3370 a
2823 3310 2981 3368 bonis
3023 3306 3233 3366 exclusi
3267 3312 3453 3363 contra
3487 3306 3773 3357 nostrum

2144 3410 2503 3487 propositum,
2534 3422 2675 3479 saepe
2703 3406 2756 3463 in
2791 3402 2898 3461 illis
2939 3417 3063 3476 qua;
3088 3400 3248 3456 nobis
3275 3413 3380 3455 non
3409 3390 3775 3487 conveniunt

2146 3483 2541 3568 concludimur,
2567 3500 2661 3558 sed
2689 3495 3061 3556 necessarium
3100 3501 3187 3551 est
3212 3506 3337 3557 nos,
3377 3488 3465 3560 qui
3508 3483 3773 3541 multam

2147 3610 2309 3670 super
2335 3597 2440 3653 hoc
2468 3609 2704 3666 pugnam
2756 3591 3108 3653 sustinemus,
3136 3585 3203 3644 ad
3235 3585 3404 3641 Deum
3430 3593 3771 3644 recurrere,

2146 3691 2241 3763 qui
2281 3698 2473 3763 potens
2507 3696 2593 3744 est
2634 3700 2733 3742 suo
2761 3681 2964 3743 auxilio
2993 3680 3186 3737 sedare
3220 3675 3468 3733 universa
3498 3670 3588 3727 illa
3626 3684 3772 3741 qua:

2147 3783 2215 3840 ad
2243 3790 2485 3840 nostram
2520 3778 2802 3853 pertinent
2828 3772 3151 3832 molestiam.
3179 3765 3362 3843 (Δίες.)
3390 3764 3504 3821 Hoc
3545 3770 3771 3835 postu-

2100 3906 2115 3921 ~
2147 3874 2403 3931 lationem
2425 3872 2582 3939 dixit,
2607 3886 2674 3928 eo
2694 3868 2837 3943 quod
2856 3882 2956 3941 pro
2977 3864 3083 3920 illis
3103 3878 3225 3937 quae
3258 3858 3414 3917 nobis
3436 3865 3770 3931 repugnant

2147 3966 2260 4023 Deo
2310 3965 2614 4023 orationem
2653 3959 2869 4017 assidue
2898 3946 3204 4019 iaciamus,
3235 3949 3377 4025 quod
3424 3947 3640 4004 factum
3678 3947 3771 4002 vi-

2148 4061 2267 4117 duae
2297 4055 2637 4121 assimilavit,
2663 4068 2784 4124 quae
2814 4045 3208 4107 abadversarii
3248 4044 3488 4121 potentia
3513 4056 3572 4097 se
3602 4038 3768 4096 libe-

2148 4149 2259 4209 rari
2290 4146 2620 4219 postulabat.
2671 4142 2839 4203 Multa
2880 4142 3010 4201 hinc
3034 4139 3142 4195 dici
3187 4143 3434 4209 possunt,
3461 4146 3584 4205 qua:
3638 4129 3767 4186 im-

2146 4240 2425 4313 probanda
2458 4255 2562 4296 non
2588 4245 2737 4305 sunt,
2771 4234 2865 4292 sed
2885 4232 3025 4309 eligo
3046 4233 3101 4289 in
3126 4231 3215 4288 his
3239 4226 3421 4283 verbis
3448 4226 3553 4283 hoc
3583 4223 3769 4280 intel-

2150 4333 2336 4405 ligere,
2368 4331 2512 4402 quod
2539 4329 2720 4391 omnis
2746 4327 2831 4384 vel
2854 4341 2994 4401 pene
3013 4325 3191 4382 omnis
3218 4321 3527 4393 frequentat
3546 4317 3766 4376 Eccle-

2150 4427 2253 4493 sia,
2280 4433 2341 4481 ut
2388 4424 2731 4511 precationes
2769 4421 3100 4493 accipiamus
3126 4419 3322 4484 dictas,
3350 4430 3483 4487 quas
3506 4410 3769 4469 facimus

2150 4519 2205 4575 in
2234 4503 2595 4574 celebratione
2615 4521 3097 4572 sacramentorum,
3127 4518 3416 4580 antequam
3442 4504 3573 4563 illud
3593 4503 3769 4575 quod

454 4591 657 4646 “(mem
703 4592 919 4646 8³⁸⁵³³³³³⁸
947 4606 1168 4657 vocans,
1198 4595 1491 4651 θειθηάθηε
1532 4612 1630 4668 ρετ
1654 4597 1757 4655 hoc
1780 4607 2043 4671 quantum
2068 4578 2123 4641 D
2148 4618 2232 4666 est
2264 4610 2318 4665 in
2346 4607 2441 4664 Dei
2476 4623 2662 4665 mensa
2708 4605 2930 4677 incipiat
2958 4602 3206 4661 benedici
3239 4578 3581 4664 :_orationes,
3612 4612 3765 4653 cum

452 4683 580 4736 mali
612 4681 686 4736 sit
709 4681 777 4736 de
800 4680 1039 4739 Ecclesia
1065 4684 1300 4753 excludi,
1326 4694 1380 4741 et
1406 4694 1465 4742 ut
1492 4703 1561 4744 ne
1585 4690 1864 4748 videretur
1891 4709 2043 4750 seve-

454 4775 614 4829 ritate
639 4772 874 4845 quadam
919 4791 1015 4831 eos
1063 4776 1347 4835 tradidisse
1389 4787 1445 4835 et
1493 4782 1635 4853 quod
1664 4783 1831 4840 nollet
1852 4800 2042 4843 eorum

453 4869 696 4939 recipere
747 4872 1180 4941 correctionem,
1236 4874 1439 4946 adjicit,
1483 4894 1503 4927 ι
1550 4876 1624 4932 Ut
1672 4879 1882 4937 discant
1931 4897 2042 4939 non

452 4960 851 5030 blasphemare.
886 4984 906 5019 ›
946 4963 1084 5033 Non,
1121 4974 1181 5022 ut
1207 4981 1427 5025 causam
1475 4970 1676 5041 posuit,
1705 4971 1798 5027 sed
1844 4986 2042 5031 conse-

456 5062 687 5125 quenter
707 5057 1003 5113 secundum
1051 5075 1204 5115 suam
1232 5063 1619 5135 proprietatem
1651 5063 1744 5121 illo
1777 5073 1860 5121 est
1888 5081 2042 5134 usus,

456 5144 694 5213 Exclusi,
743 5147 936 5221 inquit,
976 5166 1071 5208 eos
1120 5153 1188 5209 ab
1218 5152 1479 5221 Ecclesia,
1517 5170 1623 5212 non
1675 5157 2045 5221 intercludens

454 5252 642 5293 eorum
668 5242 1083 5310 correctionem,
1111 5245 1207 5300 sed
1226 5254 1282 5301 et
1307 5247 1463 5303 valde
1485 5248 1537 5303 id
1560 5247 1676 5307 ﬁeri
1693 5260 2042 5324 exspectans,

448 5329 501 5385 si
530 5330 800 5399 quomodo
839 5333 907 5387 ab
942 5334 1308 5409 increpatione
1337 5338 1588 5396 meliores
1630 5342 1712 5397 sui
1746 5341 1924 5399 ell‘ecti
1956 5344 2040 5400 di-

454 5421 685 5479 dicerint
710 5441 817 5481 non
846 5424 1240 5499 blasphemare,
1273 5432 1368 5489 sed
1404 5435 1598 5490 reverti
1632 5436 1699 5492 ad
1731 5438 2035 5509 veritatem,

453 5515 534 5573 sic
561 5524 617 5572 et
638 5515 935 5575 Corinthiis
963 5521 1207 5577 scribens
1236 5523 1420 5594 adjicit
1446 5543 1458 5578 :
1487 5544 1506 5577 ι
1533 5525 1591 5582 ln
1612 5527 1891 5587 interitum
1915 5547 2040 5588 car-

451 5606 560 5675 nis,
587 5617 647 5664 ut
673 5608 897 5682 spiritus
936 5610 1116 5668 salvus
1159 5614 1274 5671 ﬁat.
1309 5634 1327 5668 l
1375 5614 1487 5673 Hoc
1533 5617 1737 5689 dicens,
1778 5623 2040 5696 quoniam

454 5700 574 5760 ideo
598 5719 722 5763 eum
749 5706 817 5762 ab
844 5705 1083 5763 Ecclesia
1110 5709 1300 5779 repuli,
1332 5710 1376 5766 si
1412 5726 1519 5782 quo
1546 5713 1709 5773 modo
1738 5732 1837 5789 per
1866 5719 2043 5788 pecni-

456 5795 678 5853 tentiam
724 5798 1020 5856 sccundum
1060 5812 1380 5873 praesentem
1423 5805 1587 5863 vitam
1628 5809 1863 5881 scipsum
1906 5808 2043 5867 allii-

2145 4700 2485 4757 benedicitur
2524 4708 2579 4755 et
2625 4670 3032 4762 sanctiﬁcatur,
3080 4704 3139 4753 et
3186 4696 3253 4750 ad
3307 4688 3767 4749 distribuendum

2146 4792 2547 4857 comminuitur,
2604 4806 2767 4865 quam
2805 4799 2970 4847 totam
3024 4788 3342 4863 petitionem
3394 4781 3508 4838 fere
3560 4783 3767 4838 omnis

2146 4885 2390 4943 Ecclesia
2418 4884 2690 4941 dominica
2715 4882 2962 4941 oratione
3004 4878 3310 4944 concludit;
3353 4870 3765 4945 interpellatio-

2108 5041 2119 5053 _
2147 4994 2245 5037 nes
2288 4986 2489 5039 autem,
2522 4977 2657 5042 sive,
2685 4984 2747 5031 ut
2777 4974 2946 5031 vestri
2990 4973 3205 5031 codices
3247 4968 3469 5035 habent,
3500 4965 3763 5041 postula-

2148 5071 2349 5137 tiones,
2394 5068 2534 5125 ﬁunt
2578 5082 2700 5126 cum
2751 5065 2965 5137 populis
2998 5060 3360 5121 benedicitur.
3392 5057 3548 5115 Tunc
3594 5058 3765 5114 enim

2148 5162 2424 5221 antistites
2439 5158 2522 5216 vel
2534 5159 2781 5230 advpcati
2796 5163 3076 5231 susceptos
3090 5170 3219 5213 suos
3240 5168 3340 5229 per
3353 5164 3546 5206 manus
3570 5147 3763 5218 impo-

2148 5255 2400 5315 sitionem
2421 5251 2945 5311 misericordissima:
2972 5248 3208 5307 oil'erunt
3231 5244 3520 5318 potestati;
3547 5240 3765 5313 quibus

2147 5346 2385 5419 peractis
2412 5354 2468 5401 et
2512 5345 2836 5414 participato
2862 5350 3016 5403 tanto
3048 5346 3419 5404 sacramento,
3444 5336 3762 5407 gratiarum.

2150 5441 2294 5501 actio
2342 5447 2537 5499 cuncta
2566 5436 2860 5505 concludit,
2896 5450 3060 5513 quam
3088 5434 3147 5495 in
3194 5432 3286 5493 his
3322 5430 3489 5489 etiam
3540 5423 3757 5497 verbis,

2148 5530 2399 5587 ultimam
2426 5528 2825 5591 commendavit
2862 5525 3175 5601 Apoatolus.
3206 5522 3338 5581 Haec
3360 5532 3545 5579 autem
3579 5533 3763 5577 causa

2148 5624 2422 5699 praecipua
2438 5622 2549 5685 fuit
2572 5624 2678 5689 ista
2698 5621 2934 5689 dicendi.
2963 5628 3023 5681 ut
3040 5619 3127 5682 his
3160 5617 3406 5681 breviter
3437 5608 3763 5691 perstricti:

2153 5725 2317 5787 atque
2350 5717 2671 5792 signiﬁcatis
2716 5732 2826 5775 non
2861 5722 3150 5787 putaretur
3192 5708 3579 5789 negligende
3625 5717 3759 5762 esse

2151 5810 2293 5882 quod
2320 5812 2586 5884 sequitur,
2607 5830 2627 5865 ι
2649 5826 2750 5886 pro
2770 5810 3025 5873 omnibus
3043 5806 3382 5876 hominibus,
3394 5818 3502 5877 pro
