3992 6338
254 306 366 375 589

722 300 1273 383 ENARRATIONUM
1309 318 1379 378 1N
1417 320 1566 399 ser.
1607 323 1812 387 PAULI

1918 330 1979 389 Β.
2020 332 2206 401 XXIII.
2246 336 2421 395 -ΙΝ
2458 336 2676 403 ΕΡΙδΤ.
2716 342 2738 399 l
2774 343 3047 407 AD,TIM.

3415 359 3525 419 590

247 429 312 531 ft
330 421 620 525 hisquiin
643 423 975 485 snblimitate
998 432 1477 531 sunt,utquietam
1501 445 1557 492 et
1576 438 1839 531 tranquil-
1861 442 2152 511 Alactione
2203 445 2461 515 signetur,
2509 448 2702 506 deinde
2746 457 3166 531 perquirendum
3210 478 3388 521 utrum
3433 468 3519 524 hae

245 509 361 569 lam
389 512 557 573 vitam
583 530 809 589 agamus
850 518 906 573 in
942 518 1092 575 omni
1133 521 1336 593 pietate
1377 530 1433 581 et
1478 509 1764 595 charitate,
1813 547 1831 580 ι

244 619 320 661 ne
349 604 663 679 quisquam,
685 605 825 665 sicut
840 624 899 666 se
918 608 1085 667 habet
1111 612 1361 673 humanae
1389 615 1730 687 cogitationis
1751 617 1836 673 in-

244 692 485 752 ﬁrmitas
504 737 521 763 ,
552 696 852 755 aestimaret
885 715 994 756 non
1021 716 1142 758 esse
1170 702 1272 758 ista
1296 703 1541 763 facienda
1567 721 1667 778 pro
1694 707 1780 763 his
1804 721 1837 762 a

241 784 446 856 quibus
510 786 945 861 persecutionem
1004 793 1314 865 patiebatur
1366 795 1610 855 Ecclesia
1638 840 1654 866 ,
1712 814 1838 856 cum

239 887 494 945 membra
513 886 715 949 Christi
736 904 805 946 ex
825 888 970 949 omni
984 903 1167 951 essent
1184 894 1465 952 hominum
1479 911 1678 967 genere
1693 895 1839 951 colli-

238 978 437 1047 genda.
458 977 610 1037 Unde
629 979 874 1053 adiungit
893 990 947 1037 et
963 980 1118 1052 dicit,
1138 1003 1156 1035 ι
1178 984 1291 1041 Hoc
1307 985 1454 1045 enim
1468 985 1672 1042 bonum
1685 994 1838 1042 estet

238 1078 532 1145 acceptum
554 1086 741 1129 utram
765 1071 1046 1131 Salvatore
1067 1084 1255 1133 nostro
1269 1076 1402 1145 Deo,
1424 1077 1518 1151 qui
1533 1092 1721 1135 omnes
1733 1077 1833 1133 ho-

238 1158 421 1216 mines
443 1160 556 1217 vult
587 1160 765 1221 salvos
799 1162 918 1221 fieri
938 1172 994 1221 et
1018 1164 1074 1219 in
1104 1165 1437 1238 agnitionem
1460 1167 1708 1223 veritatis
1736 1181 1831 1225 ve-

237 1248 381 1316 nire,
421 1268 440 1302 ›
465 1260 600 1309 etne
618 1252 905 1331 quisquam
926 1250 1152 1326 diceret,
1174 1272 1339 1333 posse
1352 1273 1475 1316 esse
1486 1258 1679 1315 salutis
1691 1258 1834 1314 viam

234 1345 291 1400 in
338 1346 485 1403 bona
520 1352 927 1415 conversatione
978 1364 1035 1415 et
1084 1357 1247 1415 unius
1295 1358 1394 1417 Dei
1444 1358 1841 1432 omnipotentis

234 1439 385 1497 cultu
415 1441 535 1499 sine
570 1444 984 1521 participatione
1019 1451 1266 1522 corporis
1287 1458 1344 1507 et
1372 1452 1655 1526 sanguinis
1680 1450 1834 1509 Chri-

232 1534 326 1591 sti.
350 1554 373 1589 ‹
396 1535 550 1595 Unus
569 1540 716 1601 enim
732 1541 902 1611 Boos,
924 1543 1120 1617 inquit,
1138 1554 1196 1607 et
1220 1562 1364 1607 unus
1386 1547 1652 1605 mediator
1666 1548 1763 1607 Dei
1777 1556 1834 1607 et

235 1626 525 1689 hominum
538 1629 1152 1705 homoChrisulsJesus,
1176 1658 1195 1692 ι
1214 1640 1419 1701 utilfud
1431 1641 1578 1715 quod
1590 1640 1827 1711 dixerat,

241 1736 261 1769 ι
281 1735 476 1779 omnes
490 1721 873 1787 hominesqu
898 1728 1078 1789 salvos
1092 1729 1233 1799 fieri,
1254 1751 1277 1789 ι
1294 1730 1562 1793 nulloalio
1573 1735 1735 1797 modo
1748 1735 1831 1795 in-

1940 542 2171 603 quatuor
2203 537 2408 611 species
2444 539 2513 594 ab
2538 549 2729 611 orante
2754 544 2861 598 sint
2911 549 3114 616 pariter
3157 558 3520 625 assumendae,

1940 622 1996 679 id
2021 634 2124 693 est,
2148 635 2206 683 ut
2234 640 2422 685 omnes
2440 644 2765 706 unaquaque
2786 639 3223 711 supplicationes,
3249 663 3394 706 nunc
3417 622 3518 706 au;

1938 722 2049 772 tem
2093 719 2481 790 postulationes
2515 739 2607 781 seu
2652 729 2967 811 gratiarum.
2993 735 3235 792 actiones
3270 750 3522 810 oporteat

1936 820 2208 875 promere,
2240 822 2309 865 at.
2334 821 2483 868 certe
2507 814 2645 879 allus
2676 818 2897 893 quidem
2929 823 3357 897 obsecrationes,
3385 832 3522 891 alius
3614 872 3619 877 κ

1934 909 2068 952 vero
2121 901 2530 973 postulationes,
2581 905 2718 963 alius
2763 924 2892 967 vero
2938 915 3233 985 gratiarum
3280 920 3522 979 actiones

1936 984 2047 1043 Deo
2089 988 2284 1048 debeat
2333 994 2609 1064 exhibere,
2643 984 3282 1062 secundumimensuram
3313 1009 3521 1067 scilicet

1934 1082 2110 1136 aetatis
2135 1094 2266 1149 sum,
2295 1084 2347 1139 in
2380 1100 2484 1156 qua
2506 1100 2841 1161 unaquaeque
2868 1104 3021 1151 mens
3044 1110 3143 1167 per
3164 1096 3521 1159 intentionem

1933 1171 2148 1242 proficit
2181 1173 2464 1244 industria,
2493 1188 2549 1236 et
2586 1182 2706 1239 ideo
2733 1184 2968 1256 primum
3005 1191 3364 1261 proprietates
3393 1195 3524 1269 ipsa:

1935 1264 2045 1327 sint
2098 1269 2380 1329 nominum
2417 1274 2813 1351 verborumque
2867 1284 3196 1354 tractandae,
3236 1306 3302 1346 ac
3344 1264 3527 1350 discu-

1934 1358 2172 1417 tiendum
2202 1364 2332 1437 quid
2384 1366 2530 1423 inter
2573 1372 2874 1429 orationem
2904 1384 2958 1431 et
3000 1379 3429 1441 obsecrationem
3459 1400 3527 1442 ac

1930 1452 2346 1522 postulationem
2395 1457 2630 1530 intersit,
2660 1462 2852 1523 deinde
2898 1469 3147 1529 similiter
3173 1487 3524 1547 perscrutan-

1932 1544 2058 1601 dum
2090 1554 2271 1605 utrum
2314 1550 2624 1626 singillatim
2663 1558 2772 1615 sint
2830 1576 2899 1617 an
2944 1566 3149 1637 pariter
3174 1544 3516 1630 exhibenda.

1931 1635 2115 1695 Tertio
2136 1640 2495 1716 indagandum
2531 1656 2714 1705 utrum
2740 1653 2905 1710 etiam
2933 1635 3049 1727 ipse
3073 1660 3226 1727 ordo,
3249 1663 3339 1737 qui
3367 1672 3423 1720 et
3443 1666 3519 1723 ita

1929 1738 2015 1833 est
2068 1732 2312 1809 Apostoli
2351 1743 2674 1801 auctoritate
2712 1742 3005 1819 dispositus
3041 1732 3526 1833 aliquidiamplius

232 1808 513 1885 teliigatur
544 1817 793 1891 ιιι-εδωεὶ
823 1818 930 1877 nisi
961 1835 1061 1892 per
1085 1821 1463 1892 mediatorem,
1496 1841 1603 1885 non
1632 1827 1824 1896 Deum,
1852 1815 1905 1879 B
1930 1808 2167 1884 instruat
2194 1831 2517 1902 auditorem,
2545 1808 2958 1911 anosintpliciter
2984 1808 3294 1917 accipienda
3318 1808 3515 1909 sitrista

229 1902 376 1974 quod
419 1920 638 1978 semper
674 1917 801 1965 erat
852 1909 1087 1969 Verbum
1104 1953 1122 1981 ,
1171 1914 1267 1973 sed
1320 1915 1594 1977 hominem
1641 1916 1829 1981 JeSum

230 1988 533 2062 Christum,
560 2013 685 2059 cum
713 1998 952 2059 Verbum
984 2017 1113 2061 caro
1136 2001 1342 2063 factum
1367 2015 1452 2067 est
1482 2015 1540 2064 et
1563 2007 1831 2067 habitavit

229 2083 285 2174 in
305 2086 487 2143 nobis.
507 2087 733 2165 (ιωαε.)
756 2091 1046 2155 Universas
1061 2097 1371 2165 orationum
1391 2101 1599 2174 species
1616 2102 1829 2174 absque

236 2173 442 2249 ingenti
486 2179 674 2241 cordis
719 2186 1066 2257 contritione,
1094 2192 1260 2267 atque
1287 2173 1484 2253 annuae
1506 2173 1746 2265 puritate
1773 2199 1828 2251 et

229 2267 627 2331 ilhuninatione
668 2278 845 2343 sancti
884 2278 1123 2357 Spiritus
1173 2284 1408 2347 arbitror
1439 2285 1826 2359 comprehendi

231 2385 343 2429 non
364 2387 550 2444 posse.
580 2374 768 2449 (But)
795 2377 899 2439 Tot
920 2380 1071 2443 enim
1104 2389 1255 2453 sunt,
1280 2390 1421 2455 quot
1442 2382 1613 2441 Deum
1641 2384 1825 2441 anima

226 2477 339 2519 una
382 2464 499 2523 imo
542 2466 600 2523 in
624 2469 843 2542 cunctis
885 2469 1172 2533 animabus
1210 2479 1386 2537 status
1421 2483 1627 2547 queunt
1654 2475 1839 2547 quali-.

227 2560 478 2626 tatesque
500 2559 772 2627 venerari,
800 2569 857 2619 et
882 2560 1007 2619 ideo
1032 2561 1161 2621 licet
1199 2564 1434 2625 sciamus
1471 2582 1574 2639 pro
1598 2566 1833 2625 hebetu-.

226 2645 356 2705 dine
384 2650 566 2708 cordis
586 2652 767 2709 nostri
815 2653 1100 2713 universas
1120 2656 1433 2717 orationum
1473 2656 1681 2731 species
1711 2676 1823 2719 non

223 2750 389 2808 posse
412 2741 751 2813 perspicere.
776 2750 957 2805 tamen
979 2745 1035 2805 in
1054 2756 1325 2821 quantum
1359 2749 1707 2809 mediocritas
1728 2767 1823 2807 ex-

222 2830 506 2901 imietatis:
547 2842 749 2895 metra:
792 2838 1013 2911 assequi
1058 2840 1406 2913 praevaluerit
1452 2843 1697 2917 digerere
1725 2859 1821 2901 eas

223 2932 499 2996 utrunque
542 2928 889 2999 tentavimus,
918 2932 1221 2995 secundum
1246 2948 1559 2995 mensuram
1586 2950 1821 3005 namque

220 3016 478 3087 puritatis
505 3018 561 3079 in
586 3036 696 3092 qua
722 3038 876 3081 tuens
905 3040 1245 3099 unaquaque
1290 3026 1528 3101 prolicit,
1559 3032 1627 3085 et‘
1647 3026 1822 3101 quali-

1929 1917 2230 1993 distinctio,
2257 1932 2311 1979 et
2336 1924 2705 1985 indifferenter
2731 1934 2969 2005 putanda
3005 1936 3076 1991 sit
3112 1938 3180 1994 ab
3214 1938 3307 1996 illo
3342 1941 3521 1999 taliter

1929 2006 2097 2066 fuisse
2119 2010 2347 2087 digesta.
2373 2036 2390 2069 ‹
2419 2014 2711 2089 Deprecor,
2730 2022 2922 2096 inquit,
2941 2026 3118 2098 primo
3139 2028 3380 2087 omnium
3401 2034 3521 2091 fieri

1927 2100 2351 2179 obsecrationes,
2386 2130 2404 2163 ι
2437 2112 2741 2196 obsecratio
2758 2125 2841 2172 est
2861 2117 3190 2190 imploratio,
3214 2139 3307 2179 seu
3328 2126 3520 2196 petitio

1924 2209 2026 2264 pro
2054 2195 2315 2287 peccatis,
2345 2210 2450 2268 qua
2474 2195 2579 2256 vel
2600 2217 2700 2273 pro
2723 2207 3084 2277 praesentibus
3129 2210 3216 2268 vel
3241 2195 3345 2287 pro
3374 2230 3518 2286 prae-

1928 2282 2102 2341 teritis
2148 2286 2402 2344 admissis
2456 2289 2571 2346 suis
2623 2295 2994 2371 unusquisque
3042 2282 3396 2373 compunctus
3425 2318 3520 2361 ve-

1924 2376 2073 2432 niam
2112 2377 2451 2455 deprecatur.
2485 2381 2773 2443 Orationes
2799 2394 2945 2455 sunt,
2967 2388 3165 2463 quibus
3214 2392 3415 2465 aliquid
3439 2396 3520 2453 of-

1924 2465 2154 2524 ferimus
2183 2485 2277 2525 seu
2303 2487 2566 2533 vovemus
2586 2475 2719 2544 Deo,
2750 2480 2895 2553 quod
2922 2478 3115 2538 Graece
3136 2483 3335 2543 dicitur
3354 2489 3517 2567 texti,

1924 2554 1979 2614 id
2007 2566 2094 2615 est
2113 2566 2318 2629 votum,
2357 2563 2502 2637 quod
2530 2565 2602 2622 ita
2647 2566 2716 2622 ab
2742 2583 3068 2643 unoquoque
3108 2582 3299 2631 nostro
3324 2554 3517 2651 imple;

1923 2648 2091 2719 bitur,
2134 2668 2355 2711 oramus
2384 2672 2507 2711 cum
2538 2660 2913 2737 renuntiantes
2961 2663 3089 2720 huic
3126 2668 3328 2725 mundo
3359 2648 3518 2740 spon—

1922 2739 2114 2798 demus
2151 2760 2251 2800 nos
2296 2747 2652 2804 mortificatos
2695 2752 2907 2809 cunctis
2945 2756 3156 2813 actibus
3184 2766 3240 2814 et
3280 2739 3515 2819 conver-

1922 2833 2119 2891 sationi
2148 2836 2456 2907 mundanae,
2485 2848 2600 2896 tota
2622 2841 2802 2899 cordis
2832 2844 3132 2905 intentione
3153 2850 3381 2908 Domino
3407 2869 3517 2909 ser-

1919 2924 2152 2997 vituros,
2200 2945 2419 2989 oramus
2468 2949 2592 2989 cum
2647 2936 2963 3007 pollicemur
3010 2943 3254 3000 saeculari
3304 2946 3514 3005 honore

1922 3026 2179 3076 contento
2206 3037 2272 3078 ac
2298 3025 2528 3081 terrenis
2565 3025 2759 3103 opibus
2800 3031 2995 3102 spretis
3034 3033 3089 3088 in
3131 3037 3277 3092 Otlllti
3316 3039 3517 3096 contri-

222 3114 393 3169 tatem
430 3119 630 3185 statim,
663 3114 717 3173 in
744 3130 852 3187 quo
880 3115 963 3177 vel
1002 3131 1071 3179 ex
1112 3118 1558 3177 antecedentibus
1584 3118 1818 3181 inclina-
1852 3185 1888 3196 _
1920 3110 2068 3168 tione
2095 3114 2275 3171 cordis
2312 3132 2377 3173 ac
2403 3130 2723 3193 paupertate
2759 3124 2981 3196 spiritus
3032 3142 3133 3184 nos
3161 3127 3389 3187 Domino
3423 3149 3516 3191 co-

222 3206 331 3269 tur,
360 3201 449 3263 vel
479 3218 579 3275 per
616 3185 777 3267 suam
802 3218 1097 3267 renovatur
1135 3209 1493 3281 industriam,
1538 3211 1640 3289 ipsi
1686 3227 1816 3284 quo-

1920 3205 2186 3277 hmsuros,
2213 3224 2437 3269 oramus
2472 3229 2595 3269 cum
2630 3216 3001 3289 promittimus
3040 3237 3139 3279 nos
3164 3225 3509 3295 purissimam

221 3304 326 3360 (Ιιιθ
368 3295 664 3355 momentis
690 3296 916 3370 singulis
941 3298 1329 3369 reformantur,
1362 3308 1417 3357 et
1446 3301 1654 3361 idcirco
1694 3301 1815 3359 uni-

220 3379 423 3443 forum
451 3386 729 3449 orationes
750 3389 926 3455 emitti
955 3406 1169 3463 semper
1193 3408 1224 3449 a
1250 3394 1468 3453 nemine
1497 3411 1658 3466 posse
1697 3410 1816 3453 cer-

222 3474 488 3543 tissimum
510 3488 620 3541 est.
640 3482 816 3541 Aliter
838 3483 984 3545 enim
1010 3486 1239 3561 quisque
1274 3488 1580 3565 supplicare
1611 3490 1811 3547 assolet

217 3585 341 3627 cum
367 3570 550 3635 alacer
566 3583 675 3645 est,
704 3574 864 3635 aliter
880 3592 1009 3635 cum
1036 3578 1272 3637 tristitiae
1288 3594 1387 3639 seu
1414 3580 1811 3651 desperationis

214 3662 459 3733 pondere
480 3677 873 3741 pragravatnr,
898 3668 1060 3727 aliter
1078 3685 1201 3735 cum
1224 3671 1561 3742 spiritalibus
1588 3688 1809 3731 succes-

212 3755 371 3815 sibus
399 3757 567 3829 viget,
597 3759 757 3823 aliter
778 3776 907 3825 cum
951 3762 1419 3836 impugnationum
1449 3766 1590 3823 mole
1632 3767 1813 3838 depri-

212 3848 406 3917 mitur,
431 3850 591 3908 aliter
612 3867 739 3909 cutn
771 3854 985 3911 veniam
1024 3864 1392 3927 peccatorum,
1420 3858 1579 3915 aliter
1622 3859 1808 3933 acqui-

210 3942 473 3999 sitiou‘em
498 3945 687 4016 gratiae
713 3962 807 4003 seu
835 3947 1124 4020 cujuslibet
1178 3951 1393 4007 virtutis
1428 3952 1696 4023 exposcit,
1722 3953 1810 4013 vel

210 4044 364 4095 certe
390 4035 810 4093 exstinctionem
844 4037 1166 4111 cujusquam
1193 4040 1309 4101 vitii
1346 4041 1685 4117 deprecatur,
1708 4042 1808 4103 ali-

211 4136 297 4183 ter
344 4143 475 4185 cum
512 4130 947 4191 consideratione
990 4133 1253 4205 gehennae
1296 4133 1465 4195 futuri
1505 4134 1697 4209 iudicii
1742 4137 1811 4193 ti~

208 4234 368 4279 more
388 4222 796 4293 compungitur,
838 4223 998 4281 aliter
1023 4240 1147 4287 cum
1180 4242 1278 4298 spe
1302 4226 1613 4289 futurorum
1636 4230 1809 4287 bono-

206 4328 333 4371 rum
358 4316 740 4389 desiderioque
764 4317 1093 4391 ﬂammatur,
1135 4321 1293 4383 aliter
1330 4341 1455 4387 cum
1485 4324 1541 4385 iu
1569 4327 1809 4391 necessi-

207 4405 418 4465 tatibus
441 4422 509 4463 ac
526 4409 803 4479 periculis,
821 4412 979 4473 aliter
994 4429 1121 4481 cum
1142 4414 1197 4473 in
1215 4416 1321 4475 hac
1336 4417 1725 4489 tranquillitate
1740 4434 1807 4477 ac

205 4499 511 4561 seueritate
541 4513 812 4573 versatur,
840 4505 998 4563 aliter
1040 4523 1165 4563 cum
1194 4519 1662 4569 sacramentorum
1688 4526 1804 4569 cm—
1824 4543 1880 4608 Β

204 4588 433 4649 lestium
463 4593 881 4655 revelationibus
916 4596 1235 4659 illustratur.
1275 4599 1449 4661 Aliter
1490 4618 1612 4659 cum
1642 4604 1799 4660 steri-

204 4679 363 4740 litate
390 4684 675 4755 virtutum,
707 4703 773 4749 ac
813 4704 1071 4748 sensuum
1110 4693 1365 4751 ariditate
1389 4695 1797 4768 constringitur.

206 4771 279 4827 Et
308 4772 516 4832 idcirco
541 4777 626 4837 his
646 4793 814 4850 super
844 4781 1156 4841 orationum
1198 4785 1461 4855 qualitate
1487 4787 1711 4859 digestis
1734 4788 1801 4845 li-

204 4873 300 4920 cet
322 4881 439 4925 non
477 4878 736 4943 quantum
765 4874 1011 4944 exposcit
1046 4877 1287 4935 materiae
1329 4879 1665 4950 magnitudo,
1706 4881 1801 4941 sed

203 4968 479 5029 quantum
507 4962 592 5023 vel
644 4966 905 5036 temporis
926 4968 1171 5037 admittit
1194 4971 1473 5042 angustia,
1523 4973 1608 5033 vel
1652 4983 1801 5039 certe

205 5069 409 5124 capere
432 5056 670 5119 trinitas
690 5060 893 5130 ingenii
917 5062 1110 5131 nostri,
1132 5071 1190 5121 et
1217 5065 1398 5121 cordis
1424 5065 1680 5136 pmvalet
1708 5066 1802 5124 he-

201 5143 433 5205 betatio.
467 5146 637 5218 lnior
657 5152 814 5213 nobis
840 5169 989 5211 nunc
1016 5154 1265 5217 imminet
1293 5155 1598 5225 difﬁcultas,
1634 5167 1694 5215 ut
1721 5160 1802 5230 ip-

201 5251 297 5293 sas
338 5239 658 5311 singillatim
696 5246 1007 5307 orationum
1046 5250 1258 5320 species
1280 5265 1634 5321 exponamus,
1663 5267 1801 5323 quas

201 5325 504 5398 Apostolus
531 5335 924 5408 quadripartita
948 5340 1165 5401 ratione
1188 5340 1463 5410 distinxit,
1492 5342 1567 5401 ita
1592 5344 1795 5405 dicens.

209 5438 232 5473 ι
264 5422 546 5494 Deprecor
564 5426 744 5499 itaque
767 5431 945 5500 primo
962 5433 1209 5499 omnium
1229 5433 1349 5497 fieri
1370 5435 1798 5506 obsecrationes,

203 5512 513 5581 orationes,
551 5518 965 5589 postulationes,
996 5522 1298 5596 gratiarum
1333 5527 1595 5594 actiones,
1637 5548 1654 5581 ι
1680 5544 1804 5600 quae

207 5608 927 5686 mmwmwto
942 5615 1200 5675 itafuisse
1214 5600 1387 5675 divisa
1408 5619 1630 5679 minime
1641 5620 1801 5681 dubi-

209 5699 440 5781 tandum
458 5713 567 5770 est,
595 5706 845 5775 primitus
874 5707 1235 5781 indagandum
1254 5710 1386 5781 quid
1402 5713 1799 5781 obsecratione,

211 5790 347 5857 quin
401 5795 669 5865 οιδίόωκ.
717 5798 848 5869 Ψιίὰ
896 5800 1280 5871 postulatione,
1328 5803 1455 5873 quid
1502 5805 1803 5874 gratiarum

1736 5969 1799 5997 ἐιη
1826 5976 1849 5993 2’

1918 3302 2164 3375 corporis
2194 3304 2503 3362 castitatem
2540 3323 2635 3365 seu
2658 3304 2990 3369 immobilem
3016 3316 3331 3385 patientiam
3359 3318 3513 3376 exhi«

1913 3390 2126 3451 hituros
2149 3409 2269 3451 esse
2294 3407 2577 3469 perpetuo,
2611 3399 2694 3455 vel
2719 3416 2842 3456 cum
2872 3403 2939 3458 de
2982 3405 3145 3473 corde
3190 3418 3377 3467 nostro
3424 3427 3513 3467 ra-

1913 3482 2062 3541 dicrs
2088 3486 2204 3555 iraa,
2228 3487 2342 3544 sive
2383 3490 2642 3559 tristitiae,
2674 3500 2902 3549 mortem
2928 3506 3215 3566 operantes
3249 3515 3509 3558 vovemus

1913 3573 2155 3634 funditus
2186 3589 2388 3646 erutas,
2422 3596 2542 3651 quae
2586 3597 2709 3638 cum
2738 3584 3007 3642 desiderio
3046 3586 3205 3643 soluti
3249 3598 3413 3662 atque
3440 3591 3507 3647 ad

1914 3668 2139 3741 antiqua
2166 3670 2296 3726 vitia
2323 3682 2670 3730 recurrentes
2704 3675 2928 3731 minime
2958 3677 3273 3749 fecerimus,
3303 3680 3508 3740 oratio-

1912 3776 2045 3817 num
2085 3771 2399 3821 nostrarum
2440 3781 2502 3821 ac
2542 3775 2794 3823 votorum
2827 3769 3090 3827 recitetur
3130 3787 3300 3843 quare
3349 3774 3509 3831 nobis

1913 3854 2109 3911 melius
2135 3864 2221 3912 est
2263 3873 2371 3914 non
2402 3873 2619 3925 vovere,
2673 3875 2837 3933 quam
2886 3877 3105 3931 vovere,
3154 3872 3211 3921 et
3247 3881 3353 3921 non
3386 3865 3508 3922 red-

1912 3946 2063 4014 dere,
2088 3948 2232 4019 quod
2253 3949 2548 4007 secundum
2569 3950 2817 4008 Graecum
2839 3953 2943 4009 dici
2967 3961 3163 4027 potest,
3184 3957 3378 4013 melius
3398 3965 3503 4027 est,

1912 4052 2022 4093 non
2067 4053 2225 4095 orare
2278 4047 2351 4106 te,
2382 4055 2547 4111 quam
2595 4056 2755 4098 orare
2783 4052 2839 4099 et
2883 4061 2991 4103 non
3040 4045 3287 4103 reddere.
3323 4047 3509 4105 Tertio

1911 4128 2032 4186 loco
2070 4139 2348 4202 ponuntur
2367 4132 2786 4205 postulationes,
2817 4152 2953 4219 quas
2987 4152 3088 4209 pro
3114 4138 3238 4195 aliis
3264 4155 3501 4215 quoque,
3586 4192 3601 4201 .

1910 4222 2038 4279 dum
2086 4239 2276 4281 sumus
2320 4225 2375 4281 in
2420 4224 2635 4284 fervore
2681 4227 2905 4300 spiritus
2935 4231 3236 4300 constituti,
3266 4234 3506 4291 solemus

1910 4318 2179 4384 emittere,
2196 4318 2285 4374 vel
2307 4335 2408 4391 pro
2433 4320 2616 4377 charis
2635 4321 2842 4378 scilicet
2867 4324 3188 4392 nostris,vel
3213 4342 3313 4398 pro
3340 4328 3506 4384 totius

1909 4410 2097 4466 mundi
2122 4425 2276 4482 pace,
2306 4420 2614 4483 poscentes,
2656 4421 2712 4469 et
2750 4423 2811 4470 ut
2838 4414 3007 4487 ipsius
3043 4415 3289 4487 Apostoli
3320 4418 3501 4475 verbis

1908 4501 2152 4575 eloquar,
2185 4520 2312 4559 cum
2338 4520 2438 4579 pro
2464 4504 2717 4563 omnibus
2738 4506 3051 4563 hominibus
3072 4524 3173 4579 pro
3204 4509 3421 4582 regibus
3439 4520 3498 4566 et

1900 4596 2155 4653 omnibus
2175 4598 2266 4669 qui
2288 4597 2345 4653 in
2372 4598 2705 4657 sublimitate
2725 4607 2851 4657 sunt
2878 4598 3267 4673 supplicamus.
3293 4602 3499 4672 Quarto

1905 4688 2099 4747 deinde
2119 4689 2238 4746 loco
2256 4690 2555 4762 gratiarum
2586 4691 2827 4748 actiones
2854 4700 3150 4767 ponuntur,
3177 4710 3313 4764 quas
3345 4710 3501 4752 mens

1904 4778 1990 4835 vel
2010 4794 2134 4859 eum
2159 4781 2437 4851 praeterita
2456 4781 2561 4859 Dei
2586 4780 2777 4837 recolit
2797 4781 3081 4848 beneﬁcia,
3105 4783 3188 4839 vel
3210 4800 3330 4840 cum
3353 4803 3496 4858 prae-

1902 4856 2079 4928 sentia
2114 4856 2512 4942 compleantur,
2546 4888 2640 4929 seu
2690 4888 2815 4929 cum
2863 4873 2919 4929 in
2967 4873 3227 4944 futurum,
3273 4893 3394 4948 quae
3444 4888 3500 4935 et

1903 4973 2108 5035 quanta
2141 4966 2531 5037 praaparaverit
2554 4965 2717 5032 Deus,
2743 4966 2827 5021 his
2854 4968 2945 5037 qui
2975 4969 3204 5041 diligunt
3229 4985 3351 5027 eum
3373 4988 3499 5043 pro-

1908 5058 2088 5129 spicit,
2128 5074 2227 5129 per
2252 5058 2553 5115 ineffabiles
2582 5074 2855 5115 excessus
2888 5060 3115 5118 Domino
3142 5061 3329 5131 refert,
3374 5056 3501 5136 quae

1907 5166 2013 5222 qua
2041 5152 2340 5209 intentione
2364 5168 2751 5225 nonnunquam
2795 5169 2984 5224 preces
3019 5157 3298 5214 uberiores
3323 5159 3500 5215 emitti

1906 5244 2106 5313 solent,
2146 5246 2272 5301 dum
2306 5245 2415 5313 illa,
2443 5262 2564 5317 qua:
2594 5247 2770 5317 posita
2805 5256 2933 5305 sunt
2970 5250 3026 5306 in
3054 5249 3235 5308 futuro
3274 5254 3499 5323 prmmia

1903 5336 2213 5407 purissimis
2263 5337 2434 5395 oculis
2480 5339 2758 5406 intuendo,
2814 5343 3017 5412 gratias
3064 5358 3187 5399 cum
3232 5343 3498 5401 immense

1905 5428 2102 5500 gaudio
2131 5428 2351 5500 spiritus
2383 5437 2569 5486 noster
2598 5431 2890 5505 instigatur
2918 5433 3217 5491 infundere.
3246 5436 3327 5491 Ex
3371 5437 3497 5507 qui-

1903 5523 2006 5579 bus
2023 5531 2258 5594 quatuor
2286 5524 2570 5595 speciebus
2590 5526 2765 5583 solent
2803 5530 3120 5589 occasiones
3148 5532 3497 5605 supplicatio.-

1904 5631 2032 5671 num
2076 5616 2358 5689 pinguium
2394 5620 2668 5690 generari,
2707 5637 2833 5679 nam
2882 5630 2939 5681 et
2992 5625 3058 5683 de
3106 5625 3498 5683 obsecrationis

1904 5707 2108 5779 specie,
2145 5723 2269 5777 qua:
2294 5709 2362 5764 de
2401 5710 2815 5781 compunctione
2840 5714 3087 5773 nascitur
3122 5725 3494 5787 peccatorum,

1904 5805 1960 5853 et
1999 5798 2066 5857 de
2112 5799 2373 5857 orationis
2400 5808 2546 5858 statu
2566 5818 2688 5873 quae
2726 5804 2793 5861 de
2822 5804 3019 5863 fiducia
3062 5805 3394 5871 oblationum
3439 5815 3495 5866 et
