3992 6338
460 343 556 402 591

1121 345 1182 398 Β.
1225 344 1475 400 RABANI
1513 344 1732 401 MAURI
1764 343 2082 400 AROHlEP.
2123 343 2430 401 MOGUNT.
2470 343 2756 401 OPEBUM
2789 344 2967 400 PARS
3000 343 3082 398 lll.

3616 342 3738 398 592

461 456 922 512 consummatione
964 455 1263 512 futurorum
1302 473 1400 527 pro
1439 455 1777 512 conscientia:
1818 454 2036 526 proﬂuit
2061 462 2114 521 Α
2142 471 2162 505 ι
2197 453 2304 508 Pro
2329 454 2564 522 regibus,
2591 453 2782 525 inquit,
2809 462 2864 509 et
2895 453 3148 508 omnibus
3175 450 3267 520 qui
3303 450 3360 504 in
3396 449 3740 505 sublimitate

459 550 697 621 puritate
725 559 779 604 et
807 549 871 605 de
891 549 1269 620 postulatione,
1297 566 1416 620 quze
1444 551 1511 605 de
1539 550 1818 605 charitatis
1845 549 2038 604 ardore

458 639 722 709 procedit,
754 646 809 694 et
836 639 903 694 de
931 636 1225 710 gratiarum
1255 640 1485 704 actione,
1508 655 1628 709 quae
1655 639 2037 694 beneficiorum

459 747 525 787 ac
573 732 958 802 magnitudinis
992 748 1056 788 ac
1083 732 1299 802 pietatis
1341 730 1454 800 ejus
1493 731 1922 787 consideratione
1948 745 2039 802 ge-

457 832 703 889 neratur,
741 822 1162 879 ferventissimas
1215 824 1509 893 saepissime
1559 822 1808 878 novimus
1851 837 2038 891 preces

457 915 761 986 ignitasque
788 915 1022 985 prodire,
1052 915 1126 969 ita
1169 923 1227 968 ut
1262 915 1521 970 consistat
1560 929 1748 968 omnes
1776 913 1874 967 has
1905 929 2040 982 quas

452 1005 804 1076 praediximus
825 1007 1033 1076 species
1057 1007 1306 1061 omnibus
1341 1006 1648 1060 hominibus
1670 1007 1830 1061 utiles
1857 1021 1922 1060 ac
1945 1021 2040 1060 ne-

455 1096 720 1150 cessarias
764 1096 1016 1163 inveniri,
1047 1105 1106 1151 ut
1149 1097 1204 1150 in
1250 1112 1356 1151 uno
1399 1097 1695 1167 eodemque
1732 1097 1850 1151 viro
1896 1111 2038 1150 nunc

453 1187 672 1256 quidem
700 1188 1156 1253 obsecrationum,
1176 1203 1318 1243 nunc
1343 1197 1522 1244 autem
1541 1189 1870 1254 orationum,
1896 1204 2039 1242 nunc

452 1281 875 1352 postulationum
903 1297 1067 1352 puras
1110 1297 1174 1336 ac
1217 1282 1647 1336 ferventissimas
1691 1282 2039 1351 supplicatio-

451 1391 549 1430 nes
597 1375 943 1445 variatosque
985 1375 1198 1429 emittat
1241 1373 1465 1429 affectus
1497 1392 1509 1427 :
1545 1382 1726 1428 tamen
1755 1374 1926 1443 prima
1959 1373 2039 1426 iu-

449 1467 774 1536 cipientibus
808 1467 1018 1522 videtur
1059 1467 1382 1537 peculiarius
1406 1467 1676 1538 pertinere
1722 1467 1814 1536 qui
1862 1467 2039 1521 adhuc

448 1560 704 1614 vitiorum
735 1575 953 1614 suorum
977 1559 1198 1624 aculeis,
1229 1574 1292 1613 ac
1317 1558 1579 1614 memoria
1619 1558 2034 1622 remordentur;

447 1652 684 1708 secunda
714 1652 780 1706 ad
808 1652 925 1706 illos
950 1652 1041 1722 qui
1089 1653 1142 1705 in
1169 1659 1426 1720 provectu
1449 1649 1562 1719 jam
1593 1649 1820 1720 spiritali
1851 1659 1907 1705 et
1944 1666 2039 1720 ap-

445 1743 617 1813 petitu
660 1743 922 1797 virtutum
954 1743 1186 1812 quadam
1237 1742 1436 1796 mentis
1483 1741 1812 1796 sublimitate
1857 1742 2036 1796 consi-

2139 554 2282 602 sunt.
2307 565 2326 597 ›
2344 545 2708 602 Etostendens
2731 547 2984 616 quoniam
3005 554 3060 600 et
3077 543 3403 599 hoclucrum
3429 543 3736 607 siteorum,

2145 656 2164 689 ι
2186 639 2518 709 utquietam,
2536 639 2727 708 inquit,
2745 646 2800 693 et
2823 637 3162 706 tranquillam
3178 636 3342 690 vitam
3353 649 3578 705 agamus
3601 649 3740 688 cum

2139 731 2285 787 omni
2300 733 2498 802 pietate
2517 731 2892 786 etsobrietate.
2917 749 2935 782 ι
2957 729 3014 784 Si
3030 729 3196 793 enim,
3210 727 3607 782 utconveniens
3621 731 3739 788 est,

2139 823 2194 878 in
2227 839 2361 894 pace
2388 823 2463 877 illi
2488 823 2790 894 deguerint,
2818 819 3076 892 possibile
3118 828 3205 874 est
3242 826 3297 873 et
3330 832 3430 872 nos
3457 813 3744 884 tranquil-

2138 915 2347 970 litatem
2379 914 2584 970 faciens
2617 915 2804 986 pietati
2852 912 3150 976 intendere,
3174 919 3230 966 et
3268 908 3392 965 vita:
3420 907 3745 971 sobrietati,

2138 1013 2194 1060 et
2241 1004 2472 1060 suadens
2520 1005 2596 1059 illi
2627 1005 2729 1059 ista
2756 1005 2835 1060 sic
2888 1003 3087 1066 facere,
3119 1002 3260 1057 sicut
3289 1002 3404 1071 ipse
3446 1000 3748 1070 praecepit,

2140 1110 2481 1150 communem
2526 1110 2625 1166 pro
2668 1094 2921 1151 omnibus
2950 1095 3259 1151 hominibus
3305 1095 3748 1150 sollicitudinem

2139 1185 2231 1255 qui
2267 1201 2365 1257 per
2410 1195 2579 1241 totum
2628 1186 2816 1240 orbem
2866 1202 2985 1242 esse
3014 1187 3285 1252 videntur,
3331 1187 3643 1256 expendere
3685 1193 3754 1239 et

2140 1277 2444 1331 communia
2467 1277 2607 1332 bona
2638 1277 2832 1332 debere
2857 1277 3182 1342 existimari,
3212 1292 3275 1332 ea
3295 1293 3415 1347 quae
3445 1276 3757 1331 universo-

2140 1382 2260 1420 rum
2290 1375 2433 1422 sunt.
2467 1385 2484 1418 ι
2513 1366 2626 1422 Hoc
2641 1376 2819 1422 autem
2847 1375 2930 1424 est
2953 1369 3153 1422 bonum
3174 1375 3230 1422 et
3247 1377 3519 1438 acceptum
3535 1380 3756 1420 coram

2141 1458 2418 1514 Salvatore
2445 1467 2628 1513 nostro
2651 1460 2781 1515 Deo.
2805 1479 2823 1510 ι
2845 1457 3189 1514 Sufficienter
3213 1457 3384 1512 suasit
3409 1471 3498 1512 eos
3522 1456 3604 1512 sic
3643 1471 3760 1511 sa-

2138 1565 2286 1621 pere,
2313 1551 2576 1620 siquidem
2604 1557 2659 1604 et
2686 1550 2796 1604 Deo
2833 1549 2916 1604 sic
2961 1548 3156 1619 placet.
3193 1547 3346 1604 Unde
3373 1554 3424 1602 et
3447 1546 3762 1616 probatio-

2137 1656 2262 1696 nem
2291 1640 2512 1716 faciens,
2537 1642 2678 1712 quod
2698 1641 2808 1697 Deo
2841 1641 2944 1697 ista
2975 1640 3189 1711 placent
3209 1639 3415 1710 adjicit,
3442 1659 3460 1690 ι
3490 1640 3578 1710 qui
3607 1654 3760 1693 om-

2139 1749 2236 1789 nes
2262 1733 2509 1790 homines
2529 1734 2645 1790 vult
2670 1733 2849 1789 salvos
2869 1733 3009 1798 fieri,
3040 1743 3097 1789 et
3121 1733 3190 1788 ad
3210 1733 3561 1804 cognitionem
3581 1732 3762 1786 veri-

444 1843 616 1890 εωηι,
646 1835 827 1890 Tertia
857 1835 924 1890 ad
950 1851 1046 1890 eos
1069 1836 1159 1904 qui
1201 1835 1583 1905 perfectionem
1626 1846 1876 1891 votorum
1904 1852 2033 1890 suo-
2063 1840 2111 1899 B
2139 1827 2267 1882 tatis
2295 1827 2498 1882 venire.
2523 1847 2542 1880 ι
2570 1826 2705 1882 Nam
2735 1828 2862 1896 quia
2893 1827 3034 1882 Deus
3054 1827 3120 1882 de
3141 1826 3390 1882 omnibus
3415 1825 3759 1881 hominibus

443 1942 566 1980 rum
635 1927 891 1996 operibus
955 1925 1307 1996 adimplentee
1364 1927 1699 1982 intercedere
1754 1942 1853 1997 pro
1912 1927 2034 1982 aliis

443 2033 658 2088 quoque
698 2017 1132 2074 consideratione
1173 2017 1485 2089 fragilitatis
1515 2034 1700 2073 eorum
1748 2019 2035 2074 charitatis

441 2111 621 2167 studio
655 2119 1041 2182 provocantur.
1074 2109 1278 2176 Quarta
1317 2110 1384 2164 ad
1405 2110 1542 2165 -illos
1572 2109 1664 2180 qui
1684 2108 1797 2178 jam
1833 2108 2034 2179 poenali

440 2203 789 2258 conscientia:
827 2203 980 2274 Spina
1012 2203 1079 2258 de
1122 2203 1377 2259 cordibus
1411 2202 1564 2272 pulsa
1603 2202 1659 2257 in
1688 2193 2034 2257 swculafihus

435 2295 549 2365 jam
573 2294 974 2350 munificentias
1001 2293 1214 2349 Domini
1245 2309 1310 2349 ac
1350 2294 1750 2360 miserationes,
1780 2292 1915 2364 quas
1949 2293 2034 2348 vel

439 2386 495 2440 in
537 2388 812 2456 praeterito
859 2387 1066 2453 tribuit,
1095 2388 1181 2442 vel
1229 2388 1285 2441 in
1333 2387 1619 2458 praesentia
1667 2387 1915 2459 largitur,
1947 2388 2035 2443 vel

436 2485 708 2546 prwparat
741 2478 796 2532 in
827 2477 1008 2533 futuro
1038 2486 1217 2533 mente
1241 2479 1532 2548 purissima
1561 2488 1940 2545 retractantes,
1966 2480 2033 2536 ad

439 2567 591 2621 illam
623 2567 868 2638 ignitam,
899 2577 952 2622 et
981 2583 1100 2636 qua:
1123 2584 1218 2624 ore
1245 2569 1486 2624 omnium
1518 2585 1618 2626 nec
1649 2571 2032 2641 comprehendi

437 2673 543 2713 nec
592 2658 823 2728 exprimi
864 2667 1063 2729 potest,
1093 2660 1396 2715 orationem
1428 2659 1826 2716 ferventissimo
1869 2661 2032 2716 corde

436 2760 742 2822 raptantur,
771 2768 1154 2823 nonnunquam
1205 2762 1385 2808 tamen
1432 2767 1610 2817 mens,
1649 2768 1768 2824 quae
1793 2753 1846 2807 in
1878 2753 2029 2808 illum

436 2860 626 2901 verum
653 2845 907 2916 puritatis
953 2845 1168 2916 proficit
1195 2844 1468 2910 affectum,
1517 2846 1762 2916 atquein
1810 2861 1877 2902 eo
1916 2845 2030 2916 jam

435 2933 664 3005 coeperit
712 2935 966 3000 radicari,
1002 2935 1138 2990 solet
1165 2935 1281 2991 haec
1304 2935 1486 2991 omnia
1527 2937 1686 2992 simul
1716 2938 2029 3008 pariterque

432 3025 742 3095 concipiens
767 3035 928 3096 atque
963 3027 1018 3079 in
1048 3027 1264 3080 modum
1294 3024 1577 3094 cujusdam
1616 3026 2030 3097 incomprehen-

430 3117 605 3173 sibilis
655 3134 719 3173 ac
748 3119 1115 3189 rapacissimae
1161 3117 1392 3172 flammae
1433 3129 1626 3174 cuncta
1671 3120 2027 3188 pervolitans,

430 3208 730 3264 ineffabiles
767 3211 836 3264 ad
875 3209 1046 3265 Deum
1071 3225 1263 3279 preces
1297 3211 1572 3279 purissimi
1601 3211 1804 3282 vigoris
1847 3211 2023 3267 effun-

431 3300 582 3367 dere,
621 3316 758 3370 quas
803 3300 918 3370 ipse
954 3299 1177 3370 spiritus
1224 3300 1573 3370 interpellans
1617 3301 1906 3372 gemitibus
1941 3303 2021 3358 in-

429 3391 826 3446 enarrabilibus
878 3391 1256 3461 ignorantibus
1294 3393 1448 3447 nobis
1495 3393 1662 3446 mittit
1708 3393 1774 3448 ad
1827 3393 2018 3454 Deum.

431 3491 579 3536 tanta
610 3481 816 3538 scilicet
842 3482 895 3536 in
945 3482 1086 3536 illius
1111 3483 1258 3538 horae
1302 3492 1578 3539 momento
1605 3484 1936 3554 concipiens,
1965 3493 2021 3538 et

429 3572 777 3628 ineffabiliter
802 3574 856 3628 in
883 3573 1270 3644 supplicatione
1295 3573 1648 3642 profundeus,
1679 3584 1881 3646 quanta
1909 3589 2017 3629 non

427 3667 604 3722 dicam
634 3682 729 3722 ore
772 3682 1090 3737 percurrere
1119 3666 1472 3737 profundens,
1510 3667 1603 3723 sed
1629 3683 1697 3722 ne
1742 3668 1854 3738 ipsa
1901 3667 2020 3737 qui-

425 3759 548 3814 dem
593 3768 776 3814 mente
807 3759 985 3815 valeat
1013 3759 1118 3814 alio
1171 3768 1412 3828 tempore
1461 3759 1750 3824 recordari,
1793 3768 1850 3813 et
1893 3759 2018 3814 inde

425 3861 509 3907 est
534 3853 676 3922 quod
715 3853 770 3906 in
813 3853 1053 3924 qualibet
1082 3869 1335 3908 mensura
1373 3853 1495 3924 quis
1525 3854 1733 3924 positus
1761 3870 2014 3909 nonnun-~

424 3958 585 4013 quam
632 3958 795 4014 puras
823 3943 1163 4012 iutentasquc
1209 3958 1400 4014 preces
1445 3943 1716 3998 invenitur
1743 3943 2011 4009 emittere,

424 4035 551 4104 quia
582 4037 646 4090 de
669 4034 762 4089 illo
786 4036 963 4104 primo
982 4044 1036 4089 et
1063 4034 1248 4090 humili
1281 4035 1488 4098 ordine,
1524 4036 1615 4106 qui
1642 4043 1726 4090 est
1745 4051 1908 4105 super
1929 4051 2013 4092 re-

421 4127 790 4180 cordationem
822 4125 987 4179 futuri
1010 4124 1201 4192 judicii
1229 4126 1335 4190 his,
1361 4126 1450 4194 qui
1490 4126 1666 4180 adhuc
1713 4127 1812 4182 sub
1843 4139 2014 4182 terro-

423 4217 499 4269 ris
529 4225 611 4270 est
636 4231 817 4285 poena,
846 4231 909 4270 ac
939 4225 1085 4269 metu
1135 4233 1200 4270 ex
1228 4217 1425 4270 animis
1465 4217 1804 4281 constitutus,
1839 4219 1912 4272 ita
1943 4219 2012 4273 ad

419 4309 609 4362 horam
641 4308 1020 4380 compungitur
1059 4319 1118 4363 ut
1159 4325 1265 4363 non
1311 4311 1519 4365 minore
1567 4312 1786 4381 spiritus
1822 4312 2012 4367 alacri-

419 4407 528 4454 tate
557 4399 624 4455 de
651 4400 1044 4455 obsecrationis
1066 4401 1388 4470 pinguedine
1414 4403 1703 4472 repleatur,
1734 4418 1896 4475 quam
1920 4403 2008 4460 ille

418 4491 510 4561 qui
540 4507 637 4562 per
658 4493 950 4563 puritatem
996 4492 1176 4546 cordis
1203 4493 1284 4546 sui
1323 4493 1719 4548 munificentias
1761 4494 1858 4549 Dei
1885 4510 2006 4566 per-

2139 1917 2242 1972 ista
2269 1917 2418 1983 velit,
2443 1932 2602 1973 nemo
2624 1919 2823 1988 poterit
2859 1917 3250 1973 contradicere.
3284 1916 3509 1972 Evidens
3535 1925 3757 1972 autem

2137 2021 2242 2077 est,
2271 2011 2525 2082 quoniam
2556 2027 2746 2067 omnes
2768 2011 2881 2065 vult
2912 2010 3132 2076 salvari,
3158 2010 3286 2080 quia
3314 2019 3368 2065 et
3400 2025 3584 2065 omnes
3617 2019 3761 2066 tue-

2137 2110 2244 2167 tur,
2274 2104 2644 2159 necessarium
2666 2111 2751 2159 est
2772 2118 2923 2175 ergo,
2947 2110 3007 2158 ut
3026 2118 3124 2158 nos
3148 2102 3265 2172 ejus
3289 2102 3560 2157 tuitionem
3587 2118 3758 2171 erga

2135 2206 2326 2248 omnes
2354 2193 2649 2257 imitemur,
2679 2192 2725 2247 si
2755 2201 2936 2247 tamen
2995 2191 3062 2246 ad
3110 2192 3328 2264 plenum
3358 2190 3760 2248 acceleramus

2136 2286 2334 2341 similia
2359 2301 2550 2357 sapere
2578 2286 2711 2352 Deo,
2733 2294 2790 2342 et
2831 2286 2976 2343 omni
3003 2302 3070 2342 ex
3093 2295 3247 2358 parte
3265 2287 3548 2342 ostendens
3580 2287 3759 2358 adji-

2135 2380 2258 2435 cit.c
2281 2379 2432 2436 Unus
2451 2390 2634 2435 autem
2647 2380 2788 2435 Deus
2808 2388 2912 2436 est.
2934 2399 2953 2432 ι
2973 2379 3085 2436 Hoc
3111 2388 3214 2446 est,
3233 2380 3360 2450 quia
3382 2388 3460 2435 est
3473 2379 3756 2436 omnium

2134 2471 2413 2535 Dominus,
2447 2489 2556 2529 non
2601 2472 2832 2528 aliorum
2871 2473 3086 2543 quidem
3117 2481 3220 2529 est.
3266 2471 3542 2538 Dominus,
3591 2472 3758 2529 alio-

2135 2579 2254 2618 rum
2282 2578 2412 2620 vero
2439 2579 2546 2620 non
2573 2572 2676 2620 est.
2705 2565 2892 2634 Itaque
2936 2579 3043 2620 non
3072 2573 3155 2620 est
3192 2564 3446 2636 possibile
3471 2579 3600 2618 eum
3641 2567 3756 2622 de-

2138 2655 2351 2726 spicere
2381 2654 2785 2726 aliquos,quasi
2816 2655 3020 2712 alienos
3042 2655 3144 2710 sibi
3170 2655 3478 2710 existentes.
3514 2672 3532 2705 ι
3565 2653 3754 2710 Unus

2133 2758 2218 2804 est
2243 2749 2510 2804 mediator
2530 2748 2624 2804 Dei
2651 2759 2707 2805 et
2729 2749 3029 2817 hominum,
3046 2749 3207 2806 homo
3228 2749 3467 2806 Christus
3491 2748 3696 2806 Jesus.
3723 2771 3744 2802 ι

2134 2840 2317 2913 (Aug.)
2343 2841 2529 2897 Fallax
2558 2842 2740 2912 itaque
2763 2843 3042 2906 mediator,
3078 2844 3182 2899 hoc
3210 2853 3314 2910 est,
3337 2843 3586 2899 Diabolus
3617 2859 3750 2913 quo

2131 2951 2232 3006 per
2261 2943 2470 2990 secreta
2513 2933 2715 3004 judicia
2755 2935 2848 2990 Dei
2895 2935 3143 3007 superbia
3172 2935 3444 2990 hominum
3475 2947 3752 2990 meretur

2133 3025 2304 3092 illudi,
2337 3042 2501 3081 unum
2551 3041 2674 3082 cum
2723 3027 3036 3084 hominibus
3081 3026 3266 3092 habet,
3295 3027 3347 3082 id
3377 3035 3480 3091 est,
3531 3043 3748 3096 pecca-

2137 3128 2272 3185 tum,
2305 3119 2448 3176 aliud
2477 3120 2648 3175 videri
2671 3120 2788 3175 vult
2813 3120 3012 3177 habere
3033 3137 3158 3176 cum
3191 3121 3318 3187 Deo,
3347 3130 3404 3175 ut
3435 3120 3561 3190 quia
3593 3135 3747 3175 car-

2052 3207 2098 3272 C
2129 3210 2215 3265 nis
2242 3210 2570 3266 mortalitate
2595 3227 2701 3266 non
2735 3212 2956 3283 tegitur,
2985 3228 3085 3284 pro
3112 3211 3398 3288 immortali
3425 3226 3484 3266 se
3525 3219 3743 3268 osten-

2128 3308 2224 3365 tet,
2243 3301 2339 3356 sed
2357 3301 2482 3371 quia
2502 3319 2521 3352 ι
2544 3301 2871 3372 stipendium
2895 3302 3102 3374 peccati
3124 3318 3271 3358 mors
3285 3311 3366 3358 est
3384 3321 3402 3354 ι
3423 3299 3598 3371 (Rom.
3619 3302 3740 3372 vr),

2126 3390 2230 3448 hoc
2271 3393 2436 3448 habet
2476 3406 2764 3448 commune
2806 3409 2931 3449 cum
2981 3393 3308 3460 hominibus,
3362 3393 3502 3448 unde
3555 3393 3745 3448 simul

2125 3485 2451 3541 damnentur
2476 3486 2532 3540 in
2558 3494 2811 3542 mortem.
2841 3483 3019 3541 Verax
3047 3494 3232 3542 autem
3261 3485 3529 3540 mediator
3553 3499 3744 3554 quem

2123 3586 2332 3633 secreta
2350 3587 2441 3633 tua
2462 3577 2858 3645 misericordia,
2871 3577 3124 3646 Domine,
3137 3576 3523 3634 demonstrasti
3541 3577 3742 3632 homi-

2121 3671 2282 3727 nibus
2308 3680 2365 3727 et
2403 3671 2598 3727 misisti
2627 3680 2687 3726 ut
2721 3671 2837 3742 ejus
2859 3671 3107 3742 exemplo
3135 3671 3301 3727 etiam
3331 3671 3502 3741 ipsam
3533 3669 3736 3726 disce-

2122 3770 2241 3816 rent
2295 3762 2674 3819 humilitatem.
2727 3761 2988 3819 Mediator
3032 3762 3122 3820 ille
3170 3762 3267 3820 Dei
3314 3773 3370 3818 et
3431 3761 3737 3818 hominum

2121 3853 2282 3909 homo
2312 3853 2562 3910 Christus
2606 3853 2763 3911 Jesus
2811 3855 2952 3910 inter
2987 3855 3246 3912 mortales
3288 3864 3604 3928 peccatores
3671 3866 3736 3913 et
3771 3883 3780 3894 -

2119 3946 2476 4003 immortalem
2527 3947 2738 4004 Justum
2769 3950 3020 4019 apparuit
3049 3949 3294 4006 mortalis
3324 3965 3446 4005 cum
3475 3948 3736 4005 homini-

2116 4037 2234 4103 bus,
2275 4039 2456 4110 justus
2483 4055 2607 4106 cum
2644 4040 2776 4106 Deo,
2807 4048 2868 4094 ut
2901 4040 3156 4111 quoniam
3199 4039 3524 4110 stipendium
3548 4039 3734 4110 justi-

2116 4131 2205 4186 tia:
2249 4132 2359 4186 vita
2389 4141 2444 4189 et
2491 4149 2596 4204 pax
2641 4144 2744 4199 est,
2771 4117 3180 4204 per'justitiam
3227 4133 3570 4204 conjunctam
3596 4130 3730 4187 Deo

2113 4235 2404 4282 evacuaret
2447 4236 2680 4282 mortem
2716 4225 3141 4295 justiﬁeatorum
3195 4227 3501 4298 impiorum,
3540 4241 3726 4296 quam

2113 4333 2234 4372 cum
2261 4317 2366 4373 illis
2396 4317 2566 4374 voluit
2598 4319 2800 4374 habere
2847 4335 3215 4386 communem,
3255 4320 3342 4375 hic
3365 4321 3726 4375 demonstra-

2117 4416 2201 4462 tus
2229 4418 2311 4462 est
2340 4408 2577 4478 antiquis
2603 4410 2827 4476 sanctis,
2860 4418 2920 4465 ut
2944 4411 3020 4466 ita
3048 4411 3152 4482 ipsi
3190 4427 3287 4483 per
3315 4411 3474 4467 fidem
3508 4411 3724 4468 futurae

2109 4498 2377 4569 passionis
2417 4499 2534 4569 ejus
2574 4501 2713 4556 sicut
2744 4517 2841 4557 nos
2873 4518 2974 4573 per
3023 4503 3181 4559 fldem
3229 4504 3520 4574 praeterita:
3569 4504 3722 4561 salvi

416 4581 654 4637 lustrans
685 4591 847 4652 atque
883 4597 1210 4652 percurrens
1252 4583 1507 4639 ineffabili
1549 4586 1764 4656 gaudio,
1793 4586 2006 4642 laztitia-
2031 4600 2083 4661 ι)
2111 4589 2321 4645 ﬁerent.
2353 4590 2410 4645 ln
2440 4602 2701 4662 quantum
2723 4595 2866 4650 enim
2891 4595 3072 4662 homo,
3102 4596 3156 4652 in
3181 4606 3387 4653 tantum
3410 4598 3715 4664 mediator,

416 4688 522 4742 que
555 4674 862 4728 resolvitur.
908 4674 1102 4744 Incipit
1143 4675 1288 4731 enim
1336 4678 1632 4733 secundum
1675 4681 1998 4735 sententiam

415 4765 629 4818 Domini
657 4765 777 4836 plus
803 4765 1045 4835 diligere,
1076 4768 1168 4836 qui
1197 4767 1413 4824 sibimet
1439 4770 1701 4840 ampliora
1725 4773 2001 4843 cognoscit

414 4855 639 4910 indulta.
668 4856 864 4927 (Amb.)
896 4857 1029 4912 Nam
1069 4859 1194 4928 quia
1226 4859 1358 4914 dixit.
1387 4863 1685 4932 gratiarum
1729 4863 1999 4919 actionem

412 4947 632 5001 evidens
655 4955 756 5010 est,
797 4951 1050 5017 quoniam
1092 4951 1291 5006 habere
1329 4954 1502 5022 possit
1545 4954 1903 5010 differentiam
1931 4956 2000 5012 ab

411 5036 677 5100 oratione,
713 5039 965 5106 quoniam
992 5039 1149 5094 aliter
1194 5043 1409 5112 quidem
1441 5043 1858 5112 postulationem
1902 5046 2000 5100 ha-

409 5127 501 5181 bet
531 5127 764 5193 illorum,
787 5145 907 5198 qua:
933 5130 1126 5185 desunt
1149 5133 1200 5185 in
1229 5148 1350 5196 usu,
1377 5133 1674 5201 gratiarum
1700 5149 1830 5191 vero
1853 5137 1997 5191 actio

407 5233 507 5288 pro
529 5219 632 5284 his,
664 5235 781 5288 quae
809 5220 922 5290 jam
961 5222 1202 5290 praestita
1231 5231 1356 5276 sunt
1377 5221 1628 5290 efficitur,
1655 5234 1710 5280 et
1737 5242 1838 5295 pro
1870 5229 1992 5298 qui-

405 5314 506 5368 bus
531 5314 645 5369 haec
666 5313 780 5368 ﬁeri
807 5316 1093 5371 conveniat
1119 5315 1346 5369 duceris.
1369 5334 1387 5365 ‹
1418 5316 1520 5370 Pro
1544 5319 1793 5373 omnibus
1819 5320 1992 5376 homi-

405 5403 580 5459 nibus.
613 5424 631 5455 ι
649 5405 706 5460 In
734 5421 1021 5460 commune
1048 5421 1145 5474 pro
1173 5405 1425 5461 omnibus
1448 5408 1641 5463 debere
1663 5425 1756 5464 eos
1785 5411 1988 5467 sollici-

403 5505 487 5552 tos
513 5513 632 5554 esse
661 5500 939 5569 praecepit.
975 5497 1108 5552 Nam
1135 5499 1180 5552 is
1208 5499 1299 5567 qui
1338 5514 1436 5568 pro
1473 5501 1725 5557 omnibus
1760 5503 1991 5559 homini-

399 5587 501 5642 bus
527 5589 643 5645 haec
677 5589 856 5645 facere
898 5589 1140 5659 jubetur,
1171 5591 1398 5670 evidens
1419 5601 1504 5647 est
1531 5594 1789 5664 quoniam
1814 5605 1868 5651 et
1892 5612 1988 5666 pro

400 5681 651 5736 omnibus
678 5681 1093 5736 sollicitudinem
1119 5684 1423 5754 expendere
1444 5684 1687 5753 jubetur,
1706 5688 1896 5744 deinde
1919 5689 1986 5743 ad

402 5769 491 5826 illa
522 5789 642 5842 qua:
664 5789 873 5829 summa
902 5787 1021 5832 esse
1043 5776 1291 5836 videntur
1315 5778 1455 5835 inter
1497 5780 1741 5838 homines
1771 5784 1983 5839 transit.

2109 4681 2163 4735 in
2186 4693 2445 4752 quantum
2468 4692 2646 4740 autem
2666 4686 2927 4753 Verbum,
2958 4704 3064 4744 non
3097 4689 3329 4751 medius,
3351 4691 3443 4760 qui
3476 4691 3717 4761 aequalis

2108 4774 2239 4841 Deo,
2270 4785 2326 4830 et
2353 4775 2492 4833 Deus
2517 4780 2657 4848 apud
2684 4779 2874 4846 Deum,
2905 4790 2960 4836 et
2988 4781 3147 4837 simul
3179 4797 3303 4837 cum
3333 4783 3539 4853 Spiritu
3569 4799 3710 4838 san-

2108 4875 2194 4920 cto
2222 4881 2361 4922 unus
2389 4868 2548 4924 Deus.
2575 4868 2802 4943 (Ambr.)
2829 4871 2935 4928 Sed
2964 4884 3019 4929 et
3050 4873 3139 4930 ille
3166 4875 3454 4941 mediator,
3479 4875 3574 4946 qui
3599 4891 3708 4931 nos

2108 4957 2355 5013 homines
2380 4959 2493 5016 Deo
2522 4962 2783 5016 annititur
2809 4965 3062 5035 cepulare
3091 4983 3228 5023 unus
3268 4975 3324 5023 et
3372 4969 3476 5023 iste
3503 4976 3612 5034 est,
3647 4979 3706 5024 et

2111 5046 2237 5102 hinc
2265 5048 2426 5104 homo
2463 5051 2760 5106 secundum
2791 5061 3040 5109 naturam
3074 5055 3331 5111 existens.
3379 5055 3704 5128 Opportune

2104 5140 2188 5194 vel
2222 5141 2458 5197 maxime
2487 5144 2588 5200 hoc
2612 5144 2666 5199 in
2693 5144 2810 5202 loco
2832 5147 3104 5202 hominem
3136 5163 3258 5203 eum
3288 5148 3524 5215 vocavit,
3557 5157 3616 5202 ut
3641 5157 3701 5204 et

2101 5251 2131 5289 a
2164 5245 2361 5291 natura
2395 5240 2704 5296 ostenderet
2741 5242 3044 5298 donationis
3091 5227 3530 5298 communionem
3576 5258 3700 5298 om-

2098 5327 2257 5383 nibus
2279 5332 2590 5387 necessario
2617 5333 2669 5388 id
2697 5335 3098 5402 confitentibus,
3134 5336 3390 5406 quoniam
3420 5337 3695 5391 universi-

2097 5419 2222 5475 tatis
2264 5437 2391 5492 pars
2439 5413 2678 5481 existens
2714 5415 3008 5483 secundum
3056 5437 3304 5484 naturam
3343 5443 3692 5484 communem

2094 5514 2346 5570 omnibus
2390 5525 2568 5586 potest
2608 5533 2704 5588 per
2737 5520 3140 5577 similitudinem
3187 5531 3398 5579 natura:
3439 5521 3692 5580 donatio-

2095 5621 2219 5661 nem
2268 5617 2544 5676 praestare.
2583 5609 2733 5667 Unde
2781 5611 2911 5668 illud
2955 5617 3112 5685 quasi
3133 5615 3248 5685 jam
3293 5615 3348 5672 in
3381 5615 3686 5672 confessio-

2094 5712 2218 5752 nem
2268 5698 2550 5756 deductam
2601 5702 2728 5758 hinc
2771 5693 3048 5776 accipiens"
3085 5705 3272 5776 adjicit
3302 5726 3313 5760 :
3351 5726 3368 5758 ι
3399 5705 3504 5775 Qui
3534 5703 3685 5760 dedit

2093 5788 2332 5860 seipsum
2349 5792 2767 5864 redemptionem
2782 5811 2880 5865 pro
2891 5797 3143 5854 omnibus
3160 5797 3529 5855 testimonium
3548 5805 3684 5849 tem-
