3992 6338
232 476 345 531 595

706 463 1257 528 ENARRA'I‘IONUM
1297 470 1363 526 IN
1402 470 1550 526 EPP.
1595 469 1800 526 PAULI
1839 469 1966 527 LIB.
2005 471 2189 527 XXIII.
2233 504 2301 513 —
2337 469 2403 528 IN
2443 469 2658 529 EPIST.
2697 473 2717 528 I
2753 472 2843 527 AD
2883 473 3020 528 TIM.

3395 475 3499 531 594

229 590 458 661 poribus
502 603 632 640 suis.
671 605 687 634 ι
723 585 855 639 Nam
887 597 940 639 et
973 600 1073 656 pro
1101 587 1350 640 omnibus
1379 585 1526 640 dedit
1554 585 1809 655 seipsum,
1842 589 1896 648 Α
1921 601 2068 640 mum
2123 595 2206 641 est
2253 587 2401 640 visus
2455 596 2540 641 est
2593 587 2942 642 conﬁrmasse
2967 627 2980 652 ,
3031 601 3093 640 ex
3146 595 3313 643 altero
3371 603 3500 644 vero

229 694 334 735 nec
362 677 509 732 enim
533 691 632 747 pro
660 674 925 745 aliquibus
945 684 1174 732 mortem
1204 675 1386 730 subire
1407 674 1696 744 acquievit,
1727 673 1819 729 sed

228 766 489 824 omnibus
535 764 722 820 volens
774 764 831 818 in
879 779 1164 820 commune
1197 751 1446 820 conferre
1480 762 1820 827 beneﬁcium,

229 858 546 932 passionem
599 856 874 926 suscipere
919 865 1002 911 est
1047 856 1320 928 dignatus,
1361 856 1655 911 secundum
1691 853 1822 909 illud

230 960 470 1019 tempus,
521 961 627 1018 quo
676 960 867 1015 passus
905 953 1009 1010 est,
1060 945 1424 1000 testimonium
1471 945 1616 999 enim
1663 950 1826 999 vocat

228 1041 540 1112 passionem
568 1037 759 1108 ipsam,
786 1037 1120 1106 temporibus
1150 1053 1279 1092 vero
1309 1037 1421 1091 suis
1461 1037 1616 1102 dicit,
1647 1044 1708 1091 ut
1732 1051 1821 1090 as-

229 1142 384 1189 serat
430 1130 725 1187 secundum
771 1119 899 1182 illud
939 1136 1149 1198 tempus
1196 1144 1303 1198 quo
1350 1143 1542 1198 passus
1593 1135 1716 1192 est,
1769 1133 1824 1181 et

229 1227 358 1296 quia
383 1239 482 1294 per
506 1221 688 1277 omnia
718 1219 1080 1274 necessariam
1106 1233 1227 1274 esse
1262 1219 1499 1274 ostendit
1526 1217 1651 1282 illis,
1679 1215 1820 1286 quod

229 1316 523 1373 conveniat
553 1315 606 1368 in
642 1325 927 1367 commune
955 1310 1021 1364 de
1062 1309 1312 1365 omnibus
1339 1308 1648 1363 hominibus
1669 1306 1820 1362 solli-

229 1408 528 1465 citudinem
560 1404 892 1475 impendere,
920 1417 985 1458 eo
1015 1401 1158 1473 quod
1189 1410 1243 1455 et
1267 1402 1410 1455 Deus
1452 1400 1703 1455 omnibus
1727 1414 1820 1452 cu-

229 1514 348 1553 ram
383 1496 622 1552 adhibet.
657 1492 790 1548 Nam
822 1503 877 1548 et
913 1493 1056 1563 quod
1089 1491 1141 1546 in
1168 1507 1454 1546 commune
1479 1491 1548 1545 sit
1576 1490 1818 1546 omnium

231 1590 518 1653 Dominus,
542 1595 596 1643 et
623 1585 766 1657 quod
794 1583 967 1653 majus
991 1593 1092 1649 est,
1122 1583 1214 1655 qui
1251 1593 1307 1638 et
1335 1585 1449 1653 ipse
1475 1582 1722 1638 Christus
1748 1581 1822 1636 si-

230 1683 436 1738 militer
473 1679 724 1735 omnibus
763 1677 1192 1748 appropinquare
1237 1674 1450 1730 videtur
1487 1674 1820 1746 proprietate

231 1785 460 1831 naturte.
499 1771 634 1827 Nam
680 1780 735 1826 et
767 1770 1018 1826 omnibus
1061 1768 1291 1839 praebuit
1337 1766 1684 1830 beneﬁcium,
1721 1781 1821 1835 pro

229 1864 487 1920 omnibus
512 1863 819 1934 passionem
867 1862 1184 1932 suscipiens,
1227 1860 1542 1929 comprobat
1588 1874 1719 1913 vero
1748 1857 1817 1912 il-

1923 693 2051 748 erga
2084 680 2269 732 Deum.
2299 676 2390 732 Sic
2439 679 2654 749 quidem
2685 679 2774 732 ille
2807 679 2897 747 qui
2927 678 3152 732 ﬁrrniter
3188 679 3359 733 credit
3390 678 3504 735 Deo

1925 771 2178 840 quoniam
2209 771 2302 825 dat
2325 771 2480 826 nobis
2507 772 2624 826 sine
2672 770 2870 826 invidia
2902 785 3234 840 quaecunque
3259 772 3502 840 postula-

1875 894 1884 901 -
1923 864 2159 918 verimus
2185 863 2254 918 ab
2307 880 2389 928 eo,
2433 878 2769 934 consequens
2794 874 2878 920 est
2921 872 2974 919 et
3001 873 3060 918 ut
3111 864 3300 934 diligat
3348 863 3500 921 illum

1921 961 2117 1025 utpote
2138 955 2400 1010 bonorum
2425 955 2756 1026 largitorem.
2783 954 3007 1025 (Ῑεααε.)
3027 953 3234 1010 Idcirco
3248 954 3505 1024 quidquid

1921 1045 2200 1101 orantibus
2227 1047 2382 1101 nobis
2407 1047 2679 1111 nolumus,
2712 1054 2769 1100 ut
2794 1047 3153 1117 interrumpat
3202 1048 3502 1103 orationem

1922 1136 1990 1190 de
2023 1136 2200 1205 adytis
2243 1137 2408 1190 nostri
2451 1138 2690 1207 pectoris
2733 1137 3021 1192 excludere
3069 1136 3416 1205 festinemus,
3445 1145 3508 1192 ut

1922 1229 1996 1282 ita
2050 1227 2179 1282 illud
2207 1229 2572 1297 Apostolieum
2600 1229 2866 1299 possimus
2917 1229 3158 1299 implere,
3188 1249 3206 1280 ι
3238 1230 3366 1284 Sine
3418 1230 3504 1284 in-

1924 1318 2264 1373 termissione
2308 1333 2477 1376 orate.
2506 1319 2641 1374 etin
2687 1319 2832 1373 omni
2888 1319 3006 1374 loco
3051 1319 3294 1374 levantes
3339 1334 3504 1390 puras

1921 1425 2114 1465 manus
2164 1413 2280 1466 sine
2333 1413 2412 1466 ira
2449 1422 2503 1468 et
2550 1412 2938 1482 disceptatione
2981 1429 2992 1464 :
3031 1431 3049 1461 ι
3090 1412 3222 1466 alias
3265 1427 3502 1482 namque

1923 1505 2238 1559 mandatum
2270 1505 2413 1560 istud
2438 1504 2696 1576 perﬁcere
2725 1519 2832 1559 non
2863 1503 3182 1567 valebimus,
3211 1503 3311 1556 nisi
3351 1517 3506 1558 mens

1921 1603 2104 1649 nostra
2151 1597 2218 1650 ab
2245 1598 2484 1650 omnium
2530 1596 2781 1652 vitiorum
2829 1594 3114 1664 puriﬁcata
3160 1595 3504 1666 contagione,

1921 1683 2209 1742 virtutibus
2233 1695 2463 1753 tantum,
2501 1697 2560 1741 ut
2596 1687 2932 1740 naturalibus
2953 1686 3110 1740 bonis
3146 1685 3347 1752 dedita,
3385 1685 3503 1758 jugi

1921 1781 2311 1850 omnipotentis
2338 1781 2433 1836 Dei
2456 1779 2906 1849 contemplatione
2929 1786 3205 1848 pascatur.
3224 1777 3348 1832 Haec
3372 1793 3498 1832 cum

1922 1873 2176 1944 puritate,
2205 1872 2248 1926 si
2277 1871 2378 1925 dici
2403 1879 2599 1940 potest,
2632 1885 2790 1926 sensu
2820 1870 3014 1924 mentis
3039 1870 3314 1938 absorpta,
3343 1883 3375 1923 a
3404 1875 3508 1922 ter-

231 1959 321 2013 “Id
379 1959 446 2012 de
480 1965 677 2012 οωίετο
702 1955 866 2010 “iam
911 1962 967 2010 ει
1015 1955 1082 2009 (ιθ
1130 1953 1237 2010 illis
1267 1969 1386 2024 qua?
1433 1953 1727 2008 secundum
1759 1966 1819 2007 se
1849 1949 1894 2010 Β
1924 1981 2052 2021 rene
2067 1965 2171 2020 situ
2191 1964 2257 2018 ad
2273 1964 2569 2034 spiritalem
2593 1972 2756 2034 atque
2777 1963 3070 2034 angelicam
3093 1962 3504 2017 similitudinem

230 2059 382 2106 sunt.

307 2162 326 2192 ε
369 2141 427 2196 In
475 2155 584 2211 quo
607 2139 814 2210 positus
858 2154 1000 2205 sum,
1034 2139 1230 2209 inquit,
1260 2153 1360 2208 ego
1400 2137 1723 2208 przedicator
1765 2144 1820 2192 et

236 2253 254 2285 ι
293 2231 609 2304 Apostolus,
661 2233 942 2288 veritatem
991 2233 1142 2298 dico,
1176 2248 1282 2288 non
1328 2231 1579 2297 mentior,
1633 2231 1822 2286 doctor

237 2346 257 2378 ι
298 2327 566 2398 gentium,
597 2327 650 2380 in
682 2325 785 2381 ﬁde
813 2335 870 2381 et
919 2327 1166 2381 veritate.
1203 2346 1222 2380 ι
1250 2326 1356 2381 Pro
1381 2326 1467 2382 bis
1494 2342 1623 2397 ergo
1649 2336 1703 2381 et
1723 2342 1820 2399 ego

232 2421 562 2475 constitutus
585 2435 700 2488 sum
728 2419 1040 2488 Apostolus,
1067 2427 1126 2474 ut
1155 2427 1211 2474 et
1231 2420 1401 2489 ipsam
1426 2420 1727 2475 doctrinam
1753 2419 1821 2474 ad

232 2511 479 2566 omnium
517 2511 794 2566 hominum
844 2512 1091 2566 notitiam
1139 2511 1400 2578 deferam,
1432 2520 1486 2566 et
1525 2527 1713 2567 omnes
1755 2512 1822 2566 ad

235 2602 403 2655 ﬁdem
433 2599 631 2656 Christi
662 2603 919 2656 accedere
949 2601 1162 2666 faciam,
1191 2617 1288 2672 per
1329 2616 1490 2670 quem
1520 2601 1622 2656 ista
1669 2602 1824 2657 nobis

235 2693 506 2748 retributa
554 2703 699 2758 sunt,
731 2702 788 2748 et
831 2694 1047 2764 quidem
1083 2694 1150 2749 ad
1199 2695 1392 2749 borum
1427 2694 1726 2749 doctrinam
1771 2701 1826 2749 et

235 2785 659 2842 insinuationem
712 2785 950 2856 gentium
986 2794 1202 2840 creatus
1251 2800 1366 2839 sum
1411 2783 1717 2853 Apostolus,
1767 2790 1828 2836 ut

236 2878 407 2943 dicat,
429 2877 670 2933 omnium
699 2878 976 2932 hominum
1001 2878 1091 2947 qui
1111 2877 1164 2931 in
1189 2878 1334 2933 omni
1368 2877 1486 2932 loco
1515 2885 1658 2932 sunt.
1683 2876 1828 2931 Bene

237 2985 373 3041 ergo
397 2970 718 3041 interposuit
751 2971 952 3036 dicens,
991 2989 1009 3020 ‹
1047 2971 1328 3025 veritatem
1360 2970 1500 3034 dico,
1535 2985 1637 3023 non
1677 2984 1827 3024 men-

239 3066 372 3129 tior,
408 3085 424 3116 ι
455 3065 528 3119 ita
567 3073 621 3118 et
647 3063 1110 3119 conﬁrmationem
1154 3078 1306 3118 suam
1336 3063 1482 3118 credi
1517 3061 1736 3124 faceret,
1772 3061 1826 3116 id

239 3156 388 3228 quod
417 3156 648 3213 dicebat.
679 3155 815 3210 Nam
843 3155 984 3225 quod
1007 3154 1141 3209 dixit
1174 3173 1192 3206 ι
1228 3154 1283 3208 in
1309 3153 1412 3209 ﬁde
1442 3164 1498 3208 et
1521 3153 1770 3217 veritate,
1801 3171 1821 3208 ι

237 3262 300 3306 ιιι
339 3252 487 3306 dicat
510 3251 762 3321 quoniam
815 3265 918 3322 pro
940 3249 1026 3304 his
1068 3249 1390 3304 constitutus
1426 3262 1542 3304 sum
1573 3249 1828 3320 magister

239 3345 510 3418 gentium,
537 3346 609 3400 ita
655 3353 713 3399 ιιι
746 3355 801 3399 et
845 3345 1001 3398 ﬁdem
1052 3358 1154 3401 eos,
1171 3344 1393 3399 doceam
1431 3351 1485 3397 et
1513 3342 1823 3405 veritatem,

240 3437 433 3507 sicque
459 3450 556 3506 per
583 3435 763 3490 omnia
793 3435 1169 3505 comprobans,
1193 3433 1337 3503 quod
1359 3432 1667 3488 necessario
1695 3446 1826 3487 con-

238 3526 426 3580 veniat
462 3525 570 3581 illis
601 3527 656 3581 in
678 3526 910 3596 idipsum
938 3523 1274 3580 venientibus
1317 3539 1417 3595 pro
1454 3523 1704 3578 omnibus
1745 3521 1827 3577 fa-

240 3631 370 3671 cere
422 3617 723 3672 orationem
760 3632 1119 3681 communem,
1170 3616 1419 3670 omnibus
1465 3615 1827 3686 provisionem

241 3710 314 3764 ad
355 3709 763 3764 similitudinem
789 3709 885 3764 Dei
924 3707 1264 3772 facientibus,
1303 3707 1493 3778 incipit
1538 3706 1602 3760 de
1633 3713 1830 3784 caetero

240 3802 548 3871 disputare,
591 3801 750 3872 quale
773 3817 960 3857 eorum
987 3801 1098 3855 vult
1122 3814 1244 3855 esse
1273 3799 1597 3864 institutum,
1627 3799 1830 3853 discer-

239 3911 382 3950 nens
410 3911 506 3950 eos
546 3895 839 3950 secundum
870 3910 1078 3960 sexum,
1117 3893 1170 3948 in
1217 3908 1375 3963 quem
1413 3893 1557 3946 viros
1585 3892 1830 3946 dividens

239 3997 298 4042 et
322 3988 600 4055 mulieres,
629 3997 684 4043 et
719 3988 956 4058 primum
998 3987 1212 4058 quidem
1243 3987 1533 4042 secundum
1586 3986 1829 4040 ordinem

239 4082 632 4137 convenienter
662 4082 725 4136 de
748 4082 878 4137 viris
902 4082 1165 4153 loquitur,
1192 4097 1409 4137 causam
1441 4082 1718 4152 explicans
1760 4080 1830 4135 ob

240 4189 412 4243 quam
438 4173 695 4228 discrevit
733 4188 828 4228 eos
868 4181 924 4229 et
963 4175 1180 4244 quidem
1207 4189 1522 4229 communes
1552 4173 1656 4227 illis
1687 4173 1830 4243 leges

241 4265 509 4318 virtutum
544 4272 781 4319 statuere
811 4263 1173 4330 annitescens,
1215 4263 1354 4319 sicut
1389 4278 1455 4318 ex
1498 4261 1831 4332 subiectione

239 4357 549 4428 poterimus
579 4355 632 4410 id
661 4355 854 4412 melius
873 4357 1102 4412 discere.

322 4469 340 4500 ι
387 4446 522 4502 Volo
554 4461 684 4520 ergo
712 4448 858 4504 viros
897 4462 1054 4503 orare
1079 4449 1134 4504 in
1157 4449 1303 4505 omni
1323 4448 1442 4504 loco
1465 4449 1710 4503 levantes
1730 4463 1830 4518 pu-

248 4563 268 4593 ι
317 4557 412 4595 ras
457 4557 680 4606 manus,
729 4559 748 4592 ι
800 4541 914 4595 sive
959 4541 1253 4595 secundum
1304 4540 1461 4594 aliam
1505 4540 1827 4604 editionem,

249 4653 268 4683 ι
317 4631 643 4688 extollentes
689 4647 882 4686 manus
915 4641 1152 4696 sanctas,
1181 4631 1296 4686 sine
1341 4632 1418 4686 ira
1467 4639 1520 4684 et
1567 4631 1831 4700 discepta-
1857 4671 1908 4730 Β

246 4725 420 4779 tione.
467 4743 487 4775 ι
529 4721 662 4777 Nam
689 4723 834 4794 quod
861 4723 1015 4788 dixit,
1049 4741 1068 4773 ‹
1116 4722 1168 4776 in
1195 4721 1342 4777 omni
1365 4721 1501 4786 loco,
1551 4740 1568 4770 ι
1598 4719 1827 4774 redden-

247 4820 384 4873 dum
411 4824 498 4872 est
547 4815 623 4871 illi
651 4815 815 4880 dicto,
841 4815 986 4886 quod
1020 4814 1156 4869 dixit
1192 4833 1211 4865 ι
1255 4812 1573 4868 extollentes
1615 4818 1832 4865 sanctas

249 4923 451 4965 manus
481 4925 496 4962 :
535 4926 554 4959 ι
599 4907 702 4962 hoc
726 4907 868 4962 enim
899 4907 1048 4971 dicit,
1075 4905 1328 4976 quoniam
1353 4903 1476 4959 volo
1500 4917 1688 4958 eorum
1726 4902 1832 4956 tale

251 5015 376 5056 esse
412 4999 739 5066 institutum,
764 5000 838 5054 ita
861 5007 920 5054 ut
952 5014 1162 5069 semper
1184 5007 1400 5055 orantes
1428 4998 1482 5053 in
1511 5012 1832 5068 quocunque

251 5096 378 5148 loco
432 5092 732 5148 orationem
784 5091 961 5147 facere
1003 5089 1269 5158 videntur,
1294 5100 1510 5146 sanctas
1565 5089 1632 5144 ad
1664 5090 1834 5144 Deum

251 5185 761 5242 extollant-manus.
788 5182 924 5238 Nam
950 5190 1164 5238 sanctas
1183 5198 1374 5238 manus
1400 5182 1466 5237 ab
1492 5180 1716 5235 arbitrio
1728 5179 1840 5234 evi-

257 5280 396 5336 dens
425 5289 514 5335 est
557 5293 681 5334 eum
706 5277 930 5344 dixisse,
958 5275 1099 5332 unde
1118 5285 1172 5332 et
1191 5277 1550 5348 interpretans
1575 5275 1838 5345 quemad-

255 5369 486 5425 modum
529 5368 773 5424 extensio
799 5381 1056 5422 manuum
1105 5367 1276 5436 possit
1297 5381 1419 5421 esse
1467 5375 1676 5429 sancta,
1713 5363 1845 5433 adji-

257 5463 360 5527 cit,
385 5470 610 5533 exeepta
641 5462 721 5516 ira
750 5468 806 5516 et
847 5457 1267 5529 disceptatione,
1307 5457 1683 5526 compendiose
1720 5471 1845 5526 per-

259 5553 468 5611 fectam
516 5555 574 5611 in
614 5554 700 5611 his
744 5553 932 5610 deﬁnit
967 5552 1239 5607 virtutem.
1298 5548 1434 5604 Nam
1489 5551 1633 5619 quod
1681 5550 1837 5615 dixit,

259 5657 495 5718 excepta
529 5648 625 5712 ira,
650 5648 752 5704 hoc
796 5655 902 5713 est,
930 5645 1201 5701 neminem
1244 5642 1513 5698 hominem
1551 5643 1796 5698 odientes
1826 5663 1838 5698 :

262 5739 412 5810 quod
440 5746 620 5794 autem
648 5737 784 5794 dixit
831 5755 851 5789 ι
897 5734 1307 5806 disceptatione,
1350 5752 1368 5785 ι
1411 5740 1474 5787 ιιι
1514 5733 1678 5799 dicat,
1703 5733 1844 5788 ﬁdeli

263 5839 453 5889 mente
503 5831 725 5887 minime
768 5829 1076 5886 dubitantes
1122 5826 1210 5881 illa
1236 5825 1480 5894 accipere
1509 5839 1628 5894 quae
1657 5831 1843 5895 postu-

265 5925 426 6000 Iant,
473 5940 539 5984 ex
593 5923 762 5981 altero
809 5921 952 5989 enim
991 5919 1310 5980 charitatem
1339 5931 1458 5997 quae
1501 5929 1630 5986 erga
1656 5915 1841 5988 proxi-

1918 2058 2262 2120 relormatur,
2293 2054 2546 2125 quidquid
2579 2055 2818 2110 inserere
2843 2054 3088 2124 cmperit,
3115 2052 3371 2122 quidquid
3402 2061 3512 2107 tra-

1919 2147 2165 2210 ctaverit,
2192 2145 2448 2216 quidquid
2499 2145 2653 2213 gerit.
2702 2144 2989 2214 purissima
3043 2151 3202 2213 atque
3248 2143 3504 2198 sinceris-

1921 2236 2054 2290 sima
2107 2235 2213 2289 erit
2257 2234 2450 2288 oratio.
2501 2232 2704 2289 Deinde
2737 2234 2920 2288 dicens
2943 2234 3009 2287 de
3037 2232 3350 2288 mulieribus
3371 2231 3504 2302 adji-

1921 2331 2012 2386 cit.
2053 2348 2071 2380 ι
2119 2329 2378 2384 Similiter
2403 2338 2581 2384 autem
2620 2340 2674 2383 et
2709 2329 2985 2384 mulieres.
3034 2348 3052 2379 ι
3120 2328 3320 2400 (Αιηὸ.)
3350 2327 3496 2381 Bene

1923 2428 2102 2475 autem
2128 2421 2262 2474 dixit
2287 2440 2306 2472 ‹
2351 2421 2668 2485 similiter,»
2711 2421 3004 2476 ostendens
3023 2420 3276 2490 quoniam
3303 2419 3501 2474 discre-

1922 2512 1998 2566 vit
2039 2528 2131 2566 eas
2161 2527 2266 2566 non
2296 2513 2400 2566 hac
2430 2512 2656 2567 ratione.
2711 2511 2847 2565 Nam
2892 2510 2996 2566 ista
3045 2511 3295 2566 similiter
3327 2518 3380 2564 ct
3427 2499 3506 2563 vi-

1925 2605 2002 2659 ris
2034 2603 2225 2658 adesse
2269 2613 2325 2656 et
2378 2602 2694 2657 mulieribus
2743 2602 2911 2672 cupit,
2942 2601 3035 2656 sed
3091 2609 3146 2655 et
3184 2608 3502 2654 caaterorum

1927 2705 2146 2752 causam
2173 2695 2240 2750 de
2278 2695 2472 2764 quibus
2502 2695 2583 2749 vel
2641 2694 2873 2749 maxime
2918 2693 3208 2749 exhortare
3256 2691 3510 2746 mulieres

1928 2789 2237 2844 necessario
2262 2787 2564 2842 videbatur.
2603 2788 2753 2843 Unde
2789 2797 2843 2841 et
2877 2787 3062 2855 adjicit
3093 2807 3104 2840 :
3143 2805 3161 2836 ‹
3207 2785 3265 2840 1η
3294 2787 3505 2851 habitu,

1928 2889 2120 2936 ornatu
2153 2896 2276 2935 cum
2330 2880 2655 2935 verecundia
2712 2888 2767 2933 et
2814 2879 3089 2948 pudicitia.
3135 2897 3152 2928 ι
3193 2876 3400 2932 Ornare
3451 2893 3509 2933 se

1931 2978 2076 3049 ipsas
2099 2993 2206 3031 non
2235 2976 2445 3032 inﬂexis
2468 2977 2708 3032 crinibus
2737 2992 2870 3032 auro
2917 2986 3008 3030 aut
3056 2975 3385 3046 margaritis,
3414 2981 3507 3025 aut

1931 3080 2079 3126 veste
2101 3070 2354 3140 pretiosa,
2383 3071 2496 3135 sed,
2511 3071 2650 3141 quod
2673 3071 2825 3124 decet
2850 3069 3168 3125 mulieribus
3187 3069 3505 3140 promitten-

1933 3162 2076 3216 tibus
2128 3159 2295 3216 Deum
2319 3161 2496 3217 colere
2521 3178 2618 3232 per
2636 3178 2797 3233 opera
2825 3162 2983 3217 bona.
3014 3161 3119 3215 Per
3171 3160 3350 3216 omnia
3396 3160 3508 3214 haec

1931 3251 2047 3307 vult
2076 3252 2276 3315 dicere,
2299 3253 2552 3322 quoniam
2577 3254 2831 3308 convenit
2884 3263 2938 3308 et
2988 3253 3239 3307 mulieres
3295 3250 3507 3306 illorum
3580 3283 3588 3290 -

1930 3343 2170 3414 ipsorum
2229 3342 2560 3413 diligentiam
2618 3344 2818 3398 habere
2868 3343 3132 3398 dicentem
3177 3341 3515 3404 mulieribus,

1931 3449 2051 3504 qua:
2094 3433 2266 3489 Deum
2313 3435 2490 3490 colere
2536 3436 2800 3500 nituntur,
2858 3435 2930 3489 ita
2977 3443 3036 3488 ut
3066 3435 3119 3490 in
3171 3435 3285 3504 ipsa
3333 3434 3512 3504 specie

1929 3525 2404 3592 vestimentorum,
2429 3535 2484 3581 et
2513 3527 2890 3582 verecundiam
2923 3536 2979 3581 et
3009 3525 3323 3597 pudicitiam
3353 3523 3514 3579 simul

1931 3615 2238 3670 ostendant.
2272 3617 2385 3672 Hoc
2416 3617 2558 3672 enim
2599 3617 2748 3681 dicit,
2786 3635 2804 3666 ι
2842 3616 2894 3670 in
2926 3616 3132 3683 habitu,
3163 3625 3357 3671 ornatu
3389 3631 3512 3671 cum

1932 3707 2254 3762 verecundia
2283 3715 2338 3760 et
2373 3708 2682 3763 sobrietate.
2733 3727 2750 3758 ι
2795 3708 2913 3763 Νοιι
2968 3707 3069 3764 sibi
3099 3723 3127 3762 a
3173 3709 3306 3764 l'oris
3353 3723 3514 3763 orna-

1931 3805 2173 3852 mentum
2228 3797 2508 3868 imponere
2560 3807 2868 3869 properent,
2900 3799 2976 3854 ita
3005 3809 3062 3853 ut
3087 3799 3223 3854 solet
3276 3798 3416 3864 ﬁeri,
3444 3814 3512 3855 ex

1931 3902 2065 3943 auro
2113 3896 2207 3942 aut
2263 3889 2594 3957 margaritis,
2648 3897 2740 3942 aut
2787 3887 2925 3944 ﬂexu
2979 3889 3228 3955 crinium,
3260 3898 3352 3944 aut
3398 3905 3520 3960 pre-

1933 3979 2070 4033 tiosa
2119 3985 2287 4032 veste.
2349 3977 2614 4044 Quoniam
2671 3987 2872 4042 autem,
2899 3995 3061 4048 super
3111 3980 3211 4034 hoc
3263 3995 3514 4035 necessa-

1930 4072 2074 4127 rium
2135 4079 2256 4126 erat
2299 4071 2574 4125 exhortari
2628 4071 2882 4127 mulieres
2936 4071 3108 4142 magis
3164 4087 3326 4141 quam
3369 4071 3518 4126 viros

1931 4162 2155 4217 evidens
2205 4169 2306 4217 est.
2341 4160 2472 4216 Nam
2517 4161 2658 4232 quod
2709 4162 2846 4216 dixit
2895 4178 2992 4234 per
3032 4177 3194 4232 opera
3225 4163 3282 4218 in
3336 4162 3518 4232 operi-

1929 4254 2032 4309 bus
2060 4253 2238 4319 bonis,
2267 4253 2406 4308 bona
2434 4253 2509 4308 illi
2538 4253 2656 4308 loco
2684 4253 2918 4308 reddidit
2961 4253 3104 4323 quod
3129 4253 3285 4319 dixit,
3315 4268 3514 4308 ornare

1932 4347 2158 4418 seipsas,
2191 4355 2245 4402 et
2293 4347 2364 4401 sit
2407 4347 2633 4412 dictum,
2660 4362 2764 4402 non
2810 4345 2915 4401 illis
2961 4362 3018 4401 se
3067 4347 3265 4401 debere
3303 4344 3510 4409 ornari,

1931 4453 2051 4509 qua:
2102 4437 2349 4506 superius
2401 4445 2528 4491 sunt
2577 4445 2915 4502 memorata,
2959 4436 3052 4491 sed
3109 4435 3270 4489 bonis
3331 4433 3509 4502 operi-

1930 4531 2054 4594 bus,
2099 4528 2242 4599 quod
2291 4536 2670 4582 ornamentum
2694 4529 2892 4582 decens
2942 4535 3025 4580 est
3054 4524 3160 4579 illis
3211 4525 3302 4594 qui
3340 4522 3510 4576 Deum

1933 4621 2111 4677 colere
2163 4634 2222 4673 se
2273 4619 2633 4689 promittunt,
2679 4619 2814 4672 bene
2867 4615 2942 4670 illi
3001 4621 3320 4669 ornamento
3378 4611 3518 4666 bona

1933 4726 2097 4781 opera
2122 4709 2474 4772 contrasistit,
2511 4709 2790 4762 evidenter
2827 4706 3053 4760 multam
3080 4703 3335 4759 habentia
3357 4699 3512 4757 δισθ-

1935 4804 2165 4860 rentiam
2189 4803 2255 4856 ad
2285 4801 2373 4856 illa
2395 4807 2716 4855 ornamenta
2743 4817 2756 4852 :
2786 4796 3049 4867 siquidem
3081 4795 3171 4850 illa
3193 4801 3513 4850 ornamenta

1934 4893 2330 4964 vituperatione
2343 4891 2515 4963 magis
2538 4891 2694 4960 digna
2721 4898 2869 4952 sunt,
2883 4888 2986 4944 hoc
2999 4903 3126 4942 vero
3138 4892 3519 4941 ornamentum

1937 4987 2245 5044 necessario
2273 4985 2488 5040 laudem
2516 4982 2766 5053 acquirit.
2794 4979 3180 5037 Intendendum
3209 4987 3294 5035 est
3338 4984 3519 5033 autem

1939 5080 1992 5135 in
2039 5077 2281 5150 Apostoli
2325 5076 2687 5139 sermonibus,
2713 5073 2967 5144 quoniam
3026 5073 3082 5128 in
3121 5070 3520 5127 abdicationem

1939 5169 2357 5234 contrariorum,
2389 5166 2518 5222 illud
2565 5165 2708 5236 quod
2736 5164 2971 5220 deterius
2998 5170 3117 5218 erat
3143 5163 3378 5233 primum
3427 5173 3526 5232 po-

1942 5262 2050 5317 suit
2079 5261 2287 5315 dicens.
2330 5278 2347 5308 (
2392 5257 2510 5312 Non
2533 5257 2587 5311 in
2617 5256 2776 5310 tortis
2797 5255 2881 5309 vel
2904 5253 3074 5324 plexis
3102 5253 3363 5315 crinibus,
3411 5268 3432 5303 ι
3467 5256 3528 5304 et

1943 5363 2074 5409 tunc
2105 5351 2300 5422 adjecit
2325 5359 2544 5416 caetera,
2575 5349 2779 5404 dicens.
2825 5366 2843 5400 ι
2887 5346 3035 5402 Auro
3059 5353 3114 5400 et
3157 5350 3381 5415 argento
3427 5346 3522 5394 aut

1947 5445 2256 5517 margaritis
2284 5452 2377 5499 aut
2409 5451 2559 5498 veste
2585 5442 2842 5514 pretiosa.
2888 5459 2906 5492 ι
2950 5439 3063 5495 Hoc
3097 5446 3277 5493 autem
3307 5448 3364 5490 et
3398 5451 3522 5506 pro-

1949 5550 2070 5612 pter
2115 5538 2583 5595 ineonvenientem
2610 5536 2902 5591 vanitatem
2936 5534 3142 5589 interea
3171 5531 3351 5587 evenit
3381 5530 3521 5597 ﬁeri,

1950 5635 2079 5690 illud
2122 5649 2248 5689 vero
2280 5640 2497 5703 propter
2526 5630 2699 5686 solum
2723 5637 2989 5684 ornatum.
3018 5627 3213 5682 Dicens
3235 5637 3366 5679 vero
3395 5622 3523 5680 hoc.

1950 5729 2092 5800 quod
2113 5727 2195 5781 vel
2225 5726 2458 5781 maxime
2483 5709 2698 5796 proprie
2737 5723 2806 5777 ad
2834 5719 3260 5776 exhortationem
3284 5714 3524 5770 mulieri-

1950 5822 2052 5878 bus
2073 5819 2344 5892 pertinere
2372 5818 2734 5882 existimabat,
2757 5814 2940 5882 adjicit
2963 5821 3019 5868 et
3051 5811 3215 5876 aliud,
3239 5808 3382 5879 quod
3416 5806 3520 5862 illis

1950 5913 2167 5988 quidem
2194 5918 2406 5982 poterat
2429 5905 2773 5972 dicere,viris
2795 5913 2972 5959 autem
2995 5913 3332 5982 nequaquam
3351 5899 3418 5955 ad
3429 5913 3493 5974 ea
3513 5933 3520 5940 -
