3992 6338
547 484 654 544 595

1193 480 1255 535 Β.
1296 479 1549 536 RABANI
1590 478 1803 536 MAURI
1835 478 2155 537 ARCHIEP.
2198 472 2509 569 IlOGUPiT.
2549 472 2837 537 OPERUM
2874 476 3053 536 PARS
3085 478 3172 535 111.
3653 489 3731 548 595

548 616 673 657 rum
696 597 1122 656 similitudinem.
1153 619 1171 650 ι
1206 596 1395 655 Mulier
1424 599 1478 654 in
1508 594 1721 652 silentio
1771 592 1945 653 discat
1998 613 2123 652 cum
2151 599 2199 658 Α
2227 596 2435 667 picnda:
2461 606 2608 663 sunt,
2642 597 2783 652 sicut
2809 602 2865 651 et
2895 595 3017 661 viri,
3039 595 3093 651 in
3120 595 3393 650 communi
3419 610 3538 653 vero
3560 615 3734 674 congre-

553 688 699 745 omni
729 688 1083 761 subiectione,
1115 708 1133 741 ι
1160 695 1214 743 et
1237 687 1537 743 evidentius
1560 686 1762 741 dictum
1787 702 1943 742 suum
1963 686 2131 742 inter-

551 786 772 851 pretans
798 779 998 849 adjicit.
1034 798 1051 831 ι
1080 777 1351 834 Mulierem
1397 789 1576 833 autem
1617 775 1813 832 docere
1862 792 1969 832 non
2011 788 2133 847 per-

554 874 733 939 mitto,
761 888 933 944 neque
967 872 1232 929 dominari
1268 887 1429 942 super
1452 870 1623 926 virum
1678 886 1855 937 suum,
1884 872 1977 926 sed
2014 885 2134 925 esse

556 964 612 1018 in
641 964 874 1020 silentio.
920 984 938 1015 ο
972 963 1204 1019 Evidens
1234 972 1341 1030 est,
1371 962 1621 1033 quoniam
1648 962 1750 1018 hoc
1771 962 1835 1018 de
1873 968 2016 1017 statu
2044 962 2133 1017 illo

557 1056 762 1126 adjicit,
800 1072 891 1126 qm
923 1057 974 1110 in
997 1070 1282 1111 commune
1315 1054 1492 1121 fiebat,
1524 1069 1588 1110 eo
1618 1055 1758 1124 quod
1804 1070 1910 1109 non
1939 1070 2135 1111 conve-

556 1147 673 1202 niat
699 1163 801 1203 eas.
820 1147 873 1201 in
887 1146 1128 1202 Ecclesia
1148 1146 1361 1202 docere.
1392 1144 1702 1202 Necessaria
1719 1157 1894 1201 autem
1912 1150 2030 1201 erat
2045 1145 2135 1201 illo

559 1236 615 1292 in
633 1237 1183 1308 temporehujusmodi
1201 1239 1508 1308 prteceptio,
1535 1239 1748 1310 quando
1764 1246 1818 1295 et
1840 1238 2135 1311 prophetite

558 1328 738 1383 divina
755 1330 927 1399 gratia
943 1329 1117 1399 digna:
1131 1330 1591 1395 ekistimabantur,
1609 1346 1675 1386 ex
1690 1330 1884 1401 quibus
1900 1347 2003 1385 non
2022 1347 2109 1385 mo

560 1422 732 1477 dicam
746 1418 960 1477 dicendi
982 1421 1231 1476 ﬁduciam
1254 1420 1309 1477 in
1333 1437 1619 1478 commune
1639 1423 1860 1494 assequi
1880 1421 2136 1479 videban-

560 1518 664 1566 tur.
683 1510 837 1567 Unde
847 1519 902 1567 et
915 1512 1322 1567 instruebantur
1338 1512 1664 1577 necessario,
1680 1522 1858 1568 utnon
1872 1514 1938 1569 ad
1955 1514 2136 1569 detur-

555 1603 826 1659 batiunem
858 1600 1112 1659 Ecclesiae
1159 1604 1383 1675 spiritali
1415 1605 1588 1674 gratia
1612 1603 1986 1671 abuterentur,
2017 1620 2137 1676 quae

559 1691 701 1747 infra
736 1693 1059 1750 domesticos
1089 1682 1313 1765 parietis
1342 1693 1470 1749 illud
1500 1694 1787 1750 ostendere
1815 1694 1883 1751 ad
1905 1695 2135 1751 aliorum

558 1778 842 1839 utilitatem
868 1782 1151 1840 debebant.
1192 1784 1269 1840 De
1319 1785 1614 1868 domestica
1659 1787 1803 1843 enim
1851 1801 2138 1843 conversa-

2234 688 2449 759 gatione
2495 686 2850 758 posteriorem
2899 694 2991 740 eas
3034 690 3247 759 oportet
3297 682 3465 740 locum
3512 695 3735 758 tenerc,et

2234 778 2376 849 quod
2408 778 2479 833 ita
2503 777 2693 833 debeat
2717 774 2833 830 ﬁeri
2858 790 2925 831 ex
2954 772 3134 833 multis
3159 772 3215 828 id
3242 775 3466 847 negotiis
3484 781 3736 848 comproba.

2235 871 2329 935 vit,
2354 871 2538 942 sicque
2563 886 2725 925 sexus
2744 866 3042 925 Ecclesiam
3064 864 3329 933 dividens,
3356 876 3648 925 memoratus
3659 880 3736 941 est,

2234 978 2478 1020 seorsum
2510 961 2729 1035 quidem
2753 960 3019 1027 virorum,
3059 968 3303 1015 seorsum
3332 971 3457 1013 vero
3494 959 3734 1018 mulierum.

2236 1050 2339 1113 Ubi
2366 1054 2513 1109 visus
2539 1061 2623 1108 est
2646 1049 2917 1107 communi
2943 1049 3323 1105 exhortatione
3344 1047 3497 1103 etiam
3516 1064 3571 1104 ea
3589 1049 3739 1109 dixisse

2235 1162 2356 1220 quae
2392 1142 2610 1218 proprie
2640 1140 2962 1199 mulieribus
2981 1140 3154 1211 aptari
3178 1145 3416 1210 possent,
3453 1138 3614 1210 sicque
3632 1154 3738 1195 com-

2235 1239 2385 1296 muni
2405 1234 3229 1309 exliortationecomprehendit
3271 1248 3471 1298 omnes,
3499 1233 3577 1305 qui
3601 1234 3652 1288 ad
3670 1233 3738 1289 Ec.

2236 1332 2456 1389 clesiam
2482 1331 2776 1405 pertinent,
2799 1330 2889 1401 qui
2921 1329 3064 1387 enim
3110 1330 3351 1385 virorum
3383 1336 3739 1386 memoratusest

2235 1432 2291 1479 et
2316 1422 2621 1490 mulierum,
2647 1423 2868 1478 evidens
2904 1432 2992 1478 est
3021 1420 3277 1495 quoniam
3302 1435 3483 1477 omnes
3501 1421 3550 1476 in
3569 1416 3740 1492 idipsum

2236 1518 2520 1575 conclusit.
2549 1517 2755 1573 Exinde
2780 1532 2910 1573 vero
2935 1515 3113 1589 pergit
3138 1512 3207 1570 ad
3228 1512 3470 1571 ordinum
3497 1513 3738 1579 divisiones,

2235 1610 2385 1681 quia,
2419 1617 2477 1664 ut
2503 1609 2634 1675 dixi,
2665 1608 2936 1665 communi
2964 1607 3150 1663 omnia
3200 1607 3437 1679 disputat
3478 1604 3685 1669 utilitate,
3705 1612 3741 1659 ct

2237 1701 2480 1757 ordinem
2506 1702 2767 1770 ipsorum
2793 1700 3088 1756 secundum
3124 1699 3440 1755 divisionem
3489 1704 3742 1752 memoratus

2238 1800 2342 1859 est,
2372 1792 2670 1848 ostendens
2710 1791 2836 1862 quia
2862 1791 3108 1862 quzedam
3141 1799 3291 1857 sunt,
3321 1804 3437 1861 qua:
3478 1782 3603 1844 hunc
3633 1802 3741 1859 agere

559 1876 703 1933 tione
759 1893 945 1934 eorum
994 1879 1111 1935 haec
1146 1884 1386 1936 statuere
1433 1896 1773 1954 nequaquam
1824 1881 2139 1953 patiebatur
2241 1883 2494 1951 deceant,
2524 1898 2643 1955 quae
2675 1898 2801 1939 vero
2842 1876 3113 1948 illum,lta
3173 1891 3235 1938 ut
3290 1879 3421 1937 nihil
3472 1880 3620 1936 minus
3660 1894 3742 1935 esse

556 1968 773 2037 Paulus,
804 1986 980 2043 neque
1012 1972 1228 2027 vetabat
1275 1972 1545 2037 mulieres,
1586 1981 1644 2028 ut
1674 1973 1866 2045 impios
1915 1972 2138 2028 maritos
2165 1956 2215 2027 Β
2242 1975 2489 2031 videatur
2514 1991 2583 2032 ex
2636 1974 2742 2031 illis
2782 1990 2902 2046 quae
2950 1991 3049 2047 pro
3099 1972 3375 2031 communi
3426 1972 3626 2028 utilitate
3661 1970 3742 2025 ﬁeri

557 2078 685 2118 suos
731 2064 799 2120 ad
845 2065 1101 2135 pietatem
1150 2064 1234 2120 vel
1265 2064 1573 2133 invitarent,
1604 2064 1685 2122 vel
1740 2067 2015 2131 docerent,
2050 2072 2145 2123 aut

555 2155 675 2224 pios
701 2156 1147 2214 inconvenienter
1166 2171 1546 2215 conversantes
1570 2159 1636 2213 ad
1658 2175 1822 2231 opera
1847 2159 2142 2216 invitarent

557 2250 841 2306 virtutum.
876 2249 1012 2306 Nam
1042 2251 1131 2308 ubi
1177 2252 1300 2315 erit,
1329 2252 1472 2325 quod
1520 2252 1722 2307 dictum
1764 2262 1850 2308 est
1881 2271 1894 2305 :
1929 2271 1948 2304 ι
1990 2252 2144 2310 Unde

562 2340 707 2394 enim
721 2340 849 2405 scis,
869 2340 1078 2408 mulier,
1097 2342 1142 2397 si
1158 2342 1331 2397 virum
1346 2342 1552 2398 salvum
1568 2341 1770 2398 facias?
1785 2341 1839 2413 (1
1852 2340 2103 2415 Cor.vn).
2117 2363 2135 2397 ι

564 2430 706 2485 Dicit
751 2446 881 2502 ergo
931 2430 1019 2486 illa
1070 2432 1139 2488 ob
1188 2449 1551 2499 communem,
1582 2440 1642 2488 ut
1684 2434 1817 2503 dixi,
1841 2442 2138 2491 ornatum:

562 2535 689 2601 nam
714 2523 781 2576 ad
807 2522 1024 2592 plenum
1053 2521 1141 2577 illa
1194 2538 1314 2593 qua:
1363 2524 1417 2578 in
1468 2539 1751 2580 commune
1794 2526 2141 2595 conveniunt,

559 2612 792 2685 plurima
821 2614 874 2668 in
903 2612 1145 2685 epistola:
1170 2623 1325 2686 parte
1374 2616 1521 2671 visus
1550 2623 1635 2670 est
1658 2616 1879 2672 dixisse.
1912 2617 2063 2674 Unde
2088 2624 2144 2674 et

557 2705 775 2775 cepiose
803 2706 1109 2769 ostendens,
1140 2706 1283 2777 quod
1337 2706 1391 2761 in
1421 2706 1690 2763 communi
1727 2708 2144 2781 congregatione

562 2810 671 2851 non
705 2796 894 2852 deceat
922 2796 1178 2855 mulieres
1205 2796 1398 2853 docere
1416 2839 1431 2865 ,
1462 2799 1557 2855 sed
1587 2813 1706 2855 esse
1734 2799 1789 2855 in
1818 2800 2057 2867 silentio,
2086 2808 2142 2857 et

557 2892 787 2964 primam
810 2894 1028 2967 quidem
1054 2895 1425 2966 probationem
1443 2892 1648 2952 facitex
1664 2905 1854 2952 natura
1867 2910 2137 2952 asserens.

568 3003 587 3036 ι
630 2985 802 3041 Adam
836 2986 978 3042 enim
1010 2986 1217 3057 primus
1252 2986 1549 3059 plasmatus
1591 2994 1693 3052 est,
1736 2986 1930 3042 deinde
1961 2986 2091 3041 Eva.
2114 3005 2133 3040 ι

556 3076 756 3152 (Αηιό.)
789 3077 1039 3137 Secundo
1098 3079 1164 3134 de
1186 3078 1291 3135 illis
1314 3094 1434 3150 qua:
1456 3078 1786 3135 acciderant.
1818 3096 1837 3130 ι
1873 3078 1940 3134 Et
1967 3078 2141 3132 Adam

556 3193 667 3234 non
689 3186 774 3235 est
801 3178 1076 3245 seductus,
1090 3178 1285 3233 mulier
1300 3182 1478 3232 autem
1509 3176 1727 3232 seducta
1753 3176 1807 3230 in
1821 3175 2141 3247 praevarica-

558 3268 763 3324 tionem
786 3267 931 3325 facta
947 3276 1050 3323 est.
1078 3267 1145 3322 Et
1160 3266 1376 3339 quidem
1393 3260 1645 3322 seductus
1663 3275 1747 3323 est
1769 3274 1826 3322 et
1856 3266 1961 3321 ille.
1991 3288 2008 3319 ι
2033 3265 2139 3322 Sed

558 3360 837 3433 quoniam‘
860 3359 914 3414 in
969 3373 1255 3415 commune
1303 3358 1627 3429 disputabat,
1655 3358 1990 3424 discernens,
2021 3372 2141 3429 quae

564 3453 780 3522 quidem
807 3467 849 3507 a
868 3452 1183 3508 mulieribus
1223 3451 1447 3508 fuissent
1480 3460 1701 3525 peccata
1735 3451 1995 3518 admissa,
2023 3465 2143 3520 qua:

560 3558 747 3598 veroa
781 3543 936 3609 viris,
980 3542 1119 3599 bene
1150 3542 1298 3598 illum
1345 3543 1561 3615 quidem
1611 3559 1718 3599 non
1766 3540 1933 3599 fuisse
1979 3541 2141 3597 sedu-

558 3645 723 3701 ctum,
756 3637 895 3693 banc
922 3652 1047 3693 vere
1075 3637 1373 3704 seductam,
1401 3652 1468 3693 eo
1501 3635 1643 3709 quod
1682 3634 1824 3691 illius
1875 3632 2144 3691 seductio-

559 3728 644 3785 nis
674 3728 866 3784 mulier
891 3744 1052 3785 causa
1090 3729 1364 3785 exstitisse
1383 3727 1688 3795 videbatur,
1720 3725 1847 3797 quia
1890 3724 1942 3780 in
1997 3722 2142 3781 illam

559 3833 777 3875 causam
803 3829 1017 3876 vertere
1044 3834 1385 3890 nequaquam
1413 3825 1686 3890 poterant,
1716 3824 1772 3872 et
1796 3825 1856 3871 ut
1884 3829 1951 3870 ne
1992 3814 2143 3871 vide-

559 3922 711 3969 retur
736 3913 804 3969 de
829 3928 1029 3984 genere
1053 3913 1337 3969 mulierum
1363 3913 1739 3985 pronuntiare,
1768 3911 1923 3983 quasi
1954 3907 2142 3965 inutile

557 4005 625 4061 ad
672 4004 927 4076 pietatem
977 4006 1102 4076 quia
1156 4007 1296 4063 ritus
1324 4006 1413 4062 ille
1466 4017 1520 4061 et
1561 4006 1652 4077 jus
1684 4005 1737 4062 in
1765 4004 1911 4060 omni
1939 4018 2142 4076 genere

557 4097 843 4153 mulierum
895 4097 1168 4168 pertinere
1216 4098 1451 4154 videtur.
1500 4096 1733 4154 Seducta
1795 4106 1880 4153 est
1932 4095 2056 4162 illa,
2088 4094 2141 4152 id

556 4188 733 4260 ipsum
754 4189 967 4261 justitia
1003 4199 1060 4246 et
1087 4190 1227 4247 ratio
1279 4190 1585 4261 depostulat
1613 4190 1668 4245 in
1693 4190 1944 4247 omnibus
1969 4189 2139 4244 videri

556 4281 891 4338 mulieribus.
914 4301 933 4333 ‹
956 4282 1264 4339 Salvabitur
1292 4292 1471 4338 autem
1500 4299 1598 4353 per
1621 4282 1850 4337 tiliorum
1888 4296 2139 4351 procrea-

557 4371 777 4437 tionem,
810 4373 856 4429 si
882 4375 1139 4429 manserit
1165 4373 1220 4429 in
1248 4374 1372 4439 ﬁde,
1403 4381 1457 4429 et
1486 4373 1776 4437 charitatc,
1798 4382 1856 4429 et
1887 4371 2136 4427 sanctiﬁ-

556 4461 787 4529 catione,
803 4477 926 4517 cum
951 4461 1232 4533 pudicitia.
1254 4480 1272 4511 υ
1293 4460 1399 4516 Sed
1425 4476 1530 4515 non
1546 4461 1698 4531 origo
1710 4469 1793 4516 est
1808 4460 2131 4532 repellenda,

553 4567 654 4623 per
684 4553 917 4609 filiorum
952 4554 1096 4609 enim
1143 4552 1328 4607 dicens
1366 4552 1819 4622 procreationem,
1849 4554 1901 4609 in
1944 4554 2134 4611 subse-

556 4643 847 4713 quentibus
901 4642 954 4697 id
1003 4641 1396 4697 demonstrabit
1438 4642 1795 4708 mulieribus,
1843 4644 2134 4701 ostendens

554 4737 699 4806 quod
742 4734 916 4791 salute
953 4734 1113 4811 digna
1157 4750 1280 4791 esse
1332 4734 1547 4791 videtur
1571 4736 1855 4807 progenies
1899 4752 1997 4808 per
2040 4751 2134 4794 eas

553 4828 810 4883 mulieres
837 4841 957 4896 quae
989 4828 1057 4883 ad
1084 4827 1338 4899 pietatem
1371 4826 1688 4897 respiciunt,
1720 4834 1776 4882 et
1811 4838 2133 4898 permanent

555 4920 611 4975 in
639 4917 743 4973 ﬁde
768 4927 822 4973 et
848 4917 1132 4975 cliaritate.
1165 4916 1275 4977 Nec
1318 4934 1428 4977 non
1475 4926 1532 4975 et
1578 4918 2008 4977 sanctiﬁcatione
2054 4919 2134 4974 vi-

552 5018 745 5065 ventes
771 5024 892 5065 cum
919 5010 1197 5081 pudicitia,
1218 5020 1273 5067 et
1307 5010 1644 5082 diligentiam
1673 5026 1785 5067 sum
1813 5011 2132 5067 alhibentes

552 5100 699 5155 vitae.
728 5098 863 5155 Nam
880 5100 1023 5171 quod
1048 5100 1181 5155 dixit
1203 5122 1221 5151 ‹
1243 5100 2130 5173 salvabiturpertiliormngenera-

552 5192 775 5249 tionem.
824 5213 844 5247 ι
902 5190 1016 5247 Non
1043 5192 1109 5247 de
1138 5193 1246 5249 Eva
1268 5193 1419 5261 dicit,
1450 5195 1543 5251 sed
1565 5193 1632 5250 de
1652 5210 1849 5265 genere
1870 5194 2129 5265 loquitur,

552 5298 620 5337 (ιο
646 5285 789 5355 quod
821 5294 877 5341 et
898 5286 965 5340 de
990 5300 1186 5356 genere
1222 5285 1501 5358 disputans
1529 5285 1597 5343 ad
1644 5302 1904 5359 personas
1950 5301 2133 5342 recur-

554 5373 627 5429 rit
656 5373 828 5430 Adam
853 5383 906 5431 et
931 5374 1079 5440 Evm,
1109 5375 1234 5430 inde
1279 5376 1518 5448 probans
1544 5378 1687 5451 quod
1711 5394 1819 5433 non
1843 5378 2130 5434 conveniat

554 5463 619 5517 ad
648 5460 819 5519 instar
842 5465 1080 5520 virorum
1110 5466 1270 5521 etiam
1299 5468 1398 5523 has
1424 5466 1525 5523 sibi
1554 5477 1732 5525 aetum
1765 5469 1819 5524 in
1845 5484 2130 5524 commune

554 5556 848 5623 vindicare,
885 5564 941 5613 et
978 5569 1046 5611 ne
1096 5556 1360 5612 incusatio
1403 5560 1617 5630 generis
1664 5575 1783 5615 esse
1835 5558 2132 5626 videretur,

553 5646 682 5702 illud
714 5648 858 5720 quod
886 5648 951 5705 de
978 5648 1225 5721 personis
1255 5649 1553 5718 dicebatur,
1580 5650 1715 5708 bene
1758 5652 1996 5709 ostendit
2023 5669 2130 5708 non

549 5752 669 5794 esse
696 5736 962 5809 adjectum
993 5756 1181 5812 genus,
1208 5757 1383 5813 neque
1436 5744 1734 5815 reprobans
1761 5742 1824 5799 ad
1870 5745 2128 5816 pietatem

552 5847 669 5888 esse
698 5833 973 5899 mulieres,
1001 5850 1120 5905 qua:
1143 5836 1331 5891 volunt
1364 5837 1695 5908 diligentiam
1719 5836 1975 5892 adhibere
1999 5853 2129 5893 con-

552 5921 901 5991 venientium,
929 5930 988 5981 ut
1020 5926 1164 5983 dicat
1186 5928 1328 5999 quod
1351 5928 1420 5984 ad
1442 5929 1699 5999 pietatem
1721 5927 1968 5986 similiter
1988 5930 2129 5989 reci-

2243 2067 2460 2125 debent.

2851 2150 3081 2214 CAPUT
3119 2146 3210 2212 ill.

2242 2274 2475 2331 Docctur
2525 2273 2824 2330 Timotheus
2868 2273 3117 2344 ordinare
3170 2272 3365 2344 gradus
3411 2270 3739 2334 Ecclesic,tau

2314 2346 2489 2418 quoad
2520 2344 2806 2418 Episcopo:
2851 2361 3007 2418 quam
3039 2342 3318 2410 diacbnos,
3340 2353 3386 2398 et
3413 2358 3580 2398 uxores
3601 2355 3742 2401 eam,

2313 2414 2628 2488 poniturque
2650 2414 2785 2471 ratio
2804 2414 3203 2488 prwdr'ctarum.

2323 2551 2342 2585 ι
2389 2528 2575 2587 Fidele
2634 2528 2878 2585 verbum.
2925 2547 2944 2581 ι
2990 2526 3197 2600 (Δηώ.)
3253 2518 3432 2583 Simile
3475 2531 3550 2582 est
3595 2529 3738 2579 diCltlI

2246 2623 2387 2697 quod
2428 2623 2482 2678 in
2535 2621 2825 2693 Evangelia
2865 2628 2950 2676 est
2996 2635 3340 2691 expressum,
3386 2638 3404 2671 ‹
3444 2616 3610 2679 Amen,
3635 2626 3742 2669 amen

2245 2718 2367 2777 dico
2397 2714 2570 2781 vobis,
2618 2734 2637 2769 ι
2679 2710 2820 2771 sicut
2847 2711 2992 2769 enim
3043 2710 3176 2767 illud
3218 2709 3550 2767 atiirmatione
3583 2704 3743 2765 dictum,

2244 2818 2298 2867 et
2325 2810 2396 2866 ob
2438 2804 2964 2877 majorem-positum
3014 2802 3357 2865 ﬁrmitatem,
3388 2800 3535 2867 sic,et
3573 2792 3654 2853 hoc
3687 2798 3744 2848 est

2245 2903 2473 2969 dictum,
2502 2908 2563 2956 ut
2599 2900 2743 2957 dicat
2773 2912 2900 2953 vera
2930 2907 3013 2953 est
3042 2905 3097 2952 et
3119 2894 3275 2952 credi
3297 2897 3448 2967 digna
3472 2898 3558 2957 est,
3587 2908 3602 2941 ι
3637 2884 3743 2941 ﬁdele

2243 2992 2489 3058 verbum,
2515 3011 2535 3045 ι
2557 2990 2743 3046 dicens
2763 3006 2776 3044 :
2796 3009 2814 3040 ι
2838 2986 2895 3044 Si
2909 2987 3032 3059 quis
3044 2986 3415 3059 episcopatum
3429 2981 3670 3041 desiderat.
3683 2976 3744 3031 be

2245 3100 2373 3140 num
2390 3099 2525 3155 opus
2539 3081 2831 3138 desiderat.
2856 3101 2875 3133 ι
2896 3079 3041 3136 Bene
3070 3095 3215 3149 opus
3240 3078 3393 3143 dixit.
3405 3084 3457 3132 et
3480 3089 3571 3131 non
3585 3068 3743 3142 dignita-

2248 3184 2374 3232 tem.
2401 3170 2511 3230 Nec
2528 3174 2672 3230 enim
2705 3171 2996 3246 dignitates
3034 3179 3165 3227 sunt
3196 3166 3563 3226 Ecclesiastiea':
3580 3159 3743 3218 functio-

2248 3284 2362 3334 nes,
2380 3268 2475 3325 sed
2493 3283 2651 3343 opus,
2673 3266 2893 3338 ecquod
2907 3267 3332 3337 unumquodque
3365 3262 3538 3325 borum
3549 3274 3628 3332 pro
3648 3269 3744 3312 com»

2246 3360 2394 3417 muni
2427 3369 2510 3417 est
2539 3358 2773 3416 utilitate
2794 3358 3170 3425 constitutum,
3204 3358 3319 3414 sive
3336 3356 3649 3429 episcopatus,
3669 3347 3743 3401 sive

2245 3452 2507 3519 diaeonia,
2524 3451 2637 3507 sive
2653 3448 2853 3522 aliquid
2883 3446 3048 3517 aliud,
3068 3449 3164 3522 qui
3197 3450 3341 3507 enim
3372 3456 3568 3506 creatur
3593 3443 3634 3497 in
3659 3436 3740 3499 hoc,

2244 3545 2464 3600 evidens
2494 3552 2578 3600 est
2610 3543 2866 3599 indicium
2903 3543 3104 3614 operis,
3129 3558 3260 3598 cum
3293 3536 3579 3614 producitur
3601 3533 3642 3588 in
3662 3543 3740 3584 me-

2244 3639 2527 3710 dium,pro
2547 3637 2775 3693 aliorum
2803 3646 2886 3693 est
2907 3636 3236 3693 necessitate
3250 3644 3304 3695 et
3335 3632 3547 3690 utilitate
3572 3622 3740 3683 functio-

2244 3746 2368 3788 nem
2386 3744 2704 3802 assequens.
2726 3726 2927 3803 (Greg.)
2941 3722 3126 3799 Itaque
3137 3726 3429 3801 Apostolus
3442 3720 3632 3778 laudans
3642 3710 3739 3803 desi-

2243 3821 2473 3887 derium,
2510 3818 2563 3875 in
2594 3835 2851 3891 pavorem
2881 3802 3046 3875 vertit
3094 3819 3368 3890 protinus,
3405 3812 3532 3887 quod
3568 3802 3740 3865 laudavit

2243 3929 2364 3969 cum
2384 3920 2604 3985 repente
2621 3910 2913 3984 subjungit.
2938 3931 2956 3965 ‹
2979 3910 3350 3983 Oportetcrgo
3364 3909 3641 3981 Episcopum
3653 3899 3741 3953 irre-

2242 4004 2663 4076 prehensibilem
2716 4018 2857 4059 esse.
2905 4023 2925 4058 ι
2967 4001 3216 4076 Cumque
3244 4003 3492 4059 virtutum
3513 3986 3739 4052 necessaria

2243 4096 2634 4166 subsequenter
2657 4101 2965 4160 enumerat,
2997 4108 3116 4164 quae
3164 4092 3239 4150 sit
3282 4079 3739 4164 irreprcbensibirtlas

2242 4187 2341 4239 ista
2374 4183 2704 4251 manifestat,
2733 4192 2788 4240 et
2830 4183 2976 4240 favet
3013 4198 3142 4255 ergo
3173 4180 3456 4247 desiderio,
3480 4183 3530 4234 et
3552 4174 3737 4230 terretct

2240 4282 2527 4344 prmcepto,
2561 4290 2625 4329 ac
2667 4275 2713 4330 si
2755 4280 2941 4346 aperte
2968 4273 3134 4339 dicat,
3168 4270 3353 4329 Laudo
3378 4264 3511 4342 quod
3546 4256 3737 4335 queritis,

2240 4365 2332 4420 sed
2360 4366 2510 4436 prius
2532 4364 2725 4420 discite
2746 4366 2873 4437 quid
2901 4362 3177 4435 quaeratis,
3203 4382 3292 4430 ne,
3313 4362 3434 4419 dum
3460 4352 3738 4420 vosmetipsos

2242 4454 2419 4512 metiri
2447 4457 2737 4529 negligitis,
2771 4464 2916 4514 tanto
2948 4452 3144 4514 fmdior
3172 4468 3355 4515 vestra
3389 4440 3738 4527 reprehensibiliv

2240 4554 2323 4603 tas
2350 4559 2626 4619 appareat,
2659 4554 2862 4621 quanto
2890 4557 2944 4604 et
2966 4565 2997 4604 a
3019 4551 3231 4607 cunctis
3260 4544 3486 4620 conspici
3509 4544 3553 4597 in
3579 4530 3739 4597 honoris

2240 4654 2364 4695 arce
2397 4636 2682 4695 festinatis.
2720 4639 2943 4713 Magnus
2970 4640 3113 4696 enim
3138 4640 3359 4712 regendi
3390 4634 3564 4692 artifex
3590 4623 3737 4683 favon-

2238 4734 2339 4790 bus
2372 4730 2617 4805 impellit,
2650 4734 2945 4791 terroribus
2996 4735 3254 4801 retrahit,
3290 4742 3346 4788 ut
3375 4726 3617 4789 auditores
3651 4727 3738 4772 Su“

2236 4834 2293 4883 et
2342 4827 2612 4899 descripto
2650 4826 3245 4897 irrepreliensibilitatis
3271 4824 3493 4881 culmine
3520 4812 3738 4879 restringat

2236 4935 2266 4975 a
2288 4918 2560 4992 superbia,
2586 4929 2639 4977 et
2654 4918 2883 4975 cilicium
2908 4916 3193 4985 laudando,
3219 4917 3361 4991 quod
3382 4909 3615 4987 qumritis,
3635 4916 3738 4956 cum-

2238 5020 2405 5085 pouat
2428 5008 2493 5066 ad
2534 5013 2719 5067 vitam.
2753 5010 2950 5084 (Amb.)
2978 5006 3146 5084 Digna
3175 5016 3258 5066 est
3305 5010 3357 5064 iu
3402 5004 3495 5061 hoc
3521 5002 3619 5055 loco
3651 5004 3737 5089 ναξ

2241 5102 2476 5157 videntia
2512 5103 2654 5158 beati
2686 5098 2859 5167 Pauli,
2895 5102 3146 5173 quoniam
3196 5101 3329 5156 dixit
3361 5110 3510 5153 nemo
3547 5095 3735 5151 concul’"

2237 5196 2357 5261 scit,
2389 5203 2545 5251 utne
2581 5194 2687 5249 alia
2744 5192 2951 5250 ratione
3004 5192 3153 5249 oruni
3203 5182 3492 5248 reuerentia
3541 5178 3733 5273 damnati

2239 5303 2431 5344 omnes
2457 5286 2524 5341 ad
2550 5286 2603 5341 id
2626 5302 2850 5342 currere
2878 5287 3207 5341 hortaretur.
3234 5274 3453 5337 Mediam
3480 5286 3590 5330 vero
3604 5266 3735 5322 emisit

2234 5396 2444 5437 vocem.
2478 5399 2497 5433 ί
2531 5378 2588 5434 Si
2610 5379 2732 5451 quis
2752 5378 3119 5451 episcopatum
3141 5374 3426 5437 desiderat,
3451 5368 3622 5423 bonum
3638 5364 3734 5425 0W5

2235 5470 2585 5542 concupiscit.
2635 5490 2654 5524 ›
2701 5468 2886 5527 Solum
2918 5470 3019 5525 hoc
3049 5484 3153 5526 non
3178 5469 3379 5530 dicens,
3409 5454 3628 5535 quoniam
3663 5454 3733 5543 οφ

2236 5562 2630 5617 desiderantem
2663 5577 2770 5618 non
2800 5560 3081 5633 prohibeo.
3116 5559 3247 5615 Nam
3282 5566 3337 5612 et
3358 5552 3594 5626 optimum
3615 5546 3731 5633 allii"

2232 5653 2369 5709 titur
2397 5669 2551 5724 opus,
2579 5652 2671 5725 qui
2717 5632 2821 5709 hoc
2847 5653 3199 5723 concupiscit.
3232 5644 3459 5705 Ostende
3504 5644 3615 5692 vero
3632 5632 3731 5725 αιξξ-

2230 5741 2340 5798 lem
2378 5760 2495 5799 esse
2546 5744 2799 5800 convenit
2836 5743 3010 5809 illum,
3042 5740 3133 5815 qui
3192 5743 3292 5797 ista
3343 5728 3541 5803 assequi
3587 5720 3728 5815 cupi"

2229 5838 2479 5909 protinus
2504 5838 2705 5894 etenim
2734 5847 2790 5894 et
2818 5838 2886 5895 ab
2925 5806 3379 5912 ipso-primordio
3411 5823 3635 5885 sollicitos

2227 5932 2380 5991 ciens
2398 5948 2499 5991 eos
2522 5941 2578 5989 et
2598 5933 2705 5991 hoc
2733 5935 2909 6007 ipsum
2938 5910 3083 6006 quod
3110 5931 3267 6000 dixit,
3293 5920 3529 6005 quoniam
3556 5910 3727 5987 0W“
