3992 6338
264 426 376 484 597
735 393 1287 488 manumanus!
1322 426 1391 489 iN
1427 428 1576 489 ειη).
1617 431 1825 492 rsum
1855 426 1986 491 Lm.
2025 433 2210 493 xxm.
2249 467 2320 479 —
2354 434 2424 494 lN
2462 432 2677 495 EPIST.
2718 438 2738 494 ι
2775 439 2869 497 an
2902 440 3042 498 rm.
3426 448 3531 505 sos

263 534 604 611 concupiscit
628 539 869 595 bonam:
908 540 1091 596 docuit
1117 540 1260 598 enim
1286 556 1381 600 eos
1432 543 1651 627 imerim
1681 543 1843 611 scire,
1872 548 2250 612 Aeveniebat.
2304 548 2455 604 Multi
2502 562 2631 607 vero
2690 566 2856 608 unam
2922 552 3219 627 legitimam
3269 558 3530 616 habentes

261 632 526 706 quoniam
548 646 685 704 opus
710 632 1073 705 episcopatus,
1096 643 1155 691 et
1176 636 1247 690 ad
1277 650 1413 708 cpus
1439 630 1707 707 quoddam
1752 652 1849 694 vo-
1950 652 2197 709 uxorem,
2242 656 2351 698 non
2405 651 2562 697 erant
2607 658 2672 699 ea
2717 644 2958 701 contenti
3005 662 3021 702 :
3064 649 3532 719 permiscebantur

262 728 430 780 catus
468 720 595 793 quia
634 720 702 778 ad
727 720 833 778 hoc
854 732 1102 791 vocatus,
1124 732 1182 780 et
1209 724 1351 795 quod
1372 739 1592 784 necesse
1614 735 1699 783 est
1722 740 1847 785 eum
1946 748 2079 790 vero
2100 743 2154 791 et
2183 734 2327 803 aliis,
2357 737 2471 793 sive
2496 735 2708 793 ancillis
2737 737 2870 803 suis,
2907 738 3022 796 sive
3048 748 3105 794 et
3134 739 3259 797 aliis
3286 742 3529 798 mulieri-

262 828 394 905 cum
419 810 781 905 sollicitudine
828 812 1070 905 implere.
1105 812 1162 871 ln
1200 816 1450 872 timorem
1494 832 1625 874 vero
1653 819 1850 891 redigit
1946 827 2072 895 bus,
2099 829 2346 885 absolute
2375 828 2736 897 lascivientes,
2760 830 2909 901 quod
2926 838 2985 887 et
2998 847 3171 903 usque
3190 833 3258 889 ad
3284 848 3525 905 pmens

258 904 552 994 majorem,
577 916 645 994 ex
671 902 779 961 illis
802 903 961 963 dictis
984 920 1107 979 qua:
1141 909 1561 979 subsequuntur.
1588 909 1667 967 Eo
1703 912 1849 981 Quod
1947 918 2030 986 iit,
2060 922 2151 992 qui
2177 921 2451 993 pudicitiae
2470 920 2800 994 diligentiam
2822 921 3023 977 nullam
3043 902 3231 980 volunt
3245 902 3520 982 adhibere.

258 1002 320 1052 et
347 992 664 1067 singillatim
688 1009 750 1051 ea
777 997 1068 1067 expressit,
1104 996 1384 1054 insinuans
1431 1000 1626 1072 quibus
1673 1003 1846 1058 virtu—
1945 1010 2111 1067 Aiunt
2138 992 2267 1082 ergo
2310 1010 2532 1067 Paulum
2570 992 2623 1067 id
2661 1013 2885 1081 dixisse,
2912 1013 2987 1069 ita
3012 1022 3072 1070 ut
3122 1015 3214 1072 ille
3235 1014 3329 1088 qui
3378 1012 3522 1085 ejus-

258 1088 414 1143 tibus
448 1087 572 1143 vita:
595 1096 821 1144 ornatus
852 1089 1011 1146 debet
1034 1092 1417 1162 concupiscere
1452 1096 1841 1167 episcopatum.
1945 1103 2092 1158 modi
2148 1112 2230 1158 est
2260 1104 2327 1158 ad
2368 1104 2736 1176 episcopatum
2778 1107 3128 1177 producatur,
3158 1087 3267 1178 qui
3298 1122 3525 1164 uxorem

256 1178 381 1235 Hoc
430 1180 577 1269 enim
603 1186 721 1235 erat
767 1180 1018 1247 suadere,
1044 1190 1104 1237 ut
1156 1182 1523 1257 intelligerent
1572 1200 1679 1243 non
1725 1202 1847 1246 esse
1944 1196 2215 1267 accipiens
2244 1197 2437 1269 pudice
2464 1196 2680 1253 vivebat
2730 1213 2854 1254 cum
2879 1214 2962 1265 ea,
2987 1206 3273 1257 contentus
3309 1214 3373 1255 ea
3401 1210 3525 1256 tan-

253 1268 754 1362 concupiscendum
783 1287 799 1326 :
831 1270 1027 1329 debere
1070 1288 1199 1330 vero
1228 1275 1369 1331 scire
1393 1278 1844 1347 quemadmodum
1943 1297 2059 1344 tum
2085 1297 2140 1344 et
2160 1268 2332 1361 usque
2354 1290 2420 1345 ad
2449 1286 2592 1345 illam
2617 1298 2823 1351 nantrze
2850 1298 3027 1347 motus
3068 1291 3139 1348 sit
3184 1291 3323 1362 ejus,
3350 1292 3440 1362 qui
3476 1292 3524 1348 si

252 1360 553 1458 οωνςπίθξ
610 1363 1011 1458 mucupiscerg
1044 1380 1146 1458 ι)το
1189 1366 1307 1438 εἰὶσε
1365 1369 1634 1426 θυοῑτῆιθ·
1703 1370 1845 1440 Quid
1943 1382 2023 1439 sic
2047 1384 2376 1456 vivenspost
2397 1385 2742 1440 amissionem
2766 1388 2954 1458 prima:
2974 1360 3265 1442 secundam
3287 1360 3523 1458 legitime

250 1453 429 1526 ergo?
457 1470 480 1506 ι
515 1450 740 1526 Oportet
766 1462 947 1511 autem
969 1454 1291 1529 EpiscOpum
1315 1458 1825 1531 irmprebensibileu

1943 1477 2218 1547 acceperit
2244 1476 2542 1549 eodemque
2569 1478 2729 1533 modo
2763 1486 2817 1533 et
2843 1490 2965 1533 cum
2994 1478 3082 1533 illa
3111 1479 3295 1534 vivere
3320 1480 3520 1549 persti—

250 1561 401 1602 esse.
439 1565 459 1599 ι
490 1545 725 1603 Evidens
758 1546 1012 1618 quoniam
1052 1548 1583 1621 irreprehensibilem
1630 1553 1841 1621 dicens,

249 1657 361 1697 non
390 1640 461 1697 ad
492 1641 949 1700 calumniatorum
976 1645 1274 1716 respiciens
1299 1646 1651 1704 intentionem
1681 1648 1838 1718 dixit,

1942 1568 2087 1633 terit,
2118 1583 2225 1622 non
2274 1566 2472 1625 debere
2508 1567 2783 1639 prohiberi
2843 1582 2967 1623 eum
3026 1566 3095 1623 ad
3150 1569 3519 1640 episcopatum

1941 1659 2176 1714 transire
2200 1659 2493 1714 secundum
2522 1658 2672 1714 Pauli
2702 1657 3095 1715 diiﬁnitionem.
3127 1658 3242 1715 Hoc
3268 1660 3522 1716 dixerunt

248 1732 347 1790 8Θά
377 1734 447 1789 ad
475 1734 595 1806 ei“!
639 1734 853 1792 inmens
902 1736 1091 1793 Vilam-
1146 1737 1283 1793 Nam
1332 1752 1434 1795 nec
1487 1740 1602 1812 ipse
1641 1740 1842 1800 Paulus
1939 1752 2156 1822 quidam
2185 1767 2215 1807 a
2255 1751 2415 1807 beato
2450 1750 2617 1807 Paulo
2660 1757 2715 1807 et
2765 1751 3051 1806 deﬁnitum
3076 1764 3197 1805 esse
3241 1758 3297 1806 et
3345 1758 3522 1810 statu-

246 1824 704 1881 calumniatorum
732 1824 906 1899 potuit
930 1829 1159 1885 evadere
1198 1832 1618 1886 accusationem.

1940 1854 2081 1911 tum,
2111 1862 2341 1917 quorum
2395 1860 2498 1918 ego
2521 1844 2727 1900 dictum
2757 1842 2913 1900 valde
2947 1859 3146 1916 respuo
3166 1860 3269 1900 nec
3290 1844 3519 1901 suadeor

324 1936 343 1968 ι
366 1915 540 1973 Unius
554 1916 737 1975 uxoris
751 1918 946 1974 virum.
970 1938 989 1973 ο
1012 1918 1442 1979 Hocdiﬂ’erentes
1455 1924 1673 1994 quidam
1686 1940 1837 1982 acce-
1861 1915 1913 1977 Β
1937 1915 2157 2005 abillis,
2184 1922 2325 2008 quod
2356 1936 2403 1993 is
2433 1915 2525 2008 qui
2550 1936 2817 1992 secundas
2850 1915 3068 2008 nuptias
3104 1934 3355 1991 similiter
3378 1948 3520 2006 prae-

243 2019 448 2082 perunt
473 2026 489 2065 :
518 2010 801 2067 ridiculum
829 2027 957 2069 vere
973 2021 1056 2069 est
1086 2013 1232 2078 illud,
1257 2016 1401 2085 quod
1427 2017 1583 2087 quasi
1607 2032 1638 2072 a
1667 2018 1835 2089 pluri-

1937 2028 2101 2100 cepit,
2135 2028 2286 2083 illum
2315 2028 2406 2099 qui
2433 2035 2554 2099 post
2577 2027 2929 2084 amissionem
2986 2028 3176 2098 prima:
3225 2026 3517 2082 sectmdam

244 2104 348 2160 bus
375 2104 738 2161 observatur:
772 2107 818 2161 si
845 2106 989 2163 enim
1031 2107 1250 2178 quidam
1278 2108 1470 2192 pudice
1515 2111 1703 2167 vivens
1752 2125 1825 2168 se-

1935 2136 2160 2177 uxorem
2193 2136 2293 2176 suo
2320 2121 2513 2175 ordine
2538 2120 2757 2191 accipit,
2788 2122 2857 2175 ad
2883 2120 3254 2193 episc0patum
3292 2119 3518 2190 produci

246 2195 483 2252 eundam
513 2196 785 2268 acceperit
817 2212 1063 2265 uxorem,
1101 2200 1263 2257 talem
1291 2198 1348 2256 in
1383 2200 1530 2257 clero
1555 2218 1663 2259 non
1690 2204 1831 2259 reci-

246 2285 437 2358 piunt;
464 2283 511 2342 si
541 2298 723 2343 autem
748 2288 964 2359 quidam
996 2290 1185 2347 vivens
1214 2289 1487 2348 luxuriose
1512 2309 1673 2349 unam
1697 2294 1830 2369 legi-

245 2376 383 2433 time
433 2379 708 2449 acceperlt
737 2393 986 2446 uxorem,
1016 2380 1063 2437 is
1094 2380 1147 2436 in
1194 2380 1341 2437 clero
1370 2390 1426 2438 et
1473 2384 1733 2456 recipitur
1775 2393 1833 2442 et

241 2466 586 2541 producitur,
613 2478 671 2526 et
692 2470 907 2541 quidem
939 2487 1061 2527 cum
1087 2470 1142 2528 in
1169 2474 1382 2531 caeteris
1415 2474 1608 2533 beatus
1632 2476 1830 2535 Paulus

241 2559 530 2617 evidenter
555 2560 808 2617 annuerit
856 2563 1121 2620 secundas
1168 2564 1366 2622 debere
1415 2569 1635 2639 nuptias
1686 2569 1825 2627 ﬁeri.

241 2651 439 2711 Omnis
487 2666 619 2711 vero
660 2654 953 2727 permixtio
999 2670 1121 2728 qua:
1169 2666 1373 2731 praeter
1418 2659 1686 2730 legitimas
1730 2678 1831 2719 nu-

241 2746 387 2821 ptias
402 2747 655 2816 habetur,
685 2749 907 2808 evidens
934 2748 1223 2808 fornicatio
1250 2760 1425 2819 est,et
1452 2754 1670 2810 interim
1691 2772 1830 2828 pm

240 2841 493 2897 termitto
516 2839 672 2908 illud,
702 2842 845 2915 quod
882 2848 939 2901 et
986 2854 1111 2916 post
1144 2845 1281 2901 duas
1310 2860 1508 2902 uxores
1560 2846 1829 2916 legitimas

231 2933 424 3008 palam
454 2942 708 3007 acceptas
743 2942 801 2992 et
841 2932 1119 3009 baptizant
1147 2946 1204 2993 et
1250 2937 1307 2993 in
1335 2938 1501 3004 clero,
1555 2954 1649 2995 eos
1691 2939 1828 2996 indi-

233 3031 422 3082 screte
448 3024 777 3097 producunt,
797 3033 852 3083 et
875 3027 1091 3098 quidem
1123 3044 1247 3084 cum
1288 3028 1344 3084 in
1388 3029 1599 3086 caeteris
1633 3028 1687 3085 id
1731 3030 1828 3087 ob-

233 3132 466 3175 servare
514 3114 915 3185 existimantur,
963 3118 1117 3191 quasi
1168 3119 1294 3191 quia
1343 3103 1613 3192 baptisma
1660 3118 1828 3180 faciat

233 3224 367 3265 eum
408 3224 518 3266 non
544 3208 798 3267 habuisse
833 3211 968 3267 duas
995 3226 1211 3268 uxores.
1260 3211 1601 3284 Frequenter
1643 3222 1825 3272 autem

1934 2213 2235 2285 prohibeat,
2267 2214 2358 2287 qui
2388 2214 2533 2270 enim
2570 2214 2726 2270 dixit.
2767 2235 2786 2267 ς
2822 2214 2954 2269 Dico
2984 2223 3163 2271 autem
3198 2213 3437 2284 innuptis
3465 2221 3519 2268 et

1935 2307 2136 2373 viduis,
2173 2327 2194 2359 ›
2224 2315 2277 2361 et
2307 2306 2467 2362 simul
2511 2306 2860 2378 conjungens,
2893 2307 3176 2378 utriusque
3228 2320 3389 2361 unam
3436 2302 3545 2360 le-o

1935 2413 2057 2470 gem
2111 2396 2261 2452 visus
2319 2406 2404 2453 est
2455 2396 2874 2469 deprompsisse.
2936 2398 3169 2454 Evidens
3231 2406 3315 2454 est
3370 2396 3512 2467 quod

1932 2503 2121 2552 unum,
2151 2487 2345 2558 inquit,
2375 2502 2496 2542 esse
2522 2487 2803 2558 utriusque
2823 2487 3191 2553 existimabat,
3219 2486 3347 2556 quid
3371 2485 3513 2540 enim

1933 2578 2114 2635 diil'ert
2140 2578 2435 2633 secundum
2462 2586 2670 2633 natura:
2694 2589 2898 2633 motum
2930 2585 3023 2633 aut
3045 2578 3112 2633 ad
3139 2577 3357 2650 plenum
3405 2592 3513 2633 non

1933 2669 2213 2737 habuisse,
2238 2679 2331 2724 aut
2360 2670 2614 2725 habuisse
2662 2671 2879 2742 quidem
2908 2679 2964 2727 et
3011 2670 3259 2725 amisisse
3304 2677 3360 2724 et
3406 2684 3512 2724 non

1931 2763 2171 2819 habere?
2201 2760 2319 2817 Non
2346 2762 2651 2833 huiusmodi
2680 2763 2821 2818 ratio
2843 2763 3015 2834 magis
3044 2762 3096 2817 in
3138 2770 3334 2827 eventu
3381 2776 3515 2818 con-

1930 2855 2097 2921 sistit,
2126 2869 2290 2927 quam
2319 2854 2386 2909 ad
2411 2855 2745 2926 propositum
2782 2855 2999 2925 respicit
3028 2871 3041 2909 :
3071 2868 3198 2909 nam
3222 2853 3268 2908 is
3298 2854 3391 2924 qui
3414 2852 3509 2909 ha.

1927 2949 2047 3006 buit
2074 2948 2244 3005 multo
2276 2954 2513 3019 tempore
2535 2947 2944 3003 convenientem
2974 2945 3076 3001 sibi
3097 2958 3345 3011 uxorem,
3368 2944 3512 3015 poti—

1930 3047 2018 3095 tus
2049 3039 2237 3111 utique
2264 3045 2351 3094 est
2378 3052 2498 3094 eam
2527 3038 2847 3109 inquan‘tum
2876 3036 3075 3103 voluit,
3099 3036 3192 3108 qui
3223 3050 3355 3092 vero
3387 3042 3512 3108 post

1928 3128 2181 3203 exiguum
2217 3136 2427 3201 tempus
2446 3130 2692 3187 eamdem
2716 3129 2919 3196 amisit,
2948 3128 3256 3185 necessario
3308 3128 3377 3184 ad
3420 3142 3509 3184 se-

1928 3222 2131 3280 cundas
2157 3221 2369 3278 accedit
2397 3220 2633 3292 nuptias,
2666 3219 2920 3275 accidunt
2949 3226 3132 3276 autem
3161 3218 3263 3275 ista
3309 3226 3507 3275 eventu

234 3302 342 3364 hoc
385 3302 528 3359 idem
553 3308 739 3375 agunt,
769 3311 825 3360 et
852 3304 918 3360 de
947 3302 1074 3373 illis,
1104 3304 1196 3379 qui
1221 3312 1347 3361 sunt
1392 3306 1545 3378 pravi
1589 3306 1823 3377 arbitrii,
1853 3296 1901 3361 C
1928 3312 2110 3388 potius
2155 3326 2318 3385 quam
2347 3310 2647 3369 directione
2672 3310 2906 3378 arbitrii,
2930 3325 3051 3383 quae
3097 3309 3395 3367 discutiens
3439 3309 3507 3365 ad

234 3396 617 3453 existimantes
641 3410 701 3453 se
737 3396 940 3469 optime
969 3395 1149 3455 facere
1179 3394 1227 3455 si
1257 3396 1600 3471 baptizautes
1648 3398 1822 3469 illum,

234 3487 332 3561 qui
360 3484 474 3543 vita
501 3487 641 3544 vixit
689 3486 988 3558 luxuriosa,
1046 3489 1114 3547 ad
1161 3484 1495 3549 iunctionem
1541 3491 1826 3550 clericatus

234 3578 629 3653 produxerim,
661 3578 755 3653 qui
805 3580 951 3638 nulla
996 3598 1099 3640 nec
1145 3582 1410 3642 virtutum
1457 3601 1560 3643 nec
1606 3586 1825 3660 pietatis

234 3674 516 3747 diligentia
551 3672 813 3749 praeditus
840 3690 1080 3751 unquam
1129 3674 1296 3735 fuisse
1322 3679 1557 3735 videtur.
1608 3678 1680 3737 Ut
1728 3696 1826 3736 au-

233 3777 350 3826 tem
380 3768 596 3826 silentio
626 3776 945 3847 preteream
973 3769 1227 3847 baptismi
1283 3787 1527 3841 causam,
1556 3772 1627 3830 ob
1657 3788 1823 3845 quam

232 3861 422 3930 datur,
455 3858 525 3918 ad
544 3876 707 3933 quam
740 3863 1005 3920 rationem
1066 3862 1283 3937 plurimi
1333 3878 1506 3935 neque
1554 3862 1824 3937 inspicere

229 3950 448 4009 volunt.
495 3950 631 4008 illud
678 3968 808 4009 vero
851 3952 1211 4011 conveniebat
1249 3953 1330 4011 eis
1379 3955 1539 4023 scire,
1566 3950 1821 4027 quoniam

230 4043 431 4100 beatus
467 4038 665 4100 Paulus
696 4042 764 4100 de
806 4043 1065 4102 civilitate
1111 4044 1198 4102 illa
1243 4044 1502 4118 disputat,
1528 4044 1823 4103 secundum

230 4150 423 4207 quam,
450 4144 512 4192 ut
550 4132 690 4193 idem
715 4137 985 4209 opinatur,
1009 4146 1225 4211 oportet
1254 4139 1456 4197 vixisse
1487 4140 1821 4213 episcopum,

231 4244 349 4285 non
375 4227 445 4285 de
486 4230 835 4287 concessione
886 4242 1233 4302 peccatorum
1281 4233 1542 4307 disputat,
1564 4250 1685 4307 quae
1723 4249 1824 4306 per

231 4325 472 4395 gratiam
525 4321 764 4395 gignitur
809 4320 939 4389 illis,
970 4323 1063 4397 qui
1115 4323 1384 4396 baptisma
1434 4334 1816 4398 perceperunt.

1925 3408 2144 3480 plenum
2174 3408 2365 3463 beatus
2401 3404 2600 3463 Paulus
2627 3405 2719 3479 qui
2746 3405 2834 3461 vel
2864 3404 3099 3462 maxime
3128 3406 3183 3462 in
3220 3405 3505 3477 episcOpa-

1925 3507 2041 3555 tum
2070 3500 2418 3572 producatur,
2446 3496 2513 3554 de
2541 3496 2635 3554 tali
2665 3498 2773 3553 vita
2799 3497 3047 3569 cognosci
3075 3494 3272 3553 debere
3306 3495 3502 3551 intulit.

1924 3588 2062 3648 Nam
2086 3598 2143 3647 et
2166 3588 2449 3647 ridiculum
2479 3596 2563 3646 est
2595 3588 2816 3646 beatum
2843 3586 3070 3644 Paulum
3095 3588 3266 3661 legem
3305 3587 3506 3644 consti-

1927 3692 2100 3751 tuere,
2132 3698 2239 3738 non
2289 3680 2597 3749 arbitrium,
2653 3678 2739 3735 vel
2781 3674 3115 3752 propositum
3162 3676 3502 3750 probantem,

1925 3777 2022 3832 sed
2048 3788 2117 3830 ex
2139 3776 2337 3830 eventu
2366 3779 2423 3829 et
2452 3785 2519 3827 ex
2561 3766 2828 3828 accidenti
2874 3766 3255 3826 discretionem
3301 3766 3503 3823 tanien-

1924 3872 2052 3921 tem.
2084 3862 2141 3921 Si
2172 3872 2352 3919 autem
2377 3861 2499 3934 quis
2526 3858 2692 3928 dicat,
2722 3853 2979 3932 quoniam
3007 3858 3073 3916 de
3108 3862 3305 3916 eventu
3351 3864 3407 3914 et
3436 3857 3505 3914 de

1923 3955 2193 4013 accidenti
2221 3954 2475 4026 exiguum
2503 3952 2633 4024 quid
2672 3966 2871 4009 curans
2897 3946 3189 4024 Apostolus
3219 3964 3342 4007 cum
3387 3964 3500 4006 ma-

1921 4062 2029 4122 gna
2071 4046 2347 4118 diligentia
2383 4052 2438 4101 et
2465 4043 2880 4116 scrupulositate
2907 4036 2977 4098 de
3021 4041 3288 4113 episcopis
3336 4038 3504 4096 voluit

1921 4148 2185 4207 statuere,
2226 4139 2370 4211 quod
2421 4137 2683 4193 deberent
2738 4135 2795 4192 in
2854 4140 3065 4190 tantum
3120 4130 3269 4190 coire
3320 4134 3497 4201 uxori,

1922 4235 2143 4291 audiant
2193 4233 2446 4306 quoniam
2477 4231 2772 4288 secundum
2822 4228 2962 4286 hanc
3002 4229 3271 4287 rationem
3322 4240 3499 4299 neque

1918 4336 2042 4402 post
2068 4327 2335 4400 baptisma
2371 4324 2519 4381 illum
2548 4324 2641 4397 qui
2672 4318 2796 4380 talis
2820 4329 2906 4379 est
2946 4320 3167 4394 produci
3207 4320 3355 4393 justa
3404 4335 3496 4377 ra-

232 4413 395 4471 Sicut
423 4423 608 4473 autem
633 4415 737 4473 hoc
765 4417 840 4473 ita
870 4416 987 4473 ﬁeri
1032 4419 1292 4490 optimum
1318 4433 1442 4477 esse
1482 4418 1818 4486 existimant,
1918 4421 2330 4494 tionepatietur.
2343 4412 2611 4476 Necenim
2625 4417 2892 4492 baptisma
2908 4414 3040 4473 facit
3065 4414 3212 4472 illum
3226 4430 3335 4471 non
3366 4413 3497 4471 dua-

232 4505 513 4579 supertlua
541 4516 621 4565 est
649 4508 828 4565 omnis
856 4508 1122 4581 Iegislatio
1148 4509 1322 4578 Pauli,
1354 4511 1481 4568 dum
1511 4526 1600 4569 res
1618 4510 1818 4589 admit;-
1917 4515 2019 4571 bus
2052 4514 2227 4571 coisse
2257 4513 2534 4580 uxoribus,
2571 4520 2665 4568 aut
2701 4506 2844 4584 apud
2878 4506 3124 4567 homines
3153 4506 3283 4563 facit
3312 4507 3497 4563 existi-

232 4605 318 4652 tat
341 4597 643 4670 illum,qui,
664 4599 1109 4677 qualitercuuque
1135 4602 1287 4670 vixit,
1308 4603 1595 4675 baptizari,
1620 4610 1674 4659 et
1692 4618 1819 4675 pro-
1843 4648 1899 4682 ﬁ
1920 4624 2095 4677 mare,
2111 4608 2264 4682 quasi
2277 4608 2546 4680 quiunam
2557 4600 3253 4671 habuerituxorem,multo
3265 4600 3497 4672 amplius

235 4689 389 4746 tinus
411 4690 469 4746 in
504 4690 708 4747 clerum
738 4692 983 4765 produci;
1010 4695 1156 4766 quod
1180 4709 1213 4750 a
1241 4694 1408 4751 Paulo
1426 4694 1643 4766 quidem
1665 4695 1814 4753 abdi-
1838 4689 1895 4718 ”
1916 4717 2047 4758 vero
2066 4716 2189 4758 eum
2211 4699 2301 4772 qui
2324 4714 2489 4755 unam
2530 4698 2822 4771 legitimam
2864 4692 3030 4752 habet
3056 4706 3281 4751 uxorem
3312 4693 3497 4750 multis

233 4791 425 4838 catum
461 4791 565 4841 est.
592 4778 719 4840 Vult
743 4785 887 4841 enim
916 4794 974 4842 ut
996 4785 1085 4843 ille
1110 4787 1202 4859 qui
1238 4786 1295 4842 in
1321 4786 1688 4859 episctipatum
1716 4786 1813 4843 ad-
1916 4793 2037 4851 aliis
2063 4793 2340 4849 luxuriose
2357 4788 2586 4847 vivendo
2600 4788 2900 4863 permixtus
2920 4790 3095 4855 est,et
3120 4784 3496 4843 maniiestatus

234 4872 495 4939 ducitur,
550 4874 919 4932 testimonium
976 4891 1088 4933 suae
1136 4878 1394 4935 bonitatis
1435 4892 1502 4934 ex
1542 4876 1814 4949 praeterita

1927 4894 1998 4943 est
2013 4884 2135 4941 talis
2144 4885 2269 4941 vita:
2283 4884 2529 4941 luissead
2540 4884 2905 4954 episcopatum
2920 4894 3027 4936 non
3042 4881 3240 4937 debere
3250 4878 3494 4953 perduci,

232 4965 350 5021 vita
397 4963 598 5022 habere
628 4967 893 5035 videatur,
925 4970 1018 5042 qui
1043 4977 1099 5026 et
1122 4985 1222 5043 per
1247 4985 1408 5027 omne
1437 4980 1647 5042 tempus
1689 4970 1815 5027 vitae
1912 4974 2040 5034 licet
2061 4976 2356 5034 secundum
2391 4990 2578 5031 eorum
2606 4970 2831 5029 verbum
2862 4973 3130 5046 baptisma
3161 4968 3326 5029 fuerit
3345 4982 3495 5029 asse-

231 5072 354 5114 suze
383 5057 647 5115 virtutum
675 5059 869 5117 studiis
919 5058 1151 5130 inhaesit,
1182 5071 1279 5119 aut
1303 5072 1450 5119 certe
1494 5064 1814 5137 poenitentia

1927 5080 2074 5128 cutus
2125 5085 2141 5126 :
2191 5069 2237 5127 si
2285 5070 2430 5125 enim
2474 5066 2562 5123 ille
2606 5067 2697 5140 qui
2735 5066 2975 5138 legitime
3020 5064 3229 5123 duabus
3271 5066 3494 5138 junctus

234 5149 515 5206 ωθάὶῖωιθ
540 5151 777 5208 ostendit
799 5152 1055 5223 quoniam
1079 5168 1112 5209 ι
1145 5154 1530 5211 deleriorivila
1580 5155 1649 5210 ad
1697 5170 1812 5211 ωε·
1920 5161 2181 5219 uxoribus
2220 5167 2274 5215 et
2306 5158 2565 5232 propositi
2609 5156 2691 5214 sui
2726 5157 2952 5213 arbitrio
2994 5156 3188 5229 pudice
3229 5172 3352 5213 cum
3388 5156 3495 5212 illis

232 5249 434 5305 liorem
462 5255 663 5303 statum
708 5248 939 5305 transiit.
969 5246 1123 5316 Quod
1150 5257 1206 5306 et
1250 5249 1443 5306 melius
1488 5263 1817 5322 cognoscere
1922 5252 2180 5317 convixit,
2208 5267 2315 5307 non
2343 5250 2503 5306 debet
2528 5250 2583 5305 in
2610 5250 2977 5322 episcopatum
3007 5246 3171 5325 recipi
3205 5267 3218 5304 :
3243 5251 3314 5308 ob
3341 5268 3494 5309 scru-

233 5342 543 5416 poterimus
566 5357 637 5400 ex
661 5340 769 5400 illis
794 5359 914 5417 qua:
936 5343 1354 5416 subsequuntur.
1389 5342 1479 5399 Fit
1504 5344 1666 5400 etiam
1687 5343 1739 5399 id
1761 5352 1818 5400 et
1920 5344 2264 5418 pulositatem
2292 5358 2420 5399 vero
2448 5342 2589 5408 vitae,
2620 5340 2789 5399 multo
2818 5341 3044 5413 amplius
3069 5357 3193 5399 eum
3220 5343 3310 5414 qui
3337 5340 3493 5399 luxu-

235 5436 309 5492 ad
338 5450 579 5508 prmus
628 5450 663 5491 ι
706 5434 975 5509 plurimis,
997 5434 1125 5507 quia
1170 5435 1223 5493 id
1267 5433 1495 5503 iaciunt,
1519 5434 1673 5506 quasi
1718 5434 1814 5505 qui
1920 5436 2064 5492 riose
2092 5435 2227 5490 vixit
2264 5433 2518 5490 indecens
2541 5442 2623 5490 est
2664 5430 2731 5488 ad
2758 5434 2861 5490 hoc
2888 5433 3111 5507 produci
3141 5449 3285 5501 eum,
3317 5448 3379 5488 ea
3404 5426 3492 5489 ra-

232 5540 501 5601 maguum
527 5528 743 5600 aliquod
784 5536 950 5601 agunt
1008 5529 1228 5585 bonum.
1289 5527 1443 5597 Quod
1496 5541 1625 5601 ergo
1681 5526 1817 5584 dixit

237 5622 406 5679 unius
434 5620 620 5679 uxoris
643 5622 845 5688 virum,
876 5622 1097 5693 quidam
1121 5622 1202 5678 sic
1230 5620 1636 5688 intellexerunt,
1667 5620 1815 5692 quod

239 5723 301 5771 et
326 5729 429 5786 ego
454 5713 627 5785 magis
653 5729 845 5770 verum
869 5714 1095 5784 accipio.
1118 5728 1189 5769 eo
1212 5713 1356 5784 quod
1380 5711 1474 5767 illo
1492 5728 1547 5767 tu
1571 5720 1813 5783 tempore

242 5806 405 5865 multi
429 5807 703 5877 erantqui
728 5806 783 5862 in
832 5806 1059 5878 idipsum
1111 5808 1249 5863 duas
1302 5819 1500 5860 uxores
1543 5805 1816 5861 habebant

244 5899 536 5973 legitimas,
569 5900 711 5975 quod
753 5908 808 5957 et
828 5899 1092 5973 Moysaica
1123 5900 1238 5975 lege
1262 5899 1441 5957 facere
1468 5914 1565 5957 eos
1588 5898 1818 5995 licenter

1917 5528 2064 5586 tione
2092 5541 2194 5598 qua
2221 5522 2484 5597 baptisma
2512 5532 2791 5582 assecutus
2818 5532 2920 5581 est.
2952 5518 3078 5581 Hinc
3099 5524 3316 5596 quidem
3346 5522 3492 5582 dicta

1919 5620 2187 5680 sufﬁciant
2208 5621 2273 5677 de
2303 5616 2395 5676 illo
2420 5620 2563 5691 quod
2589 5619 2752 5675 dixit;
2774 5636 2793 5670 ι
2833 5614 3002 5675 Unius
3027 5619 3212 5674 uxoris
3242 5620 3438 5674 virum.
3465 5636 3484 5671 ι

1920 5713 2085 5784 Cujus
2114 5710 2611 5784 interpretationem
2632 5709 2933 5766 evidentius
2956 5709 3139 5765 dicere
3164 5709 3277 5780 ipsa
3305 5721 3494 5763 sumus

1919 5807 2245 5866 necessitate
2290 5804 2524 5876 impulsi,
2549 5801 2992 5860 consuetudinem
3025 5799 3168 5854 illam
3201 5814 3322 5872 qua:
3349 5800 3489 5871 apud

1918 5901 2182 5977 plurimos
2220 5906 2408 5957 tenere
2449 5896 2662 5952 videtur
2708 5892 3085 5967 despicientes.
3118 5891 3253 5947 Nam
3292 5890 3473 5967 plenio

3910 5958 3945 5969 α.

3714 5898 3948 6033 /:
