3992 6338
525 394 630 451 599
1159 389 1220 444 Β.
1258 385 1512 442 MBAN!
1547 384 1766 442 ΜΑυηί
1799 381 2116 440 ARCHIEP.
2160 377 2772 439 MOGUNT.OPERUM
2803 375 2985 434 PARS
3022 376 3108 435 Ill.
3629 385 3707 444 σου

524 526 643 569 rem
685 523 903 566 sensum
925 506 1166 577 Apostoli
1197 505 1254 561 in
1282 502 1734 575 subsequentibus
1781 499 2100 556 manifesta-
2127 501 2181 562 Α
2202 499 2297 569 qui
2338 497 2550 568 longam
2577 503 2759 567 potest
2788 492 3220 566 prosecutionem
3257 494 3526 552 verborum
3553 498 3600 556 in
3626 502 3706 559 lic.

524 605 702 661 bimus
729 617 800 658 ex
834 600 967 672 ipsis
1011 599 1376 665 sermonibus,
1419 596 1505 653 vel
1551 595 1788 651 maxime
1832 593 2101 650 dictorum

526 695 786 753 facientes
825 691 1221 764 probationem.
1275 688 1411 745 Nam
1454 687 1673 745 virtutis
1721 694 1778 742 et
1828 684 2102 755 aequitatis

527 784 668 841 ratio
694 782 932 855 postulat
961 790 1019 836 ut
1058 768 1105 837 is
1140 780 1232 851 qui
1257 780 1323 836 de
1351 779 1445 834 tali
1472 777 1690 850 negotio
1711 776 1969 848 loquitur,
1997 790 2104 830 non

528 873 973 931 consuetudinem
1017 871 1258 942 aequitati
1302 876 1612 941 anteponat,
1650 868 1741 925 sed
1769 868 1923 923 Pauli
1960 868 2107 938 leges

530 966 805 1030 discutiat,
824 972 879 1019 et
902 963 990 1018 illa
1014 964 1126 1018 Deo
1152 970 1320 1032 aptet,
1336 976 1459 1032 quae
1491 960 1541 1015 ei
1569 960 1765 1016 decent
1788 958 1985 1028 aptari,
2011 958 2105 1028 qui

529 1071 745 1129 semper
774 1071 899 1113 cum
942 1054 1181 1125 iustitia,
1209 1062 1266 1110 et
1304 1067 1413 1108 non
1458 1060 1656 1108 eventu
1701 1059 1797 1105 aut
1843 1049 2117 1137 accidenti

528 1149 781 1204 universa
803 1146 938 1203 solet
960 1148 1212 1218 probare,
1242 1144 1338 1201 sed
1365 1143 1661 1200 secundum
1689 1141 2025 1212 propositum
2053 1149 2111 1196 et
2138 1206 2141 1209 λ

531 1239 817 1296 arbitrium
867 1238 1148 1294 hominum
1198 1249 1637 1306 unumquemque
1681 1234 1784 1289 scit
1838 1233 2105 1304 judicare.

529 1330 668 1387 Nam
713 1338 770 1386 et
800 1329 890 1385 illa
918 1345 1039 1400 qua:
1070 1326 1327 1399 baptismi
1373 1334 1500 1382 sunt
1528 1325 1841 1396 frequenter
1884 1332 2110 1380 eventus

530 1423 655 1480 ﬁeri
688 1422 884 1487 solent,
908 1422 1069 1477 aliter
1092 1427 1374 1476 assecutus
1399 1419 1469 1475 ob
1499 1418 1898 1483 inﬁrmitatem,
1925 1425 2019 1471 aut
2040 1416 2112 1472 ob

532 1513 693 1569 aliam
746 1513 1033 1584 aliquando
1068 1511 1410 1567 occasionem
1461 1510 1531 1565 ab
1571 1507 1802 1564 infantia
1853 1508 2109 1578 baptismi

530 1606 786 1675 gratiam;
810 1604 969 1659 aliter
996 1617 1123 1658 vero
1152 1611 1273 1673 post
1304 1609 1640 1658 senectutem
1663 1600 1985 1673 longievam,
2015 1601 2111 1671 qui

532 1706 587 1753 et
612 1713 709 1769 per
730 1711 890 1752 omne
920 1702 1134 1766 tempus
1162 1694 1286 1749 vitae
1325 1707 1435 1749 suae
1464 1693 1601 1748 vixit
1644 1692 1940 1759 luxuriose,
1969 1701 2110 1748 tem~

528 1804 660 1860 pore
704 1803 834 1844 vero
862 1786 1055 1842 mortis
1082 1784 1333 1856 baptismi
1380 1782 1611 1854 gratiam
1659 1792 1972 1849 assecutus;
2020 1781 2110 1837 ille

2204 590 2368 646 clesia
2408 591 2608 657 facere,
2649 591 2754 646 hoc
2794 597 2850 658 ει
2898 588 3151 660 Ρθτβδυθί
3193 587 3364 643 ﬁdem
3403 589 3708 662 implenda]

2204 683 2298 754 qui
2338 689 2517 753 potest
2565 681 2927 753 qualicunque
2957 694 3206 735 sermone
3236 687 3289 734 et
3321 679 3374 734 in
3398 696 3645 742 commune
3670 699 3710 746 et

2206 775 2518 846 singillatim
2589 788 3027 843 unumquemque
3100 772 3350 844 dogmata
3419 775 3609 843 pietatis
3650 780 3711 835 in-

2206 873 2439 930 struere,
2486 873 2595 921 tam
2639 864 2920 935 pietatem,
2965 852 3125 934 quam
3162 862 3430 930 virtutem,
3475 874 3524 921 et
3566 869 3710 939 quibus

2208 961 2383 1016 modis
2412 960 2638 1031 implere
2672 959 2904 1014 debeant
2952 958 3076 1021 ista,
3110 972 3178 1013 ex
3206 958 3397 1027 quibus
3422 960 3501 1015 vel
3534 965 3713 1021 maxime

2212 1062 2553 1126 augmentum
2586 1053 2674 1107 illa
2703 1053 2918 1123 assequi
2970 1061 3241 1123 poterant.
3281 1052 3338 1108 Si
3368 1054 3464 1110 ista
3493 1057 3714 1131 episcOpns

2212 1145 2492 1209 nescierit,
2526 1145 2658 1200 nihil
2692 1160 2725 1200 a
2754 1147 2967 1201 caeteris
3014 1143 3233 1201 differre
3261 1145 3534 1213 videbitur,
3573 1164 3713 1221 super-

2210 1235 2375 1293 ﬁuam
2419 1237 2655 1309 Speciem
2682 1236 2923 1293 doctoris
2956 1236 3011 1292 in
3042 1250 3102 1292 se
3127 1235 3414 1303 simulans,
3456 1239 3650 1310 denique
3679 1250 3716 1297 et

2211 1330 2318 1385 cito
2344 1329 2589 1385 scribens
2627 1329 2770 1384 inter
2798 1338 2993 1385 caetera
3023 1344 3144 1399 quae
3183 1328 3251 1384 de
3279 1346 3514 1411 episcopo
3540 1332 3716 1399 dicebat,

2212 1419 2327 1474 ait:
2354 1419 2619 1488 Quoniam
2653 1427 2870 1491 oportet
2911 1435 3033 1475 eum
3060 1420 3297 1476 retinere
3325 1420 3378 1475 id
3417 1422 3544 1491 quod
3579 1438 3719 1478 secun-

2213 1510 2339 1567 dum
2370 1511 2675 1567 doctrinam
2702 1510 2860 1567 ﬁdele
2888 1513 3138 1576 verbum,
3166 1518 3227 1565 ut
3255 1519 3440 1582 potens
3480 1512 3541 1567 sit
3573 1515 3718 1568 exhor-

2212 1603 2319 1658 tari
2362 1602 2417 1659 in
2456 1603 2703 1659 doctrina
2742 1619 2898 1668 sana,
2928 1610 2985 1658 et
3020 1617 3116 1659 eos
3151 1604 3242 1673 qui
3280 1604 3622 1659 contradicunt
3654 1621 3715 1659 ar-

2212 1710 2398 1766 guere,
2427 1694 2508 1751 sic
2536 1694 2653 1749 vult
2675 1694 2808 1749 nihil
2838 1695 3028 1750 deesse
3055 1695 3307 1766 episcopo
3344 1694 3539 1750 illorum
3561 1711 3654 1766 qua:
3671 1696 3719 1750 ad

2213 1787 2516 1843 doctrinam
2564 1787 2860 1857 pertinent.
2915 1805 2934 1837 ι
2973 1784 3090 1841 Non
3122 1786 3464 1843 vinolentum.
3492 1805 3509 1837 ι
3550 1784 3652 1842 iure
3686 1787 3719 1841 id

530 1894 660 1935 vero
686 1879 777 1950 qui
810 1878 878 1933 ab
899 1876 1125 1933 infantia
1153 1875 1421 1946 baptisma
1451 1882 1752 1940 assecutus,
1782 1874 2115 1945 diligentiam
2142 1879 2192 1940 B
2218 1877 2368 1942 dicit,
2397 1876 2443 1933 si
2478 1876 2622 1931 enim
2659 1885 2718 1933 et
2736 1877 2883 1933 omni
2930 1878 3140 1933 homini
3172 1878 3276 1933 hoc
3302 1879 3629 1934 necessarium
3648 1890 3720 1943 est,

529 1972 821 2028 virtutibus
866 1971 1113 2028 adhibuit
1154 1969 1464 2042 plurimam,
1511 1969 1739 2040 deliquit
1765 1985 1896 2025 vero
1924 1979 1979 2026 et
2008 1970 2108 2026 ali-

533 2078 659 2134 qua,
691 2070 899 2135 utpote
939 2062 1120 2128 homo,
1148 2070 1205 2117 et
1246 2069 1305 2118 ut
1333 2061 1472 2119 solet
1515 2061 1633 2117 ﬁeri
1666 2062 1897 2117 incurrit
1946 2062 2110 2117 etiam

534 2162 592 2210 et
646 2153 701 2209 in
746 2168 910 2226 grave
950 2161 1273 2225 peccatum,
1343 2151 1657 2209 inﬁrmitate
1710 2154 1880 2225 magis
1930 2153 2114 2224 lapsus

537 2264 700 2320 quam
751 2247 945 2305 aﬁ‘ectu
998 2248 1230 2315 animai,
1276 2248 1562 2304 ridiculum
1606 2248 1712 2305 erit
1755 2248 1801 2304 si
1858 2249 1998 2305 idem
2045 2265 2115 2306 ex

539 2347 735 2396 eventu
766 2348 1027 2396 noceatur
1063 2339 1268 2395 nullum
1291 2340 1550 2412 juvamen
1575 2339 1646 2397 ob
1675 2342 1938 2396 bonorum
1969 2355 2118 2396 asse-

540 2447 715 2502 quens
756 2430 1109 2504 diligentiam,
1131 2446 1195 2487 eo
1216 2434 1360 2503 quod
1414 2433 1468 2488 in
1507 2433 1734 2489 infantia
1780 2433 2119 2504 baptismatis

541 2523 770 2594 gratiam
822 2532 905 2579 est
956 2533 1263 2592 assecutus;
1311 2526 1415 2581 iste
1463 2540 1592 2580 vero
1636 2540 1942 2596 quanquam
1983 2525 2119 2580 nilnil

540 2613 880 2681 sustinuerit,
918 2629 1018 2685 pro
1054 2615 1250 2686 quibus
1276 2618 1535 2687 peccavit,
1570 2617 1747 2672 adhuc
1772 2624 1827 2673 et
1855 2617 2036 2673 clarus
2062 2617 2118 2673 in

539 2706 718 2760 futura
739 2705 1002 2762 videbitur
1024 2707 1153 2772 vita,
1176 2717 1231 2762 et
1252 2706 1354 2763 hoc
1372 2722 1496 2764 cum
1518 2706 1720 2762 nullam
1741 2706 1998 2763 bonitatis
2018 2707 2121 2762 ha-

543 2795 722 2853 buerit
751 2797 1107 2870 diligentiam,
1132 2797 1259 2868 quia
1284 2799 1359 2854 ita
1392 2798 1591 2865 evenit,
1623 2808 1683 2854 ut
1717 2799 1772 2854 in
1803 2797 1966 2854 ﬁnem
1994 2799 2122 2854 vita:

549 2904 661 2945 suae
685 2889 952 2961 baptisma
1014 2899 1394 2962 assequeretur
1425 2909 1442 2949 :
1470 2890 1565 2949 sed
1592 2892 1709 2948 haec
1735 2892 1803 2947 ab
1827 2891 1934 2947 illis
1962 2891 2122 2947 intel-

542 2980 635 3051 ligi
661 2981 878 3048 debent,
899 2982 992 3051 qui
1021 2981 1270 3038 nesciunt
1293 2983 1560 3040 rationem
1581 2983 1652 3039 ob
1671 2998 1836 3054 quam
1856 2982 2125 3054 baptisma

546 3073 724 3139 datur,
756 3072 850 3128 sed
872 3084 972 3128 nee
1008 3073 1218 3129 divinas
1248 3073 1534 3129 voluerunt
1558 3074 1871 3129 examinare
1894 3072 2128 3143 scriptu-

549 3181 660 3231 ras,
688 3181 752 3221 ex
785 3165 982 3237 quibus
1013 3166 1222 3221 discere
1250 3174 1504 3237 poterant
1531 3166 1788 3238 quoniam
1840 3164 2122 3222 Simonem

2217 1969 2387 2025 multo
2426 1968 2601 2042 magis
2646 1970 2918 2040 episeopo,
2948 1970 3042 2040 qui
3095 1970 3245 2024 omni
3296 1979 3523 2039 tempore
3562 1978 3723 2037 paratus

2214 2062 2372 2117 debet
2411 2076 2532 2117 esse
2560 2061 2629 2116 ad
2653 2069 2834 2116 actum
2881 2061 3119 2127 illorum,
3152 2077 3273 2132 quae
3296 2060 3408 2115 ﬁeri
3447 2060 3720 2116 conveniunt.

2221 2171 2240 2204 ‹
2274 2132 2819 2222 Νοιίρθνουεεοτεηι.
2850 2170 2869 2203 t
2919 2150 2998 2207 Ne
3037 2150 3306 2217 absolute,
3336 2160 3425 2206 aut
3456 2152 3560 2207 sine
3588 2165 3720 2215 causa,

2217 2250 2310 2299 aut
2332 2243 2548 2299 assidua
2576 2241 2946 2313 increpatione
2972 2240 3131 2296 feriat
3165 2257 3494 2312 quemquam.
3518 2238 3619 2297 Vult
3639 2255 3723 2295 eum

2218 2352 2341 2393 eum
2371 2336 2635 2392 modestia
2672 2336 2844 2407 magis
2869 2335 2936 2390 de
2966 2336 3204 2406 singulis
3250 2351 3424 2409 agere,
3470 2335 3592 2406 sicut
3625 2334 3746 2393 etin.

2218 2427 2455 2483 secunda
2497 2425 2735 2495 Epistula
2765 2424 2917 2479 dicit.
2951 2423 3260 2503 Modestum
3299 2440 3418 2481 eum
3460 2422 3726 2496 Oporteread

2219 2534 2428 2583 omnes,
2459 2533 2565 2573 non
2594 2518 2968 2574 recordantem
2999 2518 3293 2586 malitiam,
3316 2519 3369 2575 in
3397 2517 3727 2575 mansuetudine

2222 2609 2506 2666 docentem
2536 2623 2654 2675 eos,
2691 2609 2783 2677 qui
2830 2608 3111 2673 resistunt,
3142 2609 3272 2665 licet
3301 2609 3346 2665 si
3374 2610 3619 2679 increpare
3657 2605 3727 2660 ali-

2224 2700 2439 2771 quando
2460 2700 2533 2756 sit
2557 2697 2945 2764 necessarium,
2971 2697 3225 2755 videatur
3249 2699 3315 2755 ab
3340 2701 3447 2771 ipsa
3473 2698 3724 2755 necessitate

2224 2791 2358 2848 illud
2395 2789 2599 2856 facere,
2626 2797 2682 2845 et
2711 2804 2819 2844 non
2848 2789 3062 2846 arbitrii
3097 2791 3189 2846 sui
3221 2788 3510 2848 ferocitate.
3550 2786 3728 2857 Denique

2226 2885 2377 2953 dicit,
2420 2883 2516 2939 sed
2564 2883 2866 2939 modestum
2897 2898 3039 2939 esse.
3087 2902 3106 2935 ι
3146 2882 3268 2939 Non
3298 2883 3625 2957 litigiosum.»
3667 2877 3730 2933 llis

2228 2976 2416 3047 adjicit
2438 2984 2495 3030 et
2521 2974 2687 3030 aliud.
2723 2992 2742 3025 ι
2778 2972 2895 3029 Non
2927 2972 3192 3045 cupidum
3232 2976 3573 3047 pecuniarum.
3601 2990 3616 3021 t
3654 2968 3731 3023 Hoc

2227 3081 2343 3139 pra:
2365 3066 2578 3121 caeteris
2603 3065 2856 3121 omnibus
2872 3066 3245 3121 necessarium
3276 3075 3357 3122 est
3377 3065 3615 3137 episcopo,
3634 3058 3731 3131 quod

2231 3156 2279 3213 si
2306 3156 2383 3213 illi
2404 3157 2508 3212 hoc
2533 3172 2643 3211 non
2674 3154 2931 3223 adfuerit,
2966 3172 3251 3227 nunquam
3301 3155 3600 3229 diligentiam
3627 3148 3734 3205 adbi-

546 3255 680 3312 nihil
723 3256 999 3328 adjuvabit
1048 3257 1304 3327 baptismi
1354 3258 1552 3312 donum
1598 3263 1818 3328 propter
1857 3257 2122 3328 propositi
2148 3245 2196 3310 C
2229 3248 2319 3304 bet
2361 3246 2822 3314 convenientium,
2868 3262 2934 3303 eo
2966 3247 3111 3319 quod
3138 3248 3406 3320 cupiditas
3448 3240 3731 3319 pecuniam:

550 3346 872 3416 pravitatem
920 3345 1124 3416 Spiritu
1175 3355 1363 3415 sancto
1397 3348 1452 3403 in
1482 3363 1548 3404 eo
1582 3363 1689 3404 non
1720 3349 2123 3420 requiescente;

548 3440 771 3496 Latroni
801 3456 953 3508 vero,
978 3449 1039 3497 ut
1074 3442 1128 3498 in
1152 3442 1389 3513 paradisi
1416 3442 1807 3498 habitationem
1842 3443 2121 3508 transiret,

548 3531 759 3587 nullum
785 3532 967 3588 attulit
996 3533 1458 3605 impedimentum,
1485 3534 1555 3591 ob
1582 3534 1845 3606 propositi
1874 3534 1994 3607 ejus
2014 3534 2130 3589 vir-

552 3632 741 3691 tutem,
785 3641 849 3681 ea
891 3635 1102 3682 ratione
1131 3641 1370 3698 qua'non
1396 3626 1575 3684 fuerat
1600 3629 1866 3700 baptisma
1908 3644 2131 3685 assecu-

554 3725 663 3772 tus.
714 3716 846 3774 Dico
891 3726 1071 3774 autem
1108 3719 1226 3775 haec
1252 3734 1361 3776 non
1390 3720 1456 3775 ad
1486 3720 1907 3777 destructionem
1955 3712 2145 3790 bapti-'

555 3808 765 3874 sinatis,
813 3807 908 3864 sed
951 3817 1174 3880 propter
1200 3823 1294 3865 eos
1334 3809 1428 3880 qui
1478 3811 1578 3866 sub
1605 3810 1892 3867 occasione
1923 3808 2132 3882 baptis-

555 3899 718 3954 matis
747 3899 1010 3955 incuriam
1038 3900 1264 3957 multam
1294 3900 1551 3958 inducere
1584 3902 1900 3961 annituntur
1926 3902 2133 3974 judicio

549 3991 679 4061 justi
702 3990 818 4047 Dei.
851 3989 985 4048 Nam
1013 3999 1070 4048 et
1094 3992 1359 4064 baptisma
1389 4009 1642 4066 magnum
1671 4009 1738 4050 eo
1766 3993 1912 4067 quod
1956 4002 2134 4050 tanto-

553 4096 675 4136 rum
722 4080 987 4137 bonorum
1024 4082 1264 4140 continet
1310 4084 1642 4156 largitatem,
1692 4093 1749 4140 et
1798 4085 2135 4156 propositum

556 4172 976 4243 uniuscujusque
999 4174 1310 4231 necessario
1344 4175 1619 4246 judicatur
1642 4191 1711 4232 ex
1740 4176 1970 4231 Domino
1997 4174 2131 4241 Deo,

556 4279 589 4319 a
611 4280 736 4336 quo,
773 4265 859 4321 vel
895 4266 1130 4322 maxime
1154 4274 1210 4321 et
1234 4266 1485 4337 baptismi
1513 4267 1732 4322 donatio
1759 4266 1988 4321 multum
2016 4280 2153 4345 sus-3

552 4358 878 4432 cipientibus
936 4358 1063 4415 illud
1122 4365 1300 4429 potest
1369 4357 1620 4413 conferre
1681 4358 1956 4428 juvamen.
2025 4356 2136 4413 Nec

555 4466 709 4522 aquae
730 4460 1004 4518 naturam,
1034 4449 1129 4506 sed
1151 4448 1561 4519 suscipientium
1584 4447 1705 4504 ﬁdei
1728 4450 2024 4519 perlectam
2039 4448 2135 4505 Dei

555 4543 936 4600 liberalitatem
976 4542 1030 4595 in
1056 4541 1324 4611 baptisma
1353 4541 1628 4598 attrahere
1653 4540 1809 4598 solet.
1853 4542 2137 4600 Videamus

2236 3340 2407 3396 multa
2452 3340 2596 3395 enim
2633 3340 2816 3397 facere
2860 3340 3087 3412 impellit
3136 3353 3213 3397 ex
3246 3341 3351 3397 illis
3389 3353 3498 3411 quae
3530 3336 3625 3393 ﬁeri
3658 3347 3731 3387 non

2235 3433 2583 3489 conveniunt.
2643 3451 2662 3483 ι
2701 3433 2930 3488 Domum
2976 3431 3116 3489 bene
3163 3440 3452 3505 regentem.
3498 3451 3515 3483 ι
3558 3426 3648 3484 Hoc
3679 3430 3737 3478 est

2237 3525 2639 3596 dispensantem
2682 3531 2739 3579 et
2771 3523 3107 3595 diligentiam
3163 3526 3526 3587 adhibentem,
3570 3516 3733 3586 denique

2236 3626 2291 3674 et
2318 3618 2492 3690 ipsum
2522 3618 2765 3690 regimen
2795 3618 3085 3673 ostendens
3114 3619 3252 3689 quid
3278 3617 3405 3674 dicit
3426 3614 3611 3687 adjecit,
3641 3608 3734 3663 ﬁlios

2236 3710 2526 3787 habentem
2555 3709 2611 3764 in
2638 3709 2995 3780 subiectione,
3026 3726 3149 3766 cum
3182 3711 3329 3766 omni
3352 3706 3601 3782 pudicitia,
3622 3698 3734 3757 Μὴ

2235 3811 2631 3876 consequenter
2680 3804 2885 3876 adjicit.
2941 3823 2961 3856 ί
2998 3803 3057 3860 Si
3104 3805 3233 3875 quis
3274 3811 3449 3860 autem
3481 3795 3631 3857 domui
3656 3805 3732 3849 sua

2236 3912 2472 3970 Praeesse
2512 3897 2707 3960 nescit,
2739 3898 3012 3968 quomodo
3055 3897 3316 3954 Ecclesiae
3360 3895 3451 3951 Dei
3485 3884 3737 3960 diligentias:

2236 3990 2496 4047 habebit?
2531 3987 2635 4057 Qui
2660 4003 2787 4045 suos
2812 3988 3200 4045 convenienter
3226 4003 3411 4061 regere
3434 3982 3599 4045 nescit,
3621 3972 3738 4031 multo

2237 4081 2411 4154 magis
2440 4079 2739 4136 Ecclesiam
2789 4092 2978 4151 regere
3003 4079 3088 4136 vel
3114 4078 3317 4137 docere
3359 4076 3558 4136 minime
3580 4064 3736 4141 poterit.

2238 4165 2376 4221 Nam
2410 4164 2555 4235 quod
2587 4164 2747 4232 dixit,
2780 4183 2799 4216 t
2838 4163 2979 4220 ﬁlios
3005 4164 3301 4221 habentem
3336 4165 3388 4220 in
3417 4155 3735 4229 subiectione,»

2236 4271 2346 4311 non
2377 4255 2443 4310 de
2471 4254 2698 4311 arbitrio
2734 4254 2969 4311 ﬁliorum
2996 4254 3149 4323 dicit,
3178 4257 3274 4313 sed
3321 4255 3385 4311 de
3426 4250 3576 4325 patris
3599 4239 3740 4301 sollicio

2241 4347 2447 4412 tudine,
2486 4346 2562 4400 ita
2600 4356 2659 4401 ut
2699 4346 2813 4416 ipse
2854 4345 3123 4403 acceleret
3158 4347 3353 4419 pudice
3385 4358 3472 4401 eos
3509 4336 3737 4429 instituere.

2238 4447 2293 4495 et
2319 4438 2565 4495 subditos
2609 4452 2704 4493 eos
2742 4438 2945 4493 habere
2983 4438 3418 4509 obtemperantes
3458 4432 3568 4496 sibi,
3594 4428 3635 4481 in
3660 4428 3740 4490 qm-

2239 4529 2345 4584 bus
2384 4527 2451 4583 de
2493 4526 2940 4583 convenientibus
2966 4527 3062 4583 dat
3088 4526 3195 4584 illis
3230 4526 3520 4587 consilium,
3545 4519 3585 4575 si
3614 4520 3741 4569 autem

557 4647 737 4694 autem
762 4648 818 4692 et
844 4645 1040 4693 caetera
1063 4600 1185 4708 quae
1213 4636 1281 4693 de
1304 4637 1558 4709 episcopo
1582 4637 1749 4694 dicit:
1779 4656 1799 4690 ι
1825 4637 2125 4694 δοὺτὴιω.»

2240 4620 2414 4693 patris
2439 4620 2533 4677 tali
2581 4620 2851 4677 existente
2881 4621 3129 4691 arbitrio
3154 4620 3251 4677 ﬁlii
3291 4621 3345 4677 in
3374 4615 3588 4675 deterius
3622 4600 3742 4709 peri-

555 4729 636 4785 Ita
682 4736 743 4783 ut
787 4743 914 4784 cum
971 4728 1332 4786 sollicitudine
1369 4730 1662 4801 prospiciat
1701 4729 1793 4786 illa
1851 4747 1972 4803 qua:
2021 4731 2138 4802 geri

560 4821 906 4879 conveniunt.
963 4839 982 4873 ι
1013 4820 1293 4879 Pudicum.
1333 4843 1353 4876 ι
1415 4819 1752 4889 Necessario,
1797 4837 1864 4878 eo
1902 4824 2049 4893 quod
2082 4822 2139 4879 in

559 4927 847 4971 commune
881 4922 937 4968 et
968 4913 1208 4970 virorum
1242 4922 1299 4971 et
1328 4913 1615 4971 mulierum
1659 4915 2007 4971 constituitur
2039 4916 2139 4971 do-

561 5013 701 5063 ctor.
756 5022 777 5056 ι
811 5002 1093 5061 Ornatum.
1136 5024 1154 5057 ι
1211 5005 1655 5073 Conversatione,
1712 5014 1883 5072 motu,
1932 5006 2138 5077 Specie,

560 5109 660 5167 per
698 5095 881 5151 omnia
916 5096 1154 5152 ostendit
1191 5096 1405 5168 qualem
1450 5097 1735 5153 conveniat
1778 5112 1898 5153 esse
1919 5097 2135 5168 episco-

567 5198 716 5256 pum.
757 5202 778 5235 ε
805 5183 1155 5255 Hospitalem.
1185 5206 1204 5239 ι
1236 5185 1533 5244 Conveniat
1558 5202 1676 5244 esse
1700 5188 2012 5260 episcOpum
2042 5187 2141 5244 ho-

568 5275 837 5347 spitalem,
867 5291 974 5333 non
1004 5275 1247 5333 absolute
1288 5277 1392 5333 dici
1436 5279 1843 5351 peregrinorum
1872 5268 2147 5348 omnium,

570 5368 665 5425 sed
700 5368 915 5424 illorum
942 5369 1036 5439 qui
1064 5367 1306 5440 ejusdem
1333 5367 1458 5425 ﬁdei
1501 5380 1647 5437 sunt,
1674 5385 1811 5441 quos
1845 5380 2004 5427 notos
2044 5387 2144 5428 ex—

569 5468 775 5517 stantes
818 5458 921 5516 sibi
967 5468 1029 5515 ut
1070 5474 1197 5516 suos
1242 5461 1518 5532 suscipere
1566 5462 1723 5518 debet
1763 5476 1885 5518 cum
1931 5479 2142 5520 summa

569 5551 863 5625 diligentia.
898 5572 917 5604 ι
949 5550 1265 5608 Docibilem.
1303 5570 1324 5604 ι
1374 5550 1490 5608 Hoc
1516 5553 1635 5621 ejus
1671 5568 1825 5624 opus,
1864 5563 1926 5609 ut
1954 5556 2147 5612 doceat

570 5643 840 5711 homines,
890 5653 946 5700 et
988 5644 1243 5699 virtutem
1288 5650 1345 5698 et
1391 5644 1687 5713 pietatem;
1726 5644 1773 5701 si
1811 5654 1991 5701 autem
2041 5646 2145 5702 ista

573 5731 769 5788 docere
813 5732 1087 5799 nescierit,
1136 5732 1388 5804 ignorare
1420 5733 1631 5787 videtur
1658 5733 1811 5800 illud,
1851 5734 1993 5804 quod
2021 5750 2148 5805 pro-

573 5819 754 5877 ﬁtetur
777 5823 1020 5893 educere,
1050 5822 1146 5878 sed
1173 5837 1282 5879 non
1309 5821 1481 5879 solum
1509 5822 1658 5879 illum
1686 5823 1818 5879 dicit
1836 5823 2144 5891 docibilem,

2241 4691 2385 4769 stere
2432 4711 2724 4777 voluerint,
2770 4711 2983 4767 arbitrii
3034 4712 3119 4768 sui
3163 4712 3449 4783 pravitate,
3496 4718 3588 4761 non
3622 4691 3742 4768 [Wis

2242 4803 2400 4873 culpa
2427 4809 2533 4869 est,
2557 4817 2624 4858 eo
2646 4802 2789 4872 quod
2831 4803 2898 4858 ad
2923 4818 3165 4874 praesens
3195 4804 3261 4859 de
3287 4800 3401 4872 ejus
3438 4790 3669 4870 proposito
3689 4783 3742 4837 lo-

2243 4897 2445 4967 quitur,
2477 4895 2553 4950 ita
2576 4902 2640 4950 ut
2668 4910 2798 4967 erga
2850 4910 2978 4952 suos
3003 4895 3421 4952 sollicitudinem
3449 4882 3686 4959 emendato
3704 4878 3743 4925 υί

2243 5001 2368 5043 cum
2389 4984 2653 5041 modestia
2679 4993 2732 5041 et
2761 4985 3047 5056 disciplina
3066 4994 3123 5041 et
3139 4985 3402 5058 gravitate
3424 4978 3737 5058 instituantur:

2244 5089 2314 5131 ex
2338 5076 2444 5132 hoc
2470 5074 2684 5131 ostendi
2734 5085 2931 5147 potest,
2964 5055 3219 5148 quoniam
3243 5076 3429 5132 eodem
3473 5069 3610 5127 modo
3630 5068 3672 5117 et
3692 5055 3739 5158 de

2247 5168 2495 5223 omnibus
2524 5168 2630 5223 erit
2653 5168 2934 5225 sollicitus.
2969 5168 3107 5225 Nam
3131 5179 3186 5227 et
3210 5169 3303 5225 ﬁlii
3334 5162 3578 5225 Samuelis
3594 5164 3743 5229 persp"

2249 5263 2465 5319 ciuntur
2490 5262 2635 5333 quod
2664 5277 2851 5319 amore
2893 5265 3136 5335 pecuniae
3161 5261 3484 5336 perdiderint
3520 5247 3741 5336 justitiam.

2249 5362 2305 5408 et
2349 5368 2457 5408 non
2482 5353 2670 5423 utique
2700 5352 3006 5409 Samuelem
3049 5354 3359 5411 incusamus
3385 5349 3451 5406 ob
3476 5354 3636 5402 eorum
3669 5330 3742 5387 |ale

2246 5444 2609 5516 propositum.
2662 5463 2682 5497 ι
2715 5443 2834 5501 Non
2855 5446 3206 5518 neopbytum,
3230 5452 3291 5499 ut
3324 5458 3392 5499 ne
3423 5441 3473 5497 in
3499 5427 3740 5518 superbiam

2250 5535 2422 5591 elatus
2470 5551 2525 5591 ιιι
2568 5533 2832 5604 judicium
2876 5517 3079 5593 incidat
3120 5535 3333 5592 diaboli.
3381 5553 3399 5587 ι
3448 5526 3594 5586 Valde
3632 5517 3741 5604 [λιφε

2249 5625 2464 5697 quidem
2495 5601 2597 5680 hoc
2626 5625 2682 5680 in
2726 5626 2845 5683 loco
2882 5627 3330 5684 existimaverunt
3368 5621 3657 5692 necphytuni
3684 5601 3742 5697 dif

2249 5694 2373 5769 cere
2416 5713 2729 5782 Apostolum
2788 5714 2959 5781 illum,
3008 5717 3096 5786 qui
3157 5712 3440 5772 secundum
3477 5710 3655 5786 aetatem

2244 5779 2479 5876 juvenis.
2522 5821 2660 5875 quos
2707 5779 3063 5863 conveniebat
3106 5809 3287 5864 etiam.
3327 5803 3425 5859 etsi
3461 5794 3581 5853 nihil
3616 5779 3739 5843 διὶυάο
