3992 6338
478 427 586 484 603

1114 425 1178 482 Β.
1218 423 1472 481 MBAN!
1510 422 1726 480 MAU'RI
1766 422 2083 479 ARCHIEP.
2123 421 2432 479 MOGUNT.
2473 423 2759 482 OPERUM
2797 425 2979 482 PARS
3011 425 3100 482 Ill.

3631 433 3739 487 605

477 556 600 598 rum
635 538 968 612 perpendere
1004 537 1212 605 volunt,
1244 538 1343 594 sed
1380 537 1642 608 plurimos
1683 536 1737 591 in
1775 537 2056 606 episcopa-
2083 540 2137 600 Α
2160 535 2412 590 ordinare
2454 535 2668 605 adjicit,
2710 555 2728 587 I
2755 544 2970 606 oportet
3007 536 3320 607 episcopum
3352 539 3742 608 irreprebensi-

480 640 592 687 tum
633 630 958 701 producunt,
1017 644 1118 685 nec
1165 630 1332 685 vitam
1381 644 1570 685 eorum
1621 628 1923 697 antiquam,
1955 644 2056 684 nec

477 721 814 792 propositum
841 721 1095 778 examine
1124 723 1436 786 suadentes,
1464 719 1560 776 sed
1595 720 1662 775 ad
1690 720 2058 778 defensionem

481 829 638 870 suam
679 815 783 870 hoc
824 813 1002 870 solum
1029 812 1332 884 proferunt,
1369 814 1513 882 quod
1549 822 1643 869 aut
1680 829 1852 884 nuper
1886 815 2061 871 credi-

479 905 654 970 derit,
703 912 798 960 aut
839 919 1011 976 nuper
1053 903 1124 960 sit
1169 904 1489 973 baptizatus,
1544 905 1640 962 sed
1685 906 1732 960 si
1782 906 1904 975 quis
1937 905 2061 960 ‘vult

481 996 838 1052 dili‘erentiam
867 1011 1252 1067 recognoscere
1277 996 1442 1060 illam,
1473 1012 1594 1067 qua:
1622 997 1762 1051 inter
1791 997 1943 1052 Pauli
1967 997 2061 1052 de-

479 1098 649 1153 creta,
693 1089 938 1158 interque
989 1089 1183 1144 borum
1224 1090 1453 1144 habetur
1490 1090 1854 1159 prudentiam,
1883 1091 2061 1146 inten-

480 1183 571 1238 dat
598 1198 812 1248 causas,
839 1183 912 1239 ob
931 1197 1070 1253 quas
1091 1198 1198 1238 non
1224 1183 1301 1238 sic
1329 1171 1448 1237 fieri
1477 1191 1728 1252 oportere
1753 1182 1952 1238 Paulus
1979 1184 2060 1238 in-

485 1276 706 1340 struxit,
737 1283 796 1330 et
833 1284 964 1332 tunc
1006 1277 1296 1346 perspiciet
1335 1276 1536 1332 decreti
1576 1276 1693 1346 ejus
1737 1277 2058 1343 utilitatem;

477 1370 754 1423 examinet
797 1381 927 1424 vero
945 1366 1058 1435 jam
1109 1368 1241 1438 ipsis
1277 1369 1531 1437 negotiis,
1573 1377 1628 1423 et
1669 1369 1982 1438 perspiciat,
2013 1369 2060 1424 si

475 1475 584 1516 non
617 1465 684 1515 de
714 1460 820 1516 illis
847 1460 938 1530 qui
986 1459 1090 1515 hoc
1135 1460 1295 1515 modo
1344 1459 1474 1516 facti
1520 1469 1644 1514 sunt
1679 1461 1938 1531 episcopi,
1969 1469 2062 1515 aut

473 1565 664 1606 omnes
705 1564 898 1605 causas
941 1549 1076 1605 istas
1121 1549 1383 1614 inveniet,
1431 1559 1526 1604 aut
1570 1550 1760 1604 saltem
1803 1565 1966 1604 unam
1991 1566 2059 1605 ex

473 1640 581 1696 illis
651 1641 905 1711 reperiet,
953 1649 1046 1696 aut
1091 1641 1329 1696 inveniet
1375 1656 1470 1696 eos
1519 1641 1748 1696 elatione
1798 1641 2059 1695 immensa

474 1733 678 1798 extolli,
707 1734 778 1788 ita
805 1737 864 1788 ut
887 1749 984 1790 eos
1001 1734 1094 1804 qui
1124 1734 1177 1788 in
1205 1733 1449 1788 eamdem
1469 1744 1593 1789 sunt
1611 1734 1842 1805 gratiam
1873 1750 2059 1790 accer-

471 1830 584 1894 siti,
622 1843 723 1884 uec
751 1829 955 1884 similes
986 1828 1110 1891 sibi,
1143 1843 1243 1882 nec
1270 1828 1459 1895 dignos
1493 1842 1612 1881 esse
1640 1827 1972 1892 existiment,
2000 1835 2055 1882 et

473 1920 578 1976 hoc
608 1922 672 1976 de
710 1921 816 1975 illis
842 1920 936 1990 qui
975 1933 1191 1988 semper
1217 1918 1382 1973 vitam
1413 1934 1565 1974 suam
1609 1919 1803 1974 studiis
1838 1918 2058 1987 optimis

471 2013 896 2076 illustraverunt,
946 2019 1003 2066 et
1052 2027 1158 2066 non
1209 2011 1572 2066 discesserunt
1619 2010 1810 2065 abillo
1855 2011 2058 2080 optimo

470 2106 770 2176 proposito,
821 2104 965 2176 quod
1016 2103 1070 2158 in
1122 2104 1448 2158 anteriorem
1510 2102 1677 2158 vitam
1735 2103 2058 2172 expendisse

469 2197 809 2261 videbantur,
838 2205 894 2252 et
927 2195 1162 2250 maxime
1190 2195 1259 2250 ob
1287 2195 1638 2266 cupiditatem
1681 2195 2056 2265 pecuniarum,

470 2297 524 2342 et
552 2287 694 2358 quod
736 2288 886 2342 omni
923 2303 991 2342 ex
1023 2297 1176 2356 parte
1215 2287 1523 2342 coadunarc
1562 2295 1854 2356 preperent
1889 2301 2058 2356 pecu-

471 2382 609 2447 nias,
635 2381 679 2436 si
712 2389 891 2436 tamen
923 2395 1082 2436 antea
1115 2381 1250 2436 tales
1284 2380 1522 2446 fuerunt,
1559 2388 1653 2434 aut
1681 2389 1828 2434 certe
1862 2379 1932 2434 ab
1955 2379 2059 2434 illis

470 2469 562 2543 qui
625 2481 781 2528 extra
828 2473 1126 2528 Ecclesiam
1181 2481 1310 2528 sunt
1351 2472 1698 2542 improperiis
1753 2472 2056 2542 pulsentur,

473 2583 571 2639 pro
597 2567 794 2637 quibus
824 2576 951 2622 ante
989 2582 1097 2623 non
1127 2567 1355 2622 multum
1399 2567 1658 2637 temporis
1705 2553 1825 2620 cum
1853 2565 2057 2636 profes-

473 2657 644 2713 onis
677 2664 821 2712 esset
853 2657 994 2722 talis,
1025 2663 1116 2712 aut
1148 2657 1292 2723 talis,
1321 2655 1528 2712 nullum
1555 2655 1680 2710 vitae
1705 2671 1818 2711 sua:
1845 2655 1928 2710 vel
1976 2656 2060 2710 in-

475 2750 747 2822 tegritatis
786 2749 1155 2805 testioninm
1193 2748 1453 2806 habentes
1486 2748 1632 2818 quod
1659 2755 1881 2818 possent
1923 2745 2058 2801 talia

472 2857 674 2913 augere
711 2841 835 2897 aliis
858 2879 875 2907 ,
907 2849 964 2896 et
999 2841 1330 2913 diligentiam
1365 2839 1622 2896 adbibere
1652 2841 1732 2896 sui
1763 2840 2056 2910 propositi.

471 2932 708 2988 Evidens
747 2946 878 2988 vero
923 2931 1052 2986 illud
1094 2946 1161 2986 ex
1207 2932 1292 2988 bis
1331 2946 1452 3002 quae
1489 2947 1520 2986 a
1545 2931 1700 2986 nobis
1743 2938 1868 2985 ante
1916 2930 2058 2986 dicta

473 3035 621 3091 sunt,
649 3025 908 3095 quoniam
954 3024 1016 3080 Β.
1044 3025 1246 3080 Paulus
1269 3040 1416 3090 eum,
1445 3025 1537 3095 qui
1567 3025 1634 3079 de
1659 3039 1822 3096 prava
1852 3025 1962 3078 vita
1991 3023 2059 3078 ad

473 3116 759 3173 meliorem
783 3118 952 3172 vitam
983 3117 1217 3181 transiit,
1249 3124 1304 3171 et
1337 3131 1501 3186 opere
1529 3115 1644 3187 ipso
1669 3116 1793 3170 vitae
1821 3129 1934 3171 sum
1967 3115 2061 3171 do-

477 3221 734 3268 cumenta
777 3211 1098 3281 prmbuerit,
1135 3211 1188 3265 in
1219 3209 1658 3265 Ecclesiasticam
1697 3208 1892 3280 recipit
1936 3208 2059 3263 fun-

473 3307 731 3372 ctionem,
761 3319 871 3360 non
899 3304 972 3360 ob
1003 3305 1233 3376 primam
1268 3303 1732 3360 conversationem
1765 3303 2061 3372 rcprobans

473 3409 630 3462 eum,
683 3395 778 3450 sed
830 3409 930 3466 pro
979 3395 1214 3450 secunda
1269 3385 1491 3465 dignum
1548 3407 1668 3449 esse
1723 3393 2060 3449 existimans.

478 3486 615 3542 Nam
666 3487 816 3543 illum
847 3489 939 3559 qui
975 3487 1282 3558 huiusmodi
1329 3485 1513 3552 fuerit,
1557 3487 1864 3543 necessario
1909 3485 2062 3540 testi-

478 3577 724 3632 monium
774 3580 974 3634 bonum
1021 3577 1386 3648 subsequitur,
1443 3578 1514 3634 ob
1560 3578 1686 3632 vitae
1723 3575 1840 3645 ejus
1879 3589 2064 3631 corro-

479 3669 746 3735 ctionetn,
789 3671 915 3740 quia
952 3670 1006 3724 in
1041 3669 1236 3725 melius
1262 3684 1320 3724 se
1352 3678 1544 3740 sponte
1573 3668 1848 3723 transtulit
1877 3677 1931 3723 et
1966 3681 2066 3738 op-

478 3762 760 3834 probrium
805 3761 1050 3832 pristinae
1092 3762 1215 3816 vita:
1245 3775 1357 3816 sua:
1403 3776 1434 3814 a
1475 3776 1534 3816 se
1563 3760 1802 3831 dispulit.
1854 3759 1922 3814 Et
1959 3773 2064 3814 non

476 3862 562 3909 est
584 3853 1076 3924 pertimescendum
1132 3868 1202 3908 ne
1231 3852 1388 3909 facile
1437 3854 1623 3909 redeat
1674 3852 1921 3915 ulterius,
1968 3851 2065 3921 qui

369 3999 382 4014 ,
482 3944 710 4000 arbitrio
748 3959 848 4001 suo
889 3943 1082 4000 abillis
1110 3954 1302 4015 sponte
1320 3944 1600 4000 discedere
1641 3943 2063 4014 praabonoravit,

477 4036 742 4106 optimum
784 4049 906 4091 esse
946 4035 1268 4091 existimans
1321 4044 1384 4090 ut
1435 4033 1718 4090 meliorum
1764 4049 1907 4090 curae
1949 4043 2066 4089 stn-

483 4127 625 4192 deat,
675 4129 970 4184 secundum
1008 4129 1154 4184 hunc
1191 4129 1410 4183 modum
1456 4129 1619 4183 etiam
1665 4127 1728 4181 B.
1756 4127 2066 4182 Matthacum

482 4233 549 4272 ex
575 4216 863 4286 publicano
888 4217 1116 4274 electum
1145 4218 1310 4274 fuisse
1340 4219 1697 4283 inveniemus,
1730 4228 1786 4273 et
1809 4219 1980 4289 ipsum
2013 4217 2066 4271 in

481 4311 782 4382 apostolum
836 4309 1141 4367 invenimus
1185 4312 1479 4375 transisse,
1533 4329 1598 4366 eo
1648 4313 1792 4381 quod
1837 4311 2064 4382 pristina

482 4400 593 4456 vita
621 4415 811 4456 eorum
847 4400 1052 4456 nullum
1098 4401 1202 4456 illis
1230 4401 1414 4455 attulit
1461 4402 1926 4471 impedimentum,
1975 4399 2067 4470 qui

486 4495 589 4550 hoc
627 4493 862 4551 officium
913 4502 1214 4558 sumerent,
1238 4509 1305 4548 eo
1330 4493 1475 4562 quod
1517 4502 1573 4548 et
1602 4493 1842 4563 perfecto
1873 4493 2067 4548 all‘ectu

485 4589 770 4644 meliorum
810 4587 1005 4643 studiis
1038 4599 1098 4640 se
1122 4585 1544 4640 illustraverunt.
1580 4585 1844 4640 Diaconos
1871 4585 2065 4641 simili-

489 4686 592 4743 ter,
611 4680 866 4748 opinatur
885 4675 1132 4746 quisquis
1154 4691 1311 4731 usum
1335 4677 1636 4732 divinarum
1665 4675 2068 4746 Scripturarum

487 4768 719 4839 ignorat,
748 4767 962 4821 beatum
998 4766 1220 4822 Paulum
1266 4767 1611 4840 presbyteros
1640 4768 2070 4838 pr.etermisisse,

491 4859 585 4914 sed
624 4874 730 4914 non
775 4859 848 4913 ita
887 4874 946 4914 se
980 4874 1067 4915 res
1099 4859 1266 4915 habet
1315 4877 1328 4913 :
1377 4859 1468 4914 illa
1508 4860 1651 4914 enim
1692 4875 1812 4930 qua;
1850 4861 1916 4915 de
1954 4861 2072 4930 epi-

485 4964 654 5020 scopo
684 4951 738 5006 in
770 4952 1130 5008 anterioribus
1158 4953 1315 5017 dixit,
1333 4953 1498 5006 etiam
1519 4960 1574 5006 et
1596 4951 1784 5006 deiilis
1799 4952 1953 5017 dicit,
1976 4951 2067 5020 qui

488 5056 632 5097 nunc
679 5043 1026 5097 nominantur
1051 5043 1370 5114 presbyteri,
1401 5057 1467 5098 eo
1496 5043 1639 5113 quod
1668 5043 1903 5112 antiquis
1935 5050 2069 5096 tem-

484 5133 706 5204 poribus
731 5135 974 5205 utrisque
1003 5137 1087 5191 his
1113 5136 1421 5191 nominibus
1445 5146 1708 5191 vocantur
1734 5135 2064 5205 presbyteri,

481 5235 539 5282 et
578 5227 678 5282 hoc
720 5227 1043 5282 notabamus
1084 5228 1148 5282 de
1190 5225 1623 5297 Pbilippensibus
1666 5225 1972 5281 scribentes
2013 5225 2067 5280 in

481 5335 546 5374 ea
579 5320 823 5390 epistola,
853 5335 973 5375 cum
1004 5321 1246 5375 scribens
1275 5319 1564 5390 Apostolus
1592 5319 1846 5389 cmpisset
1882 5325 1938 5372 et
1977 5333 2068 5373 co-

487 5413 756 5484 episcopis
787 5423 843 5468 et
876 5429 998 5469 cum
1033 5413 1272 5470 diaconis
1311 5414 1474 5478 dixit,
1519 5413 1741 5468 evidens
1786 5413 1911 5483 quia
1960 5427 2067 5467 non

483 5513 604 5561 erat
635 5506 886 5577 possibile
925 5514 988 5561 ut
1031 5505 1181 5560 multi
1221 5513 1402 5560 essent
1442 5504 1677 5574 episcopi
1717 5505 1770 5558 in
1803 5519 1910 5559 una
1938 5504 2072 5560 civi-

488 5603 620 5651 tate.
653 5596 840 5652 Melius
885 5605 1064 5652 autem
1102 5597 1222 5666 quis
1259 5611 1586 5666 cognoscere
1616 5596 1740 5651 illud
1777 5597 1976 5667 poterit
2002 5612 2070 5652 ex

486 5687 594 5744 illis
619 5704 739 5758 qua:
767 5689 832 5742 ad
863 5688 1044 5743 Titum
1077 5688 1293 5758 scripsit
1337 5688 1654 5757 Apostolus;
1699 5689 1834 5744 dixit
1867 5687 2070 5745 etenim

491 5795 512 5832 ι
545 5786 603 5832 ιιι
639 5779 940 5834 constituas
992 5794 1088 5850 per
1131 5778 1367 5849 singulas
1407 5778 1654 5834 civitates
1698 5780 2065 5852 presbyteros,

487 5868 632 5928 sicut
657 5885 758 5942 ego
799 5871 896 5929 tibi
935 5871 1195 5947 praecepi,
1221 5889 1240 5925 ι
1282 5878 1340 5929 et
1377 5869 1565 5929 dicens
1607 5869 1798 5943 quales
1837 5871 2072 5930 debeant

2157 627 2319 683 bilem
2357 642 2480 684 esse
2523 628 2664 684 sicut
2703 629 2798 683 Dei
2838 630 3261 698 dispensatorem
3305 631 3432 702 (Tit.
3465 633 3532 703 l).
3558 653 3576 685 ι
3605 634 3744 693 Cum

2159 718 2473 772 convenerit
2498 718 2684 788 utique
2710 719 2784 774 illi
2801 760 2816 783 ,
2846 729 2904 774 ut
2933 721 3310 792 presbyterum
3335 739 3460 778 eum
3487 722 3738 782 diceret:

2159 812 2252 868 sed
2292 811 2569 876 evidenter
2597 819 2651 867 et
2695 813 3008 884 episcopum
3043 822 3100 870 et
3138 816 3518 887 presbyterum
3562 820 3741 875 nomi-

2159 904 2340 970 navit;
2365 919 2486 972 quaa
2522 913 2700 958 autem
2729 905 2798 960 sit
2836 921 3000 961 causa
3027 922 3134 961 non
3177 914 3260 962 est
3289 905 3499 976 justum
3526 923 3647 964 eam
3675 910 3751 965 si-

2159 996 2328 1052 lentio
2351 998 2647 1067 praeterire,
2688 999 2753 1054 ob
2800 999 2945 1054 illam
2971 1000 3404 1058 immutationem
3434 1006 3742 1070 nominum,

2157 1104 2280 1158 quae
2310 1090 2375 1144 ad
2412 1105 2652 1159 praesens
2675 1106 2795 1146 esse
2818 1093 3048 1158 videtur,
3089 1103 3148 1149 et
3182 1109 3287 1165 qua
3315 1109 3382 1151 ex
3426 1113 3596 1152 causa
3633 1099 3748 1154 dis-

2159 1189 2310 1236 creta
2348 1191 2473 1236 sunt
2516 1199 2614 1238 nec
2659 1198 2801 1239 nunc
2863 1185 3082 1240 nomina
3128 1196 3183 1242 et
3233 1201 3408 1258 neque
3455 1191 3749 1260 episcopus

2160 1273 2266 1328 dici
2304 1281 2476 1344 potest
2513 1275 2817 1346 presbyter,
2848 1291 3020 1345 neque
3051 1279 3336 1349 presbyter
3362 1295 3606 1348 unquam
3637 1282 3749 1350 epi-

2161 1365 2310 1435 scopi
2357 1366 2808 1436 nuncupationem
2847 1369 3046 1436 poterit
3081 1368 3183 1423 sibi
3227 1370 3510 1426 vindicare
3547 1387 3750 1441 usque-

2161 1459 2288 1512 dum
2327 1456 2608 1530 presbyter
2631 1474 2751 1514 esse
2796 1461 2956 1515 sistit.
2999 1461 3250 1532 Antiquis
3286 1464 3492 1518 etenim
3538 1473 3754 1534 tempo-

2162 1548 2313 1603 ribus
2351 1550 2565 1618 quando
2594 1550 2780 1619 pietati
2809 1552 3097 1606 studebant
3139 1552 3464 1624 presbyteri,
3501 1556 3656 1609 omni
3703 1556 3752 1609 in
3785 1539 3798 1552 ⁴

2160 1637 2284 1692 loco
2327 1639 2735 1705 ordinabuntur,
2779 1641 2880 1695 boc
2921 1640 3140 1711 quidem
3170 1657 3366 1697 nomen
3410 1646 3756 1713 contempla-

2163 1729 2327 1786 tionis
2377 1730 2597 1785 bonoris
2650 1732 3004 1800 accipientes,
3055 1733 3195 1788 sicut
3238 1744 3292 1790 et
3337 1737 3478 1804 apud
3533 1735 3754 1792 Judueos

2165 1822 2464 1893 presbyteri
2508 1821 2847 1888 dicebautur,
2879 1825 2970 1893 qui
3019 1825 3216 1895 populo
3243 1837 3540 1896 praeerant.
3572 1825 3753 1882 Voca-

2090 1904 2134 1962 B
2164 1913 2364 1968 bantur
2399 1922 2579 1968 autem
2611 1924 2666 1969 et
2701 1915 2938 1985 episcopi
2970 1917 3148 1972 abillo
3172 1933 3355 1988 opere,
3389 1920 3536 1988 quod
3569 1930 3628 1976 et
3653 1922 3755 1976 im-

2158 2006 2307 2076 plere
2342 2007 2683 2073 videbantur,
2727 2024 2792 2063 eo
2831 2011 2975 2080 quod
3017 2013 3364 2071 considerare
3407 2029 3594 2068 omnia
3636 2032 3756 2084 qua:

2157 2099 2224 2151 ad
2248 2097 2446 2153 cultum
2469 2100 2738 2170 pertinent
2763 2102 2980 2171 pietatis
3003 2103 3218 2160 fuerant
3237 2106 3519 2160 constituti
3549 2125 3563 2160 :
3589 2108 3670 2162 ita
3701 2120 3753 2163 ut

2157 2193 2532 2247 universorum
2582 2194 3042 2264 dispensationem
3085 2199 3752 2256 haberenteommissam.

2158 2283 2294 2340 Nam
2337 2294 2393 2340 et
2429 2284 2721 2355 perfectam
2763 2289 3216 2359 dispensationem
3263 2301 3317 2346 et
3361 2294 3750 2349 auctoritatem.

2159 2376 2512 2432 ecclesiastici
2560 2379 2844 2433 ministerii
2895 2381 2994 2449 ipsi
3027 2389 3154 2436 tunc
3181 2383 3530 2437 commissam
3574 2385 3750 2438 habe-

2160 2467 2312 2533 bant,
2341 2476 2398 2522 et
2424 2469 2606 2522 omnia
2632 2471 2956 2541 regebantur
2999 2487 3098 2542 pro
3121 2488 3308 2529 eorum
3339 2476 3600 2530 arbitrio.
3647 2474 3756 2529 Hoc

2158 2567 2337 2615 autem
2366 2562 2568 2631 poterit
2597 2564 2718 2632 quis
2763 2574 2817 2618 et
2860 2580 2889 2618 a
2927 2565 3067 2620 Luca
3115 2567 3326 2622 discere
3371 2567 3754 2628 manifestius,

2159 2652 2250 2722 qui
2280 2653 2333 2706 in
2357 2653 2578 2708 Actibus
2607 2655 2971 2724 apostolorum
2998 2657 3142 2728 (Act.
3167 2657 3224 2730 x)
3252 2657 3397 2713 inter
3425 2671 3632 2713 cetera
3667 2659 3752 2713 di-

2158 2744 2234 2798 cit
2271 2745 2482 2799 misisse
2511 2744 2735 2800 Paulum
2761 2747 2976 2818 Ephesi,
3018 2757 3071 2803 et
3094 2763 3353 2804 evocasse
3399 2752 3758 2821 presbyteros

2161 2837 2231 2892 ad
2269 2853 2344 2901 se,
2376 2838 2530 2908 cujus
2569 2839 2731 2893 etiam
2763 2849 2818 2895 et
2855 2843 3285 2897 exhortationem
3327 2842 3392 2897 ad
3427 2860 3525 2897 eos
3557 2843 3756 2898 factam

2159 2929 2408 2999 exponit,
2437 2929 2562 3000 quia
2611 2931 2801 2986 iisdem
2853 2933 3262 2988 advenientibus
3293 2933 3488 2988 fecisse
3511 2935 3756 2999 videtur,

2162 3019 2217 3074 in
2255 3019 2451 3089 quibus
2494 3020 2694 3076 Paulus
2731 3022 2802 3076 ita
2833 3022 3092 3078 disserit:
3132 3041 3151 3075 ι
3190 3024 3469 3080 Attendite
3502 3025 3670 3080 vobis
3710 3036 3760 3080 et

2161 3112 2308 3166 omni
2343 3112 2489 3181 gregi
2536 3113 2589 3166 in
2619 3128 2726 3182 quo
2752 3129 2848 3168 vos
2877 3113 3116 3185 Spiritus
3143 3124 3366 3172 sanctus
3396 3119 3587 3186 posuit
3637 3118 3756 3186 epi-

2163 3219 2357 3274 scopos
2405 3202 2472 3257 ad
2519 3206 2809 3275 regendam
2846 3206 3140 3261 Ecclesium
3173 3207 3288 3262 Dei.
3327 3227 3349 3260 ι
3385 3207 3630 3264 Evidens
3679 3217 3757 3262 est

2166 3297 2290 3367 quia
2323 3285 2460 3366 quos
2497 3297 2612 3367 ipse
2643 3299 2942 3352 nominavit
2979 3301 3342 3371 presbyteros,
3377 3300 3476 3355 bos
3522 3315 3556 3356 ι
3587 3300 3760 3356 Paulo

2164 3389 2448 3460 episcopos
2496 3391 2788 3445 accersitos
2825 3392 3188 3456 denuntiavit,
3240 3391 3294 3446 bi
3321 3406 3453 3448 vero
3479 3394 3578 3464 qui
3606 3397 3758 3450 ordi-

2166 3483 2402 3538 nationis
2443 3498 2589 3537 nunc
2619 3485 2819 3540 habent
2846 3493 3190 3554 potestatem,
3235 3485 3327 3556 qui
3377 3499 3527 3540 nunc
3578 3488 3760 3542 nomi-

2167 3583 2368 3631 nantur
2420 3576 2658 3647 episcopi
2683 3617 2699 3644 ,
2762 3593 2870 3634 non
2924 3577 3084 3646 hujus
3128 3577 3378 3634 ecclesia
3421 3578 3761 3634 creabantur

2165 3669 2422 3740 episcopi,
2447 3669 2540 3724 sed
2559 3669 2866 3739 provincias
2892 3670 3147 3740 integras,
3163 3679 3220 3725 ct
3241 3671 3294 3724 in
3319 3678 3570 3740 tempore
3602 3686 3760 3742 rege-

2167 3762 2320 3827 bant,
2360 3760 2725 3830 apostolorum
2773 3761 2989 3816 nomine
3027 3763 3338 3832 nuncupati,
3373 3761 3453 3817 sic
3483 3762 3761 3817 universa:

2167 3854 2308 3908 Asiae
2338 3853 2680 3908 Timotheum
2711 3854 3005 3923 praeposuit
3028 3853 3221 3910 beatus
3240 3854 3461 3920 Paulus,
3494 3862 3550 3909 et
3583 3853 3762 3910 Creta:

2168 3949 2368 4004 Titum.
2423 3949 2659 4004 Evidens
2713 3958 2891 4003 autem
2945 3959 3030 4005 est
3083 3951 3335 4020 quoniam
3379 3958 3435 4006 et
3473 3950 3611 4005 alios
3639 3951 3762 4005 aliis

2167 4043 2459 4114 provinciis
2502 4058 2599 4114 per
2637 4051 2822 4112 partes
2851 4043 3032 4098 itidem
3063 4045 3376 4115 praeposuit,
3408 4045 3481 4100 ita
3509 4053 3568 4098 et
3598 4057 3764 4099 uns-

2169 4135 2395 4204 quisque
2426 4149 2613 4189 eorum
2647 4133 2868 4204 integrae
2891 4135 3182 4204 provinciae
3226 4134 3646 4191 sollicitudinem
3683 4136 3762 4189 in-

2169 4226 2362 4296 deptus
2389 4234 2730 4296 percurreret
2762 4225 3020 4281 ecclesias
3063 4227 3366 4291 universas,
3394 4236 3448 4281 et
3476 4227 3541 4280 ad
3579 4227 3760 4280 eccle-

2169 4318 2443 4373 siasticam
2470 4317 2818 4382 functionem,
2843 4318 2932 4372 ubi
2956 4319 3176 4372 deerant
3194 4317 3397 4381 clerici,
3414 4317 3760 4381 ordinarunt,

2169 4419 2225 4464 et
2247 4425 2581 4479 quaecunque
2623 4425 2806 4465 causae
2851 4410 3000 4464 dune
3042 4410 3182 4479 apud
3231 4409 3350 4464 illos
3400 4409 3759 4471 accedebant,

2169 4499 2535 4555 dissolvebant
2561 4541 2576 4566 ,
2620 4513 2715 4555 eos
2754 4498 2911 4553 simul
2960 4506 3018 4553 et
3062 4499 3230 4552 verbo
3275 4496 3536 4552 doctrinae
3588 4498 3764 4551 corri-

2095 4625 2146 4688 D
2176 4605 2329 4661 gens,
2370 4603 2464 4643 eos
2502 4597 2558 4643 et
2599 4589 2888 4644 durissima
2925 4596 3270 4659 peccatorum
3321 4588 3514 4642 delicta
3569 4601 3763 4657 repro-

2169 4681 2373 4752 pitians
2418 4681 2596 4745 Deus,
2659 4680 2954 4735 dissolvere
3013 4693 3112 4750 per
3169 4679 3402 4751 gratiam
3452 4679 3762 4742 videbatur,

2171 4771 2238 4825 ad
2281 4771 2497 4839 plenum
2540 4770 2704 4824 etiam
2757 4770 2936 4824 ninnia
2983 4769 3192 4826 faciens
3233 4769 3353 4835 illa,
3398 4783 3518 4840 quze
3567 4783 3767 4823 conre-

2172 4861 2354 4915 niebat
2398 4859 2578 4916 facere
2621 4875 2776 4925 eum,
2848 4862 2938 4930 qui
2987 4862 3310 4932 przepositus
3353 4861 3494 4915 idem
3539 4860 3612 4914 ad
3663 4861 3766 4914 hoc

2173 4951 2367 5008 fuerat.
2441 4951 2574 5007 Nam
2622 4963 2678 5007 et
2723 4953 2988 5008 universae
3039 4954 3286 5009 civitates
3345 4961 3474 5007 tunc
3539 4951 3769 5021 presby—

2173 5053 2319 5100 teros
2344 5084 2358 5108 ,
2397 5052 2456 5099 ut
2481 5043 2609 5122 .ᾱίιί
2639 5083 2654 5107 ,
2696 5045 2966 5100 habebant
2991 5085 3005 5110 ,
3048 5045 3140 5115 qui
3188 5059 3317 5100 suas
3351 5044 3612 5099 ecclesias
3651 5045 3763 5098 sin-

2171 5136 2317 5207 guli:
2367 5135 2457 5206 qui
2491 5151 2618 5190 vero
2657 5151 2799 5190 nunc
2837 5137 3074 5207 episcopi
3109 5137 3494 5199 nominantur,
3529 5135 3606 5190 illi
3637 5144 3764 5190 tunc

2172 5228 2397 5298 apostoli
2426 5229 2760 5282 dicebautur.
2796 5228 3060 5296 Quoniam
3091 5244 3222 5284 vero
3243 5244 3342 5300 per
3361 5228 3602 5298 singulas
3627 5227 3762 5281 ciri-

2173 5327 2312 5374 tatcs
2333 5325 2426 5372 aut
2453 5319 2844 5388 possessiones,
2869 5319 2958 5388 qui
2987 5319 3385 5374 ordinationem
3417 5319 3763 5388 episcopatus

2175 5418 2544 5480 susceperunt,
2579 5419 2636 5466 tt
2674 5417 2801 5466 tunc
2837 5411 3052 5481 quidem
3085 5410 3188 5466 hoc
3224 5410 3384 5466 modo
3407 5409 3647 5466 ecclesia:
3675 5423 3764 5462 re-

2175 5503 2479 5573 gebantur;
2519 5503 2774 5572 qumiam
2811 5517 2941 5558 vero
2971 5502 3144 5572 pietas
3184 5502 3574 5557 incrementum
3616 5513 3762 5553 sum-

2172 5595 2344 5665 psisse
2357 5596 2658 5660 videtur,et
2684 5595 2898 5666 repleta:
2920 5604 3046 5651 sunt
3067 5610 3172 5650 non
3195 5595 3356 5649 modo
3375 5593 3626 5649 civitates
3643 5604 3762 5644 cre-

2172 5687 2435 5752 dentium,
2477 5688 2569 5743 sed
2605 5689 2871 5759 regiones.
2920 5687 3104 5743 Bestis
3140 5702 3271 5743 vero
3313 5686 3570 5757 apostolis
3597 5685 3760 5738 dece-

2172 5780 2448 5846 dentibus,
2482 5779 2556 5835 illi
2583 5781 2672 5850 qui
2715 5789 2834 5850 post
2863 5779 2982 5835 illos
3019 5779 3250 5835 ordinati
3289 5787 3438 5843 sunt,
3469 5787 3528 5832 ut
3565 5787 3762 5846 prater

2169 5879 2294 5930 sent
2320 5870 2565 5930 ecclesiis
2587 5870 2692 5930 illis
2711 5871 2902 5942 primis
2926 5871 3198 5945 exaequari
3228 5886 3334 5926 non
3359 5875 3626 5944 poterant,
3659 5883 3760 5922 ne-
