3992 6338
326 373 435 432 605
786 372 1335 438 ENARRATIONUM
1369 380 1439 438 IN
1475 383 1623 441 EPP.
1662 380 1869 443 PAULI
1900 384 2027 442 LIB.
2071 384 2257 446 XXIII.
2294 414 2365 432 --
2398 384 2473 447 IN
2508 388 2725 450 EPIST.
2767 395 2789 451 I
2824 392 2933 453 Al}
2956 399 3100 456 TIM.

322 504 433 584 que
452 486 1229 584 miracuioru‘m‘testimoninm
1259 502 1361 563 par
1396 494 1501 550 illis
1540 496 1769 561 habere,
1807 497 1903 554 sed
1929 498 1978 564 Α
2007 501 2313 556 communia
2337 512 2458 558 esse
2481 503 2570 559 illa
2599 516 2725 575 quae
2750 507 3009 564 virtutem
3034 520 3161 567 sunt
3187 520 3440 584 enorme
3462 521 3576 577 exi-

319 590 381 640 et
411 582 467 638 in
493 580 677 637 multis
697 580 819 636 aliis
837 580 1160 639 infirmiores
1186 578 1397 642 illorum
1421 600 1540 643 esse
1564 584 1899 661 videbantur,
2001 590 2212 646 stimet:
2242 592 2427 664 adjicit
2458 608 2591 651 vero
2622 604 2679 652 et
2713 598 2891 669 aﬁqua
2935 578 3244 672 specialiter
3279 607 3492 677 dicens,
3515 618 3580 669 ut

317 689 490 748 grave
507 672 953 771 existimaverunt
971 676 1333 771 apostolorum
1353 678 1461 734 sibi
1476 678 1751 771 vindicare
1770 698 1902 740 nun-
1998 684 2171 754 magis
2197 686 2479 757 magisque
2504 687 2673 758 Ipsius
2710 691 2791 747 rei
2832 689 3036 749 faceret
3078 672 3574 771 ceninnationem,

315 767 711 838 cupationem;
751 764 1200 837 diviseruntergo
1228 767 1342 838 ipsa
1371 768 1602 835 nomina,
1633 770 1816 829 etillis
1846 772 1901 829 id
1997 772 2195 829 deinde
2217 774 2402 846 adjicit
2437 778 2775 849 generaliter.
2825 794 2847 833 ι
2896 781 3175 841 Habentes
3212 764 3573 847 ministerium

314 864 421 921 est,
464 853 798 953 presbyteris
835 852 1150 926 presbyterii
1165 866 1369 953 nomen
1397 858 1750 929 reliquerunt.
1792 861 1898 918 Alii
1997 864 2121 953 fidei
2164 866 2221 922 in
2263 869 2592 925 conscientia
2633 884 2788 942 pura.
2826 891 2847 925 ι
2886 873 3275 947 Compendiose
3316 880 3425 946 illa,
3454 897 3575 953 qum

316 960 449 1002 vero
470 945 711 1044 episcopi
737 954 864 1002 sunt
891 946 1199 1044 nuncupati,
1232 947 1308 1044 hi,
1338 949 1515 1044 quiet
1542 952 1898 1044 ordinationis
1994 952 2223 1013 deceant
2247 959 2502 1017 diaconos
2528 963 2821 1020 observare
2844 964 2996 1029 dixit,
3015 945 3221 1037 iustum
3245 979 3344 1036 est,
3374 945 3570 1044 inquit,

309 1038 527 1111 praediti
554 1044 680 1093 sunt
708 1044 992 1109 potestate.
1032 1037 1103 1092 ita
1140 1046 1196 1093 ut
1231 1038 1541 1108 plenissime
1569 1042 1730 1098 iidem
1758 1060 1897 1115 pra:-

307 1129 524 1200 positos
548 1140 609 1184 se
631 1126 979 1184 ecclesiarum
1012 1142 1132 1183 esse
1159 1139 1574 1201 cognoscerent;
1599 1130 1741 1189 facta
1770 1140 1915 1202 sunt~

306 1234 448 1275 vero
483 1227 540 1276 et
568 1216 856 1290 ampliores
894 1218 1134 1290 episcopi
1171 1234 1334 1277 causa
1374 1223 1455 1278 sic
1498 1223 1888 1294 depostulante.

304 1310 506 1366 Postea
526 1322 658 1366 vero
682 1316 739 1365 et
763 1306 871 1366 illis
910 1308 1109 1380 adiecti
1150 1318 1308 1378 sunt,
1334 1312 1425 1367 alii
1450 1312 1773 1371 liberalitate
1803 1332 1894 1373 eo-

302 1417 429 1457 rum
460 1401 555 1472 qui
582 1400 952 1458 ordinationes
990 1398 1276 1458 iaciebant.
1314 1402 1584 1475 Imprimis
1622 1408 1766 1462 enim
1794 1422 1893 1477 per

302 1493 553 1563 singulas
578 1492 885 1563 provincias
907 1492 1013 1547 duo
1039 1501 1132 1548 aut
1158 1492 1382 1549 multum
1412 1503 1521 1551 tres
1549 1495 1749 1552 fiebant
1776 1497 1892 1568 epi-

300 1584 477 1654 scopi,
500 1580 645 1654 quod
688 1590 743 1639 et
789 1584 843 1640 in
886 1584 1130 1655 partibus
1163 1588 1323 1642 etiam
1358 1589 1599 1644 occiduis
1628 1605 1733 1645 non
1764 1601 1891 1647 ante

300 1676 461 1731 multi
490 1677 750 1749 temporis
781 1678 1012 1747 spatium
1034 1679 1089 1734 in
1117 1678 1364 1750 plurimis
1388 1682 1683 1752 provinciis
1707 1691 1889 1739 custo-

300 1769 424 1824 dire
448 1768 789 1835 videbantur,
822 1766 876 1825 in
899 1766 1166 1841 aliquibus
1194 1788 1325 1829 vero
1360 1780 1413 1828 et
1440 1788 1611 1844 usque
1644 1775 1713 1832 ad
1745 1791 1884 1847 pra:-

298 1874 431 1915 sens
460 1858 516 1915 id
537 1860 772 1916 inveniet
794 1860 916 1931 quis
940 1863 1303 1919 custoditum:
1345 1872 1582 1934 tempore
1607 1878 1737 1922 vero
1760 1882 1887 1938 pro-
1912 1848 1962 1918 Β

294 1958 554 2006 movente
573 1964 680 2006 non
709 1950 881 2007 solum
904 1966 1002 2022 per
1024 1953 1270 2010 civitates
1292 1956 1524 2011 ordinati
1548 1964 1692 2023 sunt,
1714 1966 1767 2012 et
1788 1974 1886 2029 per

292 2039 513 2111 singula
537 2036 677 2108 loca,
710 2041 764 2096 in
802 2043 999 2114 quibus
1025 2058 1125 2101 nec
1167 2045 1303 2101 adeo
1340 2046 1640 2103 necessitas
1675 2046 1885 2121 ﬂagita-

290 2132 405 2196 bat,
436 2140 497 2188 ut
527 2134 595 2189 ad
621 2132 761 2190 banc
785 2133 1112 2193 iunctionem
1135 2138 1456 2210 explendam
1479 2141 1879 2197 ordinarentur.

288 2220 362 2279 Et
385 2223 506 2280 lucc
524 2225 740 2295 quidem
765 2227 832 2283 ad
856 2227 1341 2285 manifestationem
1363 2244 1557 2287 sensus
1575 2232 1881 2303 apostolica:

291 2312 597 2387 Scriptura:
639 2332 670 2373 a
698 2318 852 2375 nobis
876 2326 1000 2376 sunt
1027 2320 1200 2389 dicta,
1241 2330 1301 2377 ut
1335 2329 1391 2377 et
1416 2322 1504 2377 illa
1534 2339 1653 2395 quae
1678 2324 1877 2381 dudum

285 2411 475 2468 fuerat
514 2411 598 2469 vel
647 2414 1015 2483 consuetudo,
1060 2416 1146 2471 vel
1192 2414 1576 2473 demutationis
1617 2433 1781 2475 causa
1820 2419 1876 2474 in

283 2513 538 2577 apertum
567 2508 910 2565 consisteret.

356 2597 747 2657 Intendendum
773 2614 904 2656 vero
930 2604 1012 2657 est
1040 2600 1108 2657 de
1137 2606 1333 2657 caetero
1360 2600 1465 2658 illis
1494 2617 1614 2673 qua:
1653 2600 1721 2658 de
1755 2602 1873 2658 dia-

281 2690 519 2749 conibus
548 2690 697 2759 dicit,
736 2706 859 2749 cum
904 2693 1125 2750 evidens
1170 2696 1242 2750 sit
1284 2693 1447 2763 illud,
1494 2695 1750 2767 quoniam
1782 2690 1873 2752 illa

280 2800 409 2856 qua:
436 2785 507 2841 de
529 2785 799 2857 episcopis
827 2786 968 2842 dicta
998 2795 1143 2854 sunt,
1164 2786 1232 2843 de
1257 2786 1363 2844 illis
1381 2788 1476 2859 qui
1498 2797 1628 2844 tunc
1653 2788 1873 2861 presby-

278 2886 435 2934 teros
476 2878 882 2950 gubernabant,
912 2879 985 2934 ita
1024 2884 1083 2934 ut
1118 2887 1302 2936 essent
1337 2886 1467 2936 tunc
1504 2892 1603 2951 per
1631 2880 1870 2952 singulas

274 2966 593 3043 provincias
612 2964 827 3045 singuli,
843 2979 1213 3043 nuncupantes
1223 2972 1391 3029 voluit
1413 2972 1728 3046 signiﬁcari,
1749 2989 1869 3046 quae

280 3064 369 3120 vcl
404 3062 641 3120 maxime
667 3060 991 3120 conveniunt
1011 3064 1081 3120 ad
1104 3080 1358 3137 praesens,
1386 3073 1442 3121 et
1466 3078 1590 3123 cum
1616 3064 1764 3123 omni
1786 3065 1868 3122 di-

274 3157 503 3231 ligentia
529 3158 884 3215 observantur
909 3158 976 3215 ab
1007 3157 1113 3216 illis
1150 3158 1243 3232 qui
1290 3175 1433 3217 nunc
1460 3160 1697 3233 episcopi
1727 3178 1864 3219 nun-

279 3260 566 3325 cupantur,
614 3259 768 3309 tanto
800 3250 1058 3308 intentius
1097 3260 1302 3324 quanto
1337 3251 1597 3323 majorem
1636 3251 1865 3311 functio-

276 3358 404 3400 nem
430 3343 775 3400 commissam
804 3344 1005 3400 habere
1047 3343 1318 3399 videntur.
1364 3342 1503 3413 Quid
1532 3356 1660 3417 ergo
1694 3344 1864 3403 dicit?

277 3434 541 3490 daeonos
563 3430 812 3490 similiter
838 3431 988 3489 illum
1015 3432 1258 3489 ordinem
1287 3434 1694 3506 propemodum,
1723 3444 1780 3492 et
1805 3436 1862 3493 iu

274 3531 383 3587 hoc
407 3530 531 3586 loco
551 3545 800 3588 servasse
820 3529 1054 3599 videtur,
1090 3542 1251 3603 quem
1283 3531 1348 3587 de
1374 3529 1689 3586 mulieribus
1711 3528 1863 3585 dixe-

273 3636 365 3682 rat
389 3635 444 3683 et
468 3625 623 3683 viris.
653 3622 788 3685 Nam
814 3634 869 3683 et
891 3622 981 3683 illa
1007 3642 1125 3699 qua:
1151 3626 1218 3682 de
1236 3626 1370 3684 viris
1400 3626 1652 3699 primitus
1675 3624 1862 3684 dicens

269 3715 493 3785 adjecit,
512 3735 531 3770 t
550 3716 802 3773 similiter
818 3726 998 3774 autem
1020 3726 1074 3774 et
1093 3718 1368 3785 mulieres,
1391 3738 1410 3771 ›
1428 3717 1720 3774 ostendens
1734 3734 1862 3789 quo-

272 3809 423 3865 niam
462 3808 554 3865 illa
584 3824 705 3883 quae
727 3809 988 3867 virtutum
1028 3818 1186 3878 sunt,
1228 3824 1513 3866 commune
1535 3810 1603 3865 ad
1627 3824 1722 3867 eos
1745 3810 1861 3868 vult

271 3900 571 3972 pertinere.
602 3894 714 3958 Hoc
737 3898 879 3957 idem
902 3917 1033 3957 vero
1053 3898 1182 3957 fecit
1206 3908 1261 3956 et
1286 3901 1340 3957 in
1372 3902 1475 3958 hoc
1502 3900 1648 3970 loco,
1676 3902 1860 3961 dicens

268 3988 377 4045 illa‘
394 4006 514 4061 qua:
538 3998 665 4046 tunc
683 3990 757 4046 ‘de
776 3991 1043 4063 episcopis
1062 3991 1270 4047 dixerat
1291 3988 1382 4062 qui
1412 4008 1552 4049 nunc
1578 3990 1861 4048 nominan-

268 4091 362 4138 tur
388 4080 712 4155 presbyteri,
742 4082 959 4155 adjicit,
979 4101 999 4137 t
1027 4083 1283 4141 diaconos
1305 4080 1570 4148 similiter,
1606 4104 1624 4138 ι
1652 4084 1755 4141 hoc
1777 4092 1861 4141 est

264 4174 525 4229 universa
566 4190 685 4246 qua:
712 4172 777 4230 ad
804 4175 1057 4232 virtutem
1081 4175 1374 4248 pertinent,
1415 4174 1662 4233 similiter
1689 4184 1745 4231 et
1770 4174 1859 4232 bis

266 4264 464 4320 adesse
475 4264 651 4337 cupio.
668 4265 867 4323 Deinde
887 4265 1089 4337 adjicit.
1110 4284 1128 4317 ι
1146 4265 1398 4323 Pudicos.
1424 4285 1443 4318 ι
1461 4264 1856 4341 (Ambr.)Justa

271 4354 490 4411 ratione
519 4371 585 4412 eo
611 4356 755 4431 quod
781 4352 1108 4414 mediamres
1143 4356 1358 4432 quidem
1394 4367 1448 4415 et
1477 4354 1711 4415 ministri
1736 4358 1856 4414 fun-

271 4448 475 4504 ctionis
509 4447 875 4514 sacerdotalis,
904 4465 1010 4505 non
1036 4450 1207 4506 solum
1238 4464 1367 4523 erga
1391 4451 1536 4509 viros
1559 4463 1734 4519 erant,
1762 4446 1855 4509 sed

262 4548 322 4595 et
345 4554 478 4612 erga
506 4538 789 4597 mulieres:
819 4541 1123 4599 necessario
1148 4556 1278 4616 ergo
1300 4558 1393 4600 eos
1416 4542 1550 4600 tales
1571 4559 1691 4601 esse
1720 4558 1851 4599 con-

262 4630 542 4688 veniebat.
571 4650 589 4683 t
606 4628 724 4687 Non
744 4628 1029 4705 bilingues.
1053 4652 1073 4685 ι
1099 4632 1167 4688 Εῑ
1190 4628 1451 4703 bocjusta
1472 4634 1602 4691 dicit
1622 4632 1846 4703 ratione,

262 4726 310 4783 si
338 4723 488 4779 enim
521 4722 769 4780 deferunt
798 4725 909 4793 illa,
951 4740 1070 4798 quae
1115 4726 1438 4803 mandantur
1463 4743 1493 4782 a
1518 4727 1849 4800 presbyteris

261 4815 384 4871 sive
411 4814 565 4883 viris,
598 4815 714 4871 sive
744 4814 1057 4873 mulieribus
1086 4816 1154 4873 ad
1179 4832 1314 4889 quos
1348 4818 1737 4886 admittuntur,
1761 4819 1850 4891 ju-

261 4914 412 4963 stum
439 4915 527 4964 est
562 4923 656 4969 eos
689 4907 902 4965 sincero
926 4908 1184 4978 arbitrio,
1223 4911 1367 4969 sicut
1411 4911 1700 4979 convenit,
1742 4911 1847 4966 im-

254 5000 437 5074 plere,
474 5016 593 5073 qua:
620 5000 721 5058 sibi
745 5000 1015 5069 dicuntur,
1048 5011 1103 5058 et
1128 5017 1249 5075 quae
1280 5018 1379 5074 per
1410 5017 1505 5059 eos
1529 5001 1848 5073 mandantes

259 5090 515 5149 audiunt.
569 5091 705 5148 Nam
756 5091 1045 5148 utilitatem
1093 5090 1430 5151 decretorum
1490 5090 1634 5150 beati
1692 5086 1846 5148 Pauli

257 5182 638 5254 unusquisque
678 5191 808 5238 tunc
853 5181 1130 5239 evidenter
1170 5183 1479 5255 perspicere
1522 5184 1750 5257 poterit,
1800 5181 1847 5239 si

258 5276 429 5331 rebus
452 5275 583 5347 ipsis
608 5290 713 5330 una
738 5274 1049 5330 examinare
1076 5270 1323 5331 voluerit.
1346 5294 1363 5326 ι
1389 5275 1500 5330 Non
1525 5275 1695 5331 multo
1720 5276 1846 5331 vino

258 5365 500 5431 deditos,
522 5380 627 5421 non
650 5372 805 5437 turpe
825 5364 1034 5419 lucrum
1057 5370 1377 5435 spectantes.
1403 5383 1420 5415 ›
1442 5362 1681 5435 Utraque
1701 5365 1844 5419 enim

260 5458 382 5512 haec
409 5456 713 5513 necessaria
742 5464 869 5512 sunt
893 5454 1227 5519 diaconibus,
1256 5454 1394 5510 sicut
1418 5462 1474 5510 et
1493 5452 1838 5528 presbyteris.

259 5548 405 5605 Nam
439 5558 494 5606 et
538 5550 594 5605 in
630 5565 858 5621 persona
890 5549 1323 5622 presbyterorum
1365 5556 1421 5603 et
1463 5547 1637 5620 ipsum
1664 5548 1844 5619 posuit

261 5639 456 5695 dicens
479 5655 583 5694 non
606 5638 954 5707 vinolentum,
982 5653 1087 5693 non
1109 5637 1361 5709 cupidum
1383 5638 1730 5709 pecuniarum
1749 5678 1763 5693 .
1789 5638 1842 5694 in

259 5746 330 5787 eo
371 5741 551 5788 autem
587 5732 713 5788 dum
759 5732 887 5788 dicit
918 5749 936 5783 ι
966 5728 1250 5797 similiter,
1289 5749 1307 5783 ι
1342 5728 1671 5785 suilicienter
1698 5729 1846 5786 visus

266 5830 353 5881 est
387 5822 491 5880 hoc
532 5824 707 5902 ipsum
742 5822 1095 5897 signiﬁcasse,
1132 5823 1386 5901 quoniam
1410 5837 1508 5899 per
1529 5822 1713 5881 omnia
1740 5822 1847 5883 illis

1993 1062 2089 1105 eos
2117 1046 2241 1107 ﬁdei
2268 1052 2573 1111 ministerio
2614 1054 3017 1124 ministrantes,
3051 1068 3110 1115 ut
3135 1062 3279 1118 dicat
3320 1064 3569 1137 dogmata

1990 1137 2249 1209 pietatis:
2288 1144 2605 1213 mysterium
2631 1147 2779 1202 enim
2814 1160 2955 1221 saepe
2988 1159 3148 1207 vocat
3190 1152 3325 1208 illud
3348 1155 3565 1228 dOgma,

1992 1231 2135 1300 quod
2166 1233 2237 1288 de
2257 1231 2475 1290 Christo
2503 1244 2606 1303 est,
2636 1237 2777 1293 sicut
2801 1247 2855 1293 et
2883 1239 2936 1295 in
2961 1239 3063 1296 bac
3087 1242 3311 1313 epistola
3336 1259 3402 1300 ex
3434 1246 3564 1302 sub-

1991 1322 2343 1392 sequentibus
2382 1324 2573 1381 melius
2618 1340 2943 1398 cognoscere
2976 1332 3292 1401 poterimus,
3328 1341 3389 1389 ut
3412 1348 3573 1397 mun-.

1992 1408 2116 1468 dam
2144 1414 2533 1469 conscientiam
2553 1415 2788 1474 habeant
2811 1419 2867 1473 in
2885 1432 2949 1475 ea
2976 1419 3249 1479 functione
3274 1438 3435 1494 quam
3466 1426 3567 1482 im-

1987 1498 2136 1573 plere
2155 1503 2425 1559 videntur.
2447 1504 2575 1561 Inde
2593 1505 2807 1576 adjicit:
2831 1494 2901 1564 Et
2916 1510 2970 1565 hi
2991 1513 3285 1582 probentur
3306 1514 3560 1586 primum,

1989 1600 2045 1648 et
2064 1594 2142 1649 sic
2170 1594 2481 1651 ministrent
2508 1596 2629 1653 sine
2647 1597 2874 1655 crimine
2898 1603 3195 1658 constituti.
3217 1623 3239 1657 ι
3262 1602 3397 1662 Nam
3417 1608 3562 1678 quod

1989 1684 2124 1741 dixit
2165 1687 2495 1755 ministrent,
2523 1687 2627 1744 hoc
2668 1698 2777 1758 est,
2811 1693 3179 1763 producantur
3204 1695 3259 1751 in
3285 1696 3560 1766 diaconia,

1988 1790 2053 1834 eo
2101 1779 2243 1848 quod
2282 1795 2383 1835 nec
2420 1788 2633 1850 poterat
2661 1781 2779 1837 fieri
2823 1790 2885 1839 ut
2922 1784 3319 1853 ministrarent,
3366 1789 3413 1844 si
3454 1804 3563 1845 non

1988 1870 2218 1942 primum
2243 1870 2443 1929 iuerint
2465 1873 2720 1941 ordinati,
2743 1874 2823 1931 sic
2837 1874 3051 1935 videtur
3063 1890 3161 1948 per
3176 1878 3357 1935 omnia
3372 1879 3562 1938 beatus

1984 1962 2184 2020 Paulus
2203 1963 2272 2020 de
2287 1962 2505 2037 illo,qui
2526 1966 2580 2022 in
2601 1966 2905 2024 ministerio
2924 1974 3007 2024 est
3024 1969 3418 2039 producendus,
3433 1972 3565 2027 scri-

1972 2054 2131 2119 bere,
2182 2062 2243 2110 ut
2286 2056 2488 2112 bonum
2532 2057 2897 2114 testimonium
2932 2059 3131 2117 habeat
3173 2076 3242 2117 ex
3288 2063 3559 2132 praeterita

1980 2144 2093 2200 vita
2115 2186 2130 2213 ,
2162 2160 2269 2202 non
2296 2154 2474 2204 tamen
2513 2148 2757 2206 absolute
2781 2160 2835 2207 et
2865 2150 3087 2209 fortuitu
3109 2152 3410 2211 ministerio
3433 2168 3560 2227 pro-

1979 2236 2228 2302 ducatur,
2257 2236 2459 2293 deinde
2477 2239 2603 2310 quia
2639 2240 2895 2297 diaconos
2922 2239 3083 2311 dixit,
3112 2256 3400 2300 commune
3425 2260 3556 2302 vero

1976 2326 2081 2383 hoc
2103 2340 2300 2384 nomen
2324 2336 2407 2385 est
2433 2330 2598 2386 etiam
2628 2340 2683 2387 et
2708 2331 3025 2389 mulieribus
3048 2348 3167 2406 quae
3191 2335 3245 2390 in
3266 2334 3370 2391 hoc
3393 2348 3556 2408 opere

1974 2418 2365 2488 producuntur,
2393 2419 2597 2492 optime
2624 2419 2824 2491 adjicit.
2858 2442 2877 2475 ι
2908 2420 3156 2480 Mulieres
3183 2424 3431 2496 similiter
3453 2441 3553 2496 pu-

1974 2508 2142 2565 dicas.
2180 2529 2200 2562 ι
2232 2509 2350 2566 Νοη
2386 2512 2489 2569 hoc
2523 2511 2639 2567 vult
2681 2513 2860 2570 dicere
2902 2515 2956 2569 in
2985 2514 3089 2571 hoc
3123 2494 3259 2581 loco,
3296 2494 3550 2588 quoniam

1974 2601 2223 2656 convenit
2260 2616 2354 2657 eos
2384 2602 2518 2658 tales
2554 2602 2757 2660 habere
2796 2616 3026 2671 uxores,
3072 2605 3167 2661 sed
3202 2607 3456 2678 quoniam
3496 2615 3550 2663 et

1972 2688 2259 2757 mulieres,
2290 2704 2413 2762 quae
2446 2692 2689 2749 diaconis
2725 2693 2959 2750 oiilcium
2988 2695 3211 2765 implere
3243 2704 3552 2752 statuuntur

1971 2779 2175 2837 similes
2198 2796 2319 2836 esse
2338 2783 2610 2847 convenit,
2637 2790 2698 2838 ut
2720 2784 2936 2839 virtutis
2962 2784 3145 2840 studio
3175 2798 3327 2855 eque
3348 2785 3458 2841 sint
3484 2782 3547 2840 il.

1969 2873 2230 2930 lustrata.
2258 2874 2394 2930 Nam
2430 2880 2486 2931 et
2508 2875 2562 2930 in
2592 2874 2710 2931 loco
2734 2876 2837 2931 hoc
2862 2876 2981 2932 ideo
3005 2876 3201 2948 adjecit
3218 2917 3233 2943 ,
3264 2896 3289 2929 ‹
3317 2876 3435 2933 Non
3459 2892 3550 2933 ac-

1969 2964 2283 3020 cusatrices.
2321 2980 2341 3017 ι
2370 2963 2451 3020 Eo
2481 2965 2629 3035 quod
2660 2966 2971 3021 necessario
2994 2965 3109 3021 ﬁeri
3138 2965 3339 3032 soleat,
3362 2972 3422 3021 ut
3446 2980 3549 3021 cae-

1968 3063 2098 3112 teras
2149 3055 2401 3113 mulieres
2439 3055 2777 3112 conﬁdenter
2820 3056 2927 3115 illis
2968 3071 3033 3112 ea
3077 3072 3199 3128 quae
3223 3058 3290 3114 de
3318 3070 3381 3114 se
3420 3064 3548 3114 sunt

1966 3144 2243 3203 referant:
2282 3148 2592 3205 necessario
2630 3162 2765 3221 ergo
2789 3148 2918 3205 dicit
2952 3162 3059 3205 non
3085 3146 3283 3207 debere
3305 3162 3400 3206 eas
3428 3164 3548 3206 esse

1890 3218 1937 3288 C
1966 3239 2353 3308 accusatrices,
2390 3240 2464 3296 ita
2512 3249 2572 3297 ut
2609 3218 2717 3298 non
2762 3242 3034 3317 duplicent
3070 3242 3158 3298 illa
3184 3242 3325 3311 aliis,
3366 3259 3486 3316 quae
3512 3256 3543 3299 a

1962 3328 2284 3403 quibusdam
2314 3332 2419 3391 illis
2447 3333 2722 3403 dicuntur,
2750 3346 2821 3392 ne
2841 3348 2908 3391 ex
2931 3335 3037 3392 hoc
3058 3336 3428 3392 contentiones
3446 3336 3543 3392 ali-

1961 3436 2098 3496 quas
2127 3426 2345 3482 adnasci
2387 3425 2590 3483 faciant
2626 3435 2719 3483 aut
2749 3426 2995 3484 divortia.
3032 3442 3055 3480 t
3097 3425 3339 3484 Sobrius.
3374 3444 3394 3481 ι
3429 3426 3542 3484 Hoc

1961 3523 2045 3572 est
2082 3522 2333 3589 argutas,
2364 3518 2441 3574 ita
2478 3525 2537 3572 ut
2566 3512 2825 3590 impleant
2860 3532 2985 3574 cum
3032 3518 3319 3575 velocitate
3360 3520 3542 3577 omnia

1961 3608 2051 3664 illa
2080 3624 2201 3680 qua:
2248 3626 2279 3666 a
2308 3626 2367 3667 se
2395 3610 2513 3668 ﬁeri
2539 3611 2891 3679 conveniunt,
2923 3609 3117 3669 deinde
3135 3610 3373 3684 plenarie
3392 3612 3540 3669 dicit.

1966 3714 1988 3753 ι
2021 3699 2233 3758 Fideles
2258 3702 2314 3758 in
2335 3704 2605 3760 omnibus.
2644 3722 2663 3756 ›
2692 3700 2863 3760 Media
2895 3718 3025 3759 vero
3063 3703 3411 3775 interponens
3447 3704 3539 3761 illa

1960 3810 2081 3867 qua:
2101 3794 2167 3852 de
2185 3796 2500 3853 mulieribus
2521 3794 2782 3855 diaconiae
2802 3794 3032 3854 olcium
3054 3796 3398 3870 fungentibus
3414 3812 3539 3870 pro-

1958 3894 2082 3957 pter
2104 3886 2338 3943 nominis
2372 3887 2583 3944 dixerat
2610 3887 3066 3952 communionem,
3098 3888 3173 3943 ita
3198 3899 3258 3944 ut
3285 3889 3537 3945 ostendes

1959 3985 2062 4043 ret,
2095 3976 2237 4048 quod
2265 3978 2379 4033 vult
2413 3978 2678 4046 similiter,
2710 3984 2765 4034 et
2792 3977 2923 4034 istas
2959 3977 3150 4061 studiis
3171 3985 3430 4034 virtutum
3458 3977 3541 4034 iu-

1960 4069 2199 4136 tendere,
2236 4068 2428 4127 deinde
2464 4071 2692 4126 resumit
2722 4070 3152 4141 prosecutionem
3191 4068 3335 4127 illam
3377 4082 3539 4142 quam

1958 4163 2025 4220 de
2049 4162 2364 4221 diaconibus
2405 4165 2457 4221 in
2491 4160 2923 4235 praecedentibus
2948 4162 3164 4221 dixerat
3192 4165 3405 4221 residua
3435 4164 3532 4232 ad-

1950 4257 2167 4330 jiciens.
2201 4276 2219 4310 t
2246 4258 2488 4326 Diaconi,
2513 4259 2709 4330 inquit,
2732 4258 2843 4315 sint
2861 4259 3021 4316 unius
3041 4256 3226 4316 uxoris
3244 4256 3377 4315 viri:
3400 4256 3537 4315 illius

1954 4346 2093 4409 bene
2122 4356 2370 4424 regentes
2391 4359 2445 4408 et
2470 4352 2660 4410 domos
2685 4368 2829 4410 suas.
2850 4373 2871 4408 ι
2889 4350 3278 4425 Compendiose
3305 4348 3535 4425 idlpsum

1955 4440 2114 4511 dixit,
2135 4442 2277 4516 quod
2304 4443 2358 4500 in
2383 4442 2753 4515 superioribus
2780 4450 2835 4501 et
2859 4444 2924 4501 de
2953 4445 3282 4517 presbyteris
3304 4444 3533 4512 dixerat,

1953 4548 2051 4611 per
2083 4540 2262 4597 omnia
2307 4540 2597 4596 ostendens
2638 4538 2894 4612 quoniam
2937 4552 3223 4597 commune
3271 4539 3378 4596 illis
3414 4539 3534 4611 vult

1952 4632 2142 4687 adesse
2168 4631 2402 4687 studium
2432 4631 2671 4699 virtutis,
2694 4631 2889 4688 deinde
2914 4631 3040 4702 quia
3071 4631 3395 4687 inﬁrmiores
3414 4644 3534 4689 esse

1949 4722 2200 4778 videntur
2231 4721 2562 4795 presbyteris
2609 4724 2903 4780 secundum
2947 4722 3206 4796 gradum,
3245 4724 3535 4782 ostendens

1953 4812 2076 4885 quia
2106 4814 2161 4875 in
2194 4813 2336 4870 nulla
2366 4822 2521 4889 parte
2550 4814 2885 4871 minorantur
2910 4812 3120 4882 abillis,
3145 4818 3190 4873 si
3212 4820 3527 4890 secundum,

1950 4910 2009 4962 ut
2038 4906 2367 4963 conveniens
2395 4916 2499 4975 est,
2524 4922 2679 4965 suum
2709 4904 2942 4966 ofﬁcium
2982 4906 3205 4980 implere
3227 4910 3529 4980 voluerint,

1949 4996 2153 5067 adjicit.
2187 5018 2205 5052 ι
2241 4987 2342 5066 Qui
2372 4998 2516 5054 enim
2543 4999 2681 5055 bene
2704 4999 3155 5068 ministraverint,
3181 5002 3404 5070 gradum
3427 5000 3527 5061 sibi

1949 5086 2149 5143 bonum
2179 5089 2485 5159 acquirunt,
2526 5095 2580 5142 et
2610 5088 2830 5145 multam
2875 5088 3145 5160 ﬁduciam,
3184 5107 3306 5164 qua:
3346 5101 3431 5151 est
3472 5092 3525 5149 in

1948 5177 2168 5235 Christo
2208 5176 2354 5235 Jesu.
2394 5199 2414 5235 ι
2448 5178 2549 5247 Qui
2594 5180 2739 5235 enim
2780 5183 3163 5243 convenienter
3195 5172 3527 5242 {unctionem

1950 5284 2100 5324 suam
2140 5268 2511 5340 impleverint,
2560 5269 2689 5327 licet
2730 5270 2775 5327 si
2824 5270 2877 5327 in
2923 5272 3174 5343 praesenti
3214 5272 3528 5333 inﬁrmioris

1949 5357 2147 5431 gradus
2175 5372 2293 5414 esse
2322 5359 2637 5427 videantur,
2681 5360 2725 5416 si
2759 5361 3065 5433 provisores
3109 5362 3211 5419 sibi
3253 5364 3307 5418 in
3343 5361 3529 5418 futuro

1949 5450 2137 5522 optimi
2167 5450 2365 5520 gradus
2382 5451 2620 5508 existunt
2640 5452 2891 5509 ﬁduciam
2913 5454 3199 5525 plurimam
3230 5459 3526 5510 assecutum

1949 5558 1979 5598 a
2006 5540 2241 5610 Christo,
2271 5544 2470 5599 bonum
2492 5542 2717 5617 gradum
2737 5560 2845 5601 non
2870 5544 2924 5601 in
2951 5545 3205 5618 pmsenti
3225 5544 3419 5600 smnio
3447 5540 3528 5600 di-

1950 5637 2056 5703 cit,
2087 5652 2185 5692 nec
2225 5636 2451 5694 dixisset
2492 5638 2719 5707 gradum
2765 5636 2868 5694 sibi
2908 5638 3109 5694 bonum
3151 5636 3526 5708 acquirerem,

1950 5746 2075 5788 nam
2103 5736 2157 5787 et
2187 5728 2446 5787 diaconitc
2480 5730 2677 5803 gradus
2702 5728 2875 5788 bonus
2899 5739 3003 5796 est,
3033 5730 3124 5786 sed
3152 5728 3378 5785 dixisset
3414 5726 3525 5785 uti-

1951 5836 2058 5899 que
2098 5821 2398 5900 majorem;
2439 5834 2582 5881 nunc
2627 5830 2808 5879 autem
2847 5818 3109 5897 adjiciens
3148 5819 3381 5891 bonum,
3416 5830 3526 5878 non
