3992 6338
547 419 651 476 607

1188 410 1247 466 Β.
1289 407 1546 464 RABANI
1585 405 1804 464 MAURI
1841 403 2156 460 ARCHIEP.
2199 399 2508 458 MOGUNT.
2550 395 2834 454 OPERUM
2874 395 3054 452 PARS
3089 397 3173 454 lll.
3631 404 3706 457 608

548 532 673 606 quia
704 545 810 585 non
833 529 1007 584 bonus
1032 526 1229 598 gradus
1254 524 1532 589 diaconite,
1560 521 1656 578 sed
1688 520 1941 591 quoniam
1971 518 2120 573 illum
2147 520 2199 581 Α
2221 517 2385 570 etiam
2417 523 2476 569 et
2512 515 2578 568 de
2616 512 2721 568 illis
2744 513 3018 606 disputare
3057 511 3122 566 ad
3163 510 3317 606 illos:
3360 513 3706 606 dogmaticurum

548 613 762 696 quidem
784 619 1010 692 gradum
1040 616 1326 673 conﬁtetur
1345 630 1463 671 esse
1489 615 1706 676 bonum,
1741 621 1796 667 et
1812 611 2006 680 juvans
2030 624 2123 666 eos

551 715 644 786 qui
687 727 810 767 eum
853 709 1065 779 assequi
1103 707 1390 763 voluerint.
1437 704 1572 760 Nam
1603 721 1710 760 non
1753 718 1910 774 posse
1939 717 2124 773 quem-

549 819 711 875 quam
746 801 954 871 juvare,
999 798 1046 854 si
1086 814 1193 853 non
1239 805 1294 851 ct
1338 796 1426 852 illa
1458 811 1578 865 quae
1609 793 1993 851 conscientiam
2030 808 2126 848 no-

552 905 720 951 stram
741 899 958 963 possent
977 890 1238 960 integram
1261 901 1541 942 reservare
1563 885 1932 941 consenserint
1949 883 2124 950 nobis,

553 994 608 1040 et
632 982 844 1051 adjecit.
877 999 895 1031 ‹
931 980 997 1034 Et
1026 979 1248 1033 multam
1277 976 1523 1031 ﬁduciam
1554 976 1606 1030 in
1638 975 1774 1038 ﬁde,
1811 989 1932 1043 qua:
1960 981 2044 1027 est
2071 973 2126 1026 in

554 1074 772 1129 Christo
807 1071 954 1128 Jesu.
990 1089 1008 1121 ι
1038 1069 1326 1124 Evidenter
1346 1067 1614 1130 ostendit,
1641 1063 1892 1136 quoniam
1927 1063 1994 1118 de
2024 1063 2128 1118 illis

556 1182 674 1237 quae
710 1174 838 1219 tunc
880 1171 1038 1219 erunt
1078 1161 1242 1215 dicit:
1281 1158 1578 1214 vult\enim
1624 1172 1716 1212 eos
1751 1157 1962 1218 docere,
2002 1154 2127 1224 quia

558 1257 762 1312 nullum
790 1254 1171 1310 detrimentum
1197 1249 1388 1305 afferre
1416 1248 1614 1320 poterit
1635 1246 1900 1301 inﬁrmior
1931 1246 2128 1314 gradus

561 1347 662 1402 illis
700 1345 790 1414 qui
834 1344 980 1414 digni
1025 1342 1370 1397 inveniuntur
1413 1354 1607 1410 magna
1637 1346 1691 1392 et
1717 1336 1955 1408 perfecta
1983 1351 2132 1390 asse-

561 1438 651 1507 qui
679 1438 843 1501 bona,
878 1435 923 1490 si
964 1445 1143 1488 tamen
1171 1431 1500 1507 conscientia
1530 1445 1738 1493 eorum,
1761 1435 1919 1498 prout
1939 1441 2132 1481 conve-

561 1528 659 1592 nit,
695 1527 896 1582 illibata
925 1527 994 1580 ab
1023 1523 1125 1578 illis
1147 1523 1278 1593 ipsis
1307 1520 1470 1575 fuerit
1497 1520 1781 1575 custodita.
1803 1517 2131 1572 Percurrens

562 1633 688 1672 vero
725 1618 827 1671 hoc
849 1617 1006 1670 modo
1028 1616 1192 1670 etiam
1220 1613 1325 1666 illis
1358 1611 1574 1666 ordines
1605 1611 1695 1679 qui
1729 1608 2004 1663 functione
2033 1608 2131 1660 ha-

563 1713 756 1766 bentur
779 1708 1170 1772 ecclesiastica,
1201 1706 1386 1776 adjicit
1413 1721 1426 1759 :
1471 1722 1488 1754 ‹
1531 1703 1656 1758 Haec
1681 1703 1774 1756 tibi
1794 1702 1994 1765 scribo,
2014 1715 2134 1770 spe-

567 1825 583 1854 ι
622 1819 748 1857 rans
773 1802 958 1857 venire
979 1801 1045 1854 ad
1067 1809 1119 1854 te
1144 1798 1272 1862 cito,
1296 1798 1542 1852 siautem
1568 1795 1869 1858 tardavero,
1893 1802 1950 1846 ut
1970 1793 2131 1859 scias,

2226 621 2353 660 vero
2381 612 2709 659 memoratus
2739 611 2821 657 est
2851 603 3134 657 verborum
3171 600 3378 656 illorum
3397 615 3504 671 qua:
3523 605 3595 658 vel
3625 623 3708 661 ma-

2227 696 2369 750 xime
2394 704 2520 750 tunc
2545 692 2835 749 memorari
2861 691 3153 748 necessitas
3189 691 3304 761 ipsa
3340 689 3600 762 ﬂagitabat,
3625 711 3710 766 pro-

2225 796 2344 858 pter
2377 787 2520 857 quod
2549 785 2626 840 ait
2657 801 2670 838 :

2302 897 2320 930 ‹
2351 879 2418 933 Ει
2449 876 2729 932 manifeste
2754 890 3007 946 magnum
3039 882 3124 931 est
3146 874 3360 946 pietatis
3394 887 3710 935 sacramentum

2228 970 2341 1025 sive
2363 969 2699 1040 mysterium.
2737 988 2754 1018 ι
2796 967 2862 1023 Ut
2890 969 3034 1022 dicat
3056 967 3268 1038 dogma,
3297 968 3394 1022 hoc
3418 976 3521 1022 erat
3546 972 3657 1038 quod
3677 974 3712 1027 in

2229 1059 2594 1130 superioribus
2657 1058 3116 1128 significavimus,
3175 1059 3421 1126 quoniam
3471 1062 3714 1131 mysterium

2230 1166 2368 1220 sarpe
2398 1150 2525 1204 illud
2553 1150 2742 1220 dogma
2767 1149 2920 1213 dicit,
2944 1150 3084 1218 quod
3111 1149 3177 1204 de
3200 1149 3410 1204 Christo
3429 1159 3520 1215 est,
3545 1166 3598 1205 eo
3617 1155 3715 1222 quod

2229 1241 2401 1297 deitas
2427 1241 2697 1311 Unigeniti
2729 1241 2903 1294 inerat
2931 1240 2985 1294 in
3015 1240 3252 1304 homine,
3275 1249 3328 1293 et
3352 1249 3548 1310 propter
3567 1241 3645 1294 hoc
3667 1243 3718 1295 la-

2232 1333 2332 1388 cile
2373 1349 2476 1386 non
2507 1332 2575 1385 ad
2609 1331 2967 1400 cognitionem
3008 1339 3217 1400 poterat
3259 1330 3438 1386 venire
3478 1330 3716 1386 multomm.

2231 1423 2364 1478 Nam
2404 1434 2459 1478 et
2497 1424 2751 1494 mysteria
2775 1429 3166 1476 consueverunt
3203 1436 3306 1476 non
3346 1422 3410 1476 ab
3434 1424 3704 1480 omnibuset)

2234 1515 2420 1585 gnosci
2465 1515 2750 1578 similiter,
2801 1513 2880 1568 sic
2923 1514 3085 1567 etiam
3134 1521 3190 1567 et
3230 1511 3506 1568 Corinthiis
3542 1517 3720 1572 scribens

2234 1607 2408 1661 dixit:
2442 1625 2460 1656 ι
2505 1606 2609 1660 Sed
2654 1605 2923 1676 loquimur
2953 1606 3044 1660 Dei
3091 1605 3404 1674 sapientiam
3446 1607 3494 1661 in
3531 1611 3721 1678 mysterio

2235 1698 2376 1768 quod
2413 1697 2785 1752 absconditum
2825 1704 2908 1750 est
2943 1695 3001 1767 (Ι
3033 1695 3156 1749 Cor.
3187 1696 3312 1764 vn).
3347 1715 3364 1748 ι
3416 1695 3653 1752 Evidenter
3678 1698 3721 1753 de

2237 1790 2616 1862 praedicatione
2642 1789 2728 1842 illa
2752 1804 2871 1858 qua:
2890 1788 3184 1842 secundum
3210 1786 3470 1842 Christum
3489 1797 3559 1842 est
3576 1790 3721 1853 dicens,

565 1911 584 1944 ι
618 1891 1068 1964 quemadmodum
1113 1889 1399 1944 conveniat
1427 1895 1480 1942 te
1511 1887 1565 1941 in
1595 1887 1753 1941 domo
1783 1885 1877 1940 Dei
1907 1899 2135 1940 conver-
2163 1864 2211 1924 Β
2237 1891 2291 1936 et
2319 1889 2439 1952 post
2457 1895 2624 1950 pauca
2653 1880 2856 1950 adjicit,
2887 1898 2902 1928 ι
2940 1880 3196 1948 quoniam
3217 1879 3262 1935 si
3287 1881 3634 1951 cognovissent,
3653 1899 3722 1937 non

567 2005 584 2037 ι
621 1985 750 2049 sari,
783 2000 901 2054 qua:
929 1992 1012 2038 est
1045 1983 1284 2038 Ecclesia
1311 1982 1405 2036 Dei
1439 1981 1566 2045 vivi,
1597 1980 1846 2035 columna
1869 1987 1922 2032 et
1952 1977 2138 2032 ﬁrma-

565 2094 584 2126 ι
623 2083 863 2129 mentum
890 2073 1154 2127 veritatis.
1194 2092 1212 2124 ι
1259 2073 1333 2126 De
1374 2072 1486 2134 his,
1523 2071 1733 2139 inquit,
1780 2068 1968 2138 scripsi
2006 2069 2136 2134 tibi,

562 2181 788 2236 sperans
812 2165 898 2219 vcl
933 2163 1168 2219 maxime
1199 2163 1310 2218 cito
1341 2163 1521 2217 venire
1551 2163 1618 2216 ad
1649 2170 1700 2216 te
1722 2202 1737 2226 ,
1787 2161 1830 2215 si
1857 2176 1986 2216 vero
2011 2175 2136 2216 eve-

561 2257 701 2310 nerit
733 2270 818 2309 me
845 2254 1081 2318 tardare,
1113 2263 1174 2308 ut
1200 2255 1340 2309 scias
1360 2269 1479 2323 qum
1507 2262 1559 2308 te
1599 2267 1759 2319 agere
1786 2251 2135 2315 conveniant,

561 2357 616 2401 et
656 2346 923 2415 quomodo
968 2346 1164 2400 debeas
1205 2343 1497 2408 Ecclesium
1541 2343 1636 2396 Dei
1678 2357 1884 2413 regere.
1927 2341 2141 2411 Optime

562 2445 740 2489 auten.
789 2435 1012 2503 adjecit,
1048 2453 1067 2485 ε
1107 2434 1202 2489 Dei
1245 2434 1374 2488 vivi.
1416 2453 1434 2485 ι
1477 2433 1554 2487 lta
1583 2442 1643 2488 ut
1670 2434 1918 2487 ostendat
1943 2448 2011 2488 ex
2040 2433 2143 2488 hoc

563 2525 815 2580 Ecclesia:
863 2525 1211 2595 dignitatem,
1255 2524 1384 2578 illud
1412 2539 1541 2579 vero
1586 2533 1670 2578 est
1713 2526 2142 2594 cognoscendum

563 2617 817 2685 quoniam
846 2616 1062 2672 domum
1090 2616 1184 2670 Dei
1210 2615 1525 2681 Ecclesiam,
1560 2632 1664 2672 non
1691 2617 1908 2671 domum
1937 2618 2141 2672 oratio—

564 2709 647 2764 nis
672 2709 802 2764 dicit
830 2709 1122 2764 secundum
1148 2708 1500 2779 plurimorum
1525 2708 1854 2777 opinionem,
1893 2709 1985 2765 sed
2014 2710 2145 2766 ﬁde-

564 2801 692 2856 lium
715 2803 1208 2872 congregationem,
1225 2801 1381 2856 sicuti
1399 2810 1453 2855 et
1468 2799 1708 2856 Hebraeis
1728 2802 1971 2857 scribens
1993 2803 2143 2871 dicit,

570 2911 588 2942 ι
611 2907 729 2962 quae
756 2891 946 2946 domus
967 2905 1153 2946 sumus
1177 2906 1274 2945 nos
1302 2909 1320 2941 ι
1343 2904 1358 2944 :
1380 2889 1531 2946 Unde
1551 2909 1568 2942 ι
1591 2899 1644 2946 et
1657 2890 1960 2946 columnam
1975 2892 2145 2960 illam,

563 2996 619 3039 et
646 2984 1043 3038 ﬁrmamentum
1080 2982 1328 3037 veritatis
1362 3001 1379 3033 ι
1416 2984 1660 3048 vocavit;
1710 2999 1776 3039 eo
1821 2985 2046 3054 quodin
2083 3001 2148 3040 ea

562 3073 806 3128 veritatis
831 3072 1059 3127 ﬁrmitas
1084 3073 1368 3138 habeatur,
1394 3088 1460 3128 eo
1483 3074 1624 3144 quod
1649 3073 1888 3129 Ecclesia
1915 3085 1998 3131 est
2022 3076 2150 3132 ﬁde-

563 3163 691 3217 lium
718 3163 1081 3235 congregatio,
1112 3163 1163 3216 in
1193 3163 1294 3217 hac
1329 3163 1542 3232 pietatis
1581 3178 1800 3219 necesse
1829 3167 2021 3236 dogma
2043 3167 2148 3221 sal-

567 3254 699 3318 vari,
727 3255 818 3324 qui
864 3254 910 3308 si
940 3255 1270 3319 secundum,
1315 3263 1374 3308 ut
1411 3256 1766 3322 conveniens,
1812 3257 1862 3310 in
1895 3256 1997 3312 ﬁde
2025 3273 2147 3327 per-
2173 3225 2218 3288 C

567 3346 882 3409 manserint,
898 3345 1160 3400 illibatum
1184 3346 1368 3416 utique
1385 3357 1666 3416 permanet
1685 3349 1875 3418 dogma
1899 3350 2140 3418 pietatis:

566 3437 609 3489 si
633 3445 810 3491 autem
837 3438 890 3492 ht
920 3438 1012 3506 qui
1041 3437 1296 3493 Ecclesiae
1322 3448 1447 3494 sunt
1467 3455 1497 3494 a
1539 3455 1637 3495 suo
1665 3443 1938 3512 proposito
1968 3447 2143 3501 aversi

565 3529 783 3594 fuerint,
815 3530 1121 3586 necessario
1151 3532 1455 3598 vacillabit,
1491 3539 1545 3586 et
1570 3533 1834 3603 dogmatis
1864 3539 2142 3608 scrupulo-

566 3622 726 3686 sitas,
756 3636 819 3676 eo
851 3623 994 3692 quod
1023 3623 1318 3678 secundum
1355 3633 1672 3693 praesentem
1713 3627 1876 3681 vitam
1903 3629 2147 3686 veritatis

565 3711 798 3781 cognitio
848 3712 986 3782 apud
1035 3713 1280 3767 homines
1319 3729 1440 3768 esse
1483 3715 1822 3784 perspicitur.
1857 3717 1989 3773 lllnd
2017 3734 2146 3776 vero

563 3803 722 3857 dictis
745 3804 947 3859 nostris
976 3802 1132 3871 adjici
1161 3804 1381 3875 dignum
1409 3813 1511 3870 est,
1542 3806 1792 3874 quoniam
1817 3822 1923 3862 non
1944 3823 2146 3863 conve-

562 3895 643 3949 nit
667 3895 920 3950 demirari
947 3910 1024 3960 se,
1048 3895 1189 3964 quod
1219 3911 1391 3966 neque
1412 3897 1820 3962 subdiaconum,
1845 3913 2018 3969 neque
2037 3900 2146 3958 ele-

561 3994 772 4042 ctorum
820 3987 1136 4042 memoriam
1183 3985 1470 4057 Apostolus
1513 3986 1708 4044 fecisse
1754 3990 2001 4045 videtur:
2044 3991 2146 4048 illis

561 4079 757 4134 etenim
800 4079 1058 4149 gradibus
1096 4077 1451 4146 functionum,
1485 4079 1575 4150 qui
1605 4081 1658 4134 in
1687 4080 1928 4136 Ecclesia
1958 4097 2146 4138 neces-

561 4170 705 4224 sario
733 4171 1022 4234 habentur,
1050 4170 1139 4224 isti
1159 4179 1344 4239 postea
1368 4171 1539 4241 magis
1559 4181 1686 4227 sunt
1709 4173 1902 4242 adjecti
1927 4184 2146 4245 prepter

560 4260 847 4314 utilitatem
874 4260 1182 4324 ministerii,
1205 4260 1347 4329 quod
1370 4272 1588 4330 propter
1612 4261 2006 4317 multitudinem
2027 4280 2147 4320 cre-

563 4351 801 4406 dentium
829 4365 926 4420 per
952 4350 1150 4406 alteros
1168 4359 1351 4421 postea
1379 4349 1601 4420 implere
1625 4351 1823 4407 debere
1851 4355 2145 4411 necessitas

563 4441 841 4512 ﬂagitavit.
875 4442 1028 4499 Unde
1064 4457 1164 4497 nec
1191 4441 1583 4496 ordinationem
1625 4452 1749 4497 ante
1787 4443 1957 4500 altare
1992 4461 2139 4502 asse-

561 4543 818 4603 quuntur,
852 4550 916 4590 eo
953 4535 1096 4604 quod
1127 4549 1226 4589 nec
1249 4535 1520 4606 mysteriis
1549 4537 1856 4593 ministrare
1893 4546 2142 4595 statuun-

565 4636 672 4691 tur,
707 4629 799 4682 sed
845 4627 934 4681 alii
978 4626 1193 4696 quidem
1221 4642 1403 4682 eorum
1451 4627 1741 4682 lectionum
1772 4629 2003 4685 ofﬁcium
2039 4632 2140 4686 im-

560 4719 746 4789 plent:
779 4717 867 4772 alii
893 4733 1019 4771 vero
1045 4715 1184 4772 infra
1216 4718 1500 4773 diaconum
1530 4719 1616 4773 illa
1653 4729 1958 4790 pr:eparant
1978 4761 1991 4785 ,
2021 4738 2140 4791 qua:

563 4811 629 4863 ad
659 4809 1002 4864 diaconorum
1029 4810 1298 4879 pertinent
1326 4811 1619 4867 ministeria
1639 4853 1652 4878 ,
1683 4828 1780 4868 nec
1807 4829 1911 4869 non
1943 4815 2140 4870 sollici-

563 4899 804 4952 tudinem
829 4898 1052 4968 implent
1078 4898 1507 4955 luminariorum.
1536 4900 1670 4957 Nam
1704 4905 1947 4974 mysterii
1980 4906 2141 4961 mini-

563 4990 786 5046 sterium
813 4991 1114 5062 presbyteri
1145 4991 1386 5062 implent,
1417 5001 1468 5046 et
1494 4993 1708 5049 diaconi
1734 4995 1832 5049 soli
1859 5013 1872 5048 :
1903 4996 1990 5050 alii
2017 4998 2138 5066 qui-

564 5082 685 5136 dem
717 5097 901 5135 eorum
931 5082 1262 5136 sacerdotale
1283 5098 1416 5154 opus
1443 5083 1746 5154 implentcs,
1787 5085 1875 5139 alii
1897 5102 2025 5141 vero
2056 5104 2142 5143 sa-

564 5175 673 5230 cris
696 5175 1077 5231 ministrantes-
1111 5175 1176 5230 Et
1210 5176 1312 5230 hoc
1340 5177 1554 5246 quidem
1595 5177 1925 5247 signavimus
1955 5195 2022 5232 ne
2051 5180 2142 5234 ali-

564 5265 685 5335 quis
711 5265 981 5320 existimet
1005 5265 1228 5320 Paulum
1255 5265 1522 5320 oblivione
1544 5265 1774 5334 quadam
1797 5281 1890 5322 eos
1920 5267 2140 5324 minime

567 5377 895 5418 memorasse
919 5377 1144 5432 quorum
1178 5374 1444 5415 memores
1482 5373 1602 5414 esse
1645 5360 2012 5416 conveniebat.
2052 5362 2137 5416 ln-

569 5457 888 5512 tendendum
918 5474 1048 5512 vero
1079 5467 1163 5512 est
1201 5466 1256 5512 et
1296 5456 1587 5524 sequentia:
1628 5457 1970 5512 narrationis.
2005 5457 2140 5514 Nam

562 5550 850 5622 Apostolus
873 5566 937 5607 eo
948 5551 1088 5620 quod
1105 5549 1396 5604 Ecclesiam
1416 5569 1433 5600 ε
1455 5547 1755 5604 columnam
1771 5561 1825 5604 et
1839 5550 2142 5606 ﬁrmamen-

566 5651 677 5694 tum
709 5641 951 5696 veritatis
988 5660 1006 5692 ι
1046 5639 1289 5704 vocavit,
1345 5640 1604 5710 optimum
1647 5655 1765 5695 esse
1812 5642 2142 5696 existimavit

567 5731 729 5784 etiam
759 5731 1090 5801 dogmaticos
1119 5731 1440 5786 interserere
1468 5746 1773 5795 sermones,
1808 5741 1868 5787 ut
1896 5735 2141 5788 ostendat

567 5820 740 5896 ipsam
764 5822 1208 5904 veritatetn,qua:
1236 5823 1324 5878 sit.
1353 5821 1628 5908 Praeparat
1649 5838 1777 5880 vero
1802 5821 2141 5880 Timotheum

2238 1971 2422 2040 utique
2447 1969 2727 2024 Dominum
2754 1969 2936 2038 glorire
2958 1969 3367 2033 cruciﬁxissent,
3399 1990 3416 2022 ›
3442 1971 3580 2024 etiam
3604 1973 3676 2025 hnc
3689 1974 3723 2026 in

2239 2065 2376 2119 loco.
2417 2082 2436 2113 ι
2470 2063 2769 2128 Manifeste,
2812 2063 3018 2132 inquit,
3059 2078 3316 2133 magnum
3356 2062 3550 2133 pietatis
3582 2075 3723 2134 ηιξ-ειε-

2242 2156 2403 2219 rium,
2445 2174 2463 2204 »
2490 2154 2590 2207 hoc
2615 2167 2718 2206 non
2745 2161 2828 2207 est
2849 2152 3088 2208 dubium.
3113 2151 3248 2206 Nam
3271 2161 3325 2207 et
3344 2152 3554 2208 habebat
3571 2168 3625 2206 ex
3641 2153 3726 2222 ipsis

2240 2245 2402 2300 rebus
2428 2243 2698 2298 indubiam
2720 2243 3088 2313 probationem
3118 2245 3263 2298 unde
3289 2253 3341 2298 et
3365 2245 3558 2315 adjicit:
3590 2244 3727 2311 «Quod

2241 2337 2588 2393 manifestum
2617 2345 2700 2391 est
2729 2336 2782 2390 in
2805 2352 2986 2390 carne.
3019 2355 3038 2388 ι
3066 2336 3182 2392 Hoc
3207 2345 3306 2402 est,
3336 2339 3534 2408 pietatis
3557 2337 3728 2391 delectus

2243 2426 2567 2490 ministerio,
2612 2440 2678 2480 eo
2705 2426 2845 2495 quod
2877 2426 2946 2480 sit
2987 2442 3240 2497 magnum
3283 2437 3337 2483 et
3379 2427 3726 2498 supereminens,

2243 2517 2494 2588 quoniam
2527 2517 2572 2571 is
2599 2517 2689 2586 qui
2719 2517 3002 2573 invisibilis
3025 2528 3108 2574 est
3143 2519 3307 2586 Deus,
3330 2518 3560 2583 Verbum,
3584 2517 3728 2587 Unige-

2244 2611 2390 2665 nitus
2415 2609 2593 2664 Patris
2622 2609 2986 2663 manifestavit
3011 2625 3069 2664 se
3101 2610 3427 2676 hominibus,
3450 2611 3497 2664 in
3519 2624 3728 2678 cat-neap-

2245 2718 2445 2774 parens
2469 2718 2566 2772 pro
2593 2703 2865 2757 communi
2903 2705 3141 2759 omnium
3173 2706 3364 2762 salute.
3395 2702 3579 2776 Optime
3606 2711 3728 2755 autem

2246 2795 2428 2851 hocin
2457 2795 2576 2850 loco
2605 2811 2711 2850 non
2745 2795 2880 2850 dixit
2919 2813 2973 2850 in
3013 2798 3269 2865 homine,
3310 2799 3398 2854 sed
3436 2799 3484 2852 in
3517 2811 3671 2851 carne:
3698 2802 3732 2846 et

2245 2889 2460 2958 quidem
2484 2887 2538 2942 in
2565 2887 2932 2959 superioribus
2955 2888 3237 2945 evidenter
3260 2890 3474 2946 dixerat.
3500 2907 3516 2940 ι
3541 2885 3730 2954 Quoniam

2247 2981 2512 3036 mediator
2542 2979 2636 3034 Dei
2665 2990 2720 3035 et
2747 2981 3022 3035 hominum
3046 2981 3215 3037 homo
3239 2983 3474 3037 Christus
3496 2978 3667 3041 Iesus,»
3691 2989 3733 3028 eo

2247 3077 2392 3146 quod
2430 3077 2533 3131 hoc
2568 3082 2720 3140 erat,
2751 3074 2893 3145 quod
2938 3083 3065 3129 tunc
3102 3074 3269 3130 dubie
3293 3071 3734 3144 suscipiebamus,et

2251 3167 2353 3220 hac
2384 3167 2448 3220 de
2477 3179 2642 3220 causa
2673 3164 2738 3218 ad
2766 3165 2864 3218 ista
2893 3165 3076 3229 verba,
3115 3164 3438 3220 descendere
3461 3171 3535 3217 est
3560 3157 3733 3226 compul-

2249 3273 2360 3311 sus.
2390 3256 2524 3310 Nam
2564 3256 2654 3311 illo
2679 3256 2729 3309 in
2775 3265 3013 3325 tempore
3043 3265 3235 3310 contra
3273 3255 3476 3325 pietatis
3512 3250 3733 3306 doctrinam

2249 3349 2438 3419 dogma
2485 3348 2531 3402 si
2578 3347 2754 3402 minus
2802 3347 2972 3415 magis
3017 3346 3281 3417 pullulare
3330 3345 3603 3404 videbatur,
3641 3337 3735 3408 quod

2248 3442 2440 3514 dogma
2462 3441 2712 3496 universa
2747 3441 2847 3496 ista
2887 3455 3006 3510 quae
3033 3439 3285 3497 videntur
3323 3441 3390 3497 ob
3428 3435 3735 3516 epilicationem

2248 3535 2343 3589 Dei
2369 3535 2605 3590 alienare
2646 3535 2920 3599 tentahat,
2953 3543 3171 3605 propter
3206 3535 3308 3589 hoc
3336 3533 3485 3589 etiam
3515 3528 3655 3585 carnis
3676 3524 3736 3577 de-

2247 3625 2476 3696 negabat
2510 3624 2709 3679 l'actam
2747 3623 2912 3679 fuisse
2941 3624 3364 3693 assumptionem
3391 3641 3404 3677 :
3432 3620 3612 3676 dicebat
3639 3613 3735 3669 enim

2246 3715 2618 3785 phantasmate
2645 3713 2759 3769 solo
2785 3713 3067 3768 Dominum
3107 3714 3419 3784 apparuisse
3443 3712 3493 3766 in
3517 3722 3667 3767 carne,
3691 3705 3737 3756 ita

2247 3815 2306 3860 ut
2334 3823 2439 3860 non
2471 3807 2746 3860 videretur
2768 3821 2896 3860 caro
2925 3805 3013 3859 tali
3042 3806 3270 3871 ratione,
3300 3806 3489 3860 honore
3514 3808 3560 3856 et
3581 3797 3738 3866 diligen-

2248 3901 2321 3955 tia
2346 3902 2503 3972 digna
2535 3901 2742 3956 videri:
2793 3901 3058 3970 siquidem
3101 3911 3154 3956 et
3196 3903 3252 3956 in
3296 3897 3592 3956 habitatione
3615 3890 3738 3946 divina

2247 3991 2406 4062 digna
2435 3991 2619 4057 fuerit,
2646 3991 2837 4046 deinde
2860 3991 3061 4054 dicens,
3099 4011 3116 4041 α
3147 3993 3241 4061 qui
3265 3988 3605 4047 manifestatus
3626 3979 3738 4036 estin

2247 4098 2432 4147 carne,
2471 4103 2490 4135 ι
2521 4083 2662 4152 quod
2696 4084 2760 4137 de
2787 4083 2896 4137 Deo
2937 4082 3042 4136 dici
3070 4081 3194 4151 jure
3226 4085 3509 4139 videbatur.
3547 4076 3653 4132 Nam
3684 4069 3740 4124 illa

2245 4180 2362 4226 erat
2385 4172 2651 4235 divinitas,
2685 4188 2802 4241 quae
2827 4173 2878 4226 in
2902 4188 3066 4228 carne
3089 4173 3292 4229 Christi
3317 4174 3481 4228 fuerat
3500 4170 3596 4223 visa
3614 4183 3624 4226 :
3645 4173 3743 4215 "3'"

2247 4267 2317 4320 sit
2343 4275 2397 4321 et
2423 4267 2488 4320 ad
2521 4267 2610 4320 illa
2641 4282 2759 4336 qua:
2789 4267 2854 4321 de
2887 4267 3104 4322 homine
3145 4267 3252 4322 dici
3296 4270 3556 4338 poterant,
3592 4265 3636 4311 ut
3667 4249 3742 4306 ani-

2245 4357 2416 4428 pliore
2489 4373 2797 4413 sermonum
2861 4359 3236 4429 prosecutione
3298 4357 3612 4414 conﬁrmaret
3654 4341 3742 4401 illud

2245 4450 2386 4518 quod
2412 4457 2539 4504 tunc
2570 4449 2862 4504 vocabatur
2886 4450 2938 4503 in
2975 4450 3218 4505 dubium.
3253 4447 3614 4506 «Justiﬁcatum
3632 4445 3694 4493 est
3709 4434 3743 4487 in

2246 4541 2458 4610 spiritu.
2499 4561 2517 4592 ι
2553 4539 2785 4595 Evideus
2817 4542 2939 4606 hoc,
2969 4541 3223 4611 quoniam
3253 4542 3321 4596 ad
3346 4540 3576 4594 deitatem
3600 4540 3744 4596 nequa-

2245 4647 2404 4702 quam
2429 4639 2604 4702 potest
2628 4632 2897 4702 pertinere
2922 4648 2935 4686 :
2965 4634 3213 4688 humanae
3237 4648 3363 4689 vero
3384 4641 3568 4686 natura:
3585 4621 3745 4678 eviden-

2245 4732 2326 4778 ter
2354 4731 2529 4793 potest
2561 4724 2760 4794 aptari,
2796 4726 2883 4793 qui
2930 4733 2985 4779 et
3022 4725 3242 4794 spiritus
3286 4719 3672 4780 inhabitationent
3709 4707 3744 4760 in

2244 4816 2566 4885 baptismate
2593 4815 2818 4884 accepit.
2850 4816 3075 4883 Quando
3101 4825 3154 4870 et
3184 4819 3234 4870 in
3257 4816 3432 4887 specie
3451 4805 3744 4868 columbmsu'

2243 4921 2342 4976 per
2370 4905 2517 4960 illum
2549 4906 2693 4958 venit
2719 4923 2731 4958 :
2771 4906 2865 4960 sed
2893 4921 2923 4959 a
2951 4906 3141 4975 spiritu
3175 4907 3228 4960 in
3261 4903 3580 4961 solitudinem
3605 4894 3746 4947 ductus

2246 5005 2350 5061 est,
2377 5005 2435 5050 ut
2464 5005 2650 5050 contra
2676 4996 2946 5050 diabolum
2996 4997 3048 5050 in
3091 5012 3260 5068 agone
3303 4997 3609 5051 decertaret;
3641 4976 3743 5074 eluin

2246 5088 2434 5158 spiritu
2457 5087 2548 5141 Dei
2576 5087 2820 5156 ejiciebat
2840 5087 3128 5153 daamones,
3152 5089 3289 5143 sicut
3312 5085 3488 5156 ipsein
3507 5068 3744 5142 Evangeliis

2247 5178 2396 5243 dicit,
2421 5186 2476 5232 et
2503 5178 2568 5230 ad
2595 5177 2810 5247 plenum
2843 5176 2931 5231 illa
2969 5193 3086 5248 qua:
3111 5179 3395 5234 secundum
3426 5167 3741 5228 inhabitantem

2247 5269 2300 5322 in
2327 5283 2385 5322 se
2413 5269 2659 5338 spiritum
2704 5269 2888 5338 gratia:
2923 5284 3020 5338 pro
3051 5279 3231 5324 nostra
3269 5263 3561 5337 expediebat
3597 5251 3738 5310 salute.

2246 5361 2505 5416 Primitite
2531 5361 2743 5430 quidem
2773 5361 2959 5416 salutis
2998 5373 3194 5417 nostra:
3232 5369 3380 5417 erant
3419 5356 3532 5434 illa,
3565 5362 3660 5419 qua?
3683 5353 3742 5434 ετξ

2251 5453 2482 5507 cundum
2527 5428 2802 5508 Christum
2847 5455 3203 5510 celebrantur.
3247 5453 3390 5509 Unde
3415 5428 3740 5534 etspiritttsfld

2252 5547 2633 5619 perfectionem
2659 5547 2896 5604 omnium
2933 5551 3154 5619 suscipit
3195 5549 3440 5603 bonorum
3467 5531 3740 5622 inhabitand-

2252 5654 2374 5692 nem
2414 5637 2507 5693 Dei
2538 5637 2722 5703 Verbi,
2753 5655 2816 5694 eo
2845 5641 2984 5710 quod
3015 5649 3070 5695 et
3097 5640 3247 5695 nobis
3282 5628 3641 5707 participatione
3660 5627 3740 5681 5P"

2253 5731 2390 5785 ritus
2415 5731 2652 5785 omnium
2673 5731 2935 5787 bonorum
2958 5749 3116 5789 causa
3143 5729 3446 5802 acquiritur,
3467 5723 3566 5776 sive
3585 5715 3626 5768 in
3645 5716 3740 5777 Pm“

2251 5821 2390 5878 senti
2421 5820 2641 5888 saeculo,
2670 5822 2783 5876 sive
2809 5822 2861 5876 in
2892 5821 3069 5878 futuro
3132 5825 3199 5880 Et
3233 5820 3354 5878 illud
3379 5831 3473 5871 non
3497 5816 3569 5866 est
3588 5802 3736 5860 miran-
