3992 6338
243 375 353 430 609

711 375 1264 435 ENARRATIONUM
1300 377 1369 434 IN
1405 379 1556 436 EPP.
1595 379 1802 438 PAULI
1838 379 1967 436 LIB.
2005 379 2192 437 XXII}.
2232 411 2303 422 —
2334 381 2402 437 ΙΝ
2436 381 2651 438 EPIST.
2691 395 2712 437 ι
2749 385 2842 439 AD
2878 385 3017 440 ΤΙΜ.

3405 391 3510 448 (MO

243 491 374 544 dum
403 487 450 545 si
479 488 631 558 quasi
661 488 726 545 de
746 489 934 546 eodem
956 491 1074 561 ipso
1093 493 1372 562 disputans
1398 493 1463 548 de
1485 492 1698 548 deitatis
1717 507 1830 548 ser—
1855 499 1906 560 Α
1933 467 2166 558 futuros,
2211 494 2303 562 qui
2352 502 2408 548 et
2433 495 2648 562 nuptias
2685 503 2740 550 et
2772 511 2925 552 escas
2971 507 3126 552 erant
3184 499 3508 571 adempturi,

241 582 502 636 monibus
527 581 595 635 ad
621 581 1012 637 humanitatem
1033 585 1294 640 transisse
1313 583 1576 638 videatur.
1599 583 1838 638 Consue-

244 672 380 729 tudo
430 675 546 728 haec
585 682 669 729 est
718 674 1020 730 divinarum
1071 677 1492 748 Scripturarum,
1537 678 1678 733 sicut
1729 693 1836 733 non

242 764 422 820 solum
453 765 508 819 in
551 765 844 834 apostolica
888 766 1336 837 interpretatione
1377 769 1431 824 id
1470 769 1831 834 ostendimus,

241 857 340 912 sed
361 865 418 910 et
443 856 496 909 in
520 856 928 928 Evangeliorum
955 860 1400 930 interpretatione
1425 859 1730 916 videntibus
1749 860 1836 915 his

241 945 754 1003 demonstravimus.
793 967 811 1000 ι
847 949 1109 1020 Apparuit
1131 951 1356 1020 angelis.
1401 971 1420 1003 ι
1451 951 1564 1007 Hoc
1595 961 1679 1007 est
1705 967 1831 1022 per-

239 1037 466 1106 spicuus
528 1037 730 1108 angelis
776 1038 948 1094 factus
1001 1050 1104 1096 est.
1166 1038 1279 1096 Hoc
1318 1041 1464 1096 enim
1503 1040 1633 1095 dicit
1675 1060 1693 1092 ί
1742 1055 1835 1110 ap-

237 1129 456 1199 paruit,
519 1149 538 1181 ι
591 1137 653 1183 ιιι
701 1131 951 1186 ostendat
1004 1133 1458 1201 quemadmodum
1522 1131 1833 1203 magnitudo

237 1234 363 1290 ejus
391 1228 447 1272 ct
473 1219 681 1290 angelis
711 1221 971 1276 existeret
998 1221 1278 1278 mirabilis.
1317 1241 1335 1272 ι
1367 1222 1718 1277 Praedicatqu
1749 1227 1833 1276 est

237 1311 297 1366 in
327 1310 597 1382 gentibus.
635 1331 654 1362 ι
679 1309 1037 1367 Annuntiatus
1088 1321 1210 1378 est,
1255 1313 1450 1382 inquit,
1503 1312 1829 1378 hominibus,

234 1400 439 1458 deinde
462 1402 605 1471 quod
630 1403 804 1473 majus
829 1410 912 1458 est
939 1419 952 1458 :
988 1422 1005 1455 ι
1037 1401 1314 1458 Creditum
1358 1412 1442 1458 est
1469 1403 1524 1457 in
1556 1403 1775 1458 mundo.
1805 1421 1824 1454 ι

234 1491 389 1547 Nihil
426 1493 572 1547 enim
604 1508 857 1563 magnum
887 1503 1005 1549 erat
1031 1495 1174 1564 quod
1219 1494 1614 1566 praedicabatur
1640 1510 1830 1548 secun-

236 1582 371 1638 dum
400 1598 481 1647 se,
503 1583 548 1638 si
577 1599 682 1638 non
707 1592 763 1638 et
789 1583 923 1638 ﬁdes
960 1584 1261 1639 auditorum
1301 1585 1586 1640 subsecuta
1617 1584 1824 1639 fuisset.

233 1671 356 1729 Hoc
395 1683 575 1729 autem
621 1673 837 1729 dicebat
888 1675 1271 1746 magnitudinis
1313 1677 1430 1747 ejus
1476 1673 1827 1732 sufﬁcientem

231 1765 640 1836 probationem,
672 1779 737 1819 eo
767 1765 909 1835 quod
947 1765 1192 1821 homines
1216 1767 1308 1836 qui
1338 1766 1392 1820 in
1417 1765 1666 1820 omnibus
1695 1765 1826 1820 locis

1937 585 2099 641 simul
2128 595 2407 656 negantes,
2438 594 2494 641 et
2530 587 2676 656 quod
2723 598 2972 658 suscepta
3001 587 3164 644 fuerit
3201 607 3328 648 caro
3347 607 3380 647 a
3401 595 3510 650 Deo

1934 677 2121 730 verbo.
2147 674 2361 746 Optime
2405 690 2534 745 ergo
2569 692 2633 746 ea
2677 691 2799 731 cum
2830 677 2936 733 illis
2973 679 3284 750 complexus
3311 691 3413 748 est,
3448 690 3510 738 ut

1936 766 2210 822 videretur
2238 767 2488 822 insistere
2508 783 2575 822 ex
2599 775 2828 838 utroque
2854 769 3043 836 latere,
3073 771 3226 840 quasi
3252 772 3509 830 adversus

1933 873 2100 912 unum
2144 861 2497 929 propositum.
2549 858 2681 914 Nam
2717 869 2772 915 et
2817 860 3140 917 Manichaeos
3186 873 3240 918 et
3285 863 3508 920 Marcio-

1932 947 2123 1014 nistas,
2173 956 2227 1003 et
2269 964 2362 1004 eos
2388 949 2480 1018 qui
2523 949 2592 1004 de
2642 948 3001 1004 Valentiniani
3047 962 3172 1007 sunt
3209 953 3419 1021 haeresi,
3453 965 3509 1010 et

1931 1055 2119 1096 omnes
2141 1041 2230 1110 qui
2248 1040 2514 1110 ejusmodi
2545 1052 2670 1096 sunt
2695 1042 2943 1099 similiter
2981 1044 3104 1115 quis
3122 1048 3424 1117 perspiciet,
3454 1057 3509 1102 et

1930 1134 2146 1202 nuptias
2175 1134 2456 1200 damnare,
2498 1142 2554 1190 et
2595 1151 2842 1190 escarum
2890 1153 3046 1193 usum
3085 1140 3238 1208 quasi
3286 1141 3508 1197 inhone-

1930 1231 2072 1278 stum
2101 1224 2402 1290 criminari,
2432 1234 2485 1280 et
2526 1227 2667 1295 quod
2693 1228 3008 1284 annitantur
3060 1231 3342 1288 ostendere
3391 1250 3506 1288 car-

1930 1329 2055 1370 nem
2082 1330 2113 1369 a
2137 1315 2246 1370 Deo
2273 1331 2380 1371 non
2404 1316 2570 1372 fuisse
2592 1330 2919 1390 susceptam.
2956 1321 3342 1379 lntendendum
3375 1342 3503 1382 vero

1929 1407 2380 1475 quemadmodum
2413 1411 2751 1466 amarissime
2781 1422 3110 1471 memoratus
3137 1431 3343 1484 eorum,
3370 1428 3422 1474 et
3444 1428 3506 1474 ut

1928 1501 2276 1556 vehementer
2307 1503 2554 1558 instituat
2595 1505 2660 1560 de
2687 1504 2808 1570 illis,
2847 1508 2937 1575 qui
2967 1509 3069 1562 ista
3094 1509 3287 1565 docere
3333 1512 3384 1564 in
3412 1527 3506 1568 no-

1926 1590 2164 1647 vissimis
2191 1595 2518 1664 temporibus
2548 1595 2805 1667 incipient
2832 1598 3113 1668 spirituum
3148 1601 3502 1674 malignorum

1925 1681 2267 1738 seductiones
2278 1699 2368 1740 eas
2395 1699 2515 1740 esse
2527 1687 2730 1753 dicens,
2754 1697 2808 1742 et
2828 1689 3101 1746 doctrinas
3118 1692 3500 1750 daunouiorum

1923 1787 2125 1828 vocans
2162 1774 2299 1838 illas,
2343 1777 2422 1831 sic
2452 1793 2671 1848 gravem
2717 1779 2910 1836 horum
2957 1781 3346 1851 professionem
3383 1802 3503 1842 esse

231 1867 400 1914 erant
423 1858 759 1928 susciperent
787 1859 934 1914 deeo
957 1857 1136 1925 ﬁdem,
1157 1859 1250 1930 qui
1275 1874 1547 1928 nunquam
1577 1867 1826 1929 pateren-
1852 1863 1901 1924 B
1927 1866 2293 1922 existimabat.
2318 1868 2460 1924 Bene
2487 1879 2666 1926 autem
2703 1873 2956 1941 quoniam
2988 1875 3123 1930 dixit
3153 1916 3167 1941 ,
3198 1895 3216 1928 ι
3252 1877 3305 1930 in
3337 1878 3503 1950 hypo-

235 1962 328 2008 tur
348 1969 476 2008 cum
501 1967 766 2009 consensu
809 1951 1030 2008 credere
1056 1952 1182 2019 illis,
1212 1969 1332 2023 quae.
1373 1953 1438 2008 de
1484 1965 1550 2007 eo
1577 1951 1828 2006 diceban-

233 2053 352 2112 tur,
385 2045 430 2100 si
463 2061 572 2100 non
605 2045 766 2100 rebus
786 2044 937 2115 ipsis,
965 2045 1033 2100 de
1051 2045 1135 2101 his
1154 2061 1275 2116 quae
1303 2045 1642 2110 dicebantur,
1676 2043 1826 2100 testi-

232 2137 484 2192 monium
512 2135 877 2192 satisfactione
891 2136 1276 2206 percepissent.
1301 2155 1319 2188 (
1340 2133 1663 2205 Assumptus
1675 2145 1758 2190 est
1771 2134 1826 2188 in

232 2231 431 2304 gloria.
468 2250 488 2284 ι
521 2231 660 2286 Dicit
679 2229 820 2285 enim
845 2230 911 2286 de
932 2229 1021 2284 illa
1042 2231 1427 2301 assumptione,
1442 2246 1548 2301 qua
1569 2229 1637 2284 de
1653 2228 1826 2285 homi-

231 2323 402 2378 nibus
450 2330 761 2392 assumptus
787 2330 890 2378 est.
918 2322 977 2376 In
1012 2322 1203 2377 ultimo
1246 2331 1427 2376 autem
1456 2321 1585 2376 illud
1627 2323 1823 2392 posuit,

231 2415 398 2488 quasi
426 2415 554 2486 quia
581 2413 852 2471 sulliciens
895 2423 1041 2470 esset
1063 2414 1132 2468 ad
1170 2414 1332 2468 ﬁdem
1359 2428 1453 2470 eos
1485 2413 1732 2480 invitare,
1762 2427 1828 2468 eo

232 2510 388 2580 quod
416 2517 472 2563 et
489 2508 692 2579 angelis
716 2507 881 2563 fuerit
903 2506 1080 2564 factus
1097 2508 1415 2579 perspicuus
1440 2516 1497 2563 et
1519 2508 1827 2563 hominibus

233 2590 595 2674 prmdicatus,
627 2602 731 2657 ﬁde
759 2603 830 2658 sit
876 2601 944 2657 ab
971 2601 1078 2657 illis
1103 2611 1404 2672 susceptus.
1430 2601 1556 2658 Haec
1581 2603 1646 2657 de
1667 2601 1825 2656 Chri-

231 2703 329 2750 sto
363 2694 571 2758 dicens,
603 2693 758 2764 quasi
803 2692 930 2763 quia
957 2702 1012 2748 et
1039 2693 1368 2759 necessarie,
1409 2700 1464 2747 et
1498 2693 1748 2765 cognosci
1773 2701 1830 2747 et

231 2785 504 2843 custodiri
528 2785 774 2850 debeant,
804 2800 904 2841 nec
932 2801 963 2840 a
989 2785 1218 2840 veritate
1245 2784 1504 2841 dimoveri
1535 2802 1548 2838 :
1580 2783 1626 2838 si
1649 2792 1829 2838 tamen

231 2875 400 2931 ﬁrma
424 2884 480 2931 et
499 2891 607 2930 non
639 2875 881 2931 absolute
927 2875 1124 2931 horum
1152 2874 1418 2931 confessio
1466 2873 1606 2944 apud
1641 2873 1826 2930 ﬁdeles

231 2967 630 3040 permanserit.

841 3101 1068 3159 CAPUT
1097 3101 1185 3157 IV.

1928 1955 2056 2010 crisi
2112 1955 2444 2026 loquentium
2503 1961 2862 2017 mendacium.
2910 1983 2929 2014 ι
2974 1965 3110 2020 Nam
3165 1981 3352 2023 omnes
3414 1969 3502 2025 isti

1925 2045 2262 2106 Christianos
2308 2067 2366 2107 sc
2394 2067 2516 2107 esse
2541 2053 2815 2121 simulant,
2839 2063 2894 2111 et
2931 2057 3172 2114 doctrina
3216 2076 3312 2116 sua
3335 2061 3502 2131 majo-

1926 2151 2043 2191 rem
2067 2153 2127 2193 se
2165 2147 2346 2196 tenere
2389 2143 2709 2212 promittunt
2754 2147 3082 2214 castitatem,
3120 2152 3346 2206 multum
3376 2169 3501 2210 vero

1925 2230 2144 2299 pietatis
2165 2240 2354 2286 contra
2381 2249 2473 2289 eos
2510 2235 2602 2304 qui
2652 2236 2754 2291 sibi
2781 2237 3153 2308 obtemperant
3197 2243 3262 2297 de
3291 2243 3504 2299 Christo

1927 2320 2122 2376 docere
2149 2323 2485 2380 annituntur.
2506 2324 2697 2381 Omnia
2727 2342 2854 2382 vero
2878 2327 2967 2382 illa
2990 2345 3108 2398 qua:
3129 2329 3354 2388 luxuria:
3371 2344 3504 2388 sunt

1925 2409 2239 2482 plena,qua3
2261 2421 2316 2468 et
2333 2429 2550 2468 omnem
2572 2416 2708 2480 inse
2734 2418 3013 2474 continent
3033 2421 3374 2490 pravitatem,
3403 2423 3502 2493 ipsi

1926 2498 2069 2556 inter
2119 2517 2179 2557 se
2223 2518 2386 2575 agere
2427 2521 2551 2560 cum
2600 2507 2748 2561 omni
2787 2518 3073 2578 properent
3123 2511 3500 2578 sollicitudine,

1926 2609 2048 2664 qua:
2085 2596 2140 2650 in
2178 2597 2368 2666 primis
2413 2597 2479 2653 ad
2525 2598 2740 2668 plenum
2791 2602 2949 2659 silere
3001 2603 3267 2659 videntur.
3302 2604 3373 2659 At
3411 2606 3503 2661 ubi

1925 2701 2022 2756 per
2040 2686 2186 2740 illam
2215 2703 2377 2756 quam
2401 2689 2589 2745 ineunt
2611 2691 3009 2747 simulationem
3041 2693 3272 2766 aliquem
3301 2694 3505 2750 instan-

1927 2785 2012 2832 ter
2037 2788 2266 2832 suadere
2292 2779 2394 2833 sibi
2419 2795 2518 2850 per
2547 2782 2727 2836 omnia
2761 2781 3022 2847 fecerunt,
3047 2793 3173 2839 tunc
3194 2784 3280 2839 illa
3308 2802 3506 2843 sermo-

1926 2867 2086 2924 nibus
2125 2869 2444 2938 quibusdam
2487 2872 2760 2927 adducunt
2800 2874 2856 2928 in
2906 2875 3148 2929 medium
3194 2878 3503 2944 suadentes,

1925 2970 1986 3018 ut
2023 2961 2112 3016 illa
2143 2971 2427 3035 peragant,
2471 2964 2628 3034 quasi
2669 2965 2886 3034 pietatis
2935 2982 3098 3037 opera
3137 2968 3502 3038 perﬁcientes,

1926 3069 2045 3125 quze
2087 3055 2235 3110 omni
2272 3064 2396 3110 sunt
2457 3056 2730 3128 spurcitia:
2781 3057 2957 3126 plena.
2999 3058 3068 3113 Et
3110 3059 3214 3116 hoc
3263 3061 3503 3116 inveniet

1926 3147 2070 3220 quis,
2101 3147 2146 3202 si
2167 3147 2255 3202 illa
2279 3147 2460 3202 omnia
2475 3163 2594 3218 quae
2607 3149 2864 3218 pmdicta
2879 3158 3028 3216 sunt,
3055 3151 3366 3206 cautissime
3379 3167 3507 3207 con-

236 3238 497 3294 Earcludit
533 3236 811 3308 Apostolus
848 3236 1060 3316 modum
1097 3236 1321 3316 docendi
1345 3249 1640 3301 erroneum,
1662 3242 1710 3290 et
1737 3250 1824 3288 ve-

1931 3245 2166 3300 siderare
2180 3243 2432 3308 voluerit,
2458 3243 2583 3299 licet
2615 3260 2724 3300 non
2752 3243 2908 3298 facile
2922 3244 3134 3315 possint
3153 3246 3500 3316 deprehendi,

635 3326 753 3364 rum
783 3308 927 3379 ponit
956 3308 1175 3362 docendi
1200 3307 1433 3362 modum.

318 3466 338 3497 ι
372 3445 611 3517 Spiritus
674 3452 854 3499 autem
899 3444 1185 3500 manifeste
1239 3445 1406 3512 dicit,
1467 3445 1720 3516 quoniam
1771 3445 1826 3500 in

245 3560 266 3594 ι
305 3540 616 3597 novissimis
665 3538 996 3610 temporibus
1051 3537 1330 3593 discedent
1377 3536 1594 3612 quidam
1633 3554 1664 3592 a
1701 3537 1825 3603 ﬁde,

243 3655 268 3688 ι
295 3633 650 3690 attendentes
673 3632 956 3702 spiritibus
983 3631 1190 3687 erroris
1215 3671 1232 3697 ,
1265 3640 1320 3687 ct
1343 3631 1606 3686 doctrinis
1629 3631 1830 3686 daemo-

243 3748 264 3778 ί
298 3728 536 3790 niorum,
565 3726 621 3780 in
649 3723 919 3795 hypocrisi
949 3723 1280 3793 loquentium
1309 3722 1669 3787 mendacium,
1694 3738 1826 3777 cau-

243 3834 264 3866 ‹
308 3816 562 3870 teriatam
609 3814 924 3870 habentium
967 3812 1376 3876 conscientiam,
1427 3812 1830 3882 prohibentium

245 3928 264 3958 ι
304 3908 534 3973 nubere,
549 3905 823 3962 abstinere
848 3921 879 3960 a
905 3906 1060 3971 cibis,
1097 3923 1117 3956 ι
1146 3913 1201 3959 et
1225 3913 1440 3960 caetera.
1466 3903 1668 3975 (Greg.)
1695 3905 1831 3959 Nam

239 3999 372 4056 sunt
414 3998 677 4063 nonnulli,
706 3997 798 4068 qui
832 3997 906 4052 ita
947 3996 1243 4069 virginitati
1289 3995 1472 4052 carnis
1517 3997 1752 4061 student,
1774 4003 1835 4050 ut

237 4094 469 4164 nuptias
493 4093 753 4152 damnent
783 4110 796 4145 ε
825 4101 880 4148 et
920 4102 1045 4148 sunt
1069 4091 1310 4147 nonnulli
1337 4091 1427 4161 qui
1460 4092 1533 4146 ita
1559 4091 1833 4147 abstinen-

241 4186 380 4241 tiam
412 4185 660 4250 laudant,
687 4193 749 4239 ut
783 4193 1059 4239 sumentes
1108 4182 1361 4238 alimenta
1407 4181 1711 4238 necessaria
1741 4181 1834 4236 de-

241 4263 536 4343 testentur,
566 4279 633 4334 de
675 4277 870 4346 quibus
918 4291 1015 4347 per
1051 4274 1277 4330 Paulum
1325 4275 1562 4330 dicitur:
1592 4272 1836 4332 «Prohi-

247 4389 270 4424 ι
308 4371 556 4427 bentium
587 4371 812 4436 nubere,
837 4369 1111 4424 abstinere
1135 4383 1166 4421 a
1189 4367 1324 4424 cibis
1354 4382 1491 4437 quos
1516 4368 1657 4422 Deus
1682 4381 1836 4421 crea-

249 4485 270 4516 ‹
304 4464 386 4518 vit
410 4463 480 4518 ad
516 4461 921 4533 percipiendum
971 4476 1096 4515 cum
1125 4460 1418 4531 gratiarum
1467 4459 1679 4514 actione
1709 4458 1837 4513 ﬁde-

251 4575 272 4609 ‹
301 4557 467 4611 libus.
497 4575 516 4606 ›
546 4555 684 4622 Quia
725 4570 854 4626 ergo
873 4569 967 4611 eos
992 4570 1022 4608 a
1046 4553 1248 4608 carnali
1283 4553 1580 4608 intentione
1607 4569 1718 4608 sure
1745 4569 1836 4608 su-

245 4647 586 4720 perstitionis
614 4655 850 4712 revocat,
876 4646 1111 4702 hmretici
1139 4661 1262 4701 cum
1294 4645 1393 4700 hos
1445 4645 1715 4714 aspiciunt
1734 4643 1832 4698 ali-

245 4753 336 4799 ter
366 4743 551 4798 vivere
572 4757 734 4812 quam
780 4741 1098 4806 docuerunt,
1141 4739 1372 4795 lacertos
1394 4755 1581 4794 eorum
1617 4739 1684 4792 ab
1713 4755 1840 4810 ope-

247 4835 466 4889 ratione
508 4847 668 4902 quam
699 4832 851 4902 prius
879 4837 1165 4886 tenuerunt
1203 4829 1564 4884 comminutos
1601 4843 1742 4894 esse,
1770 4829 1839 4884 ab

247 4923 495 4980 Ecclesia
527 4932 810 4979 testantur.
847 4920 1000 4977 Unde
1050 4928 1106 4976 et
1139 4920 1195 4975 in
1250 4921 1351 4974 hoc
1391 4927 1631 4989 tempore
1677 4919 1842 4974 disci-

249 5016 438 5087 plinaa,
462 5015 506 5070 si
531 5014 661 5085 quid
699 5012 750 5069 ei
790 5012 1136 5069 adversitatis
1165 5011 1430 5074 evenerit,
1469 5012 1572 5066 hoc
1596 5010 1840 5065 evenisse

249 5126 320 5165 ex
391 5108 551 5179 digna
637 5115 982 5178 peccatorum
1055 5105 1406 5161 retributione
1473 5102 1857 5173 suspicantur.

255 5189 483 5274 (Amb.)'
514 5200 742 5255 Evidens
769 5200 983 5270 quidem
1019 5197 1274 5269 quoniam
1321 5199 1436 5252 inec
1471 5197 1602 5252 dicit
1650 5195 1842 5250 beatus

253 5293 478 5357 Paulus,
509 5309 614 5348 non
642 5293 767 5364 quia
799 5302 927 5348 tunc
968 5289 1080 5360 jam
1121 5292 1261 5360 apud
1313 5291 1518 5360 aliquos
1564 5297 1841 5358 coeperant

253 5385 364 5440 ista
389 5384 651 5453 proﬁteri,
685 5384 776 5438 sed
802 5389 944 5455 quod
972 5391 1156 5454 postea
1199 5382 1298 5436 ista
1323 5389 1480 5435 erant
1519 5383 1586 5438 ab
1611 5381 1845 5436 homini-

255 5475 364 5530 bus
393 5473 713 5544 principium
757 5484 1054 5543 sumptura.
1102 5471 1236 5526 Nam
1287 5481 1340 5525 et
1388 5473 1489 5526 ista
1533 5487 1600 5527 eo
1647 5472 1839 5542 spiritu

255 5564 580 5634 cognovisse
603 5564 924 5636 designavit,
951 5571 1005 5618 ct
1044 5563 1187 5633 quod
1215 5563 1270 5617 in
1313 5561 1620 5618 novissimis
1641 5572 1844 5634 tempo-

260 5656 416 5713 ribus
455 5655 560 5711 sint
606 5655 804 5720 futura,
853 5654 1242 5725 pronuntiavit.
1301 5652 1590 5724 Conjunxit
1622 5669 1751 5710 vero
1778 5670 1842 5708 ea

262 5747 371 5803 illis
399 5747 757 5812 sermonibus,
787 5761 906 5817 quae
933 5747 999 5802 de
1031 5745 1246 5802 Christo
1289 5745 1504 5800 fuerant
1547 5745 1708 5810 dicta,
1739 5760 1844 5800 non

265 5837 534 5906 absolute,
577 5841 668 5897 sed
708 5839 964 5910 quoniam
1010 5838 1129 5898 illos
1156 5838 1300 5910 ipsos
1328 5837 1532 5895 sciebat
1572 5836 1707 5894 tales
1725 5851 1848 5893 esse

1932 3355 1994 3397 eo
2019 3339 2162 3408 quod
2191 3338 2362 3393 latere
2387 3337 2649 3408 plurimos
2685 3352 2844 3407 super
2878 3338 3073 3393 talibus
3118 3339 3374 3409 operibus
3412 3354 3504 3393 an-

1929 3431 2190 3486 nituutur.
2223 3429 2627 3499 Consequenter
2646 3439 2827 3484 autem
2855 3430 3074 3500 adjecit,
3102 3450 3120 3482 (
3154 3431 3505 3486 cauteriatam

1929 3521 2244 3577 habentium
2280 3535 2433 3576 suam
2466 3520 2708 3590 ipsorum
2728 3520 3138 3586 conscientiam,
3187 3539 3208 3572 ι
3239 3520 3330 3591 qui
3359 3521 3503 3576 enim

1931 3613 1998 3668 de
2056 3613 2307 3669 castitate
2368 3610 2930 3678 simulant,,omncm
2979 3611 3290 3681 spurcitiam
3341 3611 3397 3666 in
3450 3626 3510 3666 se

1929 3715 2246 3778 perpetrare
2290 3704 2656 3760 inveniuntur.
2707 3703 2942 3759 Evidens
2966 3714 3050 3758 est
3085 3703 3337 3774 quoniam
3381 3702 3507 3758 talia

1931 3799 2192 3854 facientes
2219 3813 2327 3853 non
2349 3797 2714 3868 integritatem
2739 3805 2966 3864 possunt
2986 3795 3206 3861 habere,
3237 3797 3507 3852 contraria

1932 3893 2076 3948 enim
2099 3891 2279 3961 specie
2302 3891 2522 3944 sitorum
2544 3903 2855 3942 sermonum
2879 3887 2982 3942 sibi
3009 3885 3112 3956 ipsi
3133 3887 3336 3942 conscii
3361 3896 3504 3956 sunt,

1933 4001 2052 4056 qua:
2076 3991 2132 4038 et
2165 3984 2219 4038 in
2250 3997 2308 4037 se
2347 3988 2599 4035 exercent
2629 3989 2684 4034 et
2725 3980 2862 4034 alios
2893 3980 3104 4035 docent.
3147 3979 3380 4035 Evidens
3415 3995 3511 4034 au-

1936 4088 2044 4132 tem
2085 4078 2227 4147 quod
2280 4075 2415 4130 dixit
2457 4073 2855 4146 prohibentium
2905 4073 3108 4128 nubere
3162 4073 3432 4128 abstinere
3477 4089 3507 4127 a

1934 4171 2108 4237 cibis,
2171 4167 2463 4225 ostendens
2502 4166 2754 4238 quoniam
2782 4181 2888 4220 non
2949 4164 3181 4230 nubere,
3243 4176 3337 4220 aut
3401 4181 3510 4220 non

1935 4275 2149 4318 sumere
2183 4274 2338 4315 escas
2380 4258 2607 4315 crimine
2647 4258 2865 4326 dignum
2922 4263 3038 4322 est,
3095 4255 3188 4310 sed
3220 4257 3362 4327 quod
3395 4257 3512 4329 lege

1935 4357 2038 4412 ista
2078 4354 2366 4424 prohibere
2399 4351 2718 4407 annitantur
2751 4366 2765 4406 :
2798 4365 2864 4405 ex
2909 4349 3134 4404 arbitrio
3166 4350 3310 4406 enim
3342 4352 3514 4406 conti-

1934 4460 2066 4502 nere
2103 4461 2162 4502 se
2198 4445 2436 4515 aliquem
2460 4445 2526 4499 ab
2551 4443 2670 4498 istis
2701 4457 2809 4497 non
2831 4450 2913 4496 est
2940 4441 3344 4498 inconveniens.
3376 4441 3510 4496 Nam

1935 4537 2223 4610 prohibere
2253 4535 2320 4590 de
2353 4535 2438 4590 his
2478 4532 2817 4588 necessitatis
2837 4541 2919 4588 est
2941 4531 3152 4600 potius,
3184 4548 3290 4586 non
3320 4547 3508 4602 propo-

1863 4596 1914 4656 D
1937 4596 2052 4696 siti,
2080 4629 2222 4700 quod
2250 4628 2502 4683 similiter
2539 4627 2717 4682 dicere
2755 4642 2861 4682 non
2895 4633 3102 4695 potest,
3132 4625 3383 4696 quoniam
3422 4625 3512 4680 ubi

1939 4723 2273 4794 propositum
2320 4728 2404 4774 est
2447 4718 2518 4773 ibi
2565 4716 2914 4780 continentia,
2967 4716 3072 4770 ista
3115 4729 3245 4770 vero
3293 4715 3514 4772 evidens

1938 4814 2212 4870 execratio
2238 4819 2340 4866 est.
2382 4810 2685 4864 Notandum
2712 4822 2841 4862 vero
2874 4815 2958 4861 est
2990 4806 3042 4860 in
3065 4821 3148 4872 eo,
3189 4807 3331 4876 quod
3359 4809 3512 4875 dixit,

1945 4926 1963 4959 ι
1995 4905 2266 4966 abstinere
2288 4918 2320 4956 a
2347 4902 2482 4956 cibis
2500 4941 2516 4966 ,
2555 4921 2573 4953 ›
2612 4899 2770 4955 sicuti
2793 4907 2848 4952 et
2875 4897 3334 4969 imperfectiouem
3364 4908 3516 4954 nota-

1937 5000 2118 5056 bimus
2151 5013 2216 5052 eo
2244 4995 2387 5065 quod
2413 4993 2610 5048 nullam
2635 4991 2970 5062 diligentiam
2999 4991 3320 5060 eloquentia:
3347 4991 3514 5048 faciat
3599 4978 3602 4980 ’

1942 5094 2109 5149 multa
2123 5092 2307 5146 dicens
2322 5085 2656 5158 imperfecte.
2675 5085 2812 5140 Nam
2824 5094 2880 5140 et
2891 5085 2994 5140 hoc
3005 5085 3059 5138 in
3075 5083 3192 5140 loco
3205 5085 3345 5154 quod
3359 5085 3512 5149 dixit,

1948 5203 1967 5236 ι
2002 5181 2422 5256 prohibentium,
2454 5197 2475 5230 ι
2511 5176 2663 5248 quasi
2701 5190 2798 5246 per
2821 5175 3202 5230 necessitatem
3241 5173 3370 5230 illud
3399 5175 3516 5232 ﬁeri

1943 5278 2235 5346 accipiens,
2266 5271 2602 5344 scquentiam
2625 5269 2834 5324 illorum
2872 5267 3090 5337 reliquit
3129 5265 3518 5338 imperfectam,

1945 5370 2100 5441 quasi
2143 5370 2273 5423 hinc
2314 5365 2488 5435 possit
2531 5364 2696 5420 etiam
2732 5361 2858 5417 illud
2899 5361 3150 5432 cognosci
3177 5376 3284 5430 quo
3312 5361 3524 5416 incusat

1945 5479 2040 5519 eos
2066 5462 2156 5533 qui
2187 5467 2387 5531 cogunt
2405 5458 2680 5512 abstinere
2699 5471 2729 5510 a
2751 5455 2909 5521 cibis,
2931 5454 3124 5510 deinde
3150 5452 3336 5510 dicens
3358 5453 3520 5509 etiam

1949 5553 2271 5612 sententiam
2322 5567 2484 5622 quam
2531 5557 2587 5605 et
2629 5554 2869 5612 accusat,
2919 5546 3046 5616 quia
3092 5545 3145 5600 in
3195 5544 3384 5600 ultimo
3421 5542 3523 5598 erit

1951 5647 2092 5716 apud
2129 5645 2396 5711 homines,
2428 5641 2614 5714 adjicit
2642 5639 3048 5712 probationem,
3077 5635 3220 5707 quod
3259 5650 3366 5690 non
3399 5649 3558 5714 con-x

1951 5739 2230 5808 venienter
2276 5738 2380 5792 ista
2418 5742 2738 5808 proponant.
2793 5752 2810 5783 «
2849 5733 2994 5800 Quos
3031 5729 3176 5784 Deus
3213 5725 3415 5783 creavit
3454 5724 3521 5778 ad

1954 5833 2357 5904 percipiendum
2376 5848 2497 5888 cum
2517 5831 2814 5903 gratiarum
2829 5825 3060 5893 actione.
3099 5843 3117 5874 ι
3147 5821 3279 5878 Nam
3293 5828 3347 5876 ct
3371 5819 3522 5877 valdo
