3992 6338
479 327 580 388 ﬁll

1113 326 1174 384 Β.
1215 323 1469 384 RABANI
1504 320 1722 384 llAURl
1757 320 2074 382 ARCll'lEP.
2111 319 2420 382 MOGUNT.
2457 315 2745 395 OPERUM
2784 321 2965 378 PARS
2997 315 3083 378 lli.

3623 325 3741 380 (il!

481 445 996 504 inconvenienserat
1021 445 1188 502 Deum
1219 445 1308 500 illa
1328 445 1394 500 ad
1411 446 1518 500 'hoc
1538 443 1820 498 facientem
1849 441 1964 512 lege
1988 441 2054 496 ab
2082 455 2128 514 Α
2157 439 2467 509 percipitur.
2511 457 2531 491 ι
2565 437 2766 494 Deinde
2783 437 3001 506 adjecit,
3039 445 3093 492 et
3128 437 3270 508 quod
3299 452 3365 492 ex
3390 436 3496 494 illis
3519 437 3741 495 lucrum

477 551 666 594 eorum
700 553 799 594 usu
829 537 1078 592 homines
1109 537 1420 606 prohibere.
1458 533 1776 588 Necessario
1803 545 1932 587 vero
1955 531 2055 585 ad—
2155 533 2329 604 possit
2353 531 2592 586 adnasci.
2625 550 2642 582 ι
2666 531 3045 586 Sanctiﬁcatur
3069 532 3210 586 enim
3236 547 3335 602 per
3361 533 3584 586 verbum
3610 533 3738 597 Dei,

463 623 608 696 'jecit
641 645 660 682 ι
697 643 817 682 cum
843 627 1145 697 gratiarum
1175 625 1408 691 actione,
1439 625 1648 689 dicens,
1676 625 1749 678 ita
1773 633 1832 677 ut
1866 631 1921 678 et
1946 637 2058 678 mo-

479 719 580 776 dus
603 717 843 787 adjectus
865 733 987 774 esse
1007 718 1254 772 videatur
1280 717 1448 788 ipsius
1469 730 1598 771 usus
1621 715 1915 771 secundum
1937 727 2058 781 quae

480 810 621 868 facta
638 822 783 876 sunt,
807 807 1132 866 sullieienter
1158 807 1515 878 comprobans
1531 807 1848 876 pravitatem
1875 801 2060 874 prohi-

480 903 743 970 bent-ium,
793 903 838 958 si
863 901 1006 957 enim
1046 901 1248 971 gratias
1290 912 1450 969 agere
1478 898 1588 952 Deo
1617 897 1814 952 bonum
1843 902 1926 950 est
1957 907 2058 962 pro

475 995 651 1059 escis,
677 994 904 1064 impium
925 1001 1016 1050 est
1058 993 1338 1046 incusare
1375 1003 1490 1054 eas,
1533 988 1731 1046 nullam
1761 988 1828 1043 de
1859 996 2058 1042 caetero

481 1086 777 1158 gratiarum
800 1085 1068 1140 actionem
1100 1081 1567 1150 subrelinquentes
1599 1079 1724 1144 illis,
1753 1079 1847 1148 qui
1869 1079 1942 1132 ita
1963 1091 2060 1133 eas

481 1182 585 1238 sibi
635 1181 862 1236 tributus
915 1195 1042 1236 esse
1095 1179 1426 1235 enistimant.
1459 1177 1591 1232 Nam
1636 1177 1684 1231 is
1723 1177 1812 1247 qui
1845 1178 1913 1232 ad
1955 1177 2060 1230 hoc

481 1275 622 1330 facta
659 1275 748 1330 illa
784 1290 818 1330 tt
845 1275 956 1330 Deo
989 1273 1279 1329 conﬁtetur
1301 1311 1316 1338 ,
1359 1272 1488 1328 licet
1539 1271 1814 1326 contineat
1860 1283 1917 1323 se
1959 1282 2058 1324 suo

482 1367 790 1438 proposito,
829 1376 1011 1422 tamen
1047 1366 1327 1436 cognoscit
1357 1365 1500 1434 quod
1543 1363 1829 1418 conveniat
1861 1361 1926 1416 de
1953 1359 2058 1415 illis

379 1491 414 1522 ν
481 1459 590 1513 Deo
613 1459 816 1529 gratias
855 1473 1045 1530 agere;
1081 1466 1138 1516 et
1167 1458 1379 1514 arbitrii
1412 1472 1598 1512 eorum
1627 1455 1949 1526 pravitatem
1983 1454 2061 1508 la-

481 1551 588 1606 tius
621 1550 898 1621 explicans
927 1549 1126 1619 adjecit
1151 1568 1164 1605 τ
1187 1568 1210 1600 ι
1253 1549 1524 1604 [fidelibus
1551 1555 1608 1602 et
1631 1547 1716 1601 his
1742 1547 1834 1617 qui
1863 1560 2060 1616 cogno-

479 1650 672 1698 verunt
703 1642 1002 1697 veritatem.
1045 1661 1066 1692 ι
1109 1639 1228 1696 Non
1283 1641 1417 1695 dixit
1463 1639 1706 1696 absolute
1751 1639 2060 1694 hominibus

479 1734 746 1799 orrmibus,
785 1733 1034 1790 similiter
1061 1733 1126 1787 de
1164 1747 1264 1787 usu
1293 1745 1539 1787 escarum
1571 1730 1907 1801 propositum
1938 1743 2060 1785 esse

2155 631 2213 678 et
2229 623 2548 678 orationem.
2587 642 2604 674 ι
2634 621 2769 674 Nam
2798 622 2849 675 in
2871 623 3176 690 sumplione
3206 636 3476 686 escarum,
3515 623 3742 692 quando

2157 732 2279 772 cum
2308 716 2603 786 gratiarum
2628 713 2856 769 efﬁcitur
2883 714 3092 769 actione
3114 714 3226 784 jam
3257 730 3366 770 non
3387 731 3742 770 communem

2153 819 2335 859 escam
2373 803 2502 858 facit
2525 802 2870 872 participare,
2895 802 2990 857 sed
3025 811 3308 856 sanctam:
3346 802 3399 857 in
3429 816 3498 857 eo
3533 803 3742 857 etenim

2157 895 2280 948 dum
2312 894 2496 964 gratiae
2523 901 2752 964 aguntur
2773 893 2902 958 Deo,
2941 893 3106 946 etiam
3138 907 3275 948 escae
3297 894 3740 949 sanctiﬁmntur.

2157 984 2251 1040 Sic
2279 986 2346 1039 ad
2382 986 2716 1055 dogmaticos
2741 998 2994 1054 egressus
3015 999 3320 1052 sermones,
3349 984 3417 1040 ad
3447 984 3747 1040 continua-

2157 1081 2356 1136 tionem
2387 1081 2632 1136 veritatis
2663 1079 2782 1135 illos
2819 1079 3148 1135 interserens
3169 1118 3185 1145 ,
3215 1092 3444 1153 quorum
3474 1086 3532 1131 et
3557 1076 3746 1131 ﬁrma-

2157 1181 2398 1226 mentum
2439 1171 2733 1226 Ecclesiam
2767 1186 2890 1227 esse
2933 1169 3186 1235 asseruit,
3237 1169 3483 1238 dixitque
3525 1168 3622 1222 illa
3661 1168 3751 1222 vel

2151 1265 2390 1319 maxime
2437 1279 2558 1334 qua:
2609 1271 2739 1319 tunc
2794 1263 3029 1318 maxime
3080 1261 3188 1316 dici
3240 1269 3585 1332 oporterent,
3647 1277 3746 1332 pro

2157 1355 2442 1410 commotis
2480 1364 2610 1410 tunc
2637 1354 3027 1425 quaestionibus
3049 1393 3066 1420 ,
3105 1354 3179 1408 ita
3206 1363 3265 1408 ut
3289 1352 3619 1408 Timotheus
3643 1352 3751 1407 fre.-

2157 1457 2386 1514 quenter
2413 1447 2476 1501 de
2503 1445 2587 1500 bis
2613 1445 2913 1501 doctrinam
2945 1445 3152 1499 faceret
3186 1445 3253 1499 ad
3286 1443 3495 1512 ﬁdeles,
3534 1444 3665 1498 ideo
3690 1444 3751 1500 il-

2157 1537 2264 1591 lum
2294 1538 2378 1593 his
2399 1540 2576 1596 verbis
2602 1541 2854 1595 admonet
2882 1557 2895 1592 :
2942 1556 2959 1589 ι
2997 1537 3124 1592 Πειεο
3144 1553 3452 1608 preponens
3479 1537 3752 1594 fratribus

2157 1631 2329 1687 bonus
2370 1634 2479 1688 eris
2506 1633 2751 1687 minister
2771 1631 2972 1688 Christi
2996 1630 3143 1686 Jesu.
3183 1650 3200 1682 ι
3231 1630 3373 1696 Eris,
3421 1630 3626 1700 inquit,
3660 1629 3753 1685 mi-

2156 1726 2328 1781 nister
2358 1725 2559 1782 Christi
2603 1725 2916 1796 probabilis,
2967 1724 3011 1780 si
3053 1725 3168 1779 haec
3217 1739 3339 1778 cum
3381 1723 3754 1779 sollicitudine

480 1824 724 1889 videtur,
754 1839 818 1879 eo
847 1824 992 1893 quod
1019 1824 1094 1877 ita
1127 1838 1225 1878 eos
1259 1822 1628 1877 universitatis
1663 1821 1853 1876 fecerit
1891 1821 2052 1887 Deus,
2083 1823 2128 1888 Β
2156 1837 2272 1888 eos,
2311 1821 2402 1892 qui
2433 1821 2536 1875 ﬁde
2585 1821 2740 1876 nobis
2774 1820 2950 1888 juncti
2979 1827 3124 1885 sunt,
3170 1817 3440 1885 docueris,
3481 1828 3538 1874 et
3566 1830 3750 1874 osten-

2110 1966 2117 1972 .
2158 1915 2289 1969 deus
2317 1913 2473 1968 simul
2493 1913 2617 1983 quia
2637 1921 2692 1967 et
2713 1912 2814 1983 ipsi
2834 1911 2982 1966 utilis
3005 1911 3076 1966 sit
3101 1911 3406 1983 huiusmodi
3438 1911 3752 1967 sollicitudo

480 1919 572 1974 sed
605 1926 663 1972 ut
695 1915 952 1985 majorem
975 1914 1226 1971 ostendat
1250 1915 1571 1985 pravitatem
1599 1927 1788 1969 eorum
1835 1913 1927 1983 qui
1979 1911 2055 1966 ita

479 2013 544 2066 de
566 2011 708 2067 escis
743 2010 982 2066 sentiunt
1006 2026 1022 2076 ;
1065 2009 1326 2079 siquidem
1361 2017 1418 2064 et
1447 2008 1552 2062 alia
1577 2008 1762 2064 dicere
1791 2012 2058 2076 usurpant

481 2106 548 2160 de
587 2105 714 2169 illis,
758 2118 988 2172 quoru
1027 2099 1112 2158 vel
1147 2102 1378 2157 maxime
1404 2118 1530 2157 usus
1559 2101 1809 2157 omnibus
1841 2101 2057 2155 videtur

481 2209 602 2251 esse
625 2203 685 2250 et
719 2193 1057 2252 necessarius
1085 2201 1143 2248 et
1173 2202 1350 2262 aptus.
1383 2192 1615 2247 Accusat
1643 2207 1775 2248 vero
1814 2208 1906 2247 eos
1933 2205 2059 2263 gra-

484 2286 602 2341 vius
629 2284 889 2354 adjiciens
919 2305 940 2338 ι
972 2301 1096 2342 cum
1125 2287 1420 2358 gratiarum
1451 2285 1681 2340 actione.
1729 2305 1748 2336 ι
1774 2283 1910 2339 Nam
1936 2284 2057 2339 ideo

437 2430 447 2442 ,
486 2374 640 2432 facta:
657 2385 787 2432 sum
804 2391 961 2443 escas.
979 2385 1039 2431 ut
1057 2392 1180 2431 cum
1202 2377 1496 2447 gratiarum
1525 2377 1737 2431 actione
1761 2375 2055 2444 unusquis-

479 2486 584 2540 que
609 2485 704 2525 eas
731 2477 910 2524 sumat
938 2487 951 2523 :
979 2469 1179 2524 etenim
1201 2468 1405 2537 justum
1447 2480 1530 2525 est
1555 2483 1648 2525 eos
1687 2469 1776 2539 qui
1804 2467 2058 2524 fruuntur

483 2561 586 2618 illis
611 2561 816 2634 gratis
837 2576 999 2631 agere
1033 2562 1082 2617 ei
1115 2563 1207 2631 qui
1233 2577 1326 2616 eas
1347 2561 1531 2632 largiri
1553 2561 1801 2633 dignatus
1829 2569 1933 2628 est,
1963 2561 2057 2616 sed

482 2658 582 2713 hoc
607 2671 712 2711 non
741 2656 808 2710 de
839 2654 1090 2710 omnibus
1125 2653 1294 2719 dicit,
1323 2653 1419 2708 sed
1447 2653 1515 2708 de
1549 2652 1677 2707 solis
1703 2652 1948 2708 ﬁdelibus
1972 2651 2054 2708 lo-

466 2735 663 2821 'quitur
693 2767 707 2804 :
737 2764 863 2803 nam
899 2747 1142 2803 inﬁdeles
1170 2761 1271 2802 nec
1303 2747 1598 2819 gratiarum
1627 2747 1894 2802 actionem
1935 2747 2057 2802 red-

479 2842 606 2896 dere
633 2841 830 2896 sciunt.
869 2839 1058 2909 Itaque
1098 2837 1200 2893 etsi
1226 2853 1324 2908 pro
1361 2838 1573 2894 ratione
1607 2836 1970 2908 opiﬁcationis
2001 2837 2056 2891 in

478 2945 758 2989 coni-iuno
789 2931 1038 2988 omnibus
1065 2946 1196 2986 usus
1223 2945 1467 2986 escarum
1492 2929 1802 3000 propositus
1831 2945 1953 2985 esse
1978 2928 2058 2983 vi-

477 3025 656 3089 detur,
699 3023 794 3078 sed
837 3032 901 3077 ut
935 3029 1168 3091 oportet,
1205 3020 1600 3077 convenienter
1646 3020 1764 3076 ﬁeri
1809 3019 2058 3076 ﬁdelibus

480 3116 650 3187 magis
667 3115 880 3169 videtur
909 3128 1068 3183 posse
1090 3112 1284 3183 aptari.
1315 3111 1539 3167 multum
1567 3126 1696 3183 ergo
1726 3112 2052 3184 pravitatem

479 3222 666 3262 eorum
703 3221 805 3276 per
835 3206 940 3260 hoc
967 3204 1233 3268 ostendit,
1273 3204 1366 3274 qui
1395 3219 1518 3258 cum
1549 3204 1750 3274 gratias
1776 3217 1936 3274 agerc
1962 3203 2050 3258 dc-
2079 3187 2126 3252 C

479 3299 670 3354 berent
705 3312 804 3367 pro
831 3296 1023 3367 largita
1063 3295 1166 3350 sibi
1190 3296 1394 3365 requie,
1423 3304 1607 3350 utrum
1637 3297 1912 3350 insumant
1939 3311 2048 3361 eas,

455 3399 663 3446 ntroin
687 3405 746 3444 se
773 3390 842 3442 ab
863 3389 944 3444 eis
961 3389 1293 3454 contineant,
1322 3395 1508 3458 utpote
1534 3386 1744 3453 ﬁdeles;
1782 3404 1813 3442 e
1837 3396 2055 3443 contra-

481 3485 562 3540 rio
592 3484 842 3538 incusant
869 3496 1026 3536 escas
1061 3489 1117 3536 et
1153 3480 1297 3551 quod
1339 3495 1448 3536 non
1497 3480 1606 3535 sint
1641 3481 1776 3535 bene
1806 3479 1965 3536 factae
2001 3489 2057 3536 et

481 3589 636 3630 nsum
663 3587 846 3628 carum
873 3572 992 3642 lege
1016 3572 1328 3629 annitantur
1347 3570 1620 3627 abdicare.
1648 3571 1848 3628 Deinde
1873 3573 2054 3628 dicens

480 3669 608 3740 quia
634 3684 664 3722 a
693 3667 805 3723 Deo
821 3666 983 3722 factae
1007 3673 1151 3732 sunt,
1178 3673 1572 3735 consequenter
1597 3665 1829 3736 adjecit:
1863 3684 1881 3717 ι
1917 3665 2062 3733 Quia

479 3759 657 3825 omnis
693 3766 944 3814 creatura
995 3755 1089 3812 Dei
1140 3756 1280 3811 bona
1326 3764 1380 3811 et
1421 3756 1559 3811 nihil
1607 3755 1982 3826 rejiciendum.
2029 3775 2048 3808 ι

481 3853 961 3920 Quemadmodum,
983 3851 1179 3922 inquit,
1207 3849 1540 3906 incusatione
1559 3849 1778 3921 dignum
1801 3865 1908 3904 non
1926 3865 2053 3920 pos-

481 3945 552 4000 sit
573 3945 740 4002 videri
784 3946 915 4002 illud
945 3946 1084 4017 quod
1113 3962 1143 4000 a
1164 3945 1277 4000 Deo
1304 3943 1504 4000 factum
1531 3954 1615 4001 est
1637 3986 1652 4012 ,
1697 3945 1834 4001 bene
1874 3955 2052 4000 autem

484 4039 806 4110 generaliter
841 4039 970 4095 illud
1007 4040 1186 4094 dixit:
1219 4057 1236 4090 ι
1275 4037 1541 4106 Quoniam
1585 4039 1762 4095 omnis
1804 4048 2054 4094 creatura

486 4128 580 4183 Dei
605 4131 744 4184 bona
782 4138 888 4194 est,
931 4137 986 4183 et
1017 4129 1152 4184 nihil
1192 4129 1567 4200 rejiciendum.
1606 4149 1623 4180 ι
1650 4129 1841 4185 Omnia
1873 4139 2054 4185 autem

482 4218 634 4274 utilia
657 4227 808 4282 οιιιιι,
829 4219 1012 4287 itaque
1031 4225 1085 4273 et
1101 4219 1187 4272 illa
1209 4233 1330 4288 qua:
1348 4221 1399 4273 in
1421 4234 1577 4273 nsum
1603 4233 1740 4274 escae
1761 4221 1884 4275 data
1906 4230 2052 4287 sunt,

483 4324 589 4364 non
605 4316 734 4362 sunt
760 4307 1070 4379 rejicienda,
1089 4309 1182 4362 sed
1201 4309 1382 4376 potius
1407 4309 1733 4377 recipienda,
1765 4325 1830 4364 eo
1861 4310 2002 4380 quod
2023 4326 2052 4365 a

483 4401 597 4458 Deo
625 4402 736 4457 sint
759 4402 827 4457 ad
852 4400 952 4456 hoc
975 4399 1136 4455 facta.
1179 4400 1458 4473 (Theoph.)
1499 4402 1556 4454 Si
1587 4402 1732 4456 enim
1771 4403 1862 4456 tali
1890 4417 2052 4458 sensu

483 4511 549 4554 ac
591 4496 864 4567 proposito
901 4494 1204 4565 jejunemus
1228 4535 1244 4562 ,
1290 4502 1350 4548 ut
1392 4505 1674 4564 peccatum
1709 4495 1959 4551 contrahi
1997 4495 2050 4550 in

480 4602 726 4644 essanun
761 4587 1172 4658 participatione
1200 4587 1504 4652 credamus,
1539 4604 1644 4644 non
1676 4589 1838 4644 modo
1877 4588 2052 4645 nullos

481 4677 690 4733 fructus
711 4693 808 4748 pro
843 4678 1164 4733 abstinentia
1187 4680 1591 4749 consequimur,
1626 4682 1721 4735 sed
1745 4681 1907 4736 etiam
1935 4697 2055 4737 rea-

483 4777 598 4824 tum
627 4771 918 4826 maximum
949 4787 1011 4827 ac
1045 4772 1313 4846 sacrilegii
1339 4775 1544 4830 crimen
1577 4775 1871 4830 secundum
1907 4777 2052 4848 Apo-

483 4862 679 4918 stolum
711 4866 1103 4931 contrahimus,
1143 4866 1472 4923 abstinentes
1507 4884 1536 4921 a
1562 4869 1717 4934 cibis,
1751 4885 1887 4939 quos
1913 4871 2054 4928 Deus

482 4957 686 5012 creavit
707 4957 770 5011 ad
795 4957 1197 5028 percipiendum
1225 4976 1348 5016 cum
1369 4962 1665 5032 gratiarum
1691 4965 1900 5017 actione
1932 4963 2057 5020 ﬁde-

482 5043 648 5113 libus,
675 5055 734 5101 et
763 5047 847 5102 his
869 5048 960 5117 qui
981 5061 1343 5119 cognoverunt
1369 5052 1652 5106 veritatem
1675 5053 1801 5123 quia
1831 5072 1849 5103 ‹
1877 5054 2054 5110 omnis

482 5146 732 5192 creatura
767 5135 862 5192 Dei
903 5138 1042 5194 bona
1079 5148 1136 5194 ct
1167 5140 1301 5194 nihil
1338 5139 1720 5209 rejiciendum,
1756 5143 1896 5211 quod
1930 5159 2052 5198 cum

480 5229 777 5300 gratiarum
812 5231 1024 5286 actione
1051 5235 1364 5304 percipitur.
1406 5254 1424 5287 ι
1453 5234 1555 5302 Qui
1583 5236 1726 5290 enim
1751 5245 1905 5306 putat
1927 5237 2054 5307 quid

482 5332 766 5376 commune
785 5335 928 5388 esse,
959 5323 1037 5378 illi
1060 5339 1346 5379 commune
1368 5334 1469 5391 est,
1493 5335 1547 5382 et
1573 5327 1775 5382 idcirco
1793 5329 1862 5382 ob
1884 5328 2052 5383 solam

482 5411 876 5482 perceptionem
903 5429 1046 5470 escae
1067 5415 1338 5469 neminem
1363 5415 1594 5485 legimus
1613 5419 2050 5485 condemnatum,

482 5499 588 5555 nisi
610 5499 750 5557 forte
763 5500 1006 5572 junctum
1025 5502 1348 5574 quidfuerit,
1372 5505 1457 5560 vel
1477 5515 1659 5576 postea
1683 5508 2048 5573 subsecutum,

482 5603 580 5660 per
607 5593 750 5662 quod
786 5595 1045 5650 meruerit
1075 5594 1443 5651 condemnari.
1473 5597 1700 5671 (Αηιὸν.)
1720 5599 1932 5670 Adiecit
1953 5615 2050 5655 au—

486 5690 594 5740 tem
621 5687 817 5744 iterum
839 5697 894 5743 et
919 5689 1159 5752 modum,
1189 5691 1483 5745 secundum
1513 5707 1673 5762 quem
1701 5701 1915 5764 oportet
1934 5709 2051 5748 eas-

487 5774 609 5830 dem
632 5791 785 5833 escas
813 5778 1102 5835 insumere.
1136 5797 1155 5832 ι
1187 5779 1339 5847 Quod
1361 5795 1486 5838 cum
1513 5781 1811 5854 gratiarum
1839 5785 2049 5840 actione

2083 4553 2132 4613 Ι)

2158 2003 2235 2058 ait
2264 2021 2277 2056 :
2313 2021 2332 2054 ι
2373 2003 2656 2058 Enutritus
2681 2002 2862 2057 verbis
2885 2002 3004 2057 ﬁdei
3034 2010 3089 2057 ct
3115 2003 3267 2057 boum
3293 2003 3563 2058 doctrina":
3586 2019 3751 2073 quam

2157 2103 2437 2151 assecutus
2456 2109 2534 2151 es.
2577 2113 2594 2147 ι
2632 2093 2907 2159 Proﬁciet,
2949 2093 3141 2166 inquit,
3173 2094 3276 2150 hoc
3306 2101 3360 2149 et
3393 2094 3494 2150 tibi
3540 2095 3598 2150 in
3647 2111 3752 2150 me-

2157 2188 2291 2255 lius;
2328 2203 2456 2243 nam
2487 2187 2703 2258 quando
2747 2201 2872 2241 cum
2911 2185 3091 2242 debita
3136 2186 3504 2242 sollicitudine
3549 2187 3753 2242 docere

2160 2282 2293 2337 alios
2319 2281 2409 2336 illa
2439 2295 2558 2353 qua:
2583 2279 2707 2337 fidei
2735 2287 2860 2337 sunt
2897 2281 3178 2348 anniteris,
3216 2281 3481 2352 majorem
3521 2281 3752 2336 ﬁrmita-

2158 2381 2268 2430 tem
2307 2374 2422 2448 ipse
2455 2389 2643 2429 eorum
2671 2375 2938 2445 acquiris,
2980 2375 3135 2445 quasi
3161 2374 3254 2444 qui
3284 2383 3338 2429 et
3381 2375 3612 2429 assidua
3648 2391 3752 2428 me-

2159 2469 2420 2525 ditatione
2442 2469 2702 2525 nutriaris
2725 2469 2848 2536 illis,
2873 2470 3155 2529 ostendere
3179 2470 3362 2525 volens
3383 2471 3532 2541 quod
3560 2480 3750 2542 aptum

2158 2563 2230 2619 sit
2271 2563 2347 2617 illi
2391 2570 2452 2617 ut
2490 2563 2706 2620 assidue
2755 2562 2888 2618 alios
2931 2563 3142 2628 doceat,
3181 2563 3323 2633 quod
3369 2571 3599 2618 secutus
3654 2571 3750 2628 est,

2157 2655 2314 2726 quasi
2358 2653 2563 2710 diceret
2599 2673 2612 2709 :
2653 2653 2778 2710 Haec
2825 2669 2943 2728 qum
2987 2653 3296 2725 frequenter
3340 2662 3395 2709 et
3441 2654 3652 2710 audisti
3702 2661 3750 2709 ct

2157 2748 2392 2805 didicisti
2449 2763 2662 2819 semper
2709 2762 2921 2803 mecum
2968 2747 3199 2818 degens,
3249 2749 3365 2804 haec
3409 2744 3632 2818 justum
3676 2755 3754 2802 est

2157 2849 2211 2896 te
2266 2840 2460 2897 docere
2512 2850 2566 2895 et
2615 2840 2767 2906 alios,
2819 2840 3114 2895 exhortans
3152 2855 3282 2896 vero
3328 2856 3454 2895 eum
3502 2841 3559 2895 in
3599 2840 3750 2896 hisce

2158 2932 2316 2987 dictis
2352 2930 2697 2997 sullicienter,
2731 2939 2792 2985 ut
2817 2932 3074 2987 doctrinae
3101 2932 3424 2988 immineant
3443 2949 3570 2988 cum
3601 2935 3750 2988 omni

2157 3022 2534 3084 sollicitudine,
2577 3021 2894 3078 dehortatur
2937 3038 3059 3080 eum
3111 3024 3316 3094 pariter
3361 3040 3432 3080 ne
3478 3025 3591 3081 illis
3637 3041 3751 3096 qua:

2157 3115 2429 3172 contraria
2459 3124 2585 3170 sunt
2613 3116 2697 3170 vel
2717 3116 2910 3172 leviter
2931 3116 3229 3172 intendant.

2231 3225 2249 3258 ι
2290 3205 2501 3275 lneptas
2539 3213 2717 3264 autem
2749 3215 2804 3262 et
2850 3207 3022 3264 aniles
3057 3207 3270 3266 fabulas
3305 3209 3512 3268 devita.
3565 3231 3585 3263 ›
3635 3210 3745 3268 lloc

2152 3299 2239 3354 vel
2276 3301 2508 3354 maxime
2550 3316 2660 3371 pra:
2715 3301 2926 3356 caeteris
2967 3302 3253 3356 commodo
3299 3303 3506 3358 dictum
3546 3315 3634 3359 est
3687 3308 3748 3358 ab

2151 3389 2440 3460 Apostolo,
2480 3391 2524 3447 si
2565 3392 2725 3463 igitur
2774 3392 2894 3462 quis
2914 3391 3066 3448 libris
3109 3394 3435 3466 apocrypbis
3465 3395 3748 3452 intendere

2155 3484 2403 3550 voluerit,
2451 3484 2572 3540 illos
2620 3500 2754 3556 quos
2800 3486 3000 3541 habere
3041 3487 3294 3542 videntur
3338 3489 3451 3553 illi,
3507 3491 3604 3560 qui
3649 3490 3745 3545 ista

2153 3575 2404 3646 dogmata
2435 3577 2759 3646 proﬁtentur
2780 3617 2794 3642 ,
2821 3577 3040 3633 nomine
3066 3579 3281 3649 quidem
3303 3580 3744 3636 beatissimorum

2151 3667 2327 3722 editos
2365 3669 2763 3737 apostolorum,
2796 3669 3249 3726 daemoniacorum
3292 3688 3422 3728 vero
3462 3674 3744 3728 hominum

2157 3758 2554 3828 conscriptione
2605 3760 2854 3831 repletos,
2913 3763 3204 3834 perSpicict
3256 3763 3526 3819 dictorum
3593 3763 3744 3818 Pauli

2155 3851 2633 3906 commoditatem:
2665 3851 2739 3905 ita
2789 3860 2971 3907 autem
3017 3861 3070 3908 et
3117 3867 3305 3908 omnes
3348 3853 3562 3925 profani
3623 3863 3745 3909 sunt

2155 3959 2435 3999 sermones
2479 3944 2574 4010 illi,
2622 3951 2676 3998 ct
2719 3944 2889 4000 aniles
2931 3943 3157 4011 fabulae,
3194 3963 3312 4017 quae
3352 3947 3407 4001 in
3454 3946 3565 4001 illis
3595 3948 3744 4002 libris

2157 4038 2494 4103 inseruntur,"
2519 4039 2626 4092 imo
2649 4045 2704 4092 et
2727 4036 2921 4092 fabulis
2951 4037 3181 4092 anilibus
3209 4038 3329 4108 plus
3344 4047 3740 4095 suntexsct-ra-

2157 4131 2292 4187 biles
2320 4173 2334 4199 ,
2381 4130 2670 4201 spurcitias
2719 4131 2862 4186 enim
2909 4139 2964 4185 et
3023 4131 3392 4187 innnunditias
3437 4133 3739 4198 continent,

2156 4238 2276 4292 quae
2317 4238 2415 4276 nec
2448 4237 2604 4276 aures
2633 4221 2911 4276 hominum
2951 4222 3220 4278 sustinere
3253 4232 3574 4292 potuerunt.
3625 4225 3741 4279 llam

2157 4329 2288 4369 vero
2305 4329 2468 4383 super
2491 4315 2966 4370 dehonorationem
2989 4314 3202 4369 illorum
3231 4329 3351 4385 quae
3383 4316 3453 4370 ab
3485 4317 3739 4372 adversa-

2157 4404 2254 4458 riis
2288 4405 2520 4460 conﬁcta
2549 4413 2670 4461 sunt
2703 4407 2982 4464 commode
3015 4407 3222 4472 dicens,
3260 4417 3314 4462 et
3343 4419 3740 4479 consequenter

2155 4497 2602 4566 prrocedentibus,
2640 4499 2834 4568 adjecit
2860 4501 3076 4556 iterum.
3115 4519 3132 4552 ι
3169 4501 3376 4557 Exerce
3411 4505 3649 4572 teipsum
3677 4501 3738 4556 ad

2155 4591 2434 4661 pietatem.
2459 4611 2477 4645 ι
2497 4591 2552 4646 In
2575 4594 2845 4664 prioribus
2866 4596 2965 4660 ait,
2995 4596 3126 4650 doce
3147 4595 3248 4650 ista
3275 4611 3400 4650 cum
3430 4597 3614 4651 debita
3639 4595 3739 4652 sol-

2155 4684 2433 4739 licitudine
2460 4704 2472 4738 :
2501 4685 2776 4754 adjuvabit
2802 4700 2980 4742 autem
3011 4687 3265 4757 frequens
3294 4703 3484 4743 eorum
3516 4690 3736 4744 medita-

2157 4778 2234 4832 tio
2265 4793 2370 4831 uon
2414 4779 2584 4832 solum
2619 4795 2731 4845 eos,
2775 4781 2869 4834 sed
2900 4788 2955 4835 et
2987 4789 3038 4835 te
3079 4789 3132 4834 et
3161 4781 3287 4849 quia
3317 4780 3592 4850 intcrjccit
3632 4781 3732 4848 illa,

2157 4871 2212 4925 in
2243 4870 2347 4924 illis
2379 4871 2719 4925 sermonibus
2758 4886 2893 4940 quos
2927 4872 2978 4924 in
3017 4872 3447 4926 dehortationem
3490 4874 3736 4927 adversa-

2158 4962 2359 5016 riorum
2394 4961 2617 5029 fecerat,
2655 4963 2721 5016 ad
2752 4962 2838 5016 illa
2871 4963 2985 5032 ipsa
3012 4965 3168 5017 redit.
3201 4961 3342 5017 Bene
3371 4979 3504 5018 vero
3527 4964 3731 5019 exerci-

2156 5055 2413 5111 tationem
2472 5055 2686 5126 pietatis
2734 5055 3064 5128 diligentiam
3111 5055 3246 5110 dixit
3288 5071 3411 5111 esse
3457 5056 3730 5120 doctrinm,

2157 5165 2262 5218 qua
2288 5149 2425 5203 alios
2449 5147 2524 5201 ita
2561 5149 2828 5202 instruere
2865 5147 3214 5222 deproperat,
3253 5149 3329 5202 ita
3359 5157 3417 5202 ut
3441 5149 3513 5203 sit
3534 5149 3731 5204 exerci-

2160 5243 2292 5295 tatio
2315 5241 2480 5309 pietat
2491 5241 2536 5294 is
2549 5241 2597 5295 ei
2609 5281 2623 5307 ,
2641 5243 2729 5310 qui
2744 5241 2962 5312 pietatis
2977 5243 3288 5312 exsequitur
3302 5257 3465 5312 opera
3485 5259 3500 5308 ;
3531 5242 3731 5298 exerci-

2160 5330 2416 5384 tationem
2441 5345 2570 5384 vero
2597 5331 2749 5394 dicit,
2785 5340 2843 5384 ut
2864 5331 2998 5386 alios
3013 5347 3133 5386 cum
3161 5333 3306 5386 omni
3330 5333 3608 5400 diligentia
3637 5333 3728 5386 ista

2159 5420 2413 5474 instruat.
2447 5421 2729 5491 Frequens
2772 5431 2950 5476 autem
2997 5424 3274 5478 meditatio
3301 5425 3519 5494 pietatis
3554 5423 3728 5478 labore

2154 5511 2289 5566 solet
2309 5512 2574 5578 exerceri,
2593 5513 2922 5582 etquoniam
2945 5514 3387 5569 exercitationem
3411 5513 3556 5568 illam
3579 5511 3725 5584 quasi

2155 5603 2222 5656 ad
2261 5602 2592 5672 corporalem
2621 5619 2842 5674 agonem
2880 5603 3017 5658 dixit
3054 5619 3120 5659 ex
3150 5606 3556 5675 comparatione
3590 5605 3724 5661 illius

2151 5692 2388 5748 ostendit
2411 5692 2552 5772 illius
2579 5693 2961 5759 differentiam,
2986 5703 3042 5750 et
3064 5695 3140 5750 ait
3168 5714 3180 5750 :
3219 5717 3234 5746 ι
3277 5695 3408 5750 Nam
3434 5696 3722 5765 corporalis

2153 5785 2469 5840 exercitatio
2501 5787 2565 5841 ad
2605 5786 2876 5844 modicum
2908 5787 3054 5842 utilis
3097 5797 3199 5852 est,
3239 5789 3412 5858 pietas
3447 5795 3624 5844 autem
3658 5785 3718 5841 ad
