3992 6338
240 381 352 442 813

713 378 1261 444 ENABRATIONUM
1297 379 1366 441 IN
1403 377 1554 441 EPP.‘
1591 381 1798 441 PAULI
1831 371 1962 438 LIB.
2000 372 2186 437 XXIII.
2227 411 2298 423 —
2332 374 2402 438 IN
2441 379 2658 437 EPIST.
2697 379 2720 436 ι
2752 380 2846 436 AD
2878 374 3018 437 TIM.

3389 377 3497 440 6M

239 502 426 560 omnia
451 497 600 556 utilis
615 509 713 554 est.
748 500 1135 557 Promissiones
1155 502 1364 558 habens
1385 501 1512 556 vita:
1536 499 1816 570 praesentis
1842 503 1896 564 Α
1918 505 2177 567 praestare
2211 497 2503 554 mercedes.
2537 498 2604 552 Et
2629 499 2882 567 quoniam
2913 514 3014 569 per
3034 499 3215 555 omnia
3235 501 3494 567 ostendit,

241 604 300 652 ct
335 594 550 648 futurae.
595 609 614 642 ι
653 589 754 657 Qui
798 590 944 645 enim
990 590 1044 645 in
1084 606 1253 664 agone
1285 600 1412 646 sunt
1433 589 1717 659 corporali,
1765 595 1820 642 et

239 687 312 742 ad
346 686 450 740 hoc
479 683 685 753 seipsos
717 689 971 737 exercent
1005 698 1174 753 usque
1203 683 1256 737 in
1283 690 1605 752 praesentem
1631 679 1818 744 vitam,

239 778 371 832 inde
413 774 586 830 solent
615 773 815 828 habere
857 773 1129 828 solatium.
1177 772 1310 827 Nam
1347 773 1566 848 pietatis
1594 787 1731 844 agon
1768 779 1824 826 et

239 868 407 923 istius
450 864 764 921 exercitatio
795 880 861 919 ex
893 865 1074 919 multis
1103 865 1345 934 partibus
1385 864 1540 919 nobis
1570 877 1822 934 magnum

237 959 451 1030 praebet
480 957 873 1027 juvatnentutn,
927 956 1298 1026 promittitque
1348 955 1504 1011 nobis
1549 955 1604 1009 in
1643 955 1823 1009 futuro

239 1048 444 1105 saeculo
488 1060 682 1117 magna
717 1047 960 1115 praebere
991 1063 1004 1100 ε
1033 1061 1157 1100 nam
1185 1047 1478 1101 secundum
1503 1053 1823 1117 praesentem

239 1142 414 1196 vitam
450 1137 699 1194 conferre
724 1137 879 1192 nobis
916 1152 1022 1191 non
1051 1138 1274 1191 minima
1297 1145 1495 1207 potest.
1517 1137 1674 1204 Quod
1693 1152 1823 1193 vero

239 1233 384 1289 dixit
415 1233 581 1287 vitam
611 1239 930 1302 przeseutem
949 1271 963 1296 ,
1009 1230 1090 1286 sic
1117 1231 1272 1296 dixit,
1304 1230 1446 1300 quod
1485 1231 1530 1286 si
1559 1231 1634 1301 pii
1659 1230 1824 1286 etiam

239 1323 543 1393 aliquando
586 1321 963 1377 necessitatem
997 1322 1398 1387 sustinuerunt,
1431 1321 1720 1392 plurimum
1741 1319 1827 1389 ju-

238 1415 437 1468 1latneu
465 1413 628 1467 etiam
657 1414 951 1468 secundum
981 1423 1299 1483 praesentem
1327 1414 1493 1468 vitam
1519 1428 1823 1484 assequun-

237 1515 352 1560 tur.
390 1505 668 1576 (Μουεα.)
699 1503 878 1560 Pietas
897 1513 1074 1560 autem
1101 1521 1222 1574 quae
1247 1505 1364 1560 sine
1393 1504 1554 1559 dubio
1579 1505 1822 1559 charitas

237 1597 596 1666 inteliigitur,
638 1598 706 1652 ad
743 1598 927 1653 omnia
953 1598 1102 1652 utilis
1137 1606 1240 1664 est,
1285 1597 1699 1668 promissionem
1729 1598 1826 1653 ha-

239 1693 381 1747 bens
409 1693 534 1747 vitm
571 1707 691 1761 qua:
721 1707 865 1747 nunc
890 1701 994 1757 est,
1035 1701 1091 1747 et
1121 1692 1332 1748 futurae.
1363 1693 1496 1760 Quae
1529 1707 1660 1764 ergo
1683 1690 1826 1746 dici-

235 1794 331 1838 tur
367 1786 437 1839 ad
463 1785 735 1841 modicum
759 1801 879 1842 esse
916 1785 1084 1852 utilis,
1123 1785 1405 1842 manifeste
1441 1786 1823 1856 pronuntiatur

235 1893 341 1932 nec
375 1893 476 1948 per
505 1893 666 1933 omne
709 1885 915 1949 tempus
943 1878 1214 1944 exerceri,
1261 1893 1360 1934 nec
1398 1894 1663 1934 summam
1693 1894 1818 1950 per-

237 1967 492 2025 fectionis
511 1985 610 2040 per
629 1985 690 2025 se
708 1969 879 2025 solam
904 1968 1169 2025 laboranti
1203 1983 1364 2040 posse
1381 1968 1629 2024 conferre
1657 1987 1670 2022 :
1699 1984 1816 2024 mo-

236 2060 420 2116 dicum
450 2061 646 2132 quippe
671 2061 742 2116 ad
773 2069 1064 2131 utrumque
1096 2059 1282 2115 referri
1307 2068 1506 2130 potest,
1543 2060 1598 2115 id
1623 2068 1708 2114 est
1731 2057 1817 2114 vel

235 2151 306 2205 ad
339 2150 660 2206 brevitatem
685 2150 965 2221 temporis,
1001 2150 1143 2220 quod
1168 2149 1373 2205 scilicet
1394 2149 1596 2205 homini
1621 2158 1733 2204 tam
1760 2148 1814 2203 in

232 2242 495 2312 praesenti
564 2257 724 2312 quam
785 2242 840 2296 in
897 2240 1080 2296 futuro
1145 2241 1463 2297 exercitatio
1518 2241 1816 2310 corporalis

231 2342 506 2388 coaeterna
531 2348 654 2390 esse
697 2348 805 2389 non
848 2334 1053 2405 possit;
1101 2333 1187 2388 vel
1211 2342 1358 2389 certe
1399 2334 1467 2389 ad
1493 2332 1814 2403 parvitatem

229 2424 490 2480 utilitatis
512 2465 527 2492 ,
557 2439 678 2495 quae
711 2426 777 2481 de
797 2426 1001 2480 carnali
1028 2425 1416 2481 exercitatione
1448 2426 1810 2495 conquiritur,

228 2532 304 2572 eo
332 2518 476 2586 quod
516 2515 734 2571 aﬂictio
761 2516 1059 2588 corporalis
1115 2517 1267 2571 initia
1310 2517 1554 2586 quaedam
1593 2516 1811 2586 prolec-

233 2619 346 2676 tus,
389 2627 494 2666 non
521 2612 693 2683 ipsam
728 2611 1112 2682 perfectionem
1150 2611 1327 2680 pariat
1361 2610 1663 2674 cbaritatis,
1694 2623 1814 2679 quae

227 2707 648 2776 promissionem
679 2707 842 2761 habet
871 2706 995 2761 vita:
1030 2715 1085 2761 et
1119 2705 1398 2776 praesentis
1429 2713 1485 2757 et
1505 2701 1730 2766 futura;
1757 2709 1814 2755 et

229 2796 443 2851 idcirco
487 2796 746 2852 exercitia
799 2795 1024 2866 operum
1071 2795 1450 2865 prtedictorum
1508 2791 1812 2846 necessaria

235 2902 364 2941 esse
387 2901 694 2953 essemus,
731 2887 857 2956 quia
894 2887 1009 2940 sine
1039 2885 1170 2954 ipsis
1195 2884 1261 2938 ad
1286 2882 1570 2938 charitatis
1597 2880 1811 2950 fastigia

231 2995 344 3033 non
400 2987 585 3049 posset
627 2979 866 3032 aseendi.
909 2977 1033 3031 Haec
1061 2978 1221 3031 etiam
1259 2991 1380 3044 quae
1423 2973 1604 3028 dicitis
1645 2985 1810 3042 Opera

227 3071 462 3142 pietatis
484 3085 547 3127 ac
567 3070 954 3126 misericordia:
977 3069 1281 3123 necessaria
1310 3076 1435 3122 sunt
1457 3068 1514 3120 in
1535 3067 1638 3120 hoc
1669 3074 1810 3119 tem-

226 3180 388 3232 pore,
407 3165 532 3219 dum
549 3165 726 3219 adhuc
741 3163 1018 3233 inaequalis
1034 3162 1316 3216 diversitas
1329 3160 1654 3225 don'tinatur,
1681 3173 1809 3228 quo-

1924 590 2287 646 neeessarium
2319 607 2438 646 esse
2467 591 2657 646 horum
2691 591 2925 646 studium
2956 601 3013 648 et
3040 601 3100 648 ut
3143 601 3500 648 exerceantur
3561 643 3566 652 .

1924 684 1988 738 ad
2027 684 2282 754 pietatem
2322 693 2549 740 caeteros
2583 685 2856 749 docentes,
2900 684 3126 739 resumit
3156 685 3498 754 praepositam

1921 775 2356 830 exhortationem
2395 785 2450 832 et
2476 776 2658 848 adjicit
2686 795 2699 831 :
2730 796 2749 828 ι
2795 776 3032 846 Praecipe
3062 777 3178 832 haec
3205 784 3259 830 et
3285 776 3438 832 doce.
3471 795 3494 827 ι

1922 866 2039 922 Non
2089 867 2334 922 absolute
2346 868 2546 938 posuit
2588 869 2837 938 principe,
2882 867 2979 923 sed
3023 867 3168 938 quod
3219 867 3502 922 conveniat

1922 973 2045 1012 eum
2085 957 2353 1014 instanter
2394 957 2664 1022 insistere,
2697 957 2744 1012 si
2781 958 2998 1027 quando
3028 972 3115 1012 res
3145 957 3260 1027 ipsa
3285 972 3410 1011 eum
3445 956 3500 1011 id

1922 1048 2103 1106 facere
2139 1049 2476 1120 compulerit.
2521 1049 2722 1104 Deinde
2765 1049 2890 1120 quia
2920 1049 3138 1120 juvenis
3165 1055 3305 1113 erat,
3340 1056 3398 1104 et
3422 1047 3503 1102 vi-

1925 1141 2150 1196 debatur
2200 1151 2332 1197 :etas
2375 1142 2490 1212 ipsa
2543 1155 2573 1194 a
2621 1139 2870 1210 plurimis
2919 1139 3210 1205 contemni,
3255 1138 3497 1208 adjecit:

1929 1253 1949 1286 ι
1981 1235 2151 1290 Nemo
2182 1234 2598 1289 adolescentiam
2617 1242 2768 1287 tuam
2789 1240 3115 1288 contemnat.
3153 1249 3174 1284 ι
3199 1231 3367 1297 Idem,
3391 1231 3500 1287 noli

1924 1334 2103 1382 autem
2133 1334 2355 1397 propter
2387 1334 2602 1380 aetatem
2633 1323 2990 1396 pusillanimis
3022 1339 3177 1391 esse,
3208 1339 3384 1393 neque
3411 1339 3503 1380 ea-

1924 1433 2082 1484 veas,
2114 1419 2246 1488 quin
2276 1433 2396 1473 cum
2429 1417 2750 1472 auctoritate
2775 1417 2994 1481 doce“,
3031 1430 3100 1471 eo
3121 1415 3268 1486 quod
3301 1417 3368 1471 ad
3401 1417 3504 1471 hoc

1925 1509 2001 1564 sis
2027 1510 2078 1563 in
2121 1506 2403 1576 iuventute
2439 1508 2664 1563 electus.
2707 1506 3054 1562 Admirabilis
3095 1521 3223 1564 vere
3247 1515 3334 1562 est
3359 1506 3505 1576 adje-

1925 1603 2034 1658 etio
2079 1617 2243 1672 quam
2274 1601 2472 1670 adjecit
2502 1601 2686 1656 dicens
2713 1615 2730 1654 ε
2769 1621 2788 1652 ι
2832 1600 2938 1656 Sed
2965 1600 3269 1672 exemplum
3295 1608 3413 1656 esto
3441 1601 3500 1654 ﬁ-

1925 1694 2143 1758 delium,
2184 1694 2237 1748 in
2263 1694 2452 1759 verbo,
2499 1694 2553 1748 in
2580 1693 3013 1758 conversatione,
3051 1693 3106 1748 in
3132 1693 3416 1759 charitate,
3449 1694 3502 1747 in

1926 1785 2051 1850 ﬁde,
2083 1785 2136 1839 in
2164 1785 2430 1839 castitate.
2463 1803 2482 1834 ι
2514 1783 2594 1839 Ad
2617 1793 2855 1848 :etatem,
2883 1784 3078 1855 inquit,
3106 1793 3249 1839 tuatn
3277 1785 3386 1838 noli
3411 1799 3498 1838 re-

1848 1864 1893 1925 B
1923 1875 2150 1946 spicere,
2181 1875 2514 1947 diligentiam
2540 1890 2669 1929 vero
2715 1874 2914 1930 adhibe
2935 1875 3150 1939 horum,
3173 1882 3236 1928 ut
3261 1873 3412 1928 dicas
3449 1882 3502 1928 et

1921 1982 2050 2038 agas
2087 1966 2196 2032 illa,
2247 1983 2369 2037 quae
2398 1968 2506 2024 dici
2531 1976 2773 2038 oportet,
2813 1975 2873 2022 ut
2903 1968 3201 2024 secundum
3242 1968 3384 2036 quod
3409 1967 3504 2021 de-

1920 2069 2429 2124 ceteonversentnr,
2467 2071 2527 2116 ut
2559 2061 2877 2116 eharitatem
2909 2075 3028 2116 eam
3063 2075 3184 2132 qua:
3210 2075 3340 2132 erga
3375 2076 3498 2115 om-

1915 2167 2012 2207 nes
2061 2164 2143 2207 est
2171 2161 2409 2218 teneant,
2459 2162 2517 2207 ut
2547 2153 2684 2208 ﬁrmi
2719 2154 2825 2209 sint
2861 2154 2915 2208 in
2947 2153 3071 2218 ﬁde,
3127 2162 3185 2207 ut
3225 2153 3497 2228 pudicitiae

1918 2241 2251 2314 diligentiam
2273 2245 2584 2310 adhibeant,
2611 2245 2685 2300 ita
2713 2255 2774 2299 ut
2801 2252 2856 2299 et
2883 2245 2996 2316 ipse
3019 2243 3251 2301 formam
3283 2253 3336 2300 te
3365 2259 3496 2314 ιιι-ω·
3593 2257 3595 2262 ·

1918 2332 2047 2388 beas
2067 2333 2333 2400 ﬁdelibus,
2357 2350 2454 2405 pro
2475 2336 2668 2405 quibus
2689 2337 2854 2390 vitam
2869 2337 3012 2407 regis
3031 2344 3202 2402 tuam,
3227 2337 3502 2391 instruens

1917 2427 2369 2495 quemadmodum
2395 2429 2685 2484 conveniat
2713 2431 3052 2496 conversari,
3081 2429 3152 2484 ita
3185 2438 3246 2484 ut
3271 2445 3340 2485 ex
3370 2430 3501 2500 ipsis

1917 2518 2126 2573 actibus
2171 2518 2277 2574 tuis
2329 2520 2697 2576 testimonium
2753 2522 2876 2576 vita:
2925 2529 3028 2577 tua;
3077 2521 3182 2577 iiiis
3229 2524 3497 2592 praebeas.

1915 2608 2035 2666 Noii
2081 2611 2399 2681 dignitatem
2441 2613 2702 2668 doctrinae
2729 2614 2873 2668 aetati
2913 2614 3182 2671 dimittere
3207 2625 3338 2682 tua,
3375 2631 3497 2672 cum

1917 2702 2109 2757 ﬁducia
2136 2719 2265 2759 vero
2289 2706 2472 2760 omnia
2503 2704 2684 2761 dicere
2707 2717 3017 2776 properato.
3047 2705 3255 2780 (Greg.)
3301 2725 3324 2758 ‹
3353 2707 3498 2764 Prte-

1915 2793 2055 2862 eipe,
2097 2795 2306 2864 inquit,
2339 2796 2474 2861 haec,
2499 2805 2562 2850 et
2589 2797 2723 2852 doce
2741 2812 2864 2852 cum
2884 2798 3032 2852 omni
3055 2797 3303 2867 imperio,
3335 2817 3358 2850 ο
3390 2811 3499 2852 non

1915 2884 2334 2940 dominationem
2350 2887 2620 2955 potentiae,
2633 2888 2729 2941 sed
2741 2888 3116 2943 auctoritatem
3137 2888 3324 2942 suadet
3340 2888 3461 2942 vitae
3481 2906 3494 2942 :

1913 2992 2035 3031 eum
2059 2977 2283 3047 imperio
2299 2977 2498 3048 quippe
2519 2977 2763 3042 docetur,
2785 2979 2928 3049 quod
2950 2979 3100 3050 prius
3115 2979 3312 3050 agitur,
3327 2993 3494 3047 quam

1913 3069 2143 3125 dicatur.
2177 3069 2308 3124 Nam
2355 3070 2613 3126 doctrinae
2647 3071 2914 3126 subtrahit
2953 3070 3237 3136 ﬁduciam,
3277 3071 3494 3141 quando

1914 3161 2239 3216 conscientia
2267 3161 2526 3230 praepedit
2567 3161 2824 3232 linguam.
2865 3159 2980 3215 Non
3015 3176 3148 3233 ergo
3173 3161 3223 3215 ei
3255 3170 3490 3232 potesta-

231 3271 354 3308 a-sam
387 3271 458 3312 ne
487 3255 576 3309 hic
595 3263 1041 3324 exspectarentur
1057 3253 1412 3324 Operationes,
1437 3251 1540 3306 nisi
1568 3253 1804 3319 inopum,
1837 3235 1883 3299 (ἶ
1913 3262 2022 3308 tem
2054 3254 2190 3308 data:
2232 3253 2548 3317 locutionis,
2595 3255 2690 3309 sed
2727 3253 2882 3308 home
2911 3252 3161 3308 ﬁduciam
3203 3252 3500 3307 insinuavit

229 3347 1065 3417 i:aligentium,iuﬁnnorumque
1080 3360 1202 3415 pars
1213 3344 1446 3397 maxima
1465 3342 1811 3405 redundaret,

231 3453 362 3506 quae
403 3438 690 3509 iniquitate
726 3439 1004 3493 hominum
1049 3437 1190 3492 facta
1219 3445 1320 3501 est,
1351 3450 1542 3490 eorum
1586 3434 1812 3510 scilicet,

233 3532 328 3600 qui
359 3546 422 3585 ea
469 3546 590 3601 quae
631 3532 880 3587 omnibus
907 3547 939 3586 a
966 3532 1235 3587 communi
1261 3530 1521 3586 Creatore
1557 3541 1814 3583 concessa

231 3633 386 3689 SOI“,
431 3639 487 3678 ιιι
537 3639 667 3679 61105
711 3633 914 3678 tantum
964 3631 1247 3694 occupant,
1275 3638 1422 3687 usus,
1479 3637 1580 3675 nec
1633 3629 1816 3674 tamen

231 3719 433 3771 utenda
457 3727 780 3783 tenuerunt;
807 3719 976 3772 donec
997 3733 1126 3787 ergo
1161 3717 1213 3770 in
1235 3717 1339 3769 hoc
1363 3715 1561 3768 mundo
1587 3713 1820 3780 inaequa-

231 3806 362 3862 litas
401 3809 505 3862 ista
547 3815 842 3878 grassatur,
887 3807 990 3862 erit
1019 3807 1134 3860 haec
1163 3805 1303 3858 actio
1335 3802 1643 3858 necessario
1669 3800 1817 3854 utilis

229 3905 550 3967 exercenti,
595 3901 882 3955 restituens
923 3898 1141 3968 quidem
1186 3895 1324 3950 bono
1370 3893 1582 3948 affectui
1625 3900 1681 3946 et
1717 3891 1818 3961 piae

231 3994 499 4048 voluntati
545 3993 950 4050 retributionem
1001 3987 1334 4044 haereditatis
1383 3995 1596 4040 aeternae
1627 4025 1642 4050 ,
1705 3985 1820 4054 ipsa

232 4103 368 4142 vero
413 4088 472 4142 in
507 4085 694 4141 futuro
725 4082 924 4139 saeulo
952 4081 1222 4152 parilitate
1249 4087 1510 4148 regnante
1551 4075 1814 4141 cessabit;

229 4197 359 4234 mm
384 4179 497 4249 jam
538 4193 644 4233 non
673 4175 837 4232 fuerit
878 4173 1232 4244 inaequalitas,
1271 4178 1491 4241 propter
1520 4183 1680 4238 quam
1704 4167 1818 4221 haec

233 4276 473 4331 delmnt
503 4272 771 4334 exerceri,
815 4270 910 4325 sed
947 4267 1127 4323 cuncti
1172 4266 1240 4320 ab
1273 4266 1376 4319 hac
1417 4262 1716 4332 multiplici,
1767 4260 1821 4314 id

233 4377 343 4434 est,
377 4367 580 4422 actuali
605 4364 918 4436 operatione
939 4362 1006 4417 ad
1042 4361 1358 4416 eharitatem
1393 4357 1487 4412 Dei
1527 4366 1587 4412 et
1615 4356 1822 4412 divina-

235 4478 360 4517 rum
379 4474 562 4515 rerum
583 4455 1091 4526 contemplationem
1109 4460 1366 4525 perpetua
1389 4451 1568 4508 cordis
1583 4450 1821 4521 puritate

233 4556 574 4610 transibunt.

315 4665 338 4697 ι
383 4643 584 4699 Fidelis
625 4655 826 4706 sermo,
879 4647 936 4695 et
971 4640 1115 4695 omni
1170 4638 1480 4709 acceptione
1529 4637 1739 4706 dignus.
1795 4653 1815 4685 ι

237 4737 473 4809 (Arnim)
506 4734 622 4790 Hoc
654 4743 758 4798 est,
799 4748 927 4788 vera
960 4733 1074 4788 haec
1103 4732 1258 4797 dixit,
1286 4747 1405 4801 qua:
1431 4730 1632 4784 nullam
1669 4729 1823 4784 dubi-

237 4830 506 4885 tationem
533 4825 810 4896 suscipere
841 4831 1114 4894 poterant,
1147 4836 1213 4877 eo
1238 4823 1379 4892 quod
1403 4822 1578 4890 pietas
1601 4819 1712 4874 suis
1741 4834 1825 4875 se-

237 4920 545 4976 ctatoribus
585 4917 878 4973 multorum
927 4917 1188 4970 bonorum
1232 4915 1534 4984 largitatem
1567 4921 1827 4983 praestare

239 5014 481 5076 videtur,
527 5018 585 5065 et
623 5017 745 5082 post
776 5007 1242 5064 conﬁrmationem
1285 5020 1503 5060 suorum
1539 5005 1822 5068 dictorum,
1871 5075 1874 5077 Δ

240 5106 446 5160 iterum
473 5103 538 5157 ad
560 5100 894 5172 sequentiatn
924 5097 1315 5154 exhortationis
1335 5111 1444 5151 suae
1469 5095 1822 5159 convertitur,

237 5204 297 5249 et
323 5195 441 5248 ait:
477 5213 497 5244 ι
551 5192 606 5246 ln
652 5192 752 5246 hoc
801 5192 1130 5254 laboramus,
1166 5198 1222 5243 et
1257 5187 1648 5250 maledicimur,
1696 5186 1824 5256 quia

247 5307 267 5339 ι
315 5287 658 5357 speravimus
688 5287 744 5339 in
771 5285 940 5339 Deum
967 5284 1173 5348 vivum,
1205 5283 1295 5351 qui
1327 5290 1412 5337 est
1436 5280 1685 5336 Salvator
1711 5296 1828 5335 om-

249 5401 268 5431 ς
317 5381 472 5434 nium
523 5379 798 5432 hominum
842 5377 1075 5431 maxime
1123 5374 1378 5430 ﬁdelium.
1428 5391 1446 5425 ι
1492 5373 1674 5442 itaque
1703 5385 1826 5425 eum

243 5469 425 5541 pictas
475 5469 643 5522 multa
681 5468 818 5522 bona
859 5467 1033 5536 possit
1066 5467 1374 5535 providere,
1417 5472 1471 5519 et
1499 5464 1694 5518 mirum
1721 5470 1826 5528 est,

243 5577 350 5618 nos
381 5560 475 5630 qui
493 5561 769 5616 credimus
789 5559 898 5614 Deo
925 5573 1140 5630 semper
1165 5556 1433 5622 exstanti,
1463 5569 1563 5625 pro
1585 5569 1650 5609 ea
1669 5563 1727 5608 et
1755 5553 1830 5610 la-

241 5654 447 5714 borare
479 5664 540 5711 et
569 5654 889 5726 exprobrari
917 5667 1018 5724 pro
1043 5667 1172 5722 «tuo,
1209 5659 1268 5706 et
1295 5649 1404 5720 pati
1436 5648 1699 5718 optimum
1725 5654 1830 5712 est,

245 5762 318 5804 eo
367 5750 512 5822 quod
555 5749 664 5805 scit
695 5763 889 5802 omnes
933 5747 1142 5804 salvare
1161 5759 1262 5799 sua
1289 5742 1553 5806 bonitate,
1587 5739 1832 5796 ﬁdelibus

1845 4595 1898 4657 D

1916 3346 2164 3400 actionis.
2213 3345 2363 3401 Unde
2424 3345 2589 3399 etiam
2641 3345 2709 3400 de
2766 3345 2993 3399 Domino
3045 3345 3316 3414 scriptum
3361 3353 3493 3399 est:

1922 3456 1939 3487 ι
1977 3437 2107 3491 Erat
2143 3436 2288 3491 enim
2328 3437 2527 3492 docens
2562 3437 2707 3491 sicut
2743 3444 3070 3495 potestatem
3117 3437 3346 3501 habens,
3391 3451 3496 3490 non

1917 3529 2058 3583 sicut
2093 3529 2287 3584 scribae
2327 3537 2382 3583 et
2411 3529 2670 3585 Pharisaei
2719 3529 2912 3600 (Marc.
2945 3534 3006 3600 t).
3065 3548 3084 3582 ι
3133 3528 3497 3598 Singulariter

1917 3636 2147 3689 namque
2174 3629 2226 3674 et
2255 3621 2626 3690 principaliter
2646 3620 2790 3675 solus
2817 3635 2882 3675 ex
2904 3628 3169 3692 potestate
3195 3621 3332 3676 bona
3361 3619 3480 3676 locu

1921 3723 2006 3768 tus
2040 3724 2160 3777 est,
2191 3714 2316 3784 quia
2357 3731 2423 3768 ex
2466 3713 2782 3769 infitmitate
2822 3713 2962 3768 mala
3009 3713 3152 3768 nulla
3195 3714 3496 3779 commisit;

1918 3820 1983 3860 ex
2011 3805 2311 3860 divinitatis
2349 3807 2546 3876 quippe
2578 3805 2814 3876 potentia
2847 3805 3032 3860 habuit
3070 3806 3122 3860 id
3171 3805 3314 3878 quod
3347 3805 3502 3860 nobis

1919 3914 2018 3968 per
2049 3899 2394 3953 humanitatis
2433 3915 2543 3953 suae
2585 3899 2948 3954 innocentiam
2987 3898 3363 3954 ministravit:
3403 3913 3500 3951 nos

1921 3988 2066 4043 enim
2107 3989 2232 4058 quia
2261 3990 2460 4043 inﬁrmi
2500 3990 2748 4045 homines
2783 4005 2988 4055 sumus,
3020 4004 3144 4044 cum
3170 3991 3236 4044 de
3271 3988 3382 4044 Deo
3410 3989 3501 4043 ho-

1893 4081 2154 4136 ‘minibus
2211 4080 2518 4150 loquimur,
2569 4080 2833 4135 debemus
2902 4080 3160 4150 primum.
3191 4078 3505 4134 meminisse

1921 4171 2064 4241 quod
2107 4187 2290 4226 sumus
2317 4211 2332 4236 ,
2379 4180 2436 4224 ut
2479 4187 2548 4225 ex
2595 4170 2810 4240 propria
2851 4170 3166 4226 inﬁrmitate
3211 4183 3500 4240 pensemus

1922 4264 2064 4332 quod
2092 4264 2319 4318 docendi
2355 4263 2548 4318 ordine
2577 4263 2806 4318 inﬁrmis
2836 4261 3094 4316 fratribus
3127 4261 3498 4316 consulamus.

1921 4357 2336 4413 Consideremus
2373 4358 2556 4429 igitur,
2598 4358 2721 4427 quia
2762 4366 2855 4411 aut
2897 4356 3029 4411 tales
3057 4371 3276 4420 arturus,
3313 4354 3500 4426 quales

1924 4449 2209 4506 nonnullos
2243 4450 2583 4522 corrigimus,
2642 4458 2736 4504 aut
2785 4449 2919 4503 tales
2951 4448 3236 4518 aliquando
3277 4446 3499 4510 fuimus,

1923 4543 2022 4598 etsi
2040 4541 2153 4611 jam
2179 4541 2363 4596 divina
2388 4542 2562 4612 gratia
2591 4550 2850 4612 operante
2879 4557 2983 4596 non
3006 4554 3194 4595 sumus
3225 4556 3239 4592 :
3273 4547 3333 4592 ut
3353 4545 3503 4592 tanto

1927 4635 2315 4707 temperantiae
2341 4635 2504 4689 corde
2542 4633 2728 4687 humili
2763 4632 3117 4702 corrigamus,
3148 4638 3353 4699 quanto
3379 4643 3496 4682 nos~

1927 4728 2185 4798 metipsos
2208 4727 2386 4780 verius
2413 4726 2466 4778 in
2495 4725 2578 4780 his
2607 4740 2741 4794 quos
2767 4723 2988 4777 emenda
2999 4737 3116 4777 mus
3137 4721 3500 4791 agnoscimus,

1928 4817 1970 4873 si
2000 4826 2177 4871 autem
2205 4816 2336 4871 tales
2366 4830 2468 4869 nec
2493 4830 2707 4879 sumus,
2747 4829 2845 4868 nec
2869 4812 3090 4878 fuimus,
3118 4812 3304 4882 quales
3329 4811 3503 4867 adhuc

1928 4908 2005 4962 illi
2033 4916 2177 4972 sunt,
2215 4921 2350 4976 quos
2392 4905 2682 4960 emendare
2705 4904 2974 4973 cupimus,
3022 4919 3090 4958 ne
3129 4919 3224 4958 cor
3259 4910 3501 4958 nostrum

1929 5000 2070 5056 forte
2114 5000 2411 5069 superbiat,
2459 5006 2516 5052 et
2561 4998 2629 5050 de
2679 4997 2792 5065 ipsa
2826 4995 3130 5049 innocentia
3171 4992 3324 5064 pejus
3357 5000 3500 5058 ruat,

1926 5110 2154 5166 quorum
2185 5094 2323 5148 mala
2349 5092 2673 5161 corrigimus
2699 5090 3028 5154 alia,eorum
3043 5090 3182 5144 bona
3203 5087 3358 5143 nobis
3380 5097 3504 5142 ante

1927 5187 2111 5243 oculos
2139 5201 2482 5250 revoeernus,
2513 5200 2632 5255 quae
2659 5185 2704 5239 si
2741 5184 2964 5239 omnino
2995 5182 3138 5237 nuila
3173 5190 3298 5238 sunt
3323 5181 3390 5236 ad
3415 5197 3508 5236 oo-

1928 5277 2071 5332 culta
2103 5277 2193 5331 Dei
2225 5276 2426 5346 judicia
2455 5290 2797 5330 recurramus
2830 5293 2840 5328 :
2873 5275 2997 5343 quia
3029 5273 3170 5328 sicut
3208 5288 3306 5328 nos
3349 5272 3508 5327 nullis

1931 5369 2139 5424 meritis
2163 5368 2264 5423 hoc
2293 5367 2466 5438 ipsum
2497 5366 2694 5421 bonum
2719 5365 2860 5437 quod
2883 5366 3146 5421 habemus
3167 5365 3465 5433 accipimus
3489 5402 3504 5429 ,

1933 5465 2009 5518 ita
2035 5462 2140 5516 illis
2163 5476 2376 5532 quoque
2401 5468 2579 5529 potest
2601 5461 2775 5530 gratia
2807 5475 3052 5529 superum
3084 5458 3300 5512 virtutis
3323 5454 3505 5511 infun-

1934 5556 2081 5619 dere,
2125 5563 2183 5609 ut
2219 5553 2444 5609 excitari
2488 5553 2757 5622 posterius
2791 5551 2956 5608 etiam
2997 5549 3116 5620 ipsa
3138 5548 3346 5619 possint
3369 5546 3508 5600 bona

1931 5662 2053 5716 quae
2077 5661 2174 5701 nos
2193 5653 2318 5700 ante
2346 5644 2644 5713 accipimus
2667 5641 2972 5713 pervenire.
2998 5639 3132 5708 Quis
3152 5638 3297 5694 enim
3319 5635 3509 5691 crede-

1937 5747 2021 5793 ret
2050 5738 2194 5807 quod
2223 5751 2322 5807 per
2352 5735 2678 5807 apostolatus
2709 5734 2962 5788 meritum
2996 5730 3191 5786 Saulus
3215 5727 3511 5798 lapidatum

249 5816 482 5899 ηκτοι
505 5842 837 5899 alacritatem
865 5842 1056 5896 animm
1087 5853 1272 5894 eorum
1311 5836 1474 5891 etiam
1505 5833 1704 5891 multas
1731 5833 1836 5890 scit
1939 5830 2277 5902 Stephanum
2299 5841 2669 5898 praecessores
2697 5831 2846 5892 erat,
2878 5823 2972 5894 qui
3001 5822 3057 5875 in
3081 5827 3256 5877 morte
3281 5816 3402 5888 ejus
3437 5817 3510 5872 la-
