3992 6338
477 323 584 388 615

1121 327 1180 378 Β.
1224 321 1482 380 RABANI
1517 321 1738 378 MAURI
1772 317 2093 376 ARCHIEP.
2135 316 2443 374 MOGUNT.
2479 306 2763 372 ΟΡΕΒῊἩ
2804 307 2984 371 PARS
3023 315 3110 372 Ill.

3651 318 3770 374 616

479 438 778 511 pidantium
796 443 1121 492 vesuntenta
1142 437 1427 492 servabat?
1450 435 1535 490 his
1560 449 1689 505 ergo
1706 434 1940 504 primum
1965 447 2057 488 co-
2082 439 2135 497 Α
2163 440 2321 488 trem.
2388 452 2406 484 ι
2476 431 2703 504 (Ambr.)
2753 432 3037 488 Seniorem
3091 433 3239 498 dicit,
3288 448 3395 489 non
3452 436 3768 490 secundum

475 532 828 607 gitationibus
855 531 1129 587 humiliari
1156 547 1252 585 cor
1284 530 1463 594 debet,
1492 537 1547 584 et
1567 538 1695 582 tunc
1723 531 1940 583 demum
1965 526 2058 581 de-

476 623 836 694 linquentium
865 623 1122 692 iniquitas
1149 620 1440 690 increpari.
1470 619 1672 674 Deindc
1699 634 1765 673 ex
1798 617 2062 689 generali-

477 723 588 771 tate
625 730 748 770 eum
779 714 1080 770 exhortans
1113 712 1184 768 de
1211 711 1297 765 his
1331 725 1450 780 quae
1475 710 1577 764 sibi
1613 709 1943 764 conveniunt
1970 708 2064 764 ad-

471 807 593 878 jicit
624 826 637 864 :
675 828 693 860 ‹
723 808 862 862 Dum
884 805 1042 862 venio
1061 804 1281 859 attende
1307 803 1522 859 lectioni
1550 812 1605 857 et
1620 802 1983 857 exhortationi
2010 808 2064 856 et

482 923 498 954 ι
535 899 820 972 doctrinae,
878 917 896 948 ι
940 896 1168 968 (Ambr.~)
1222 895 1291 949 Et
1343 893 1758 950 sollicitudinem
1813 895 2064 966 impende

477 1007 604 1062 erga
625 990 934 1055 lectionem,
973 997 1034 1044 ut
1069 989 1280 1044 discere
1317 987 1516 1058 possis,
1548 1002 1667 1056 quo:
1700 996 1750 1042 te
1777 995 1832 1042 et
1860 986 2059 1051 facere,

477 1091 532 1138 et
562 1081 698 1136 alios
737 1081 932 1136 doccre
967 1079 1275 1144 conveniat,
1317 1087 1375 1134 ut
1402 1078 1720 1134 assiduitate
1769 1079 2064 1134 lectionum

477 1175 708 1244 teipsum
731 1175 1006 1229 instruens
1034 1173 1284 1228 insistere
1307 1173 1484 1242 possis
1509 1173 1770 1228 doctrina:
1792 1181 1848 1226 et
1867 1173 2065 1228 exhor-

476 1267 692 1332 tationi,
734 1281 842 1320 non
887 1266 1017 1322 dicit
1058 1265 1203 1320 enim
1248 1265 1493 1320 absolute
1533 1265 1926 1330 narrationem,
1969 1263 2063 1319 sed

475 1362 906 1417 exhortationem
931 1362 1046 1417 sive
1064 1361 1440 1429 collationem,
1472 1361 1616 1416 illam
1647 1363 2063 1417 commotionem

475 1470 597 1524 qua:
619 1470 686 1509 ex
727 1454 996 1525 aliquibus
1025 1453 1411 1510 accedentibus
1444 1453 1561 1508 fieri
1597 1454 1752 1519 solet,
1796 1470 1958 1524 quam
1983 1455 2064 1506 in-

476 1547 688 1602 terdum
716 1554 772 1614 et
797 1546 850 1599 in
867 1547 1141 1600 communi
1173 1546 1354 1602 facere
1375 1535 1696 1602 lestnecesse
1719 1546 1805 1600 vel
1819 1547 2064 1600 maxime

476 1655 600 1696 cum
643 1638 791 1694 illam
819 1638 1189 1694 narrationem
1227 1638 1600 1703 inciderimus,
1634 1654 1797 1708 quam
1837 1637 2063 1709 singulis

473 1746 746 1800 exponere
771 1747 860 1786 res
893 1731 1009 1801 ipsa
1033 1731 1340 1801 compellat.
1369 1732 1697 1786 Permanere
1731 1748 1862 1787 vero
1887 1732 1938 1785 in
1973 1731 2064 1785 do-

2162 523 2522 580 ordinationis
2561 524 2866 589 rationem,
2905 524 2999 579 sed
3048 525 3342 580 secundum
3373 534 3613 593 aetatem,
3657 529 3770 582 hoc

2160 625 2266 681 est,
2308 631 2517 682 senem,
2563 624 2622 670 ut
2669 616 2834 682 dicat,
2867 617 3088 672 senibus
3123 617 3232 672 noli
3281 620 3510 675 acerbus
3556 621 3770 684 videri,

2163 708 2256 763 sed
2286 723 2407 763 cum
2443 707 2704 762 modestia
2746 708 2852 763 illis
2879 708 3122 778 loquere,
3151 710 3304 779 quasi
3334 712 3583 782 patribus
3618 714 3768 766 tuis.

2169 819 2186 850 ι
2232 799 2467 855 Iuvenes
2505 808 2565 853 ut
2612 798 2830 854 fratres.
2880 820 2898 850 ι
2948 797 3008 854 In
3059 816 3347 855 commune
3390 804 3572 870 posuit
3619 803 3772 858 illud

2165 893 2307 962 quod
2335 894 2563 958 dixerat,
2615 912 2633 944 ι
2668 895 2930 958 obsecra,
2980 913 2999 946 ι
3047 893 3161 948 vult
3195 895 3341 949 enim
3375 895 3575 961 dicere,
3619 896 3774 950 nulli

2165 984 2442 1040 inveharis
2470 999 2646 1056 neque
2671 985 2746 1040 sis
2777 985 3005 1041 acerbus
3033 996 3126 1041 aut
3156 1003 3376 1043 amarus
3404 1007 3417 1042 :
3455 989 3778 1045 clementer

2163 1092 2296 1132 vero
2325 1087 2380 1132 et
2417 1077 2652 1150 benigne
2687 1094 2817 1149 erga
2844 1094 3033 1135 omnes
3068 1090 3218 1135 tuum
3249 1081 3444 1137 exhibe
3473 1080 3774 1149 allectum,

2165 1171 2433 1242 lougzevos
2468 1173 2621 1242 quasi
2649 1181 2834 1241 patres
2872 1171 3121 1243 diligens,
3159 1172 3406 1242 juniores
3435 1184 3494 1228 ut
3523 1175 3772 1238 fratres,

2162 1274 2217 1320 ct
2263 1264 2393 1334 'quia
2451 1266 2552 1320 ista
2604 1262 2670 1320 de
2721 1265 2852 1322 viris
2919 1266 3168 1332 dixerat,
3222 1266 3412 1322 volens
3462 1269 3781 1323 ostendere

2164 1357 2420 1426 quoniam
2465 1365 2752 1425 paternum
2807 1357 3063 1414 allectum
3105 1359 3359 1413 convenit
3395 1374 3516 1413 eum
3551 1359 3782 1415 habere

2163 1464 2294 1520 erga
2321 1450 2468 1505 viros
2514 1459 2570 1504 et
2613 1466 2742 1521 erga
2776 1449 3031 1505 mulieres
3053 1491 3069 1515 ,
3121 1450 3317 1505 transit
3345 1450 3410 1504 ad
3444 1451 3588 1506 illam
3631 1469 3780 1522 par-

2166 1548 2273 1596 tem
2297 1542 2448 1611 paria
2477 1543 2694 1598 dicens:
2722 1561 2742 1594 ‹
2771 1544 2924 1598 Anus
2945 1553 3003 1598 ut
3026 1524 3248 1608 matres,
3273 1565 3292 1597 ι
3319 1561 3448 1616 erga
3470 1546 3778 1610 mulieres,

2165 1632 2376 1702 inquit,
2415 1632 2579 1687 talem
2611 1642 2663 1688 te
2705 1634 2904 1690 exhibe
2940 1643 2999 1689 ut
3044 1635 3288 1691 seniores
3317 1653 3504 1692 earum
3549 1649 3783 1692 matres

2165 1731 2286 1777 tuas
2317 1738 2438 1778 csse
2461 1724 2756 1780 existimes.
2786 1725 2986 1780 Deinde
3018 1735 3072 1782 et
3101 1727 3166 1782 de
3195 1728 3420 1784 novellis
3447 1729 3652 1784 similia
3683 1733 3781 1786 di-

477 1822 654 1877 ctrina
677 1832 733 1876 et
753 1823 1134 1878 exhortatione
1157 1823 1644 1893 diligentisuadens
1670 1823 2058 1894 placabilitate,
2091 1803 2138 1862 Β
2165 1831 2312 1877 cells,
2368 1815 2554 1884 adjicit
2595 1833 2610 1870 ε
2644 1836 2662 1867 ι
2697 1817 3024 1874 Ιυνεηουιθε
3071 1829 3132 1874 ut
3173 1837 3388 1876 sorores
3431 1838 3554 1876 cum
3601 1825 3780 1879 omni

475 1914 698 1984 adjicit:
750 1937 769 1968 ε
809 1915 926 1971 Noli
969 1917 1244 1988 negligere
1286 1919 1514 1989 gratiam
1552 1934 1670 1989 quae
1706 1919 1760 1972 in
1799 1926 1852 1972 te
1892 1926 1995 1973 est.
2038 1937 2056 1968 ι

475 2006 613 2062 Nam
655 2017 710 2062 et
752 2007 1078 2064 sufﬁcienter
1119 2017 1332 2079 poterat
1373 2011 1424 2065 ei
1454 2011 1803 2081 persuadere,
1850 2018 1910 2064 ut
1940 2025 2062 2064 cum

475 2101 838 2157 sollicitudine
867 2102 1129 2158 doctrinae
1163 2120 1299 2174 opus
1323 2104 1592 2174 impleret,
1618 2120 1683 2159 eo
1712 2104 1856 2175 quod
1883 2104 1950 2158 ad
1982 2103 2064 2157 di-

474 2191 657 2246 vinam
699 2192 1043 2248 donationem
1091 2196 1159 2249 ab
1195 2195 1297 2250 bac
1330 2195 1446 2266 ipsa
1476 2212 1641 2251 causa
1671 2197 1862 2266 dignus
1900 2195 2065 2250 fuerit

477 2284 692 2353 assequi
737 2285 879 2339 unde
915 2293 970 2340 et
1017 2286 1248 2356 amplius
1296 2288 1479 2342 datum
1527 2288 1701 2357 ipsum
1732 2302 1930 2358 augere
1964 2303 2061 2341 cu—

475 2373 649 2442 piens,
675 2383 734 2427 ut
761 2376 933 2443 magis
953 2378 1236 2446 magisque
1264 2393 1388 2432 eum
1417 2378 1816 2440 adhortaretur,
1841 2378 2058 2448 adjicit:

484 2481 503 2516 ε
547 2464 678 2530 Quae
698 2464 823 2519 data
851 2475 934 2520 est
959 2468 1054 2522 tibi
1076 2485 1172 2538 per
1193 2470 1533 2539 prophetiam
1567 2487 1690 2526 cum
1723 2471 2065 2542 impositione

483 2572 502 2605 ι
548 2570 741 2609 manus
769 2554 1110 2627 presbyterii.
1159 2578 1179 2610 ι
1221 2559 1356 2614 Nam
1377 2569 1432 2615 et
1458 2562 1655 2616 donum
1676 2561 1916 2618 divinum
1945 2580 2068 2634 pro-

476 2655 598 2717 pter
625 2648 728 2703 hoc
762 2657 1048 2705 assecutus
1079 2665 1158 2716 es,
1197 2666 1296 2722 per
1321 2653 1704 2711 revelationem
1744 2655 1874 2711 illud
1917 2658 2062 2712 acci-

475 2738 653 2809 piens,
682 2754 798 2808 per,
821 2739 1062 2810 inquam,
1092 2743 1489 2813 impositionem
1517 2761 1771 2800 manuum
1790 2735 2064 2816 plurimo-

476 2847 598 2886 rum
623 2839 678 2886 et
708 2833 812 2889 hoc
832 2849 940 2890 non
969 2835 1378 2903 vilissimorum,
1411 2837 1503 2908 qui
1527 2837 1579 2892 in
1613 2847 1702 2892 tua
1724 2838 2064 2895 ordinatione

476 2921 579 2992 ipsi
608 2925 798 2994 gratia:
841 2925 943 2980 visi
997 2935 1123 2981 sunt
1168 2927 1524 2984 ministrasse.
1578 2929 1762 3000 Itaque
1799 2931 1945 2986 omni
1995 2947 2064 2985 ex

475 3023 651 3084 parte,
690 3032 796 3070 non
834 3027 918 3072 est
941 3028 1158 3074 auctum
1188 3020 1305 3086 tibi,
1343 3031 1404 3075 ut
1433 3021 1672 3092 negligas
1697 3023 1784 3076 illa
1824 3039 1942 3092 quae
1965 3024 2062 3078 tibi

476 3109 603 3158 sunt
643 3103 905 3174 injuncta,
943 3106 1055 3162 sive
1089 3117 1310 3177 propter
1341 3109 1758 3175 revelationem,
1799 3127 1921 3166 cum
1954 3128 2061 3182 qua

482 3207 546 3247 ea
585 3205 866 3249 assecutus
896 3210 976 3261 es,
1007 3196 1120 3250 sive
1151 3197 1221 3251 ob
1248 3199 1612 3272 dignationem
1643 3217 1831 3262 eorum
1865 3203 1955 3272 qui
1989 3203 2060 3258 ob

479 3280 582 3337 hoc
637 3284 812 3353 ipsum
859 3286 1233 3343 ministrantes
1278 3271 1616 3347 manus'tibi
1666 3293 2054 3364 imposuerunt.

475 3373 833 3445 Presbyteros
853 3391 984 3431 vero
1018 3378 1121 3434 hoc
1147 3379 1198 3432 in
1231 3379 1350 3436 loco
1375 3398 1485 3437 non
1509 3398 1604 3439 eos
1623 3385 1941 3453 nominavit,
1967 3388 2059 3456 qui

477 3480 622 3519 nunc
651 3467 1000 3523 nominantur
1023 3471 1322 3543 presbyteri
1351 3493 1364 3527 :
1393 3491 1494 3531 nec
1528 3486 1708 3532 autem
1745 3495 1832 3534 res
1866 3481 2060 3536 admit-

479 3555 628 3609 tebat
669 3557 803 3613 istos
833 3575 1028 3614 manus
1060 3560 1334 3631 imponere
1365 3565 1434 3620 ad
1467 3566 1861 3622 ordinationem
1890 3569 2060 3639 ipsius

476 3641 786 3712 functionis,
834 3648 929 3703 sed
971 3651 1333 3719 apostolorum
1391 3654 1520 3709 dicit
1563 3667 1916 3724 conventum,
1967 3661 2058 3730 qui

475 3735 664 3789 aderat
685 3737 928 3807 apostolo
956 3739 1144 3806 Paulo,
1173 3751 1368 3798 etcum
1395 3761 1460 3800 eo
1490 3762 1682 3802 manus
1707 3750 2059 3820 imponebant

477 3827 530 3880 in
547 3828 664 3898 ejus
682 3830 1095 3887 ordinationem.
1121 3835 1522 3906 Presbyterium
1541 3850 1720 3895 autem
1735 3841 1866 3896 illud
1886 3844 2060 3898 nomi-

477 3921 647 3986 navit,
665 3924 1112 3997 contemplatione
1129 3928 1373 3995 honoris,
1399 3931 1500 3985 ista
1527 3948 1654 3988 vero
1671 3937 2058 3992 consuetudine

477 4013 641 4069 etiam
672 4032 816 4072 nunc
841 4028 1013 4089 agunt
1034 4037 1203 4091 usque
1235 4023 1361 4089 huc,
1405 4035 1464 4080 ut
1490 4025 1545 4080 in
1575 4029 1951 4098 episcoporum
1969 4046 2058 4086 or-

478 4106 753 4163 dinatione
786 4124 894 4164 non
921 4127 1078 4176 unus,
1111 4114 1204 4168 sed
1230 4114 1446 4184 plurimi
1481 4125 1537 4171 et
1566 4119 1871 4189 bujusmodi
1907 4122 2055 4175 ordi-

477 4200 754 4253 nationem
770 4200 1044 4268 impleant,
1071 4203 1265 4260 deinde
1288 4215 1343 4262 et
1371 4208 1667 4278 persistens
1693 4211 1747 4265 in
1769 4213 2056 4280 praebendo

480 4288 724 4353 consilio,
767 4289 953 4359 adjicit
979 4309 994 4347 :
1025 4311 1043 4343 ‹
1091 4293 1217 4350 llaec
1262 4299 1543 4366 meditare,
1595 4302 1649 4355 in
1691 4302 1777 4358 his
1810 4313 1950 4368 esto,
1999 4314 2059 4360 ut

483 4395 502 4429 ε
546 4379 822 4449 profectus
862 4391 984 4438 tuus
1033 4386 1349 4443 manifestus
1401 4390 1474 4445 sit
1517 4393 1804 4460 omnibus,
1837 4397 2056 4452 attende

483 4489 501 4522 ι
545 4472 641 4528 tibi
666 4482 720 4529 et
740 4473 1020 4541 doctrinae,
1053 4476 1193 4532 insta
1219 4478 1274 4532 in
1299 4479 1422 4534 illis.
1449 4481 1562 4538 Hoc
1595 4485 1739 4538 enim
1774 4486 1982 4542 faciens
2001 4497 2055 4543 et

482 4584 501 4616 ί
545 4565 774 4636 teipsum
804 4567 1013 4623 salvum
1045 4569 1232 4639 facies,
1264 4582 1431 4629 eteos
1454 4576 1544 4645 qui
1574 4586 1624 4632 te
1647 4579 1890 4635 audiunt.
1931 4603 1949 4635 ι
1988 4583 2055 4638 Et

474 4668 571 4724 per
614 4658 796 4712 omnia
843 4658 974 4715 illud
1011 4661 1161 4729 dicit,
1214 4667 1469 4734 quoniam
1511 4672 1795 4726 conveniat
1826 4683 1880 4728 te
1906 4684 2052 4732 tuam

476 4745 646 4817 ipsius
690 4748 1026 4820 diligentiam
1073 4755 1292 4823 habere,
1335 4775 1399 4814 ac
1428 4761 1720 4820 virtutibus
1761 4765 2050 4835 illustrare,

474 4836 552 4892 ita
575 4847 633 4892 ut
655 4848 709 4894 et
730 4853 854 4896 ante
875 4844 1055 4898 omnia
1082 4846 1404 4906 lectionibus
1430 4852 1698 4922 intendas,
1721 4867 1777 4912 et
1796 4858 2054 4916 doctrina:

473 4947 611 5003 opus
658 4949 778 4988 cum
821 4937 968 4990 omni
1016 4942 1272 5009 expedias
1331 4945 1723 5014 sollicitudine,
1775 4951 1855 5006 sic
1906 4954 2052 5009 enim

475 5023 573 5078 tibi
621 5023 724 5093 ipsi
775 5032 830 5080 et
871 5027 992 5084 aliis
1036 5031 1220 5088 multis
1257 5035 1368 5090 eris
1405 5036 1663 5095 bonitatis
1697 5042 1967 5111 provisor,
1998 5053 2052 5100 et

475 5117 731 5185 quoniam
769 5119 834 5174 de
869 5121 953 5176 his
993 5128 1389 5182 consummavit
1423 5131 1854 5188 exhortationem
1891 5135 2054 5205 pluri-

474 5209 578 5264 mis
617 5226 734 5267 eam
786 5217 1123 5273 sermonibus
1172 5220 1394 5290 explens
1434 5224 1620 5278 scribit
1649 5227 1715 5280 de
1763 5236 1963 5284 caatero
1997 5239 2054 5285 et

474 5302 688 5371 qualem
713 5323 836 5363 eum
861 5323 980 5364 esse
1003 5325 1132 5380 erga
1159 5312 1400 5382 singulos
1427 5318 1728 5373 conveniat.

1087 5423 1314 5480 CAPUT
1355 5427 1418 5482 V.

471 5505 1369 5600 Instruit‘Apostolus.Tintolheum
1400 5521 1463 5575 de
1491 5526 1804 5600 senioribus,
1841 5532 2053 5600 juveni-

548 5581 640 5658 bus
669 5593 716 5636 et
750 5581 916 5666 ridetis
941 5602 964 5663 ς,
999 5587 1144 5666 docet
1178 5605 1292 5666 quo:
1327 5609 1456 5646 rem:
1494 5596 1661 5666 vidua:
1699 5581 2051 5666 sini,

545 5655 723 5719 quitur
742 5653 806 5708 dc
823 5657 1113 5722 provisione
1143 5653 1500 5716 niinistrorum
1532 5653 1943 5739 Ecclesia'etc.

555 5783 570 5811 ‹
617 5764 896 5824 Seniorem
935 5786 1003 5827 ne
1031 5771 1381 5845 increpueris,
1431 5783 1529 5839 sed
1573 5783 1820 5854 obsecra,
1861 5799 1922 5845 ut
1962 5808 2056 5849 oa-

2082 4538 2132 4597 D

2164 1908 2432 1963 castitate.
2471 1929 2489 1960 ι
2520 1909 2588 1964 Ει
2612 1909 2728 1974 bas,
2762 1910 2957 1980 inquit,
2989 1911 3133 1967 sicut
3161 1928 3377 1968 sorores
3404 1915 3662 1984 proprias
3683 1916 3780 1970 di-

2164 1999 2284 2070 lige,
2314 2000 2630 2056 divisionem
2663 2018 2887 2057 sexuum
2912 2020 3010 2074 per
3031 2014 3244 2062 aetatem
3272 2006 3391 2061 ﬁeri
3416 2006 3610 2063 debere
3639 2025 3781 2078 pro-

2161 2089 2330 2156 bavit,
2361 2101 2417 2146 et
2449 2092 2666 2162 quidem
2716 2108 2839 2147 cum
2885 2096 3056 2165 possit
3084 2096 3192 2162 illa,
3233 2099 3402 2169 magis
3429 2107 3484 2153 et
3509 2100 3780 2155 absolute

2163 2195 2217 2239 et
2246 2184 2301 2238 in
2329 2185 2603 2239 communi
2634 2185 2834 2253 dicere,
2869 2187 2960 2242 sed
3008 2188 3112 2244 hoc
3161 2188 3304 2254 fecit,
3353 2200 3411 2244 ut
3448 2205 3542 2260 per
3571 2199 3782 2260 partes

2163 2279 2496 2342 ostenderet,
2520 2278 2773 2348 quoniam
2802 2279 3048 2334 similiter
3088 2297 3211 2337 eum
3245 2281 3356 2336 vult
3396 2299 3524 2352 erga
3565 2298 3781 2342 omnes

2169 2376 2280 2422 tam
2321 2369 2486 2434 viros,
2523 2385 2686 2439 quam
2726 2370 2979 2426 mulieres
3005 2371 3255 2427 affectum
3285 2375 3570 2430 ostendere
3598 2393 3776 2432 suum

2165 2460 2279 2516 sive
2306 2475 2462 2515 senes
2491 2461 2620 2527 sint,
2653 2462 2766 2517 sive
2795 2462 3039 2533 juvenes.
3072 2464 3286 2535 Optime
3322 2477 3499 2522 autem
3533 2485 3648 2525 non
3683 2487 3778 2525 so-

2164 2551 2273 2606 lum
2303 2554 2599 2609 secundum
2645 2570 2834 2611 sexum
2877 2557 3023 2612 viros
3048 2566 3102 2612 et
3128 2558 3382 2615 mulieres
3426 2561 3632 2627 divisit,
3673 2564 3776 2618 sed

2163 2644 2326 2698 etian.
2355 2652 2410 2699 et
2453 2646 2748 2700 secundum
2785 2655 2994 2712 aetates,
3027 2665 3146 2718 qua:
3172 2652 3500 2721 proprietate
3547 2663 3778 2710 naturae

2166 2735 2409 2790 accidere
2434 2737 2626 2791 solent.
2680 2737 2830 2793 Unde
2874 2747 2924 2793 et
2957 2740 3179 2794 nomina
3203 2741 3494 2796 secundum
3539 2751 3774 2798 atatem

2165 2836 2495 2884 memoratus
2520 2838 2622 2894 est,
2651 2829 2724 2883 ita
2755 2841 2813 2884 ut
2841 2830 3110 2901 longaevos
3137 2834 3353 2903 quidem
3377 2851 3527 2891 more
3556 2851 3772 2905 pareo-

2165 2925 2277 2972 tum
2326 2917 2625 2986 allectat-et,
2661 2917 2888 2988 juvenes
2930 2937 3059 2978 vero
3113 2940 3263 2980 more
3311 2925 3563 2993 fratrum,
3601 2937 3664 2982 et
3709 2939 3773 2982 ut

2165 3017 2387 3078 augeret
2428 3010 2546 3080 ejus
2573 3009 2826 3066 affectum
2852 3012 2907 3066 in
2959 3013 3152 3070 melius
3181 3015 3355 3070 simile
3394 3017 3598 3086 aliquid
3619 3019 3772 3076 dixit

2166 3100 2402 3168 illorum,
2430 3119 2551 3174 qua:
2573 3104 2832 3161 Dominus
2853 3106 3064 3162 dixerat
3091 3109 3158 3163 ad
3181 3108 3349 3175 illum,
3374 3111 3466 3181 qui
3493 3113 3601 3167 sibi
3625 3130 3772 3168 nun-

2169 3195 2417 3261 tiaverat,
2445 3197 2698 3266 quoniam
2719 3209 2895 3253 mater
2918 3209 3006 3254 tua
3027 3211 3082 3256 et
3101 3201 3299 3259 fratres
3331 3205 3406 3258 tui
3437 3219 3769 3276 exspectant

2165 3285 2318 3354 foris,
2349 3291 2624 3358 respondit
2656 3310 2670 3346 :
2705 3310 2725 3343 ‹
2761 3291 2952 3358 Mater,
2998 3293 3194 3364 inquit,
3227 3312 3348 3353 mea
3377 3307 3432 3352 et
3468 3298 3677 3356 fratres
3709 3303 3768 3358 bi

2163 3390 2307 3446 sunt,
2324 3384 2413 3451 qui
2439 3382 2643 3439 faciunt
2664 3387 2887 3440 verbum
2908 3402 3115 3454 meum;
3139 3409 3156 3439 ι
3179 3389 3257 3443 sic
3274 3399 3327 3444 et
3351 3391 3464 3460 ipse
3484 3391 3542 3446 in
3565 3396 3768 3449 eodem

2161 3471 2348 3526 ordine
2402 3473 2588 3528 ﬁdeles
2631 3490 2754 3529 cum
2785 3475 2983 3531 habere
3036 3480 3315 3549 praecepit.
3363 3482 3768 3541 lntendendum

2160 3577 2290 3616 vero
2312 3571 2396 3617 est
2435 3563 2508 3616 illi
2539 3565 2783 3631 cautelaa,
2816 3570 3272 3636 quemadmodum
3301 3573 3370 3628 de
3399 3574 3768 3633 adolescenti-

2159 3653 2258 3709 bus
2308 3654 2623 3712 mulieribus
2666 3657 2892 3729 loquens
2942 3665 3205 3731 posuerit,
3246 3686 3264 3718 ι
3293 3674 3555 3725 tanauam
3606 3688 3768 3729 soro-

2160 3759 2268 3809 res,
2309 3764 2325 3795 ›
2361 3757 2413 3801 et
2433 3747 2517 3802 his
2545 3745 2802 3816 adjecerit
2837 3770 2856 3801 ς
2892 3752 2947 3807 in
2969 3755 3118 3809 omni
3152 3759 3427 3825 castitate,
3461 3779 3479 3812 ι
3511 3763 3682 3818 simul
3713 3773 3768 3819 et

2160 3839 2439 3895 consilium
2495 3857 2651 3897 suum
2695 3860 2823 3914 erga
2864 3861 3135 3916 personas
3177 3863 3611 3911 memoraturum
3637 3875 3766 3927 pro-

2157 3939 2279 4000 pter
2322 3941 2536 3988 :etatem
2581 3943 2798 3990 cautum
2846 3939 3160 4009 ostendens,
3209 3944 3370 3999 simul
3405 3958 3462 4002 et
3491 3948 3625 4004 illud
3675 3952 3762 4005 in-

2159 4029 2396 4089 struens,
2432 4027 2685 4095 quoniam
2724 4029 2980 4099 possibile
3016 4043 3100 4088 est
3140 4035 3392 4092 aﬂ‘ectum
3435 4039 3642 4096 habere
3673 4057 3764 4096 ve-

2159 4112 2463 4170 hementem
2519 4119 2971 4189 contemplatione
3019 4126 3238 4192 pietatis
3291 4142 3419 4199 erga
3474 4130 3759 4200 mulieres,

2157 4203 2283 4259 licet
2311 4207 2419 4260 sint
2445 4222 2542 4277 per
2565 4218 2781 4265 aetatem
2825 4214 3069 4280 novellae,
3104 4226 3160 4272 et
3191 4217 3294 4273 hoc
3322 4236 3429 4274 non
3475 4222 3533 4276 in
3569 4235 3754 4279 actum

2158 4296 2438 4352 deducitur
2482 4302 2795 4370 pessimum.
2844 4304 2976 4360 Nam
3026 4310 3167 4378 quod
3194 4310 3330 4365 dixit
3361 4332 3378 4363 ι
3415 4314 3562 4369 sicut
3603 4333 3758 4373 soro-

2158 4404 2266 4454 res,
2296 4410 2314 4440 ›
2347 4405 2414 4444 ex
2456 4382 2734 4461 superiore
2763 4398 3043 4466 sequentia
3092 4401 3256 4456 etiam
3296 4404 3398 4459 hoc
3443 4405 3496 4459 in
3553 4407 3675 4464 loco
3703 4410 3755 4465 id

2158 4479 2353 4547 posuit,
2378 4483 2661 4538 consilium
2693 4487 2848 4552 dans,
2871 4497 2931 4542 ut
2957 4505 3061 4544 non
3088 4493 3259 4548 solum
3285 4495 3474 4567 diligat
3498 4514 3619 4563 cas,
3649 4502 3758 4556 sic-

2165 4571 2238 4624 uti
2276 4580 2330 4627 et
2365 4573 2418 4626 in
2459 4576 2828 4646 superioribus
2873 4580 3109 4648 dixerat,
3141 4585 3234 4640 sed
3276 4598 3331 4640 et
3370 4588 3438 4642 ad
3476 4593 3753 4648 ostensio-

2162 4680 2282 4719 nem
2329 4667 2649 4738 integritatis
2681 4671 2894 4743 adjecit,
2941 4685 2998 4730 ut
3038 4693 3106 4732 ne
3139 4679 3207 4733 ab
3236 4680 3427 4736 affectu
3463 4683 3592 4753 jura
3639 4689 3755 4743 vio-

2159 4754 2336 4812 lentur
2356 4762 2637 4830 castitatis,
2670 4765 2712 4818 si
2742 4774 2918 4821 tamen
2948 4784 3052 4824 non
3077 4771 3272 4842 aliquis
3301 4787 3494 4844 sponte
3521 4782 3750 4837 meliora

2159 4849 2447 4921 dispiciens
2491 4846 2818 4914 in'deterius
2849 4875 3066 4931 serpere
3108 4865 3357 4932 voluerit,
3395 4871 3666 4940 siquidem
3697 4884 3752 4929 et

2157 4957 2371 4998 sorores
2397 4946 2505 5000 sint
2528 4947 2780 5005 mulieres
2801 4961 2854 5004 et
2881 4953 3126 5010 eamdem
3154 4956 3386 5014 habeant
3414 4971 3672 5020 naturam
3697 4978 3750 5020 et

2160 5032 2353 5088 similia
2379 5039 2583 5106 perpeti
2614 5041 2842 5108 possint,
2867 5052 2922 5097 et
2963 5044 3251 5115 diligemus
3293 5062 3518 5122 propter
3540 5064 3747 5110 natura:

2157 5128 2631 5197 propinquitatem,
2677 5143 2731 5188 et
2767 5137 3077 5193 cavebimus
3116 5139 3320 5210 aliquid
3358 5145 3746 5204 inconveniens

2155 5216 2212 5272 in
2258 5217 2377 5272 illas
2427 5235 2605 5290 agere,
2653 5225 3109 5298 pi'Opinquitatem
3160 5244 3488 5292 venerantes
3539 5249 3742 5293 natura:

2159 5325 2280 5366 cum
2310 5312 2489 5368 debita
2515 5318 2837 5374 reverentia.

2234 5424 2252 5456 ι
2284 5407 2484 5464 Viduas
2512 5410 2742 5480 honora,
2773 5431 2894 5485 quae
2920 5430 3050 5474 vere
3081 5419 3256 5476 vidua:
3306 5433 3452 5478 sunt.
3491 5444 3512 5477 ι
3547 5424 3737 5481 Omnia

2149 5515 2270 5570 qua:
2299 5501 2354 5556 in
2381 5505 2754 5574 superioribus
2780 5510 3114 5580 interjecisse
3143 5516 3357 5572 videtur
3392 5519 3586 5576 beatus
3611 5537 3740 5593 apoo

2150 5591 2317 5648 stolus
2345 5592 2562 5663 Paulus,
2595 5599 2775 5655 abillo
2802 5618 2909 5672 quo
2934 5605 3088 5670 dixit,
3118 5625 3138 5658 ε
3165 5609 3452 5666 manifeste
3479 5591 3738 5684 magnum

2151 5694 2232 5740 est
2258 5686 2478 5755 pietatis
2505 5693 2840 5761 mysterium,
2890 5715 2910 5748 ι
2947 5712 3115 5767 usque
3151 5701 3220 5754 ad
3259 5702 3363 5757 hoc
3389 5701 3597 5759 dictum
3629 5719 3736 5776 quo

2153 5777 2306 5834 dixit.
2344 5798 2362 5829 ‹
2398 5780 2823 5842 adolescentulas
2842 5794 2896 5843 et
2925 5791 3209 5848 sororesin
3236 5794 3384 5849 omni
3411 5796 3682 5860 castitate.
3709 5811 3727 5842 ι
