3992 6338
243 353 353 411 617

714 355 1267 449 ENAIIRATIONUM
1300 358 1369 417 IN
1405 358 1557 419 EPP.
1597 354 1804 419 PAULI
1840 362 1973 423 LIB.
2011 362 2198 421 XXIII.
2237 394 2308 411 -ι
2338 364 2409 423 IN
2446 362 2666 421 EPIST.
2704 362 2727 421 I
2764 361 2859 421 AD
2895 360 3035 416 TIM.

3420 360 3527 419 618

240 469 340 524 illa
371 469 593 539 quidem
615 486 737 541 quae
757 473 1061 545 dogmatica
1084 484 1231 543 sunt,
1260 476 1329 532 ad
1351 476 1727 548 probationem
1751 490 1843 530 ve-
1866 486 1922 551 Α
1951 496 1970 529 ‹
2004 477 2176 533 vicem
2206 476 2433 533 reddere
2457 475 2793 546 parentibus,
2829 472 2934 529 hoc
2961 486 3107 526 enim
3143 478 3422 542 acceptum
3446 479 3534 527 est

241 559 430 615 ritatis
462 561 667 630 posuit,
691 566 926 635 eooquod
963 565 1262 623 Ecclesiam
1299 565 1437 623 dixit
1462 582 1584 624 esse
1630 567 1842 623 colum-

240 667 379 708 nam
401 660 460 708 et
496 650 900 712 ﬁrmamentum
928 657 1198 715 veritatis.
1226 656 1347 713 Alia
1375 671 1506 714 vero
1547 657 1616 713 ad
1642 657 1846 714 instru-

239 742 488 798 ctionem
533 742 680 799 beati
716 743 855 801 dixit
878 745 1171 814 Timothei,
1220 763 1340 819 quae
1387 755 1443 804 et
1496 748 1675 804 facere
1718 762 1845 804 eum

231 830 451 903 justum
495 832 867 902 existimabat,
918 837 1034 893 sive
1083 838 1153 894 ob
1197 836 1340 893 illius
1383 836 1552 910 ipsius
1597 850 1842 905 causam,

239 925 365 982 sive
398 924 470 981 ob
515 933 838 982 cancrorum
877 927 1154 1000 juvamen.
1206 928 1384 1000 Coepit
1422 939 1601 986 autem
1643 929 1713 986 ab
1752 928 1847 985 illo

237 1014 371 1075 loco
400 1034 509 1089 quo
537 1018 694 1086 dixit,
723 1038 745 1073 ι
775 1020 1014 1079 Obsecro
1039 1035 1170 1094 ergo
1187 1022 1425 1095 primum
1460 1023 1704 1080 omnium
1728 1021 1845 1078 ﬁeri

239 1112 553 1180 orationes,
602 1114 1031 1185 deprecationes,
1077 1115 1492 1186 postulationes,
1550 1115 1847 1195 gratiarum

240 1206 514 1271 actiones,
551 1226 571 1259 ι
615 1222 736 1281 quae
776 1208 1032 1265 universa
1062 1209 1130 1264 ad
1175 1208 1466 1267 utilitatem
1493 1220 1550 1267 et
1590 1211 1661 1269 ad
1687 1225 1849 1267 orna-

240 1308 495 1355 mentum
534 1300 842 1359 communis
884 1300 1145 1359 Ecclesiae
1182 1303 1459 1373 pertinere
1501 1303 1844 1359 videbantur.

241 1389 386 1446 Nam
428 1391 573 1461 quod
599 1388 773 1446 dicit:
807 1410 826 1442 ‹
865 1400 992 1446 ante
1034 1391 1238 1458 omnia,
1277 1411 1296 1445 ι
1328 1391 1459 1448 illud
1484 1392 1571 1449 vel
1611 1392 1848 1448 maxime

238 1480 519 1553 designat,
561 1480 707 1552 quod
748 1483 1112 1538 communiter
1144 1482 1619 1555 congregationem
1654 1483 1846 1541 Eccle-

239 1574 340 1629 sit!)
373 1572 443 1628 ab
490 1571 596 1627 illis
645 1571 763 1628 ﬁeri
811 1583 1066 1645 oportere
1110 1573 1481 1643 existimabat,
1538 1574 1742 1632 scilicet
1788 1584 1848 1631 ut

238 1667 429 1723 ontnis
479 1667 654 1723 cultus
706 1667 819 1724 Deo
875 1668 1089 1725 debitus
1127 1668 1471 1735 restituatur,
1511 1685 1636 1725 cum
1666 1668 1848 1726 debita

237 1758 544 1831 gratiarum
572 1759 811 1827 actione,
841 1774 963 1830 quae
990 1760 1042 1815 ei
1079 1759 1310 1816 debetur
1334 1775 1434 1833 pro
1476 1758 1603 1825 illis,
1635 1775 1755 1831 qua:
1779 1759 1848 1815 ab

1956 587 1974 620 ‹
2004 584 2188 625 coram
2212 568 2344 624 Deo.
2376 587 2395 621 ι
2422 566 2575 635 Quod
2598 566 2754 632 dixit,
2772 565 3001 630 discant,
3035 563 3101 618 de
3133 561 3261 617 ﬁliis
3285 570 3340 618 et
3365 576 3533 633 nepo-

1954 659 2097 714 tibus
2133 658 2290 725 dixit,
2314 674 2421 715 non
2464 657 2531 713 de
2557 655 2734 712 viduis
2761 673 2775 709 :
2805 653 3136 725 properabat
3160 653 3307 709 enim
3335 652 3535 710 docere
3590 654 3596 660 ’

1948 748 2203 818 quoniam
2246 746 2351 803 illa:
2378 746 2507 804 sola:
2532 745 2731 802 debent
2759 752 2977 815 sumptu
3023 743 3397 801 ecetesiastico
3429 759 3534 799 nu-

1950 838 2090 907 triri,
2121 854 2243 910 qum
2294 836 2868 901 aliunde,alimoniam
2920 834 3124 892 habere
3155 835 3379 891 minime
3413 849 3541 906 pos-

1949 929 2097 998 sint;
2136 930 2183 985 si
2213 930 2375 1002 igitur
2411 929 2571 987 vidua
2625 936 2721 983 aut
2769 928 2908 984 ﬁlios
2954 935 3049 983 aut
3095 934 3321 997 nepotes
3348 926 3541 992 habet,

1949 1022 2165 1079 discant
2209 1021 2284 1079 illi
2313 1022 2407 1095 qui
2435 1039 2503 1077 ex
2553 1037 2619 1076 ea
2657 1019 2772 1075 nati
2813 1027 2940 1074 sunt
2977 1018 3124 1075 alere
3154 1028 3385 1073 matrem
3427 1017 3547 1074 sive

1948 1113 2147 1179 aviam,
2177 1112 2304 1184 quia
2332 1112 2439 1167 hoc
2480 1110 2652 1181 magis
2680 1108 2940 1182 placitum
2968 1117 3054 1165 est
3078 1108 3209 1176 Deo,
3249 1116 3314 1164 ut
3338 1109 3407 1165 ab
3435 1107 3547 1165 illis

1947 1207 2284 1272 nutriantur,
2333 1214 2389 1263 et
2431 1222 2540 1261 non
2588 1203 2958 1261 ecclesiastico
3000 1203 3278 1276 indigeant
3324 1201 3544 1258 solatio.
3632 1272 3639 1279 '

1947 1294 2153 1353 Deinde
2178 1298 2308 1353 dicit
2351 1296 2418 1353 de
2467 1294 2573 1353 illis
2623 1298 2816 1364 viduis,
2865 1312 3000 1368 quas
3027 1312 3156 1352 vere
3203 1296 3394 1352 viduas
3422 1310 3549 1352 esse

1948 1390 2253 1458 existimat,
2282 1390 2470 1447 dicens
2500 1409 2511 1443 :
2546 1408 2564 1442 ‹
2594 1389 2726 1459 Qua:
2769 1399 2951 1446 autem
2982 1405 3112 1446 vere
3158 1389 3321 1445 vidua
3366 1396 3451 1447 est
3492 1399 3552 1446 et

1956 1504 1974 1536 ι
2008 1485 2270 1552 desolata,
2302 1494 2487 1556 sperat
2537 1484 2591 1540 in
2633 1484 2824 1551 Deum,
2854 1490 2909 1540 et
2958 1484 3128 1539 instat
3144 1483 3551 1540 obsecrationi-

1905 1649 1913 1658 .
1957 1598 1975 1631 ί
2009 1581 2112 1638 bus
2153 1589 2210 1636 et
2259 1580 2620 1648 orationibus,
2670 1590 2832 1637 nocte
2876 1595 2942 1636 ac
2977 1580 3084 1636 die.
3119 1599 3140 1632 ι
3178 1579 3413 1637 Evidens
3463 1589 3552 1637 est

1949 1672 2094 1744 quod
2120 1688 2307 1729 veram
2334 1673 2552 1729 viduam
2598 1673 2806 1729 duabus
2852 1688 2921 1728 ex
2965 1662 3551 1747 causis'ecelesiastico

1952 1772 2165 1835 sumptu
2214 1763 2329 1821 vult
2362 1764 2591 1833 nutriri,
2623 1781 2792 1820 unum
2822 1773 2902 1829 ut,
2933 1773 2990 1821 et
3016 1763 3260 1821 moribus
3287 1765 3358 1820 sit
3396 1765 3541 1821 ordi‘

236 1868 305 1905 eo
333 1852 461 1905 data
494 1858 623 1906 sunt
665 1850 824 1907 nobis
851 1867 864 1905 :
890 1858 947 1906 et
986 1851 1203 1922 quidem
1238 1851 1542 1908 oralionem
1581 1847 1845 1907 facientes
1872 1851 1922 1915 B
1948 1862 2100 1924 nata,
2141 1864 2199 1911 et
2239 1855 2531 1912 virtutibus
2581 1842 2885 1921 illustrata;
2932 1844 3160 1911 alterum
3189 1870 3256 1912 eo
3304 1855 3449 1925 quod
3479 1856 3550 1911 ad

234 1958 351 1998 non
373 1957 477 2012 pro
498 1942 656 1999 nobis
693 1942 827 2012 ipsis
852 1941 984 1999 solis
1013 1940 1194 1998 facere
1231 1942 1515 2009 debemus,
1545 1942 1641 1999 sed
1670 1951 1726 1998 et
1749 1956 1847 2012 pro

235 2034 498 2091 omnibus
522 2034 856 2091 hominibus.
881 2033 1037 2091 Unde
1081 2043 1138 2090 et
1184 2035 1240 2090 in
1271 2035 1727 2107 subsequentibus
1752 2051 1849 2091 ne-

234 2126 487 2181 cessario
532 2125 739 2198 adjicit,
778 2124 968 2196 quales
1011 2140 1107 2182 eos
1153 2140 1276 2181 esse
1319 2126 1625 2191 conveniat,
1660 2125 1745 2181 vel
1791 2126 1847 2181 in

234 2222 374 2288 vita,
420 2219 512 2275 vel
544 2220 600 2275 in
648 2219 914 2286 moribus,
968 2219 1055 2276 vel
1092 2220 1149 2276 in
1186 2221 1622 2289 conversatione,
1659 2231 1716 2278 et
1743 2222 1850 2294 pri-

234 2330 393 2376 mum
422 2315 480 2371 in
506 2313 780 2371 communi
818 2321 1027 2370 natum
1067 2315 1270 2370 adusus
1294 2323 1379 2371 est
1403 2315 1688 2382 divisione,
1739 2316 1848 2372 alia

236 2410 435 2466 dicens
482 2407 549 2463 ad
602 2406 1018 2463 instructionem
1056 2407 1321 2476 virorum,
1348 2408 1624 2464 instruens
1660 2408 1847 2479 quales

235 2517 341 2567 eos
392 2506 642 2570 oporteat
686 2512 838 2563 esse;
891 2496 997 2552 alia
1047 2510 1177 2553 vero
1223 2497 1293 2553 ad
1334 2496 1611 2563 mulieres,
1659 2492 1849 2568 sicque

237 2591 608 2650 communiter
657 2591 727 2646 ad
770 2604 960 2647 omnes
1000 2602 1165 2660 super
1213 2589 1506 2645 virtutibus
1558 2589 1847 2660 implendis

237 2682 533 2740 consilium
548 2682 701 2738 visus
726 2689 813 2737 est
827 2679 1066 2748 dedisse,
1082 2679 1277 2737 deinde
1304 2680 1373 2735 ad
1398 2680 1646 2736 ordinem
1672 2689 1847 2735 trans-

240 2774 288 2829 it
345 2773 562 2828 illorum
615 2771 709 2842 qui
756 2785 858 2827 nec
904 2769 1164 2826 Ecclesiae
1213 2768 1577 2827 ministerium
1621 2769 1849 2840 implere

238 2864 531 2928 videntur,
584 2869 842 2933 reputans
896 2861 1154 2931 quoniam
1201 2860 1414 2931 privata
1456 2859 1515 2914 hi
1570 2859 1851 2931 indigeant

239 2954 652 3020 exhortatione,
681 2968 747 3009 eo
788 2951 930 3023 quod
966 2952 1022 3007 in
1064 2966 1353 3008 commune
1381 2951 1710 3008 conveniens
1748 2951 1848 3006 Ec-

241 3050 414 3107 clesia
456 3063 644 3102 eorum
697 3046 953 3118 impletur
1001 3046 1306 3101 ministerio
1331 3063 1344 3098 :
1371 3053 1426 3101 et
1460 3045 1581 3101 istis
1630 3044 1851 3115 quidem

237 3142 387 3198 bene
431 3137 717 3211 agentibus
765 3136 995 3192 multum
1044 3145 1275 3207 possunt
1324 3137 1509 3192 cmteri
1559 3135 1846 3206 adjuvari:

1950 1947 2170 2020 plenum
2195 1948 2471 2004 neminem
2499 1947 2716 2003 videtur
2756 1945 2979 2012 habere,
3009 1947 3101 2017 qui
3137 1942 3468 2016 diligentiam
3498 1946 3548 2000 ei

1949 2039 2224 2096 adhibeat.
2240 2038 2368 2097 llaec
2387 2049 2567 2095 autem
2588 2048 2673 2095 est
2690 2053 2822 2095 vera
2847 2030 3027 2105 vidua,
3048 2054 3169 2109 quae
3188 2040 3550 2111 propinquum

1929 2153 2059 2210 .nou
2086 2136 2269 2205 habet,
2294 2144 2351 2193 et
2376 2151 2475 2207 per
2500 2151 2663 2193 omne
2689 2144 2903 2206 tempus
2932 2136 3057 2191 vita:
3087 2151 3200 2192 sua:
3226 2135 3356 2193 solis
3393 2143 3552 2189 vacat

1949 2228 2307 2285 orationibus.
2338 2247 2358 2281 ι
2386 2228 2518 2295 Quae
2544 2238 2727 2284 autem
2756 2226 2811 2281 in
2840 2226 3047 2285 deliciis
3066 2228 3553 2294 est,,vivens,mor—

1951 2330 2045 2376 tua
2067 2328 2171 2377 est.
2207 2340 2227 2372 ›
2257 2320 2316 2377 Si
2344 2320 2527 2392 aliqua
2556 2321 2759 2376 amisso
2792 2321 2911 2377 viro
2953 2321 3009 2376 in
3042 2320 3302 2377 viduitate
3328 2336 3387 2377 se
3422 2335 3548 2392 per-

1949 2415 2147 2470 sistere
2170 2414 2459 2485 promittit,
2490 2423 2547 2470 et
2573 2414 2891 2471 deliciosam
2934 2422 3157 2470 exercet
3179 2415 3373 2482 vitam,
3398 2431 3546 2472 mor-

1951 2517 2042 2567 tua
2071 2518 2156 2565 est
2202 2509 2377 2580 magis
2403 2523 2567 2580 quam
2619 2508 2773 2576 viva,
2804 2507 2932 2564 licet
2978 2509 3025 2563 si
3057 2516 3115 2564 et
3142 2508 3328 2565 vivere
3362 2509 3546 2565 videa-

1950 2608 2059 2656 tur.
2090 2599 2201 2656 Nec
2244 2608 2428 2655 autem
2475 2598 2644 2655 altera
2676 2598 2912 2655 maritali
2940 2600 3273 2656 conscientia
3308 2607 3544 2665 tenetur,

1949 2706 2126 2760 neque
2162 2688 2382 2745 virtutis
2418 2688 2599 2744 studio
2623 2688 2943 2754 illustratur,
2974 2690 3069 2744 sed
3101 2687 3231 2745 solis
3270 2689 3443 2759 epulis
3482 2704 3549 2744 ac

1950 2780 2160 2836 deliciis
2184 2794 2382 2837 vacare
2402 2794 2725 2850 properans,
2751 2779 2887 2834 nihil
2912 2795 2980 2835 ex
3009 2779 3115 2834 illis
3146 2796 3266 2853 qua:
3295 2780 3397 2836 sibi
3417 2796 3548 2837 con-

1950 2873 2179 2928 veniunt
2222 2873 2405 2929 facere
2450 2873 2672 2944 poterit.
2726 2871 2983 2946 (Moyses)
3014 2871 3152 2928 Nam
3197 2874 3548 2944 quemadmo-

1952 2966 2082 3021 dum
2113 2964 2302 3022 Zabuli
2338 2980 2563 3037 regnum
2594 2981 2694 3036 per
2714 2966 3119 3021 conniventiam
3149 2966 3445 3038 suscipitur
3466 2968 3551 3023 vi-

1954 3056 2175 3121 tiorum,
2200 3057 2276 3111 ita
2300 3071 2526 3129 regnum
2558 3056 2655 3112 Dei
2684 3071 2783 3126 per
2814 3054 3260 3111 exercitationem
3293 3055 3552 3111 virtutum

1951 3146 2186 3217 puritate
2234 3145 2417 3203 cordis
2458 3161 2524 3202 ac
2553 3145 2784 3217 spiritali
2833 3144 3059 3201 scientia
3092 3143 3420 3214 possidetur.
3448 3145 3553 3201 Ubi

240 3228 557 3288 econtrario
609 3218 776 3284 etiam
824 3227 944 3283 istis
987 3225 1077 3280 illa
1112 3238 1233 3297 qum
1259 3224 1588 3281 conveniunt
1625 3223 1850 3280 minime
1872 3217 1923 3282 C
1952 3247 2138 3295 autem
2180 3254 2412 3311 regnum
2438 3237 2537 3294 Dei
2576 3245 2679 3303 εει,
2712 3238 2786 3293 ibi
2814 3236 3003 3309 procul
3035 3237 3201 3294 dubio
3225 3247 3283 3295 ει
3320 3240 3432 3294 vim
3458 3240 3555 3295 ha-

239 3320 687 3399 procurantibus,
715 3320 952 3393 plurima
976 3318 1302 3377 detrimenta
1337 3318 1522 3374 multis
1559 3317 1851 3374 videantur

244 3416 508 3488 irrogari.
544 3414 703 3471 Unde
726 3421 784 3468 et
809 3413 875 3469 de
905 3411 1235 3484 presbyteris
1264 3410 1499 3483 primam
1524 3410 1738 3467 videtur
1764 3410 1847 3467 l‘e-

243 3507 395 3563 cisse
427 3504 875 3576 disputationem,
903 3503 1181 3560 instruens
1212 3501 1400 3573 quales
1424 3517 1519 3558 eos
1542 3518 1663 3559 esse
1683 3517 1848 3573 opor—

246 3606 392 3663 teat,
422 3595 619 3651 deinde
641 3592 981 3661 diaconibus,
1016 3602 1202 3664 postea
1227 3607 1358 3648 vero
1394 3592 1462 3648 de
1488 3591 1621 3648 viris
1653 3602 1709 3648 et
1732 3608 1853 3648 mu-

242 3686 499 3753 lieribus,
520 3694 643 3758 post
686 3686 1209 3743 consummationem
1248 3698 1380 3741 vero
1422 3681 1620 3740 horum
1648 3685 1716 3739 ad
1748 3685 1852 3740 hoc

246 3777 670 3835 instructionem
713 3794 872 3834 suam
899 3777 1220 3850 produxisse
1255 3778 1407 3833 visus
1447 3784 1551 3840 est,
1581 3794 1746 3848 quam
1796 3786 1852 3833 et

243 3871 631 3944 interpositam
650 3883 705 3928 et
728 3869 1065 3941 interjectam
1084 3887 1206 3929 esse
1226 3870 1483 3927 diximus.
1509 3868 1851 3927 Conveniens

246 3974 436 4022 autem
480 3976 601 4022 erat
646 3972 771 4037 post
814 3979 1153 4021 communem
1202 3963 1656 4029 exhortationem,
1685 3979 1849 4034 quam

247 4057 325 4113 ad
350 4073 546 4114 omnes
573 4056 770 4113 fecisse
801 4056 1110 4122 videbatur,
1137 4065 1193 4109 et
1219 4054 1440 4127 proprie
1483 4054 1569 4111 ad.
1602 4052 1725 4111 illos
1757 4053 1851 4125 qui

248 4150 516 4209 Ecclesia;
560 4149 893 4206 iunctionem
940 4148 1261 4220 implebant,
1303 4146 1635 4220 conjungere
1684 4148 1850 4204 etiam

246 4244 346 4301 illa
371 4258 496 4314 quae
524 4242 591 4297 de
628 4241 806 4298 viduis
840 4241 946 4297 dici
988 4238 1411 4303 conveniebant,
1442 4255 1579 4311 quas
1606 4240 1772 4296 etiam
1793 4239 1851 4295 in

246 4355 355 4395 suo
408 4336 599 4392 ordine
652 4350 955 4391 memorare
982 4350 1082 4406 par
1110 4343 1230 4389 erat
1270 4333 1340 4390 ob
1370 4332 1516 4389 illam
1556 4332 1850 4405 providen-

249 4431 411 4493 tiam,
438 4444 601 4499 quam
640 4442 769 4499 erga
804 4442 899 4484 eas
927 4425 1155 4496 implere
1184 4426 1489 4497 oportebat.
1528 4422 1669 4481 Hinc
1694 4439 1850 4505 vero,

248 4532 318 4579 ut
342 4520 480 4587 dixi,
514 4520 582 4575 ad
610 4518 946 4591 propositam
984 4517 1420 4589 interjectionem
1454 4518 1523 4573 ab
1554 4516 1644 4572 illa
1670 4528 1852 4587 egres-

248 4628 353 4669 sus
373 4618 460 4667 est
500 4609 813 4681 sequentia;
847 4616 969 4680 post
1011 4609 1348 4680 sequentiam
1374 4618 1557 4665 autem
1582 4608 1851 4664 dictorum

248 4704 596 4761 consuetudo
641 4712 728 4760 est
782 4702 858 4758 illi
897 4702 1060 4759 etiam
1100 4710 1154 4758 et
1199 4702 1603 4772 interiectiones
1648 4700 1849 4768 facere,

251 4797 447 4867 sicque
488 4795 558 4852 ad
580 4795 702 4851 illos
730 4811 1013 4852 sermones
1036 4797 1193 4861 exiit,
1231 4794 1324 4866 qui
1354 4810 1517 4867 super
1540 4795 1720 4852 viduis
1745 4796 1850 4853 dici

250 4888 551 4952 debebant,
582 4886 813 4953 honora,
849 4887 1046 4958 inquit,
1077 4908 1095 4939 ι
1126 4886 1268 4954 illas,
1296 4901 1417 4956 qua:
1449 4902 1578 4943 vere
1614 4895 1739 4943 sunt
1770 4886 1856 4942 vi-

1948 3334 2110 3387 betur
2137 3339 2364 3396 aeterna,
2397 3338 2452 3385 et
2481 3329 2575 3385 ubi
2614 3344 2838 3401 regnum
2878 3329 3067 3385 Zabuli
3095 3338 3200 3397 est,
3222 3330 3296 3385 ibi
3321 3338 3553 3388 mortem

1952 3431 2118 3494 atque
2136 3422 2412 3480 infernum
2437 3435 2578 3489 esse,
2607 3437 2718 3478 non
2744 3422 2967 3481 dubium
2991 3432 3093 3489 est,
3121 3422 3175 3479 in
3197 3438 3307 3493 quo
3329 3423 3421 3495 qui
3442 3424 3557 3479 fue-

1953 3517 2045 3584 rit,
2071 3530 2174 3572 nec
2200 3515 2428 3573 laudare
2453 3514 2744 3570 Dominum
2773 3521 2955 3585 potest
2983 3515 3279 3571 secundum
3315 3514 3555 3587 Prophe-

1954 3616 2023 3664 ta:
2050 3608 2376 3665 sententiam
2404 3606 2636 3663 dicentis
2665 3623 2680 3661 :
2716 3624 2734 3657 ι
2766 3604 2883 3661 Non
2916 3605 3116 3661 mortui
3146 3604 3443 3679 laudabunt
3479 3616 3554 3675 te,

1955 3714 2129 3769 neque
2175 3713 2368 3754 omnes
2412 3698 2505 3768 qui
2558 3696 2895 3755 descendunt
2940 3696 2997 3751 in
3054 3695 3327 3753 infernum
3372 3694 3549 3769 (Psal.

1952 3791 2130 3863 cxm),
2162 3811 2183 3845 ι
2219 3792 2337 3847 sine
2384 3790 2548 3847 dubio
2593 3789 2830 3860 peccati,
2871 3809 2889 3839 ι
2921 3787 3018 3845 sed
3056 3803 3178 3856 nos,
3220 3790 3419 3860 inquit,
3457 3791 3552 3861 qui

1952 3882 2204 3947 vivimus,
2241 3901 2260 3933 ι
2294 3896 2402 3937 non
2449 3879 2619 3945 vitiis,
2663 3878 2874 3957 scilicet
2913 3893 3015 3935 nec
3041 3880 3243 3937 mundo
3278 3880 3424 3947 huic,
3458 3882 3556 3937 sed

1952 3970 2086 4036 Deo,
2118 3991 2137 4022 ί
2171 3970 2542 4026 benedicimus
2561 3968 2849 4025 Dominum
2890 3983 2959 4024 ex
2996 3967 3099 4025 hoc
3129 3983 3272 4049 nunc
3294 3979 3350 4024 et
3383 3985 3555 4049 usque

1954 4062 2009 4116 in
2031 4059 2287 4117 smculum
2317 4057 2528 4130 (Ibid.).
2571 4077 2590 4112 ι
2625 4057 2740 4112 Νοη
2785 4057 2930 4113 enim
2981 4065 3065 4115 est
3111 4058 3166 4112 in
3219 4042 3417 4126 morte,
3458 4060 3555 4130 qui

1954 4165 2165 4205 memor
2189 4156 2273 4205 est
2294 4149 2378 4215 ei,
2410 4149 2465 4204 in
2493 4145 2712 4203 inferno
2742 4156 2922 4203 autem
2956 4151 3163 4219 peccati
3191 4150 3314 4220 quis
3335 4150 3554 4209 conﬁte-

1951 4241 2100 4297 bitur
2124 4240 2391 4296 Domino?
2434 4239 2489 4296 id
2518 4249 2622 4304 est,
2664 4254 2870 4295 nemo:
2921 4239 3101 4297 nullus
3144 4242 3289 4297 enim
3332 4245 3553 4301 tametsi

1952 4332 2180 4390 militem
2235 4330 2587 4403 semetipsum
2615 4372 2631 4397 ,
2678 4330 2765 4388 vel
2812 4330 3200 4399 Christianum,
3230 4335 3551 4407 proﬁteatur

1953 4441 2093 4491 esse,
2117 4424 2202 4480 vel
2245 4424 2598 4491 monachum,
2646 4438 2769 4479 cum
2800 4434 3012 4495 peccat,
3040 4423 3221 4480 nullus
3259 4426 3553 4483 conﬁtetur

1954 4517 2152 4586 Deum,
2179 4517 2361 4574 nullus
2385 4516 2681 4574 admittens
2725 4532 2789 4573 ea
2808 4559 2823 4584 ,
2849 4533 2970 4587 qua:
2998 4517 3262 4575 Dominus
3306 4535 3554 4576 exsecra-

1958 4619 2071 4677 tur,
2100 4611 2480 4667 reminisoetur
2507 4611 2625 4677 Dei,
2655 4626 2757 4667 nec
2778 4626 2996 4667 servum
3026 4626 3084 4667 se
3112 4613 3379 4668 veraciter
3411 4613 3556 4672 illius

1960 4698 2265 4775 proﬁtetur,
2287 4703 2444 4774 cujus
2467 4713 2737 4773 praecepta
2764 4702 3071 4758 contumaci
3098 4704 3401 4762 temeritate
3427 4722 3557 4763 con-

1962 4795 2175 4862 temnit,
2202 4795 2258 4850 in
2279 4810 2386 4867 qua
2428 4803 2606 4851 morte
2650 4793 2797 4848 illam
2823 4793 3039 4849 viduam
3081 4809 3203 4865 qua:
3229 4806 3313 4852 est
3341 4798 3398 4853 in
3425 4798 3555 4855 deli-

1963 4887 2082 4954 ciis,
2122 4887 2317 4942 beatus
2350 4885 2642 4958 Apostolus
2683 4899 2805 4942 esse
2832 4885 3168 4956 pronuntiat,
3205 4905 3225 4938 ι
3256 4888 3440 4957 vidua,
3471 4889 3556 4947 in-

249 4979 404 5047 duas,
430 4995 581 5035 tnon
602 4978 903 5037 absolutam
924 4980 1340 5050 promissionem
1359 4996 1546 5037 earum
1573 4976 1859 5035 intendere
1963 4980 2176 5051 quiens,
2203 4964 2337 5050 qua?
2370 4977 2427 5032 in
2479 4976 2688 5034 deliciis
2733 4986 2836 5044 est,
2884 4977 3074 5033 vivens
3115 4991 3331 5034 mortua
3384 4988 3486 5037 est.
3526 5000 3547 5033 ι

254 5069 459 5137 voluit,
488 5070 582 5126 sed
606 5070 828 5141 quando
852 5070 1143 5140 promissio
1179 5072 1296 5142 ipso
1340 5086 1506 5144 apere
1544 5069 1756 5141 impleri
1778 5069 1860 5125 vi-
1940 5054 2102 5129 -Sunt
2125 5087 2256 5142 ergo
2280 5069 2434 5126 multi
2465 5069 2556 5140 qui
2594 5069 2838 5126 viventes
2866 5069 2920 5124 in
2947 5068 3052 5126 hoc
3081 5085 3310 5141 corpore
3349 5074 3552 5131 mortui

252 5163 444 5219 detur.
486 5160 624 5217 Nam
671 5162 815 5232 quod
842 5163 1027 5218 hocin
1056 5160 1177 5220 loco
1205 5164 1342 5219 dixit
1382 5182 1402 5215 ‹
1438 5164 1669 5230 honora,
1701 5182 1720 5216 ›
1754 5163 1861 5218 hoc
1960 5173 2104 5229 sunt,
2135 5173 2192 5221 et
2220 5164 2275 5219 in
2305 5162 2519 5219 inferno
2539 5162 2789 5233 iacentes
2820 5160 2990 5218 Deum
3030 5163 3251 5220 laudare
3291 5180 3400 5221 non
3430 5181 3555 5224 nos-

252 5263 363 5319 est,
400 5254 740 5325 diligentiam
767 5253 874 5310 illis
896 5255 1113 5323 adhibe,
1145 5257 1289 5327 quod
1317 5254 1543 5312 evidens
1576 5254 1638 5311 ﬁt
1665 5271 1733 5311 ex
1757 5254 1865 5311 illis
1959 5267 2115 5323 sunt;
2146 5265 2203 5313 et
2242 5264 2552 5312 econtrarto
2578 5264 2726 5321 sunt,
2751 5256 2844 5327 qui
2887 5271 3010 5313 cum
3050 5257 3249 5312 mortui
3290 5259 3400 5315 sint
3428 5275 3552 5316 cor-

254 5347 428 5403 dictis
459 5361 582 5417 qua:
613 5355 935 5417 sequuntur,
960 5362 1098 5419 quas
1126 5346 1345 5417 quidem
1376 5347 1451 5401 ita
1476 5362 1605 5401 vera
1650 5347 1861 5403 ratione
1956 5364 2109 5423 pore,
2140 5348 2309 5405 Deum
2340 5346 2532 5420 spiritu
2561 5346 2889 5403 benedicunt
2928 5356 3093 5418 atque
3121 5347 3431 5405 collaudant
3464 5362 3556 5406 se-

251 5437 546 5495 existimat
585 5452 706 5494 esse
748 5437 960 5506 viduas,
992 5438 1135 5496 sicut
1172 5439 1228 5494 in
1265 5439 1718 5510 subsequentibus
1746 5455 1860 5497 me—
1959 5440 2195 5499 cundum
2224 5440 2355 5497 illud
2381 5460 2393 5495 :
2425 5462 2441 5492 ι
2472 5439 2802 5507 Benedicite,
2826 5439 3048 5511 spiritus
3081 5449 3139 5497 et
3171 5441 3367 5496 animae
3383 5439 3558 5510 justo-

252 5526 372 5587 lius
411 5530 754 5586 instruimur.
802 5531 1004 5587 lterum
1039 5547 1171 5589 vero
1212 5532 1279 5587 de
1319 5530 1424 5587 illis
1468 5531 1710 5603 loquitur
1738 5547 1859 5605 quae
1960 5549 2102 5601 rum,
2126 5532 2412 5588 Dominum
2439 5530 2599 5604 (Dan.
2616 5532 2731 5605 ut);
2763 5552 2781 5584 ›
2809 5541 2905 5587 ett
2936 5530 3166 5589 :Omnis
3187 5533 3413 5605 spiritus
3441 5533 3557 5590 lau-

257 5638 376 5683 non
397 5622 601 5681 debent
627 5624 996 5682 ecclesiastico
1024 5633 1243 5686 sumotu
1270 5623 1365 5693 ali,
1395 5623 1657 5695 adjiciens
1694 5625 1763 5683 de
1797 5624 1860 5680 il-
1940 5628 2053 5697 ,ἀει
2076 5627 2363 5683 Dominum
2390 5622 2562 5699 (Psal.
2585 5624 2692 5698 CL).
2726 5644 2746 5679 ι
3246 5694 3253 5703 θ

257 5718 331 5776 lis
356 5760 371 5774 .
408 5737 428 5771 t
468 5717 527 5774 Si
557 5734 662 5789 qua
711 5730 899 5777 autem
925 5718 1084 5775 vidua
1114 5720 1278 5787 ﬁlios,
1302 5729 1394 5777 aut
1420 5730 1645 5792 nepotes
1673 5719 1859 5787 habet,
2023 5741 2041 5772 ι
2061 5716 2129 5775 Ει
2147 5718 2252 5776 hoc
2264 5717 2519 5790 praecipe,
2539 5716 3117 5789 utirreprehensibiles
3138 5718 3300 5774 sint.»
3320 5716 3549 5791 (Ambr.)

269 5836 289 5870 ι
323 5819 507 5875 discat
550 5816 800 5890 [discant]
832 5817 1066 5887 primum
1141 5834 1323 5874 omum
1371 5831 1524 5872 suam
1569 5826 1775 5886 regere,
1808 5823 1863 5868 ct
1967 5806 2077 5867 lloc
2104 5820 2209 5877 est,
2238 5817 2293 5865 et
2321 5809 2406 5865 his
2450 5808 2633 5877 dicito,
2664 5819 2721 5863 ut
2775 5808 2978 5878 Optime
3010 5811 3250 5865 viventes
3297 5817 3555 5865 maneant

506 5900 515 5909 ’
601 5902 878 5973 Ρηιιοι..
919 5904 1116 5971 CXII.

3069 5901 3147 5965 20
