3992 6338
487 356 595 415 625
1124 355 1187 409 Β.
1206 354 1479 414 *ΜΒΑΝΙ
1518 353 1739 415 Μυιιι
1774 353 2070 413 ARCHIEP

2172 352 2448 415 IOGUNT.
2488 349 2781 411 OPERUM
2810 349 2994 407 PARS
3027 349 3099 405 ΙΙΙ

3668 350 3787 411 63L

485 477 699 534 dixerat
755 473 943 544 quales
990 446 1137 529 esse
1216 476 1506 529 conveniat
1561 474 1907 546 presbyteros
1931 514 1947 540 ,
2003 474 2072 531 de
2097 479 2145 539 Α
2175 475 2394 531 adnasci
2418 474 2659 545 possint,
2688 471 2987 544 opitulante
3013 471 3095 527 eis
3133 482 3299 541 opere
3334 478 3595 537 .psorum,
3627 472 3709 519 ut
3733 465 3788 520 id

484 565 760 636 obsequiis
809 579 940 621 vero
987 579 1174 619 eorum
1228 565 1315 619 vel
1374 565 1648 621 alimentis
1708 566 1843 621 nihil
1892 565 2070 623 fuerat

484 669 857 727 memoratus;
910 669 965 715 et
1010 660 1229 729 quidem
1258 659 1367 717 illis
1422 661 1555 730 ipsis
1599 660 1893 717 secundum
1940 662 2069 717 illud

484 759 699 822 tempus
716 750 1134 807 sollicitudinem
1158 750 1512 807 ecclesiarum
1528 749 1880 822 implentibus
1894 788 1909 815 ,
1932 749 2070 806 bene

486 845 676 916 adjicit
703 855 760 900 et
783 844 852 900 de
871 843 977 900 his.

563 955 582 987 ι
619 936 724 1003 Qui
749 936 887 993 bene
914 943 1159 1006 praesunt
1186 934 1489 1006 presbyteri
1530 933 1729 1005 duplici
1758 935 1963 993 honore
1990 933 2071 990 di-

496 1046 517 1078 ι
554 1025 646 1097 gni
696 1024 1020 1081 habeantur.
1072 1044 1092 1077 ι
1133 1023 1411 1094 Duplicem
1462 1024 1677 1091 dicens,
1720 1024 2070 1095 multiplicem

485 1113 763 1186 intelligit.
804 1113 943 1169 Nam
982 1114 1352 1185 presbyteros,
1384 1114 1579 1183 inquit,
1632 1114 1797 1169 etiam
1848 1114 2073 1183 majoris

483 1204 818 1277 provisionis
862 1205 1056 1276 dignos
1097 1212 1344 1275 oportere
1371 1205 1687 1262 existimare
1713 1205 1862 1276 justa
1909 1206 2075 1277 depo-

486 1296 592 1353 scit
632 1296 791 1352 ratio.
826 1294 984 1352 Unde
1011 1303 1067 1351 et
1104 1294 1322 1364 adjicit,
1359 1315 1379 1348 ι
1414 1298 1507 1367 qui
1542 1296 1680 1354 bene
1720 1307 2000 1370 prtesunt,
2048 1318 2067 1353 ι

486 1386 582 1442 sed
610 1401 712 1441 nec
755 1385 820 1441 de
848 1384 1061 1439 illorum
1091 1385 1428 1455 providentia
1468 1386 1718 1445 absolute
1763 1388 1932 1455 dixit,
1978 1390 2073 1460 qui

484 1477 541 1530 in
566 1475 758 1531 ordine
789 1484 847 1531 et
870 1474 1042 1546 gradu
1074 1483 1281 1531 tantum
1325 1485 1454 1531 sunt
1487 1478 1948 1549 presbyterorum,
1976 1481 2074 1536 sed

485 1570 554 1627 de
593 1570 700 1626 illis
732 1569 826 1641 qui
877 1571 1079 1643 gradus
1120 1571 1207 1627 sui
1249 1570 1583 1628 iunctionem
1628 1571 1885 1642 implere,
1912 1580 2076 1643 prout

482 1661 755 1725 convenit,
784 1659 1057 1717 videntur.
1108 1660 1263 1716 Unde
1286 1671 1342 1719 et
1382 1661 1612 1732 adjicit:
1642 1682 1663 1715 ι
1702 1661 1936 1719 Maxime
1980 1662 2074 1732 qui

488 1770 508 1803 ι
552 1751 800 1809 laborant
850 1754 905 1809 in
959 1752 1126 1810 verbo
1183 1761 1241 1808 et
1284 1755 1555 1813 doctrina.
1600 1777 1620 1812 ι
1656 1756 1773 1813 Νοιι
1828 1757 2075 1814 absolute

2169 566 2313 636 quod
2352 565 2542 622 volunt
2577 564 2839 621 adversas
2877 577 2973 619 eos
3002 562 3183 618 dicere
3205 601 3220 625 ,
3251 557 3531 615 verissim
3577 556 3790 613 existi-

2169 666 2353 715 matur
2379 656 2676 722 accusatio,
2707 662 2930 726 propter
2969 652 3115 723 quod
3151 651 3384 706 licenter
3416 647 3500 703 vel
3540 646 3791 702 videant

2168 749 2428 807 mulieres
2456 747 2545 804 vel
2587 748 2879 818 loquantur
2919 760 3047 802 cum
3096 742 3200 811 eis,
3243 755 3366 813 quae
3388 754 3475 795 res
3508 736 3793 809 malignis

2168 840 2482 898 hominibus
2528 839 2871 896 occasionem
2916 833 3280 892 accusationis
3321 832 3451 887 dare
3485 830 3789 887 videatur.

2170 932 2312 1001 Quid
2338 945 2473 1004 ergo
2497 929 2779 987 observari
2804 927 3081 985 decernit?
3107 925 3288 991 aliter,
3311 923 3504 994 inquit,
3529 923 3651 978 noli
3688 937 3793 976 au-

2171 1023 2311 1089 dire,
2339 1021 2446 1079 nisi
2497 1020 2606 1077 duo
2641 1026 2737 1075 aut
2760 1027 2874 1076 tres
2900 1017 3189 1075 videantur
3212 1024 3381 1072 testes
3405 1028 3528 1070 esse
3556 1012 3797 1083 negotii

2171 1115 2342 1187 ipsius
2361 1113 2430 1171 de
2446 1112 2643 1184 quibus
2666 1110 2970 1169 intenditur
2993 1108 3293 1169 accusatio.
3319 1107 3388 1163 Et
3425 1114 3486 1162 ut
3514 1118 3587 1161 ne
3616 1104 3771 1159 vide

2172 1215 2325 1263 retur
2366 1208 2472 1271 ista
2522 1205 2707 1261 dicens
2750 1201 3189 1273 delinquentium
3205 1206 3427 1272 peccata
3464 1196 3610 1253 velle
3648 1210 3798 1251 con-

2173 1305 2377 1369 tegere,
2404 1295 2635 1364 adjicit:
2680 1313 2701 1348 ‹
2743 1293 3045 1351 Peccantes
3062 1306 3249 1348 coram
3278 1289 3531 1347 omnibus
3573 1302 3792 1359 ang-ue,

2178 1405 2198 1439 ι
2230 1394 2292 1443 ιιι
2325 1395 2383 1443 et
2409 1385 2594 1443 caeteri
2634 1385 2885 1443 timorem
2924 1383 3182 1441 habeant.
3226 1400 3248 1434 ι
3282 1380 3525 1439 Examen
3560 1380 3795 1451 negotii

2173 1478 2242 1533 de
2266 1476 2374 1533 illis
2418 1492 2543 1533 cum
2570 1475 2723 1533 omni
2776 1473 3199 1544 scrupulositate
3242 1470 3365 1527 volo
3388 1470 3533 1530 ﬁeri.
3561 1476 3627 1525 et
3678 1485 3797 1525 non

2173 1568 2422 1625 absolute
2443 1569 2704 1624 adversus
2725 1581 2822 1623 eos
2853 1565 3061 1623 crimen
3096 1563 3166 1620 ad
3186 1572 3446 1636 punctum
3476 1561 3665 1633 recipi
3698 1580 3717 1615 :
3751 1562 3797 1616 si

2173 1673 2307 1714 vero
2331 1656 2501 1729 aliqui
2533 1671 2665 1715 vera
2711 1657 2925 1713 ratione
2975 1654 3267 1726 deliquisse
3291 1652 3498 1711 fuerint
3546 1653 3795 1717 detecti,

2172 1755 2362 1819 aperte
2408 1747 2765 1817 increpentur
2787 1786 2804 1812 ,
2846 1753 2909 1800 ut
2953 1752 3010 1802 et
3050 1743 3234 1801 caeteri
3279 1756 3468 1815 eorum
3518 1741 3797 1813 exemplo

481 1843 583 1898 hos
611 1843 802 1915 dignos
843 1857 963 1898 esse
1000 1842 1340 1913 providentia
1368 1843 1538 1913 dixit,
1573 1848 1668 1904 sed
1725 1847 1815 1903 illa
1864 1848 2077 1907 ratione
2101 1840 2149 1900 B
2174 1839 2361 1911 pudici
2407 1836 2731 1894 emciantur.
2783 1835 2998 1909 Optime
3017 1844 3200 1893 autem
3243 1842 3303 1891 et
3328 1833 3562 1889 aliorum
3588 1848 3798 1891 corm-

480 1950 589 2005 qua
634 1934 929 2007 plurimum
980 1935 1223 1992 laborem
1275 1937 1604 2009 expendunt,
1656 1939 1705 1995 si
1754 1946 1934 1994 tamen
1954 1978 1969 2005 ,
2015 1946 2077 1993 ut

480 2027 753 2094 convenit,
781 2027 1042 2085 doctrinae
1069 2043 1206 2099 opus
1231 2028 1458 2099 implere
1494 2028 1800 2096 voluerint,
1825 2030 1899 2085 ita
1919 2036 1979 2084 ut
2017 2030 2075 2084 in

481 2119 760 2175 communi
791 2118 859 2174 de
883 2118 1140 2175 omnibus
1184 2118 1604 2177 sollicitudinem
1636 2121 1975 2191 impendant,
2009 2134 2076 2176 ac

481 2212 717 2269 doceant
744 2227 840 2268 eos
876 2212 967 2267 illa
995 2212 1178 2269 facere
1219 2227 1340 2282 quae
1382 2212 1502 2268 ﬁeri
1530 2221 1779 2285 oportet,
1804 2222 1860 2268 et
1904 2222 1965 2268 ut
2007 2212 2077 2269 de

481 2302 708 2371 singulis
733 2301 951 2359 solliciti
981 2302 1210 2357 multum
1234 2302 1471 2358 habeant
1493 2318 1720 2373 agonem
1740 2343 1756 2370 ,
1795 2313 1855 2359 ut
1876 2319 2073 2359 unum-

478 2400 751 2460 quemque
798 2389 1039 2446 consiliis
1072 2391 1293 2461 optimis
1333 2401 1390 2447 et
1420 2393 1892 2451 exhortationibus
1920 2395 1989 2451 ad
2011 2394 2077 2450 il-

480 2480 575 2536 lud
607 2481 749 2551 quod
800 2479 1005 2537 decens
1048 2489 1132 2539 est
1166 2483 1457 2539 adducant.
1511 2483 1607 2540 Sic
1638 2486 1782 2541 enim
1838 2496 1893 2542 et
1930 2487 2076 2545 beati

481 2571 711 2640 apostoli
757 2571 1014 2628 videntur
1046 2573 1307 2629 doctrina:
1360 2589 1496 2645 opus
1539 2576 1792 2651 omnibus
1823 2578 2078 2649 operibus

480 2664 874 2735 anteposuisse.
938 2664 1093 2721 Unde
1154 2673 1211 2721 et
1267 2667 1724 2739 contemplatione
1792 2670 2075 2727 viduarum

480 2755 772 2824 aliquando
820 2755 1015 2813 oborta
1062 2757 1409 2813 contentione
1465 2757 1604 2829 (Act.
1652 2758 1765 2828 vr),
1817 2758 2076 2816 dixerunt

479 2860 587 2900 non
615 2861 738 2901 esse
782 2845 1004 2918 dignum
1030 2846 1397 2917 relinquentes
1436 2863 1496 2905 se
1539 2849 1767 2904 verbum
1789 2849 2071 2918 doctrinm,

478 2938 789 2995 ministrare
821 2938 1028 2994 mensis
1066 2938 1370 3005 viduarum,
1426 2940 1573 3011 quod
1623 2941 1889 2997 doctrinae
1939 2958 2077 3014 opus

478 3042 538 3083 se
599 3028 773 3100 magis
830 3029 1023 3087 decere
1087 3029 1496 3087 existimabant.
1554 3030 1755 3087 Volens
1795 3041 1975 3089 autem
2021 3041 2076 3089 et

480 3118 888 3188 Scripturarum
943 3119 1251 3174 testimonio
1292 3118 1584 3190 Apostolus
1623 3125 1977 3195 comprobare
2007 3125 2075 3181 de

2172 1933 2409 1988 ctionem
2450 1946 2572 1987 esse
2619 1931 2799 1987 dixit:
2837 1946 2940 1986 nec
2980 1929 3126 1987 enim
3161 1936 3285 1987 erat
3308 1926 3707 1985 necessarium
3735 1935 3799 1982 ut

2176 2023 2282 2079 hoc
2308 2023 2383 2078 ita
2415 2021 2594 2089 ﬁeret,
2623 2022 2728 2077 nisi
2757 2022 2829 2104 ob
2851 2022 3080 2078 aliorum
3124 2021 3279 2079 ﬁeret
3306 2019 3795 2087 emendationem,

2173 2118 2243 2175 de
2286 2117 2484 2189 quibus
2537 2116 2594 2172 in
2639 2115 2934 2189 Evangelio
2976 2115 3217 2187 legitur:
3250 2133 3270 2167 ι
3299 2113 3358 2169 Si
3387 2113 3797 2186 peccaveritin

2174 2218 2229 2264 te
2252 2208 2425 2264 frater
2453 2216 2600 2273 tuus,
2629 2207 2766 2265 vade
2786 2215 2844 2263 et
2870 2206 3085 2278 corripe
3108 2220 3235 2262 eum
3261 2204 3404 2261 intra
3428 2212 3483 2260 te
3514 2212 3575 2260 et
3598 2205 3797 2275 ipsum

2177 2299 2354 2355 solum
2392 2297 2611 2372 (Matth.
2644 2297 2825 2373 xvut).
2866 2316 2885 2350 ι
2929 2295 3142 2371 [Greg.]
3173 2294 3310 2351 Cum
3345 2308 3477 2351 vero
3513 2294 3796 2366 discipulo

2175 2388 2418 2445 dictante
2447 2404 2684 2460 peccans
2714 2409 2733 2442 ι
2769 2404 2955 2447 coram
2975 2387 3231 2445 omnibus
3277 2406 3297 2440 ι
3330 2388 3656 2461 arguendos
3684 2397 3793 2453 est,

2177 2481 2305 2551 quid
2352 2481 2471 2552 ipse
2496 2481 2756 2553 magister
2780 2480 3027 2536 veritatis
3055 2498 3074 2532 ι
3114 2480 3260 2536 intra
3282 2486 3338 2535 te
3381 2486 3438 2534 et
3480 2478 3678 2551 ipsum
3704 2494 3795 2537 so-

2178 2573 2311 2639 lum,
2357 2593 2377 2625 ι
2413 2573 2627 2631 locutus
2654 2574 2773 2630 est?
2808 2573 2960 2629 Hanc
3005 2574 3360 2644 qumstionem
3394 2572 3640 2629 celerius
3691 2575 3791 2630 ah—

2176 2662 2473 2732 solvemus,
2497 2664 2544 2720 si
2573 2664 2683 2719 vim
2707 2663 2981 2721 dictorum
3007 2664 3317 2737 diligentius
3342 2663 3795 2737 consideremus,

2177 2758 2254 2813 ibi
2286 2756 2425 2813 dixit
2472 2765 2784 2829 peccantes,
2815 2759 2911 2814 sed
2953 2773 3061 2815 non
3111 2758 3317 2814 addidit
3366 2758 3425 2814 in
3468 2774 3673 2835 quem,
3704 2765 3795 2822 hic

2177 2847 2333 2913 dixit,
2370 2867 2389 2899 ι
2424 2846 2470 2904 si
2496 2846 2807 2918 peccaverit
2840 2847 2897 2904 in
2930 2856 3003 2904 te.
3049 2866 3069 2900 ι
3106 2846 3166 2904 Si
3187 2862 3319 2927 ergo
3363 2853 3586 2910 occulte
3632 2854 3697 2911 in
3740 2863 3794 2911 te

2177 2937 2483 3008 peccaverit
2520 2934 2692 2993 frater
2716 2945 2862 3005 tuus,
2910 2946 2967 2995 et
3014 2938 3097 2994 vis
3150 2953 3339 2997 coram
3383 2944 3648 3000 omnibus
3698 2961 3791 3002 ar-

2178 3042 2375 3099 guere,
2422 3042 2531 3085 non
2576 3040 2636 3085 es
2690 3038 2989 3097 corrector,
3037 3028 3131 3085 sed
3180 3032 3453 3103 proditor,
3490 3047 3791 3104 peccantes

2178 3125 2364 3173 autem
2395 3117 2454 3173 in
2500 3117 2673 3174 Deum
2712 3136 2731 3170 ι
2781 3135 2967 3175 coram
3005 3120 3280 3189 omnibus,
3318 3144 3339 3176 ι
3374 3122 3491 3197 (hic
3518 3129 3787 3200 respires)

479 3204 817 3276 presbyteris
844 3204 939 3259 illa
966 3220 1088 3275 quae
1116 3205 1349 3272 dixerat,
1374 3222 1642 3276 asserens,
1670 3228 1689 3261 ι
1719 3211 1811 3280 qui
1839 3211 2077 3268 maxime
2104 3217 2150 3281 C
2179 3215 2240 3263 ut
2271 3206 2405 3263 illud
2448 3209 2700 3276 verbum,
2737 3229 2755 3262 ι
2797 3225 2999 3282 argue,
3036 3232 3056 3265 ι
3106 3213 3177 3271 ad
3220 3225 3544 3286 sequentem
3593 3234 3787 3276 vocem

491 3296 739 3350 laborant
778 3295 834 3349 in
873 3295 1150 3362 doctrina,
1181 3316 1201 3347 ι
1251 3297 1437 3369 adjicit
1474 3316 1489 3354 :
1530 3320 1549 3352 ι
1580 3299 1724 3356 Dicit
1748 3302 1894 3357 enim
1925 3300 2075 3358 Scri-

480 3395 666 3454 ptura:
690 3404 709 3437 ι
731 3385 850 3441 Νοιι
864 3385 1157 3443 iufrenabis
1167 3404 1228 3443 os
1242 3388 1364 3444 bovi
1380 3390 1674 3459 trituranti,
1696 3413 1715 3445 ι
1736 3402 1807 3459 et,
1832 3414 1850 3446 ι
1870 3394 2073 3465 Dignus

480 3483 569 3529 est
593 3476 873 3544 operarius
899 3476 1148 3532 mercede
1178 3494 1295 3533 sua.
1343 3499 1363 3532 ι
1406 3478 1487 3535 Ac
1528 3481 1574 3535 si
1615 3489 1802 3552 aperte
1825 3483 2070 3539 diceret:

480 3567 896 3625 Praedicatorem
937 3569 1089 3625 verbi
1143 3571 1212 3627 ab
1258 3573 1655 3643 stipendiorum
1684 3590 1906 3631 suorum
1949 3592 2074 3648 per-

484 3660 737 3732 ceptione
778 3678 885 3717 non
937 3664 1269 3734 prohibebis.
1322 3664 1526 3738 (στος.)
1580 3667 1695 3723 Hac
1740 3669 2073 3743 diligentiam

484 3753 663 3807 debite
704 3753 1049 3823 praebendam
1096 3754 1200 3810 illis
1254 3754 1461 3823 dicens,
1499 3757 1685 3829 adjicit
1711 3777 1724 3813 :
1751 3777 1769 3809 ι
1798 3757 2073 3818 Adversus

490 3860 509 3894 ι
545 3843 920 3915 presbyterum
954 3845 1353 3902 accusationem
1378 3847 1490 3902 noli
1516 3848 1783 3919 recipere,
1816 3850 1923 3908 nisi
1971 3852 2073 3909 sub

489 3955 508 3986 (
551 3937 760 3995 duobus
802 3947 898 3994 aut
948 3939 1123 3996 tribus
1169 3941 1419 3999 testibus.
1459 3962 1480 3997 ι
1513 3942 1743 4020 (Arnim)
1770 3948 1929 4005 Omni
1973 3949 2070 4005 de-

480 4028 773 4086 miratione
804 4029 998 4103 dignus
1035 4040 1122 4088 est
1162 4033 1471 4107 Apostolus,
1504 4039 1628 4108 quia
1674 4048 1731 4094 et
1763 4056 1928 4112 super
1966 4042 2073 4098 hoc

481 4121 697 4191 negotio
721 4121 983 4180 sollicitus
1002 4121 1123 4180 fuit.
1154 4124 1291 4182 Nam
1335 4137 1391 4184 et
1413 4129 1617 4185 dictum
1641 4130 1811 4187 fuerat
1840 4148 2068 4204 genera-

480 4209 649 4267 liter:
687 4232 709 4264 ι
742 4214 800 4268 ln
835 4230 931 4270 ore
965 4217 1193 4273 duorum
1216 4227 1273 4274 et
1308 4220 1471 4276 trium
1497 4223 1714 4277 testium
1744 4225 1912 4279 stabit
1949 4240 2068 4280 om-

484 4302 571 4356 nis
597 4316 779 4359 sermo
799 4303 885 4377 (ΙΙ
914 4302 1035 4360 Cor.
1068 4306 1202 4377 xv);
1246 4326 1267 4359 ι
1304 4308 1400 4362 sed
1436 4310 1541 4363 hoc
1566 4310 1623 4363 in
1648 4310 1767 4367 loco
1792 4315 2069 4370 contrario

495 4393 751 4451 abdicans
774 4396 1202 4461 accusationem,
1230 4397 1387 4463 dixit,
1426 4416 1445 4449 ι
1484 4397 1603 4455 Noli
1630 4401 1908 4472 suscipere
1963 4405 2068 4462 nisi

482 4499 665 4539 coram
705 4485 912 4541 duobus
941 4493 1034 4540 aut
1062 4485 1234 4541 tribus
1280 4488 1536 4557 testibus,
1579 4509 1598 4542 ι
1631 4505 1697 4547 eo
1729 4495 1871 4562 quod
1905 4511 2069 4568 super

2178 3297 2461 3371 adjungas.
2489 3298 2629 3357 Hinc
2652 3300 2855 3359 Paulus
2902 3306 2981 3361 ait
3007 3302 3161 3377 (Gal.
3200 3306 3275 3380 ιι)
3306 3327 3320 3362 :
3356 3327 3376 3361 ι
3412 3308 3555 3367 Cum
3598 3314 3786 3370 venis-

2177 3400 2259 3447 set
2308 3391 2502 3448 Petrus
2547 3392 2913 3465 Antiochiam,
2962 3398 3019 3453 in
3072 3398 3269 3457 faciem
3321 3400 3397 3457 illi
3452 3404 3675 3472 restiti,
3722 3420 3785 3461 eo

2176 3486 2320 3557 quod
2343 3501 2451 3541 non
2478 3494 2628 3544 recte
2666 3486 2943 3546 incederet
2990 3491 3060 3547 ad
3106 3491 3265 3547 ﬁdem
3310 3491 3633 3567 Evangelii;
3668 3517 3692 3549 ι
3730 3508 3779 3553 et

2175 3584 2298 3646 post
2334 3591 2540 3649 pauca:
2579 3597 2599 3632 ι
2632 3578 2756 3637 Dixi
2800 3580 2965 3638 Petro
2993 3597 3181 3639 coram
3224 3584 3505 3653 omnibus,
3555 3607 3577 3641 ι
3620 3604 3693 3647 ac
3732 3591 3777 3647 si

2178 3666 2445 3738 dixisset,
2487 3685 2553 3726 eo
2610 3673 2755 3742 quod
2818 3672 3219 3730 simulationem
3272 3691 3465 3735 coram
3524 3682 3776 3739 omnibus

2176 3762 2482 3830 habuisset,
2516 3784 2535 3817 ι
2572 3764 2631 3821 Si
2660 3773 2738 3832 tu,
2767 3766 2963 3838 inquit,
2988 3783 3115 3824 cum
3138 3769 3216 3825 sis
3242 3768 3465 3828 Judazus
3500 3776 3774 3845 gentiliter

2173 3863 2229 3911 et
2257 3871 2365 3911 non
2413 3854 2636 3912 Judaice
2684 3859 2845 3925 vivis,
2883 3861 3157 3930 quomodo
3180 3873 3369 3932 gentes
3416 3866 3577 3939 cogis
3598 3867 3771 3938 iudai-

2175 3948 2336 4003 zare?
2368 3968 2389 4002 ι
2420 3948 2611 4020 (Ibid.)
2636 3947 2857 4006 Occulta
2890 3967 3020 4024 ergo
3048 3964 3273 4023 peccata
3300 3968 3539 4027 possunt
3565 3962 3769 4019 occulte

2173 4041 2399 4112 corripi,
2426 4052 2481 4098 et
2505 4040 2777 4113 publicata
2815 4055 3042 4115 peccata
3073 4062 3257 4105 coram
3292 4050 3557 4108 omnibus
3580 4054 3767 4111 debuit

2172 4133 2361 4204 argui,
2394 4151 2415 4186 ι
2460 4142 2521 4189 ιιι
2547 4141 2601 4191 et
2638 4134 2825 4191 ueteri
2854 4135 3107 4194 timorem
3131 4139 3390 4209 habeant.
3429 4161 3452 4196 ι
3489 4142 3765 4217 Quidquid

2171 4234 2355 4282 autem
2378 4236 2621 4283 mentem
2648 4229 2819 4285 movit
2844 4229 3108 4299 aliorum,
3134 4248 3483 4306 nequaquam
3540 4240 3767 4297 reticen-

2172 4318 2300 4373 dum
2325 4358 2342 4385 ,
2400 4319 2496 4375 sed
2562 4336 2686 4377 cum
2753 4338 2951 4396 magna
3016 4325 3323 4385 humilitate
3377 4329 3765 4400 proferendum

2169 4416 2273 4507 est.
2333 4409 2538 4468 Deinde
2593 4412 2849 4471 omnibus
2895 4415 3004 4475 illis
3053 4417 3240 4476 dicens
3293 4419 3647 4493 terribiliter,
3674 4426 3763 4481 ad-

2162 4498 2286 4567 jicit
2317 4518 2332 4554 :

482 4578 694 4634 caeteris
738 4579 947 4634 interea
994 4591 1085 4633 res
1120 4577 1342 4649 patitur,
1387 4588 1449 4635 ut
1476 4588 1533 4637 et
1568 4580 1725 4637 aliter
1746 4584 1814 4641 de
1851 4589 2068 4659 negotio
2093 4574 2145 4635 D
2247 4613 2267 4647 ι
2313 4595 2599 4655 Testiﬁcor
2643 4615 2831 4657 coram
2874 4601 2987 4658 Deo
3008 4611 3065 4660 et
3089 4602 3309 4662 Christo
3335 4603 3468 4663 Iesu
3499 4616 3561 4664 et
3584 4609 3763 4666 οιοεής

475 4668 776 4737 jndicetur;
816 4669 919 4724 hoc
945 4682 1074 4725 vero
1110 4669 1169 4725 in
1212 4669 1331 4728 loco
1360 4688 1468 4729 non
1495 4674 1692 4732 debere
1725 4677 1800 4734 ita
1836 4676 1954 4735 fieri
1994 4680 2063 4737 ob

481 4761 616 4817 duas
648 4759 829 4831 posuit
861 4774 1070 4816 causas.
1115 4761 1233 4818 Una
1279 4766 1534 4834 quoniam
1585 4783 1814 4827 necesse
1833 4780 1918 4826 est
1940 4788 2064 4843 prev

481 4852 778 4921 sbyterum,
812 4857 873 4905 ut
900 4860 1024 4921 pote
1054 4868 1395 4913 communem
1421 4867 1654 4929 patrem,
1680 4869 1790 4921 tam
1823 4863 2063 4920 virorum

481 4958 646 5013 quam
692 4943 975 5001 mulierum
1015 4962 1203 5004 curam
1239 4951 1527 5021 adhibere,
1556 4969 1624 5010 eo
1662 4957 1805 5025 quod
1836 4966 1891 5012 et
1920 4959 2065 5013 simi-

478 5033 606 5088 liter
628 5032 905 5105 utriusque
924 5051 1086 5094 sexus
1100 5040 1515 5099 sollicitudinem
1535 5045 1765 5113 implens
1777 5049 2066 5107 indiscrete

481 5132 538 5180 et
564 5122 815 5180 mulieres
854 5127 1063 5199 cogitur
1090 5132 1272 5189 videre
1295 5142 1351 5188 et
1376 5134 1525 5204 loqui
1571 5150 1697 5191 cum
1744 5137 1872 5206 illis,
1901 5150 2063 5212 prout

482 5214 624 5271 ratio
635 5216 800 5287 exigit
812 5218 1026 5289 pietatis
1043 5238 1056 5275 :
1075 5223 1245 5279 altera
1268 5238 1399 5279 vero
1421 5239 1604 5293 causa,
1621 5243 1688 5283 eo
1705 5230 1849 5300 quod
1878 5232 2062 5290 multis

483 5317 540 5362 et
578 5308 744 5364 variis
779 5314 1150 5370 occasionibus
1170 5316 1398 5371 diversae
1422 5314 1845 5396 [accusationes]
1866 5333 2057 5380 contra

483 5419 578 5460 eos
605 5407 999 5465 exercebantur
1024 5423 1090 5464 ea
1121 5409 1334 5465 ratione
1380 5424 1487 5480 qua
1540 5412 1705 5471 iidem
1751 5416 2061 5488 presbyteri

483 5498 656 5553 coacti
669 5499 939 5557 interdum
966 5501 1246 5569 increpant
1265 5502 1525 5563 obnoxios
1542 5523 1642 5578 pro
1670 5510 1923 5569 admissis
1934 5527 2057 5583 pec-

483 5592 638 5661 catis,
670 5604 724 5649 et
748 5600 981 5667 arguunt
1027 5608 1120 5648 eos
1154 5608 1252 5665 pro
1292 5597 1489 5667 quibus
1536 5615 1643 5657 non
1684 5612 2058 5673 competenter

481 5692 669 5754 agunt.
684 5682 1416 5759 ProspexitcrgoApostolus,
1432 5691 1686 5760 quoniam
1702 5693 1858 5749 facile
1872 5695 2060 5748 adver-

481 5791 572 5829 sus
588 5773 1013 5861 presbytct'os‘ah
1038 5775 1339 5849 hujusmodi
1362 5781 1673 5839 hominibus
1688 5786 2058 5843 accusationes

2172 4708 2192 4742 ι
2235 4690 2439 4762 angelis
2483 4691 2619 4761 cjus,
2659 4701 2721 4749 ut
2776 4695 2893 4751 haec
2938 4698 3213 4755 custodias
3260 4698 3379 4756 sine
3421 4700 3760 4772 pratjuditio,

2172 4801 2191 4835 ι
2232 4783 2370 4841 nihil
2392 4784 2598 4842 faciens
2619 4787 2675 4843 in
2701 4787 2862 4845 aliam
2889 4798 3101 4859 partem
3122 4791 3505 4850 declinando.»
3535 4794 3758 4867 (Διιιτ.)

2167 4875 2389 4933 Scilicet
2413 4885 2476 4933 ut
2513 4893 2621 4935 non
2664 4878 2824 4936 facile
2851 4882 3311 4953 contemplatione
3341 4884 3456 4940 odii
3496 4886 3759 4942 adversus

2166 4966 2405 5038 aliquem
2445 4970 2798 5039 pronunties,
2842 4972 3159 5043 priusquam
3199 4988 3329 5030 vera
3364 4975 3588 5033 ratione
3629 4991 3755 5032 cou-

2170 5059 2446 5125 vincatur,
2474 5075 2650 5131 neque
2696 5064 3008 5120 econtrario
3047 5065 3511 5137 contemplatione
3556 5067 3753 5124 amico-

2168 5165 2289 5207 rum
2311 5150 2621 5221 aliquorum
2659 5153 2901 5215 occultos
2942 5165 3203 5226 peccata:
3230 5158 3337 5214 hoc
3378 5166 3571 5215 autem
3606 5158 3752 5225 didt,

2166 5241 2302 5296 nihil
2349 5242 2557 5301 faciens
2612 5259 2711 5315 per
2767 5245 3201 5305 declinationem.
3248 5247 3389 5305 Nam
3446 5249 3755 5322 hujusmoni

2166 5336 2489 5391 contestatio
2517 5336 2572 5391 in
2600 5336 2798 5393 talibus
2830 5339 3066 5410 negotiis
3111 5340 3412 5399 admodum
3434 5348 3525 5396 est
3568 5354 3754 5397 neces.

2165 5425 2266 5481 ria.
2321 5427 2527 5483 Deinde
2570 5428 2804 5487 vertitur
2834 5429 2905 5485 ad
2950 5447 3097 5497 eum,
3124 5431 3304 5491 dando
3340 5431 3397 5488 ci
3436 5431 3751 5495 consilium.

2164 5524 2222 5573 et
2247 5517 2364 5572 ait:
2403 5536 2423 5569 ι
2461 5517 2655 5585 Manus
2684 5520 2795 5577 cito
2823 5521 3027 5599 nemini
3074 5522 3421 5594 imposueris.
3459 5543 3479 5577 ι
3513 5521 3751 5580 Omnino

2163 5624 2274 5666 non
2322 5610 2480 5669 facile
2522 5611 2591 5667 ad
2634 5613 3034 5679 ordinationem
3076 5630 3401 5687 quemquam
3442 5616 3749 5687 producas.

2164 5698 2282 5754 sine
2318 5699 2551 5769 plurima
2595 5702 2910 5779 probatione
2942 5721 2955 5759 :
2996 5711 3054 5761 et
3082 5704 3293 5774 pondus
3322 5705 3499 5779 ipsius
3546 5700 3747 5776 negotii

2164 5805 2334 5871 grave
2349 5791 2675 5859 ostendens,
2718 5776 2939 5865 adjicit:
2976 5814 2994 5848 ι
3026 5793 3212 5867 Neque
3258 5776 3748 5857 communicarent

3958 5274 3983 5339 Ἴ

3948 5370 3977 5765 1
