3992 6338
229 431 348 490 625

706 424 1254 486 ENARRATIONUM
1291 426 1362 484 1N
1399 426 1548 484 EPP.
1588 425 1794 484 PAULI
1831 423 1960 482 LIB.
1986 425 2188 518 .XXIII.
2224 453 2298 470 --
2331 423 2402 481 IN
2437 423 2653 481 EPIST.
2693 427 2712 482 Ι
2751 425 2843 482 AD
2879 425 3017 482 ΤΙΜ.

3403 427 3508 484 626

237 563 260 598 ς
308 538 553 611 peccatis
582 537 791 594 alienis.
830 557 848 590 ι
882 536 965 604 Si,
993 539 1192 608 inquit,
1219 548 1294 605 te,
1323 548 1385 594 ut
1412 539 1686 604 convenit,
1706 554 1826 609 pro-
1851 550 1906 608 Α
1931 536 2136 608 (Greg.)
2166 537 2275 593 Nec
2302 537 2465 592 ullam
2491 553 2558 592 ex
2609 539 2695 594 his
2723 540 3070 596 necivitatem
3098 541 3506 605 sustinebimus,

226 635 425 698 bante,
469 630 559 686 ille
590 629 901 699 deliquerit,
932 645 1042 684 non
1069 640 1151 686 est
1181 641 1333 687 tuum
1360 631 1597 694 crimen;
1623 630 1669 683 si
1695 644 1826 684 vero

228 733 298 782 tu
321 720 484 780 facile
508 728 564 778 et
589 735 696 776 non
728 735 850 776 cum
877 729 1038 776 cauta
1080 723 1402 791 probatione
1429 721 1499 776 ad
1531 721 1827 775 ordinatio-

229 832 366 873 nem
394 813 672 887 producis,
688 813 958 884 particeps
976 811 1207 870 eﬁiceris
1228 815 1344 884 ejus
1357 813 1678 869 delictorum
1698 831 1711 866 :
1733 812 1825 868 ille

226 911 410 972 enim,
427 923 526 978 pro
545 905 1046 978 quibusfpeccavit]
1065 906 1212 975 justa
1231 909 1439 964 ratione
1461 907 1746 979 punietur;
1766 915 1826 961 tu

228 1017 370 1056 vero
382 1015 482 1071 pro
504 999 701 1070 quibus
725 1015 831 1055 non
853 1008 1010 1054 caute
1031 1000 1214 1071 egisti,
1235 1015 1336 1057 nec
1356 1002 1652 1072 perfectam
1679 1001 1826 1056 arbi-

231 1091 328 1146 trii
355 1091 478 1162 ejus
512 1089 773 1160 colligens
797 1087 1186 1159 probationem
1223 1092 1290 1148 ad
1319 1092 1679 1148 ministerium
1701 1106 1827 1146 eum

229 1182 566 1252 produxisti,
589 1190 646 1236 et
670 1179 846 1236 adhuc
871 1180 926 1234 in
951 1182 1202 1237 timorem
1229 1197 1354 1238 eum
1377 1184 1649 1254 redigens,
1681 1183 1823 1254 adji-

231 1274 350 1328 cit:
387 1292 407 1324 ‹
453 1271 532 1326 Te
579 1272 753 1341 ipsum
803 1271 1020 1326 custodi
1054 1283 1295 1340 castum,
1331 1292 1349 1325 ›
1397 1274 1590 1330 deinde
1637 1283 1694 1330 et
1737 1274 1828 1330 illa

231 1379 360 1433 quae
387 1363 452 1418 de
480 1378 546 1418 eo
571 1371 758 1426 erant,
792 1361 925 1417 dicit
953 1381 968 1415 :
1002 1383 1020 1415 ι
1056 1363 1177 1418 Noli
1198 1364 1374 1420 adhuc
1396 1381 1596 1436 aquam
1617 1365 1824 1432 bibere,

238 1473 258 1504 ε
309 1454 408 1510 sed
439 1453 567 1510 vino
600 1453 816 1508 modico
844 1461 1000 1509 utere
1026 1463 1248 1524 propter
1288 1457 1634 1512 stomachum
1669 1466 1828 1512 «tuum

237 1568 256 1600 ¢
297 1555 355 1601 et
407 1544 722 1616 frequentes
773 1553 896 1600 tuas
947 1544 1308 1602 inﬁrmitates.
1363 1567 1381 1600 ι
1439 1549 1673 1604 Evidens
1721 1558 1824 1616 est,

230 1636 496 1708 quoniam
545 1643 602 1690 et
634 1650 796 1705 super
844 1635 948 1691 hoc
1002 1635 1286 1691 consilium
1317 1637 1396 1692 illi
1437 1639 1551 1705 dat,
1590 1655 1656 1694 eo
1683 1641 1829 1709 quod

231 1729 395 1785 valde
441 1727 718 1782 inﬁrmum
771 1741 896 1782 eum
946 1743 1173 1797 corpore
1229 1744 1351 1784 esse
1399 1731 1762 1800 perspiciebat
1811 1750 1824 1786 :

231 1817 698 1886 contemplatione
760 1826 940 1872 autem
992 1820 1340 1875 continentiae
1391 1822 1570 1876 adhuc
1627 1838 1826 1893 aquam

1929 627 2055 682 licet
2081 627 2365 682 videantur
2403 625 2555 684 multi
2597 639 2749 684 actus
2777 631 2945 685 nostri
2976 647 3006 684 a
3039 631 3221 686 multis
3249 633 3506 702 ignorari.

1927 718 2127 774 Paulus
2169 735 2406 790 namque
2431 720 2720 791 Apostolus
2758 737 2882 790 cum
2905 723 3157 777 dilectum
3187 724 3508 794 discipulum

1927 810 1993 866 de
2022 807 2368 866 instituendis
2420 811 2660 870 ecclesia:
2684 811 2876 868 ofﬁciis
2902 813 3251 879 admoneret,
3281 829 3352 868 ne
3375 830 3511 883 quos

1926 900 2068 958 forte
2091 903 2159 956 ad
2185 918 2372 958 sacros
2395 903 2610 958 ordines
2633 904 2937 960 inordinate
2960 905 3300 975 proveheret,
3331 906 3468 960 dixit
3492 923 3506 958 :

1934 1014 1952 1046 ι
1993 995 2182 1051 Manus
2223 995 2333 1050 cito
2361 996 2566 1051 nemini
2600 996 2955 1066 imposueris,
2985 1012 3160 1066 neque
3203 997 3508 1052 communi-

1928 1087 2141 1143 caveris
2185 1087 2423 1156 peccatis
2450 1087 2659 1154 alienis,
2690 1096 2744 1141 te
2764 1089 2940 1159 ipsum
2966 1098 3176 1144 castum
3217 1087 3450 1152 custodi,
3486 1108 3504 1140 ι

1929 1179 2022 1251 qui
2069 1179 2138 1234 ad
2186 1179 2555 1235 inﬁrmitatem
2602 1180 2718 1251 ejus
2759 1182 3001 1250 corporis
3057 1182 3304 1251 protinus
3343 1182 3508 1236 verba

1929 1278 2272 1335 convertens,
2323 1270 2438 1324 ait:
2479 1287 2497 1321 ι
2545 1270 2663 1325 Noli
2705 1271 2883 1326 adhuc
2923 1287 3120 1342 aquam
3177 1271 3385 1336 bibere,
3418 1267 3512 1325 sed

1929 1360 2142 1416 modico
2189 1361 2315 1415 vino
2366 1370 2517 1416 utere
2571 1370 2792 1432 propter
2848 1365 3190 1418 stomachum
3245 1373 3395 1417 tuum
3458 1371 3513 1418 et

1927 1449 2238 1519 frequentes
2269 1459 2391 1505 tuas
2437 1451 2806 1517 inﬁrmitates,
2845 1471 2863 1501 ι
2895 1453 3186 1522 statimque
3215 1451 3510 1522 subjuugit,

1929 1540 2115 1597 dicens
2152 1559 2165 1594 :
2211 1561 2228 1592 (
2266 1541 2632 1608 Quorumdam
2667 1543 2946 1597 hominum
2974 1551 3196 1611 peccata
3226 1541 3513 1596 manifesta

1930 1642 2058 1689 sunt
2107 1634 2468 1703 praecedentia
2498 1635 2567 1688 ad
2589 1633 2874 1702 judicium,
2917 1635 3274 1705 quorumdam
3332 1644 3514 1688 autem

1929 1735 1986 1782 et
2021 1727 2439 1795 subsequuntur.
2477 1745 2494 1776 ι
2531 1726 2670 1793 Quid
2697 1741 2827 1797 ergo
2855 1727 2924 1781 ad
2953 1727 3086 1780 illud
3110 1727 3346 1794 pertinet
3371 1726 3514 1794 quod

1931 1819 2000 1872 ab
2051 1818 2266 1872 inﬁrmo
2313 1833 2508 1888 aquam
2537 1818 2646 1872 bibi
2671 1818 2942 1887 prohibuit
2993 1817 3094 1871 hoc
3135 1819 3279 1886 quod
3304 1819 3369 1870 de
3393 1831 3517 1886 pec—

230 1908 427 1962 bibere
445 1906 798 1977 persistebat;
833 1916 887 1961 et
911 1908 1037 1977 quia
1067 1907 1378 1978 frequenter
1406 1910 1636 1966 aliorum
1663 1925 1829 1968 causa
1854 1896 1905 1958 Β
1931 1910 2066 1965 catis
2088 1910 2417 1966 absconditis
2436 1911 2792 1980 quorumdam
2817 1911 3092 1965 hominum
3109 1909 3518 1979 manifestisque

232 1999 370 2053 talia
402 1999 633 2070 agimus,
672 2008 730 2054 ut
762 2015 830 2054 ne
850 2000 1131 2056 videamur
1151 2000 1522 2059 indiﬁ'erentes
1547 2018 1669 2059 esse
1701 2019 1832 2076 erga

232 2092 728 2158 conversationem,
760 2107 868 2146 non
919 2093 1228 2163 ignorantes
1275 2095 1530 2164 quoniam
1581 2096 1673 2151 illa
1712 2101 1834 2166 qua:

231 2185 304 2238 ad
361 2199 522 2238 usum
577 2184 736 2239 nobis
763 2183 848 2238 vel
891 2182 1031 2238 facta
1072 2193 1200 2240 sunt
1222 2187 1307 2241 vel
1350 2187 1587 2255 tributa,
1625 2204 1832 2259 nequa-

231 2291 403 2347 quam
433 2291 534 2331 nos
583 2276 856 2346 insumpta
879 2285 1136 2346 poterunt
1155 2292 1368 2332 nocere.
1406 2278 1610 2350 (Greg.)
1635 2280 1832 2336 Paulus

231 2384 475 2438 namque
521 2369 769 2440 egregius
817 2369 1136 2439 praedicator
1166 2369 1474 2442 Mitylenem
1519 2374 1742 2429 veniens
1777 2382 1834 2430 et

229 2461 457 2532 plenam
497 2459 801 2518 inﬁdelibus
847 2461 1076 2518 insulam
1122 2465 1338 2530 sciens,
1393 2474 1602 2535 patrem
1655 2466 1831 2523 Publii

234 2556 556 2626 dysenteria
611 2555 961 2626 febribusque
1019 2565 1274 2613 vexatum
1337 2561 1542 2616 orando
1604 2560 1834 2616 salvavit

233 2647 384 2716 (Act.
411 2647 621 2718 xxvm),
650 2653 706 2702 et
730 2655 906 2702 tamen
929 2657 1227 2720 aegrotante
1249 2649 1532 2706 Timotheo
1552 2650 1829 2720 praecepit,

234 2741 446 2796 dicens
485 2757 500 2794 :
551 2739 762 2796 Modico
819 2741 946 2796 vino
998 2749 1152 2798 utere
1215 2751 1437 2812 propter
1489 2743 1834 2798 stomachum

234 2840 401 2886 tuum
436 2838 491 2888 et
536 2829 843 2901 frequentes
887 2840 1008 2888 tuas
1065 2833 1428 2889 inﬁrmitates.
1485 2853 1504 2885 ι
1548 2834 1688 2901 Quid
1725 2843 1833 2900 est,

235 2923 434 2990 Paule,
462 2923 602 2994 quod
645 2931 907 2994 aegrotum
959 2923 1230 2980 inﬁdelem
1271 2925 1476 2980 orando
1501 2925 1568 2979 ad
1604 2925 1833 2980 salutem

235 3035 492 3085 revocas,
517 3028 571 3074 et
595 3028 803 3076 tantum
831 3019 1134 3090 adjutorem
1158 3020 1433 3092 Evangelii
1455 3035 1608 3076 more
1638 3019 1834 3076 medici

235 3128 342 3184 per
391 3112 646 3168 alimenta
695 3117 894 3168 curas?
944 3112 1048 3170 nisi
1082 3112 1225 3182 quod
1277 3113 1482 3169 idcirco
1523 3111 1658 3167 ﬁunt
1687 3120 1836 3167 exte-

239 3206 396 3260 riora
441 3204 729 3269 miracula,
762 3211 820 3258 ut
865 3214 1076 3260 mentes
1123 3202 1403 3258 hominum
1452 3201 1520 3256 ad
1573 3201 1832 3256 interiora

241 3295 624 3358 adducantur,
657 3301 922 3364 quatenus
967 3309 1064 3364 per
1112 3294 1214 3349 hoc
1261 3292 1404 3363 quod
1462 3293 1659 3347 mirum
1703 3291 1834 3347 visi—
1860 3284 1907 3348 C

240 3385 431 3441 biliter
451 3386 772 3451 ostenditur,
805 3401 870 3441 ea
924 3402 1044 3456 qua:
1077 3386 1482 3442 admirabiliora
1525 3395 1669 3451 sunt,
1694 3387 1837 3442 invi-

244 3475 429 3531 sibilia
454 3476 764 3532 credantur.
814 3477 979 3548 Signo
1008 3477 1205 3548 quippe
1229 3477 1448 3534 virtutis
1476 3487 1633 3547 pater
1663 3477 1838 3533 Publii

246 3566 529 3621 sanandus
558 3566 754 3633 fuerat,
803 3575 863 3621 ut
901 3575 1079 3622 mente
1109 3567 1478 3633 revivisceret,
1520 3569 1646 3622 dum
1673 3567 1840 3622 mira-

243 3657 374 3712 culo
399 3656 468 3710 ad
495 3656 721 3712 salutem
759 3656 959 3712 rediret
989 3671 1004 3710 :
1036 3657 1320 3712 Timotheo
1352 3665 1529 3711 autem
1576 3657 1838 3711 adhiben-

249 3749 386 3804 dum
423 3747 555 3802 foris
595 3748 916 3804 miraculum
943 3763 1050 3802 non
1079 3755 1220 3817 erat,
1248 3748 1377 3818 quia
1420 3745 1535 3814 jam
1565 3757 1707 3802 totus
1757 3747 1840 3801 in-

244 3850 339 3896 tus
365 3841 599 3895 vivebat.
633 3840 770 3907 Quid
794 3851 878 3895 est
900 3840 1064 3911 igitur
1097 3841 1315 3906 mirum,
1346 3839 1392 3894 si
1416 3848 1709 3910 propagata
1737 3838 1843 3893 ﬁde

248 3935 452 3989 crebro
479 3933 741 3989 miracula
763 3949 870 3988 non
898 3933 1056 3998 ﬁunt,
1086 3933 1302 4002 quando
1330 3933 1448 3987 haec
1471 3932 1573 4002 ipsi
1598 3930 1840 4002 Apostoli

245 4027 306 4080 in
369 4027 690 4096 quibusdam
741 4024 856 4096 jam
896 4025 1144 4082 ﬁdelibus
1191 4040 1300 4080 non
1363 4025 1645 4081 fecerunt?
1705 4025 1843 4082 bene

249 4115 464 4185 adjicit.

334 4224 356 4256 ι
405 4203 773 4272 Quorumdam
807 4206 1082 4262 hominum
1126 4214 1352 4278 peccata
1379 4206 1668 4262 manifesta
1717 4215 1846 4262 sunt

257 4316 276 4348 ι
324 4297 685 4366 praecedentia
718 4297 786 4352 ad
809 4298 1069 4369 judicium
1094 4313 1110 4352 :
1137 4297 1398 4369 quosdam
1423 4307 1605 4353 autem
1629 4306 1685 4354 et
1719 4299 1846 4354 sub-

259 4409 278 4441 ¢
329 4399 652 4459 sequuntur.
677 4389 938 4446 Similiter
966 4398 1022 4446 et
1042 4390 1183 4446 facta
1211 4391 1354 4446 bona
1381 4390 1668 4446 manifesta
1695 4400 1841 4454 sunt,

261 4500 282 4533 ι
332 4489 391 4535 et
420 4497 540 4552 qua:
585 4482 742 4538 aliter
769 4497 827 4538 se
860 4483 1092 4548 habent,
1121 4483 1375 4539 abscondi
1403 4499 1510 4538 non
1536 4490 1782 4554 possunt.
1819 4502 1838 4534 ι

252 4570 492 4642 (Ambr.)
538 4570 665 4626 Vult
701 4571 909 4636 dicere,
964 4573 1219 4642 quoniam
1264 4573 1695 4644 delinquentium
1743 4573 1844 4626 ho-

1932 2005 2246 2075 subjunxit?
2274 2006 2378 2060 nisi
2429 2006 2573 2075 quod
2613 2006 2863 2076 imposita
2917 2007 2984 2062 de
3034 2005 3150 2074 ejus
3205 2006 3518 2060 inﬁrmitate

1933 2098 2201 2153 sententia
2249 2099 2317 2153 ad
2375 2098 2479 2153 hoc
2523 2099 2578 2153 in
2624 2107 2868 2154 extremo
2898 2099 3058 2164 redit,
3101 2100 3241 2168 quod
3271 2098 3518 2167 superius

1933 2191 2070 2246 dixit
2113 2209 2126 2244 :
2181 2209 2199 2242 ι
2254 2190 2468 2245 Manum
2523 2191 2631 2244 cito
2685 2191 2887 2245 nemini
2946 2191 3295 2261 imposueris,
3346 2203 3520 2258 neque

1934 2283 2419 2338 communicaveris
2470 2283 2710 2353 peccatis
2760 2282 2971 2337 alienis.
3019 2302 3038 2335 ι
3076 2283 3148 2337 Ut
3196 2283 3340 2337 enim
3405 2282 3520 2336 haec

1933 2376 2124 2431 eadem
2163 2384 2428 2446 peccata,
2480 2363 2683 2446 quanta
2743 2377 3106 2432 sollicitudine
3159 2376 3519 2447 perquirenda

1933 2476 2159 2532 essent,
2226 2468 2572 2533 ostenderet,
2638 2469 2888 2538 imposita
2943 2478 3131 2523 contra
3191 2467 3522 2521 inﬁrmitatis

1933 2560 2236 2616 molestiam
2259 2561 2604 2618 discretionis
2627 2563 3015 2628 admonitione,
3045 2563 3294 2632 protinus
3320 2562 3520 2622 intulit,

1935 2652 2080 2720 quod
2131 2652 2185 2706 in
2236 2652 2358 2708 aliis
2381 2662 2750 2722 patescerent,
2790 2654 2846 2708 in
2875 2654 2996 2709 aliis
3025 2654 3274 2719 laterent,
3308 2654 3515 2715 dicens,

1942 2761 1960 2792 ι
1995 2742 2352 2810 quorumdam
2375 2743 2653 2797 hominum
2679 2750 2904 2812 peccata
2929 2743 3215 2798 manifesta
3241 2751 3367 2797 sunt
3390 2759 3523 2812 pra:-

1935 2831 2181 2887 cedenlia
2207 2834 2277 2886 ad
2309 2831 2608 2900 judicium,
2642 2835 3000 2902 quorumdam
3031 2843 3212 2888 autem
3243 2843 3299 2888 et
3343 2835 3526 2887 subse-

1937 2935 2209 2996 quuntur;
2249 2946 2267 2977 ι
2301 2928 2590 2998 sicutcrgo
2625 2943 2725 2998 per
2770 2929 2910 2984 hanc
2931 2931 3279 3015 .sententiam
3330 2929 3526 2983 Paulus

1940 3030 2048 3070 non
2093 3016 2295 3072 eisdem
2352 3019 2530 3072 verbis
2594 3020 2842 3090 congruit
2893 3020 3088 3089 quibus
3133 3019 3246 3088 jam
3301 3021 3527 3090 loquens

1940 3106 2006 3161 de
2036 3106 2310 3164 Timothei
2341 3109 2654 3164 inﬁrmitate
2679 3110 2982 3180 subjunxit,
3022 3118 3144 3180 post
3169 3111 3301 3175 hoc,
3343 3111 3529 3178 adjicit

1941 3197 2084 3252 etde
2107 3199 2298 3254 servis.

2547 3290 2775 3346 CAPUT
2832 3291 2914 3346 Vl.

1943 3404 2156 3460 Inducit
2178 3405 2469 3478 Apostolus
2502 3406 2768 3477 episcopos
2810 3407 2880 3461 ad
2925 3408 3217 3462 custodiam
3240 3423 3526 3478 pauperum

2010 3478 2068 3530 in
2095 3477 2303 3531 servitio
2327 3476 2682 3542 dominorum,
2711 3487 2865 3547 atque
2886 3479 3112 3544 inducit,
3135 3480 3204 3532 ad
3227 3476 3530 3533 sectandam

2014 3547 2381 3608 humilitatem,
2413 3548 2656 3616 pietatem
2689 3558 2738 3601 et
2767 3558 2984 3602 caeteras
3013 3550 3246 3604 virtutes.

2018 3677 2038 3711 ‹
2085 3658 2402 3729 Quicunque
2449 3668 2575 3714 sunt
2618 3659 2718 3716 sub
2744 3659 2873 3732 jugo
2898 3662 3079 3726 servi,
3130 3663 3380 3718 dominos
3404 3678 3534 3718 suos

1949 3773 1968 3806 ι
2013 3753 2162 3808 omni
2197 3753 2404 3807 honore
2455 3753 2647 3824 dignos
2693 3753 3045 3820 arbitrentur,
3079 3772 3146 3810 ne
3189 3771 3388 3811 nomen
3427 3756 3530 3810 Do-

1949 3863 1968 3896 ‹
2013 3844 2146 3898 mini
2174 3853 2230 3899 et
2257 3845 2502 3900 doctrina
2532 3845 2936 3914 blasphemetur
2972 3867 2990 3898 ι
3031 3847 3260 3918 (Ambr.)
3307 3848 3431 3903 Haec
3465 3849 3530 3903 de

1944 3935 2050 3990 illis
2070 3936 2279 4001 scribit,
2307 3936 2398 4005 qui
2429 3936 2673 3991 inﬁdeles
2695 3938 2898 3992 habent
2921 3938 3188 4002 dominos,
3213 3939 3530 4009 praecipiens

1944 4027 2042 4092 eis,
2078 4035 2140 4081 ut
2186 4019 2346 4081 omne
2397 4027 2717 4096 obsequium
2769 4028 2881 4082 suis
2945 4029 3220 4097 praebcant
3271 4030 3529 4094 dominis,

1945 4119 2072 4176 licet
2113 4121 2222 4176 sint
2267 4136 2296 4174 a
2333 4121 2535 4191 pietate
2559 4121 2742 4184 alieni.
2774 4131 2834 4177 ut
2875 4139 2982 4190 non
3025 4123 3152 4178 hinc
3195 4123 3532 4195 blasphemia

1945 4213 2232 4284 aliquando
2278 4221 2371 4267 aut
2423 4213 2748 4282 vituperium
2806 4215 3026 4284 pietatis
3074 4216 3334 4271 doctrinm
3384 4215 3532 4269 alliu-

1945 4313 2124 4374 gatur,
2155 4305 2594 4360 existimantibus
2643 4305 2766 4373 illis,
2821 4306 2964 4376 quod
3020 4308 3090 4362 ita
3142 4324 3235 4363 eos
3282 4309 3531 4363 institua-

1945 4413 2066 4454 mus
2100 4406 2160 4452 ut
2186 4407 2536 4453 contemnant
2570 4398 2819 4455 dominos
2848 4415 2994 4454 suos.
3044 4400 3310 4470 Quoniam
3351 4411 3531 4455 autem

1946 4490 2013 4545 de
2055 4489 2162 4544 illis
2213 4490 2384 4546 servis
2429 4491 2561 4545 dicit
2597 4493 2686 4561 qui
2731 4491 2978 4548 inﬁdeles
3017 4495 3268 4549 dominos
3308 4496 3531 4554 habent,

1948 4582 2170 4636 evidens
2216 4590 2321 4647 est,
2357 4592 2414 4636 et
2445 4598 2511 4637 ex
2558 4584 2753 4652 quibus
2803 4585 2978 4648 dixit,
3029 4604 3047 4634 ‹
3093 4593 3252 4652 utne
3287 4585 3532 4639 doctrina

255 4662 471 4715 minum
522 4669 578 4716 et
615 4677 722 4717 non
770 4673 917 4719 recte
958 4665 1254 4720 viventium
1307 4665 1502 4720 delicta
1554 4665 1842 4721 manifesta
1867 4664 1923 4725 D
1949 4673 2045 4728 Dei
2075 4673 2202 4728 hinc
2229 4672 2652 4743 blasphemetur.
2689 4695 2707 4725 ι
2742 4673 3078 4728 Manifestius
3114 4689 3242 4728 vero
3269 4675 3320 4728 id
3353 4683 3534 4729 osten-

252 4763 411 4818 sunt,
458 4767 580 4823 qua:
607 4756 946 4810 necessarias
971 4754 1076 4810 illis
1125 4755 1182 4809 in
1225 4755 1406 4812 futuro
1435 4756 1635 4812 szeculo
1657 4771 1849 4827 poenas

254 4854 394 4900 sunt
427 4846 728 4915 provisura,
774 4847 894 4902 licet
916 4848 962 4902 si
989 4857 1042 4903 et
1073 4847 1278 4903 faciant
1303 4847 1483 4918 aliqua
1505 4863 1624 4917 qua:
1651 4847 1850 4903 multos

257 4936 437 4992 latere
467 4946 734 5008 poterunt.
769 4936 863 4994 Sic
905 4948 960 4994 et
1003 4938 1070 4994 de
1100 4938 1205 4994 illis
1238 4939 1330 5007 qui
1357 4945 1508 4994 recte
1532 4939 1718 4994 vivere
1769 4938 1851 4992 in-

259 5031 564 5085 stituerunt
607 5031 840 5101 plurima
886 5031 1104 5102 quidem
1137 5031 1351 5086 illorum
1391 5030 1678 5086 manifesta
1718 5039 1849 5085 sunt

259 5123 609 5190 hominibus,
640 5133 767 5180 sunt
795 5126 961 5181 etiam
989 5134 1043 5180 et
1074 5125 1252 5196 aliqua
1299 5141 1419 5196 quae
1453 5125 1657 5180 lateant
1708 5125 1848 5180 mul-

262 5229 380 5283 tos,
411 5220 526 5274 haec
553 5219 698 5275 enim
726 5220 1015 5292 signiﬁcat,
1046 5219 1231 5276 dicens
1279 5219 1530 5276 similiter
1559 5227 1614 5274 et
1642 5233 1762 5288 quae
1791 5233 1850 5273 se

261 5311 430 5364 aliter
481 5311 720 5376 habent,
788 5327 889 5367 nec
941 5311 1084 5366 enim
1137 5320 1362 5380 possunt
1413 5311 1592 5366 omnia
1647 5311 1852 5366 incerta

259 5419 409 5459 esse.
468 5403 654 5473 Itaque
684 5418 784 5460 nec
826 5405 929 5460 hoc
959 5405 1328 5474 pertimescas,
1359 5419 1426 5460 ne
1477 5404 1692 5475 quando
1745 5420 1853 5459 non

262 5496 468 5550 bonam
514 5495 640 5552 hinc
688 5497 993 5566 opinionem
1048 5495 1322 5566 acquiras,
1370 5505 1423 5550 te
1474 5497 1650 5566 ipsum
1701 5511 1853 5565 aquae

262 5596 404 5658 potu
454 5588 798 5658 expendens;
847 5596 1001 5644 utere
1050 5603 1178 5643 vero
1205 5589 1399 5659 exiguo
1429 5589 1556 5643 vino
1594 5604 1694 5658 pro
1735 5587 1852 5658 ipsa

265 5678 606 5734 inﬁrmitatis
657 5680 1011 5745 necessitate,
1049 5680 1200 5734 valde
1251 5679 1428 5735 sciens
1483 5679 1739 5749 quoniam
1799 5685 1870 5762 et,

268 5769 366 5824 illa
414 5784 535 5838 qua:
571 5769 816 5825 homines
852 5769 1177 5838 conjiciunt,
1222 5771 1267 5826 si
1319 5780 1495 5825 tamen
1528 5779 1676 5825 recte
1707 5770 1854 5823 viva-

271 5875 422 5924 mus,
479 5860 616 5916 bona
673 5874 792 5918 esse
844 5861 1071 5931 plurima
1125 5879 1186 5916 ex
1238 5871 1388 5931 parte
1435 5863 1847 5932 prospicientur.

1953 4766 2102 4822 ditur
2128 4774 2184 4820 et
2210 4782 2276 4820 ex
2305 4766 2410 4821 illis
2439 4782 2558 4836 qua:
2598 4775 2916 4836 sequuntur,
2945 4765 3131 4833 adjicit
3167 4767 3332 4821 enim.
3377 4785 3396 4818 ι
3433 4768 3534 4834 Qui

1958 4875 1976 4908 ‹
2020 4862 2203 4910 autem
2250 4855 2435 4910 ﬁdeles
2487 4856 2688 4911 habent
2722 4856 2990 4920 dominos,
3025 4871 3133 4912 non
3165 4865 3534 4922 contemnant,

1958 4969 1975 4999 ι
2019 4950 2146 5020 quia
2171 4949 2369 5005 fratres
2397 4959 2542 5016 sunt,
2582 4951 2676 5005 sed
2701 4951 2875 5022 magis
2911 4952 3168 5018 serviant,
3194 4953 3321 5022 quia
3349 4953 3536 5009 ﬁdeles

1957 5060 1975 5091 ι
2021 5050 2148 5095 sunt
2173 5049 2227 5094 et
2255 5040 2456 5104 dilecti,
2487 5041 2978 5110 quibeneﬁciorum
3004 5051 3130 5098 sunt
3159 5045 3469 5114 participes.
3513 5067 3531 5098 ι

1954 5130 2187 5196 Justum,
2232 5133 2424 5201 inquit,
2454 5142 2558 5197 est,
2611 5142 2669 5189 ut
2709 5143 2764 5190 et
2810 5135 2910 5190 hos
2944 5153 3051 5192 non
3083 5140 3541 5211 contemplatione

1955 5226 2170 5296 pietatis
2194 5241 2321 5280 suos
2342 5235 2691 5282 contemnant
2718 5228 2995 5296 dominos,
3027 5232 3118 5300 qui
3144 5232 3372 5302 benigne
3414 5250 3539 5290 cum

1957 5317 2064 5371 illis
2115 5326 2312 5386 agunt,
2358 5317 2452 5372 sed
2513 5317 2682 5373 multo
2735 5320 2906 5390 magis
2937 5319 3133 5376 debent
3182 5323 3262 5376 eis
3310 5325 3537 5390 servire,

1959 5409 2114 5478 quasi
2145 5408 2413 5474 ﬁdelibus,
2441 5409 2534 5478 qui
2577 5418 2634 5464 et
2676 5410 2821 5481 diligi
2858 5419 3078 5481 prepter
3119 5413 3296 5481 ipsum
3343 5414 3540 5470 debent

1961 5499 2028 5552 ab
2078 5497 2177 5563 eis,
2209 5507 2264 5552 et
2309 5499 2397 5553 illa
2428 5499 2510 5552 vel
2539 5501 2773 5554 maxime
2826 5501 2892 5556 de
2933 5516 3116 5568 causa,
3148 5518 3254 5572 qua
3307 5503 3539 5573 benigne

1958 5589 2064 5644 illis
2089 5598 2330 5644 utuntur.
2358 5588 2470 5644 Hoc
2491 5591 2636 5644 enim
2656 5591 2807 5655 dicit,
2843 5611 2858 5640 α
2893 5592 2985 5660 qui
3012 5591 3393 5647 beneﬁciorum
3414 5603 3540 5648 sunt

1957 5679 2270 5750 participes,
2314 5699 2332 5731 ι
2381 5681 2484 5735 hoc
2507 5690 2611 5746 est,
2638 5683 2729 5750 qui
2785 5681 3062 5737 beneﬁciis
3115 5697 3208 5736 eos
3260 5682 3540 5738 sublevare

1954 5772 2710 5842 properantcontemplatione
2731 5773 2946 5842 pietatis
2960 5788 3122 5842 quam
3148 5783 3534 5842 exsequuntur.

1953 5865 2120 5935 igitur
2177 5863 2515 5920 dominorum
2569 5865 2873 5934 benignitas
2921 5879 3026 5919 non
3077 5864 3234 5918 debet
3278 5865 3417 5919 servi
3447 5881 3537 5918 oc-
