3992 6338
1102 388 1162 444 n.
1199 384 1454 443 uanam
1491 382 1716 442 unum
1738 377 2055 442 ARCHIIIP.
2096 378 2405 439 uocum.
2441 357 2726 438 omenti
2757 375 2938 435 rans
2970 376 3062 436 Ill.

469 503 622 562 casio
664 501 786 558 ﬂeri
839 510 1198 574 contemptura,
1253 504 1348 557 sed
1397 500 1568 572 magis
1605 514 1700 556 eos
1746 498 1802 554 in
1847 497 2040 556 ail'ectu
2066 502 2120 561 Α
2143 493 2306 555 male.
2336 492 2550 562 Optime
2587 489 2800 560 adlicit,
2844 489 3071 546 Discede
3111 488 3180 546 ab
3207 486 3500 580 ejusmodi.

471 594 720 665 ampliori
769 594 931 650 debet
974 596 1236 660 retinere,
1276 600 1334 648 et
1387 593 1581 648 iterum
1626 590 1829 661 adjicit.
1865 609 1885 644 ι
1915 589 2042 646 Haec
2143 599 2303 654 quam
2334 592 2516 638 autem
2549 583 2790 640 ostendit
2821 582 3142 654 pravitatem
3183 577 3487 646 hominum,
3524 586 3584 634 et
3631 577 3732 633 illa

473 685 608 739 doce
653 692 708 739 et
752 685 1000 748 obsecra,
1037 703 1056 737 ι
1091 700 1189 753 per
1213 683 1395 739 omnia
1425 683 1765 742 exsuscitans
1807 697 1955 748 eum,
1985 687 2046 734 ut
2143 691 2263 746 qum
2318 677 2598 732 inhoneste
2658 676 2726 732 ab
2787 675 2896 730 illis
2942 673 3266 740 efﬁciuntur,
3312 672 3615 729 sutileiebat
3669 679 3736 724 ut

475 789 598 832 cum
631 775 798 832 multa
828 776 1185 832 sollicitudine
1219 775 1286 831 de
1315 775 1566 830 omnibus
1609 775 1695 830 his
1743 775 2046 829 doctrinam

473 880 774 935 proponere
823 869 1177 938 deproperet;
1209 875 1265 921 et
1287 868 1541 936 quoniam
1570 866 1749 921 omnia
1781 865 2051 936 percurrit

475 971 595 1025 (luat
621 956 688 1010 a‘d
709 959 1104 1012 correctionem
1145 957 1396 1013 Ecclesia
1431 957 1482 1011 in
1536 971 1819 1012 commune
1862 969 2052 1010 conve-

474 1045 594 1100 nire
633 1046 1006 1114 existimabat,
1039 1048 1176 1103 sicut
1223 1046 1592 1116 scrupulosius
1631 1045 2052 1116 signiﬁcavimus

475 1136 529 1190 in
565 1135 668 1192 illis
711 1153 830 1206 qua:
870 1147 1028 1206 antea
1076 1139 1412 1208 interpretati
1463 1139 1682 1204 sumus;
1716 1148 2053 1196 memoratur

476 1225 673 1282 iterum
717 1227 866 1282 etde
894 1228 1000 1284 illis
1035 1229 1126 1298 qui
1161 1229 1434 1282 contraria
1479 1229 1694 1298 pietatis
1737 1229 1930 1283 docere
1959 1243 2054 1282 co-

476 1321 674 1368 nantur
717 1333 730 1368 τ
769 1316 899 1372 dicit
941 1317 1084 1376 enim
1129 1317 1197 1373 de
1240 1317 1344 1373 illis
1395 1319 1486 1387 qui
1529 1334 1597 1373 ex
1645 1318 2055 1374 circumcisione

475 1403 854 1470 crediderunt,
881 1408 972 1477 qui
1002 1409 1182 1463 omnia
1207 1423 1368 1477 agere
1412 1409 1794 1463 adnitebantur
1817 1408 2058 1466 volentes

475 1491 610 1561 legis
639 1495 936 1554 custodiam
964 1497 1208 1564 ﬁdelibus
1231 1499 1528 1568 imponere,
1559 1500 1626 1553 de
1653 1499 1848 1568 quibus
1891 1508 1948 1554 et
1997 1501 2053 1554 in

474 1583 742 1651 principio
788 1585 1040 1653 Epistolas
1093 1586 1322 1655 plurima
1352 1587 1582 1653 dixerat,
1607 1589 1797 1660 sicque
1830 1591 1899 1646 ad
1934 1605 2056 1645 ser-

475 1687 665 1732 mones
708 1678 1092 1742 correctionis,
1126 1694 1245 1746 quae
1291 1679 1344 1733 in
1375 1694 1658 1742 commune
1704 1682 2052 1748 conveniunt,

474 1775 752 1830 egressus,
813 1766 1009 1824 iterum
1059 1770 1124 1825 de
1177 1769 1284 1825 illis
1345 1770 1474 1840 ipsis
1508 1788 1628 1841 qum
1675 1775 1728 1828 in
1785 1775 2054 1844 principio

2146 777 2352 824 tantum
2399 768 2681 823 consilium
2727 767 2916 832 daret,
2965 766 3207 837 separari
3244 766 3312 822 ab
3365 765 3484 829 eis;
3522 762 3736 820 deinde

2147 861 2455 930 relinquens
2492 869 2687 922 caetera
2716 861 2784 914 ad
2815 859 2961 916 illam
2995 868 3204 930 partem
3256 858 3418 923 redit,
3443 866 3613 926 atque
3649 856 3734 909 in-

2147 949 2314 1015 sistit,
2359 967 2466 1021 qua
2514 950 2771 1021 pecunias
2804 947 3058 1019 colligere
3095 947 3508 1011 acoelerabant,
3559 948 3736 1016 inque

2148 1041 2250 1096 hac
2287 1051 2440 1111 parte
2467 1042 2551 1096 vel
2585 1043 2820 1097 maxime
2849 1057 3006 1097 suum
3035 1054 3340 1099 sermonem
3371 1041 3534 1095 latius
3557 1056 3738 1111 exag-

2150 1140 2319 1201 serat.
2347 1146 2412 1194 βο
2441 1132 2582 1202 quod
2621 1146 2721 1187 nec
2749 1131 2904 1187 facile
2933 1145 3092 1201 posse
3127 1131 3472 1186 existimabat
3497 1146 3596 1186 eos
3641 1131 3742 1183 de-

2151 1224 2358 1294 spicere
2383 1223 2660 1292 pecunias.
2690 1223 2884 1278 Sciens
2911 1239 3040 1279 vero
3063 1231 3118 1278 et
3141 1223 3272 1278 illud
3301 1224 3426 1294 quia
3453 1223 3744 1292 cupiditas

2150 1313 2460 1384 pecuniaria
2494 1313 2627 1379 nihil
2657 1328 2725 1369 ex
2751 1313 2856 1368 illis
2885 1327 3005 1382 qua:
3030 1313 3150 1368 ﬁeri
3184 1313 3508 1368 conveniunt
3551 1311 3750 1366 facere

2152 1403 2440 1473 permittit,
2487 1403 2772 1473 despectus
2817 1403 3018 1464 etenim
3063 1403 3409 1472 pecuniarius
3433 1401 3596 1456 facile
3649 1401 3750 1454 illa

2151 1492 2404 1563 expedire
2426 1491 2553 1547 facit
2575 1508 2695 1562 qua;
2724 1492 2945 1548 meliora
2977 1502 3123 1556 sunt,
3149 1495 3225 1548 ait
3253 1512 3266 1546 :
3305 1511 3324 1544 σ
3353 1493 3608 1559 Quaestus
3659 1499 3756 1544 est

2155 1599 2404 1655 magnus,
2433 1584 2608 1655 pietas
2643 1599 2765 1639 cum
2779 1583 3118 1639 suiiicientia.
3159 1603 3178 1634 ι
3213 1582 3459 1655 Magnum
3497 1582 3753 1645 lucrum,

2156 1689 2366 1746 magna
2404 1675 2620 1738 divitiae,
2655 1674 2917 1729 lucrativa
2969 1676 3257 1746 negotiatio
3289 1677 3460 1746 pietas
3511 1683 3624 1740 est,
3689 1679 3762 1727 ut

2157 1782 2286 1840 erga
2323 1782 2388 1823 ea
2423 1769 2638 1824 solliciti
2683 1770 2873 1836 simus,
2902 1771 3316 1827 necessitatibus
3353 1771 3552 1826 nostris
3590 1769 3760 1826 suﬁ-

475 1853 724 1919 dixerat,
752 1855 955 1912 dictum
985 1875 1262 1919 resumens
1295 1863 1349 1917 in
1380 1862 1485 1918 illis
1533 1863 1664 1931 ipsis
1689 1865 1852 1920 etiam
1889 1866 2051 1921 ﬁnem
2080 1857 2130 1920 Β
2153 1863 2376 1918 cientes.
2418 1861 2564 1918 Bene
2588 1876 2718 1917 vero
2747 1863 2954 1931 adjicit,
3001 1881 3021 1915 ε
3070 1865 3244 1934 pietas
3292 1880 3413 1920 cum
3459 1864 3760 1920 suﬁcien-

475 1945 781 2012 conclndit,
815 1957 1008 2012 cmtera
1057 1950 1111 2003 in
1145 1951 1323 2014 media
1363 1961 1516 2022 parte
1562 1954 1814 2024 Epistolas
1845 1957 2054 2027 interii-

476 2037 641 2092 ciens.
685 2055 704 2092 t
741 2037 800 2094 Si
824 2041 978 2109 quis,
1007 2041 1202 2112 inquit,
1233 2045 1388 2106 aliter
1416 2046 1571 2104 docet
1614 2057 1668 2103 et
1697 2063 1804 2103 non
1829 2050 2052 2120 acquie-

482 2146 500 2178 ι
538 2130 644 2184 SCii-
693 2133 1034 2200 sermonibus
1084 2135 1297 2197 Domini
1352 2139 1522 2194 nostri
1570 2138 1700 2196 Iesu
1745 2141 1969 2210 Christi,
1998 2150 2054 2199 et

484 2237 502 2271 ι
547 2220 596 2276 ei
623 2236 742 2290 quae
767 2225 1058 2291 secundum
1088 2227 1346 2296 pietatem
1373 2239 1458 2286 est
1481 2230 1761 2298 doctrinae,
1790 2235 2054 2305 superbus

484 2331 502 2364 ι
544 2321 707 2368 estet
735 2315 866 2380 nihil
897 2316 1092 2384 sciens.
1133 2317 1324 2382 iBene
1352 2319 1570 2380 elationi
1615 2323 1892 2392 conjunxit
1919 2325 2054 2381 nihil

479 2401 617 2455 scire
663 2422 676 2456 :
722 2403 884 2464 elatio
926 2421 1054 2474 vera
1094 2409 1300 2478 ratione
1350 2411 1549 2474 dicitur
1601 2412 1693 2470 illa
1741 2428 1893 2481 esse,
1933 2431 2056 2487 quae

480 2488 725 2550 homines
774 2512 963 2566 magna
1015 2513 1206 2567 sapere
1247 2500 1378 2566 facit
1413 2503 1480 2566 de
1525 2503 1630 2566 illis
1664 2519 1784 2575 qua:
1810 2507 1916 2564 sibi
1946 2489 2056 2564 neu

483 2588 696 2654 adsunt,
723 2597 777 2642 et
803 2591 1018 2660 quidem
1045 2594 1334 2658 maximum
1365 2604 1449 2652 est
1473 2595 1578 2658 illis
1599 2601 1965 2670 opprobrium,
1995 2611 2058 2666 ut

481 2681 614 2738 alios
641 2683 834 2738 docere
882 2686 1194 2758 promittant
1229 2703 1352 2750 eum
1393 2691 1494 2761 ipsi
1523 2693 1658 2748 nihil
1693 2694 1887 2749 sciant.
1921 2695 2055 2752 Nam

479 2781 531 2828 et
556 2773 623 2830 de
645 2773 745 2834 hoc
772 2778 889 2847 ipso
913 2780 1147 2840 derideri
1184 2782 1330 2852 digni
1358 2793 1502 2848 sunt,
1534 2785 1660 2840 dum
1691 2786 1830 2843 alios
1859 2788 2057 2844 docere

477 2867 855 2940 promittentes
882 2870 982 2940 ipsi
1023 2871 1158 2951 n_ihil
1185 2873 1376 2930 sciant.
1419 2874 1588 2947 llujus
1622 2892 1750 2934 vero
1797 2879 1875 2936 rei
1926 2895 2054 2951 pro-

480 2957 626 3012 batio
664 2974 731 3014 ex
776 2937 1200 3031 prazceilen‘ibus
1245 2937 1618 3036 apertius'est
1671 2937 1976 3038 manifesta,
2008 2973 2056 3028 si

477 3051 623 3106 enim
673 3067 780 3118 non
839 3054 1123 3120 intendunt
1177 3055 1252 3112 illi
1295 3058 1554 3116 doctrinae
1595 3077 1714 3130 quae
1760 3063 2054 3121 secundum

474 3147 730 3216 pietatem
777 3157 878 3214 est,
906 3149 1130 3204 evidens
1157 3159 1259 3216 est,
1288 3154 1544 3222 quoniam
1595 3157 1730 3212 nihil
1759 3159 1938 3214 sciunt
1987 3163 2054 3216 de

2153 1955 2250 2020 tia,
2310 1973 2328 2006 ι
2370 1954 2447 2009 ita
2485 1962 2546 2010 ut
2591 1964 2647 2010 et
2693 1957 3074 2013 necessitatem
3103 1974 3211 2014 non
3243 1959 3516 2014 videretur
3564 1960 3759 2014 inter-

2154 2045 2353 2116 cipere,
2393 2053 2447 2100 et
2494 2046 2788 2105 nimietatis
2839 2049 3076 2103 studium
3125 2049 3434 2116 excludere,
3481 2061 3538 2106 et
3581 2053 3756 2107 omni

2154 2149 2222 2190 ex
2247 2144 2401 2207 parte
2421 2136 2836 2194 sollicitudinem
2859 2140 3210 2210 pecuniarum
3245 2142 3501 2199 adimere.
3538 2164 3556 2196 ς
3587 2143 3756 2199 Nihil

2153 2229 2296 2283 enim
2343 2229 2620 2292 intulimus
2663 2231 2715 2286 in
2766 2233 2910 2287 hunc
2965 2235 3244 2300 mundum,
3301 2235 3441 2291 haud
3488 2237 3753 2303 dubium,

2156 2323 2284 2392 quia
2315 2337 2416 2380 nec
2445 2322 2660 2381 auferre
2697 2325 2826 2397 quid
2844 2341 3149 2398 possumus.
3183 2348 3202 2382 ι
3232 2328 3426 2384 Multus
3451 2345 3516 2386 ac
3547 2339 3758 2400 potens

2156 2429 2347 2472 sensus
2373 2417 2426 2471 in
2457 2419 2774 2487 compendio
2816 2421 3102 2476 verborum
3136 2421 3328 2476 horum
3366 2423 3644 2478 contineri
3668 2425 3759 2477 vi-

2157 2509 2314 2564 detur
2341 2523 2357 2563 :
2389 2509 2464 2564 illi
2493 2512 2636 2565 enim
2664 2511 2756 2580 qui
2779 2526 2907 2581 erga
2950 2514 3210 2584 pecunias
3248 2514 3478 2568 studium
3509 2515 3753 2580 habent,

2155 2614 2254 2672 pro
2281 2600 2387 2655 illis
2411 2602 2626 2670 quidem
2658 2619 2777 2673 quae
2798 2604 2996 2658 adsunt
3023 2605 3126 2659 sibi
3149 2604 3420 2670 laborant,
3443 2615 3503 2660 ut
3528 2621 3760 2677 perma-

2156 2706 2290 2746 nere
2315 2692 2525 2762 possint
2553 2700 2608 2746 et
2635 2693 2892 2754 custodiri
2917 2710 2932 2760 ;
2961 2709 3062 2764 pro
3083 2693 3188 2750 illis
3213 2710 3341 2748 vero
3359 2681 3477 2764 qua:
3509 2697 3758 2750 necdum

2159 2781 2380 2847 habent,
2404 2783 2858 2854 quemadmodum
2881 2786 3164 2855 acquirere
3187 2787 3414 2864 possint.
3441 2785 3763 2857 Utrumque

2157 2879 2408 2944 exclusit,
2465 2880 2540 2934 ita
2583 2889 2644 2934 ut
2686 2895 2786 2951 pro
2829 2880 2935 2936 illis
2963 2897 3082 2952 qua:
3127 2881 3229 2937 sibi
3273 2882 3468 2936 adsunt
3523 2882 3768 2936 minime

2157 2970 2397 3028 laborem
2429 2972 2753 3041 expendant.
2807 2971 2940 3028 Nam
2972 2975 3114 3044 quod
3138 2974 3295 3040 dixit,
3333 2992 3353 3025 ο
3390 2973 3528 3028 nihil
3553 2973 3756 3028 intuli-

2157 3078 2315 3130 mus,
2349 3083 2369 3116 ι
2404 3064 2496 3118 sed
2537 3062 2666 3118 nudi
2708 3063 2762 3118 in
2796 3063 2940 3124 hunc
2977 3066 3268 3130 mundum,
3304 3067 3358 3120 in
3403 3065 3550 3121 hanc
3578 3066 3761 3122 vitam

2163 3155 2430 3218 venimus,
2462 3155 2529 3210 de
2567 3153 2671 3210 illis
2699 3170 2820 3226 quae
2859 3156 3016 3212 nobis
3049 3158 3246 3212 adsunt
3270 3156 3510 3213 laborem
3544 3173 3766 3229 expen-

479 3241 587 3296 illis
622 3255 743 3310 quae
779 3242 920 3296 scire
957 3245 1282 3300 conveniunt
1360 3261 1488 3317 ergo
1517 3248 1678 3303 inane
1709 3251 1904 3305 docere
1926 3265 2055 3321 pro—
2081 3219 2128 3290 ϐ
2157 3245 2504 3319 dere[vetat],
2526 3245 2680 3316 quasi
2709 3219 3018 3317 depropriis
3037 3249 3390 3318 nostris,quae
3412 3219 3635 3319 quidem
3656 3265 3764 3306 nos

483 3334 731 3400 mittunt,
771 3335 860 3404 illa
890 3336 1200 3408 ignorantes
1222 3351 1342 3412 quae
1375 3340 1517 3410 scire
1545 3341 1890 3408 conveniunt.
1919 3342 2056 3408 min
2155 3339 2372 3408 quando
2402 3340 2454 3394 in
2491 3339 2632 3394 hanc
2679 3338 2847 3394 vitam
2884 3339 3219 3407 ingredimur
3242 3341 3572 3396 invenimus.
3603 3340 3754 3396 Nam

484 3438 621 3494 opus
655 3439 844 3486 eorum
871 3427 1124 3486 incusans
1152 3428 1373 3500 adjicit:
1415 3449 1436 3484 ι
1472 3433 1568 3488 sed
1607 3433 1869 3506 languens
1909 3437 2056 3492 circa
2155 3440 2212 3485 et
2235 3430 2475 3486 laborem
2499 3446 2598 3502 pro
2619 3431 2728 3487 illis
2759 3432 3064 3502 expendere
3087 3447 3284 3487 vanum
3307 3433 3602 3488 admodum
3628 3447 3762 3488 esse

484 3519 808 3587 quaestiones
854 3529 905 3576 et
949 3523 1237 3578 verborum
1283 3527 1430 3581 rixas
1457 3524 1754 3602 [pugnas]:
1793 3548 1811 3582 ι
1851 3531 1976 3601 quia
2003 3540 2057 3587 et

2158 3524 2413 3588 ostendit,
2447 3523 2632 3579 dicens
2655 3542 2667 3572 ξ
2693 3544 2712 3576 ι
2733 3525 2857 3594 quia
2881 3538 2980 3579 nec
3003 3523 3215 3580 auferre
3236 3526 3366 3596 quid
3388 3541 3710 3597 possumus.
3733 3546 3753 3576 ι

481 3608 771 3678 plurimum
809 3612 1091 3674 eveniebat
1117 3618 1556 3686 eosquastiones
1584 3633 1940 3687 commovere,
1966 3621 2054 3675 ina
2157 3629 2279 3685 quae
2302 3614 2447 3669 enim
2497 3624 2581 3670 est
2614 3615 2818 3670 utilitas
2857 3615 3095 3671 laborem
3125 3618 3456 3687 expendere,
3519 3619 3614 3673 ubi
3635 3620 3745 3674 etsi

484 3701 712 3768 ratione,
764 3717 869 3772 qua
905 3719 1004 3762 sua
1053 3713 1294 3763 statuere
1338 3708 1644 3778 cupiebant.
1681 3709 1826 3766 Bene
1875 3721 2056 3767 autem
2161 3703 2340 3759 omnia
2387 3705 2670 3776 acquirere
2726 3722 3034 3776 possumus,
3089 3709 3178 3763 hic
3207 3709 3295 3788 illa
3354 3710 3754 3794 relinquemus,

478 3794 659 3862 posuit
701 3793 1046 3864 languescere
1086 3812 1211 3864 eos,
1250 3799 1561 3876 languorem
1607 3801 1742 3857 dicit
1768 3802 2050 3875 cogitatio-
2160 3811 2283 3868 quae
2330 3800 2817 3870 congregavimus?
2864 3801 2993 3870 quid
3050 3817 3180 3872 ergo
3227 3803 3344 3859 ﬁeri
3389 3793 3575 3868 debet,
3618 3822 3755 3875 quo-

480 3901 604 3942 nem
646 3899 852 3954 eorum,
883 3901 948 3944 eo
985 3890 1129 3959 quod
1178 3891 1543 3962 relinquentes
1589 3893 1864 3964 pietatem,
1907 3910 2057 3967 qum-
2160 3888 2305 3942 niam
2334 3897 2387 3944 et
2435 3887 2561 3946 illud
2593 3892 2959 3947 necessarium
3008 3900 3109 3958 est,
3141 3901 3196 3948 et
3234 3894 3334 3950 hoc
3367 3895 3755 3966 superfluum?

485 3977 686 4042 stiones
735 3978 1172 4038 inconvenientes
1220 3982 1642 4051 evolvebantur;
1668 3994 1724 4041 et
1767 3987 2061 4043 ostendens
2169 3996 2188 4030 ε
2235 3977 2508 4036 ﬂammei!
2538 3990 2718 4037 amem
2750 3981 3025 4048 alimenta.
3057 3973 3112 4039 ei
3139 3986 3335 4064 Quibus
3369 3999 3638 4060 ιθετιπιυτς
3667 3990 3754 4044 his

483 4070 738 4138 quoniam
766 4079 820 4134 et
858 4071 962 4132 alia
991 4073 1158 4132 multa
1184 4074 1464 4132 inhonesta
1494 4075 1673 4132 studio
1700 4079 2058 4148 quaestionum
2162 4072 2409 4126 contenti
2445 4087 2648 4128 sumus.
2691 4093 2710 4126 ι
2745 4072 2952 4130 Suilicit
2978 4076 3067 4131 illa
3097 4079 3297 4133 habere
3348 4096 3472 4150 quze
3497 4081 3570 4135 ad
3595 4099 3753 4136 usum

485 4162 949 4228 adnascebamur,
978 4165 1163 4234 adjicit
1192 4184 1206 4234 ς
1249 4185 1268 4220 ι
1308 4167 1386 4222 Ex
1411 4168 1606 4237 quibus
1643 4169 1892 4226 οιιίυηιυι
1924 4171 2063 4232 invi-
2160 4161 2319 4218 nobis
2354 4172 2479 4218 sunt
2500 4167 2828 4233 necessaria,
2874 4167 2959 4224 his
2989 4169 3130 4224 enim
3162 4169 3404 4248 fruemur
3432 4171 3566 4228 solis
3600 4192 3614 4228 :
3641 4190 3753 4230 ae-

489 4271 508 4305 ι
553 4253 673 4318 ἀξίη,
706 4256 1109 4322 contentiones,
1133 4256 1500 4328 blasphemia,
1524 4261 1857 4332 suspiciones
1883 4265 2059 4331 malm,
2163 4260 2278 4308 tera
2321 4269 2454 4337 vero
2507 4256 2669 4311 etiam
2700 4259 2744 4312 Si
2787 4259 3058 4315 cumulata
3085 4261 3288 4318 fuerint
3334 4263 3455 4319 aliis
3491 4265 3755 4334 I‘E‘iiIIQIIl-

489 4362 509 4396 ι
549 4342 972 4416 conﬂictationes
1019 4339 1295 4405 hominum
1342 4360 1522 4407 mente
1569 4362 1972 4424 corruptorum,
2007 4363 2064 4412 et
2163 4361 2283 4402 mus
2308 4347 2360 4402 in
2389 4349 2610 4404 mundo.
2649 4350 2984 4408 «Habentes
3010 4361 3187 4408 autem
3233 4354 3487 4410 alimenta
3516 4369 3575 4412 et
3623 4373 3755 4428 ope-

489 4456 511 4492 r
550 4439 644 4510 qni
673 4440 902 4502 veritate
928 4440 1121 4510 privati
1156 4449 1310 4507 sunt,
1335 4443 1766 4511 existimantium
1791 4454 2057 4515 quastum

2163 4436 2392 4494 rimenta
2450 4439 2536 4495 bis
2589 4441 2826 4497 contenti
2874 4458 3080 4499 sumus.
3149 4462 3168 4495 ο
3232 4442 3602 4518 Operimenta,
3664 4447 3750 4502 in-

495 4548 514 4582 σ
559 4545 682 4588 esse
724 4529 999 4601 pietatem.
1048 4551 1068 4586 ι
1130 4529 1448 4590 Eiiiciuntur
1483 4533 1614 4589 hinc
1651 4534 1888 4601 invidiae,
1932 4551 2063 4592 uno-

2164 4533 2376 4603 quiens,
2433 4549 2540 4588 non
2597 4535 2942 4602 vestimenta,
2999 4545 3057 4591 ut
3109 4538 3161 4592 in
3193 4539 3514 4608 quibusdam
3570 4539 3754 4595 latinis

486 4580 1046 4690 quoquerinvidente
1128 4621 1202 4682 illi
1275 4623 1368 4692 qui
1428 4631 1606 4694 potest
1673 4580 1912 4695 qualibet
1976 4580 2557 4695 ra-n-Exemplaribus
2601 4642 2706 4682 non
2736 4629 2954 4699 proprie
2996 4580 3325 4696 contineiur,
3381 4631 3430 4684 id
3458 4639 3562 4695 cst,
3633 4647 3754 4702 qua:

488 4712 633 4768 tione
657 4713 714 4776 in
757 4714 1001 4776 doctrina
1027 4714 1226 4781 videri,
1264 4716 1396 4786 rixa:
1424 4717 1590 4774 etiam
1642 4716 1888 4786 plurimae
1933 4720 2062 4790 quia

488 4801 779 4870 loquuntur
833 4820 900 4862 ex
980 4807 1065 4868 his
1129 4821 1250 4877 quae
1316 4805 1460 4877 loqui
1523 4823 1631 4863 non
1691 4810 2020 4866 conveniunt
2045 4852 2060 4878 ,

489 4894 722 4958 maxime
767 4910 891 4962 cum
940 4906 996 4960 et
1030 4898 1106 4962 illi
1151 4899 1244 4968 (iiii
1293 4899 1448 4956 nobis
1493 4914 1601 4956 non
1647 4911 1772 4958 sunt
1819 4917 2064 4968 commu-

489 4998 586 5050 nes
627 4983 683 5060 in
727 4985 832 5050 iide
874 4987 1246 5058 blasphemant
1281 5004 1396 5051 nos.
1426 4999 1480 5047 et
1502 4989 1781 5061 inquirunt
1805 4992 2065 5049 adversus

491 5089 590 5148 nos
631 5090 824 5148 causas
869 5078 1040 5146 otiose
1086 5082 1399 5148 existentes,
1430 5082 1596 5154 ﬁtque
1636 5092 1692 5138 et
1729 5085 1831 5140 hoc
1877 5101 2068 5143 neces-

489 5168 636 5242 ἣβΐίο
687 5177 747 5240 Ili
800 5171 995 5240 malam
1052 5173 1285 5236 habeant
1339 5175 1408 5232 de
1463 5177 1618 5232 nobis
1667 5178 2061 5246 suspicionem,

492 5259 724 5332 maxime
769 5260 824 5328 bi
861 5261 954 5331 qui
998 5261 1102 5326 ﬁde
1149 5265 1303 5322 nobis
1345 5267 1516 5324 exteri
1572 5277 1730 5334 sunt,
1773 5269 1892 5326 illos
1935 5285 2066 5325 vero

477 5350 741 5432 diligunt,
784 5351 1038 5416 oblectati
1079 5356 1260 5418 verbis
1303 5371 1522 5425 eorum,
1575 5373 1711 5430 quos
1759 5369 1816 5415 et
1863 5361 2063 5416 imitari

491 5449 799 5514 properant,
831 5440 918 5510 illa
944 5451 1187 5514 agentes,
1209 5460 1330 5515 quae
1372 5449 1440 5508 ah
1467 5449 1570 5505 illis
1622 5451 1739 5506 ﬁeri
1787 5452 2064 5520 videntur,

497 5532 749 5598 homines
785 5534 1022 5603 corrupti
1079 5543 1260 5596 mente
1286 5575 1302 5600 ,
1347 5535 1509 5594 ullam
1563 5541 1809 5597 veritatis
1858 5543 2066 5598 haben-

493 5632 576 5692 tes
601 5621 976 5694 cupiditatem,
1001 5626 1094 5695 qui
1113 5634 1166 5682 et
1191 5628 1374 5682 omnia
1412 5627 1546 5686 lucri
1567 5645 1730 5686 causa
1763 5632 1943 5690 facere
1966 5634 2065 5689 ad-.

497 5718 762 5774 nituntur.
813 5717 1085 5790 Quaestum
1121 5720 1224 5778 sibi
1253 5721 1507 5791 pietatem
1544 5737 1664 5780 esse
1689 5725 2066 5791 existimantes

497 5808 860 5874 inhonestum,
889 5824 956 5876 ex
991 5826 1098 5879 quo
1129 5820 1185 5868 et
1242 5811 1346 5884 alia
1374 5811 1604 5882 plurima
1633 5816 2066 5882 adnascebantu:

2164 4733 2360 4788 cerpus
2393 4719 2639 4788 operiant
2687 4728 2917 4787 tantum,
2974 4738 3077 4777 non
3132 4738 3251 4792 qua:
3296 4713 3528 4778 amictus
3577 4723 3754 4793 gloria

2164 4807 2526 4864 blandiantur.
2561 4808 2900 4880 Superﬂuum
2941 4813 3083 4867 enim
3125 4822 3228 4878 cst,
3276 4813 3471 4883 inquit,
3529 4829 3634 4868 nos
3660 4817 3750 4884 qui

2166 4899 2298 4955 nihil
2329 4900 2608 4957 intulimus
2657 4901 2825 4958 multa
2857 4903 2995 4959 velle
3025 4907 3365 4976 conquirere,
3408 4915 3468 4962 ut
3506 4907 3640 4963 hinc
3673 4906 3748 4962 ef-

2166 4990 2422 5048 feramus.
2472 4993 2676 5050 Deinde
2707 4997 2999 5051 ostendens
3043 4999 3500 5067 quemadmodum
3555 5000 3751 5053 nociva

2167 5081 2239 5136 sit
2285 5081 2588 5152 huiusmodi
2649 5084 2951 5140 sollicitudo
3017 5087 3068 5140 ei
3124 5089 3213 5158 qui
3284 5089 3473 5159 pietati
3526 5091 3751 5144 studere

2166 5177 2331 5247 cupit,
2378 5178 2606 5248 adjicit,
2640 5196 2660 5230 ‹
2692 5178 2825 5233 Nam
2878 5181 2970 5250 qui
3008 5181 3193 5236 volunt
3238 5183 3434 5238 divites
3484 5183 3629 5246 ﬁeri.
3661 5185 3748 5238 in-

2173 5287 2192 5320 t
2238 5269 2422 5323 cidunt
2471 5269 2526 5324 in
2583 5272 2934 5328 tentationem
2990 5281 3046 5328 et
3105 5274 3355 5344 laqueum
3402 5275 3641 5340 diaboli,
3691 5287 3748 5330 et

2173 5375 2193 5410 t
2238 5357 2504 5415 desideria
2545 5361 2732 5425 multa,
2783 5363 3009 5430 inutilia,
3067 5373 3120 5418 et
3169 5355 3384 5432 nociva,
3431 5381 3552 5440 qua:
3605 5383 3748 5422 mer-

2172 5469 2193 5503 ι
2237 5461 2368 5521 gunt
2416 5451 2662 5510 homines
2718 5453 2771 5508 in
2835 5455 3114 5511 interitum
3174 5465 3229 5511 et
3295 5458 3676 5528 perditionem.
3721 5479 3739 5511 ι

2167 5543 2398 5602 Necesse
2428 5558 2511 5602 est
2539 5563 2659 5602 eum
2682 5549 2774 5619 qui
2803 5550 2952 5619 cupit
2989 5551 3202 5606 divitias
3228 5552 3531 5621 acquirere,
3563 5551 3748 5606 multis

2165 5635 2429 5706 implicari
2472 5631 2926 5705 tribulationibus,
2987 5641 3153 5695 multa
3182 5657 3304 5697 eum
3336 5645 3606 5698 sustinere
3647 5658 3739 5712 pe-

2165 5725 2354 5790 ricula,
2379 5735 2434 5782 ct
2466 5728 2532 5782 ad
2553 5727 2817 5795 desideria
2843 5743 3193 5799 prorumpere
3223 5731 3439 5796 nociva,
3468 5739 3523 5785 et
3553 5729 3739 5793 stulta,

2163 5833 2231 5874 ex
2280 5818 2478 5888 quibus
2537 5820 2772 5878 maxime
2829 5835 3028 5892 augere
3067 5821 3286 5888 solent,
3341 5830 3400 5877 et
3465 5823 3742 5880 abundare
