3992 6338
1853 286 1908 295 ,σι--

483 381 580 437 651

1122 381 1181 436 Β.
1225 382 1477 440 ῐὶΑΒΑΝΙ
1513 383 1733 442 ΜΑΗΒῙ
1774 383 2039 440 ARCHlEl

2144 383 2446 441 MOGUNT.
2487 385 2774 442 OPERUM
2811 387 2994 446 PARS
3032 390 3118 446 lll.

3649 399 3773 458 652

481 495 697 550 beatum
724 497 872 548 illum
898 504 1055 550 vocat
1074 497 1140 549 ad
1161 496 1629 552 conﬁrmationem
1657 497 1852 553 futurae
1879 499 2066 554 adver-
2093 499 2142 560 Α
2168 499 2367 569 qttippe
2397 500 2599 571 dispari
2643 503 2804 557 modo
2835 503 2982 558 videt
3023 505 3250 560 Creator
3289 521 3348 561 se
3369 547 3384 573 ,
3414 523 3584 578 quam
3613 512 3776 568 videt,

479 587 780 651 tihilitatis,
815 601 934 656 quae
981 587 1137 642 nobis
1180 588 1387 654 aderit,
1438 589 1564 658 quia
1609 589 1699 644 ille
1746 590 1868 646 talis
1897 593 2063 646 estin

479 688 673 734 natura
716 679 1106 734 beatitudinem
1138 680 1372 744 habens,
1407 697 1506 736 nec
1541 689 1721 735 autem
1765 682 1933 738 ullam
1970 699 2063 754 p0-

479 771 606 826 terit
654 770 920 826 sustinere
968 771 1392 826 vertibilitatem.
1435 771 1718 826 Potentem
1745 787 1876 828 vero
1903 773 2058 841 dixit,

477 879 601 917 eum
631 870 692 917 ut
715 879 878 918 nemo
894 864 1122 927 dubitet,
1145 864 1398 932 quoniam
1429 864 1882 919 resurrectionem
1907 865 2062 921 nobis

472 956 675 1025 poterit
712 957 984 1020 conferre,
1016 965 1071 1010 et
1099 957 1315 1026 quidem
1355 967 1410 1013 et
1450 958 1652 1030 Regem
1681 975 1804 1015 eum
1830 977 2060 1032 regnan-

472 1048 610 1102 tium
643 1055 698 1102 et
727 1047 1014 1102 Dominum
1046 1048 1440 1106 dominantium
1469 1051 1623 1117 dixit,
1657 1062 1717 1106 ut
1749 1055 2059 1110 ostenderet

471 1157 536 1194 cx
567 1142 688 1205 hoc,
714 1141 967 1210 quoniam
992 1155 1183 1197 omnes
1203 1141 1478 1214 subjugat,
1502 1154 1558 1199 et
1578 1154 1769 1214 potens
1789 1155 1873 1201 est
1892 1147 2058 1202 etiam

469 1230 744 1286 daemones
775 1230 1086 1302 subjugare,
1121 1242 1176 1288 et
1213 1243 1443 1290 mortem
1473 1236 1733 1300 adimere,
1779 1248 1833 1292 et
1875 1240 2056 1293 omnia

467 1322 561 1377 illa
589 1323 934 1394 intercipere,
971 1342 1091 1396 quae
1132 1341 1231 1410 nos
1263 1328 1331 1382 ad
1363 1343 1602 1397 praesens
1641 1311 1901 1401 atlligunt.
1934 1333 2056 1388 Ideo

466 1423 523 1468 et
575 1415 746 1470 solum
798 1417 934 1470 dixit
989 1418 1190 1473 habere
1243 1419 1748 1487 immortalitatem,
1797 1437 1862 1478 eo
1912 1426 2055 1494 quod

465 1505 736 1562 sulliciens
788 1508 944 1563 nobis
988 1508 1059 1562 sit
1110 1511 1215 1565 hoc
1270 1521 1532 1580 praestare
1569 1515 1712 1583 quod
1750 1515 1866 1584 ipse
1908 1518 2055 1572 solus

461 1598 704 1666 possidet
747 1598 803 1655 in
851 1609 1067 1666 natura,
1112 1616 1142 1655 a
1179 1601 1326 1657 nullo
1356 1603 1462 1658 alio
1489 1617 1798 1672 assecutus,
1831 1615 1888 1663 et
1911 1611 2054 1679 quod

465 1690 646 1744 dixit:
686 1710 704 1742 ι
741 1691 951 1747 Lumen
988 1694 1238 1750 habitans
1266 1696 1639 1754 inaccessibile
1665 1741 1680 1766 ,
1716 1720 1734 1752 ι
1766 1695 2053 1758 conﬁrma-

461 1783 663 1837 tionem
707 1783 904 1850 habet,
955 1787 1099 1856 quod
1149 1788 1413 1844 immenso
1458 1791 1692 1860 quodam
1747 1793 1947 1850 lumine
1998 1803 2055 1851 ct

2165 602 2414 647 creatura
2437 602 2760 649 creatorem.
2785 593 2919 650 Nam
2940 606 3202 666 quantum
3221 599 3292 654 ad
3311 599 3770 668 immensitatem,

2165 683 2259 738 Dei
2305 683 2523 753 quidam
2573 687 2732 741 nobis
2774 687 2966 742 modus
3006 687 3192 760 ﬁgitur
3237 691 3768 762 contemplationis,

2163 773 2292 843 quia
2319 789 2386 828 eo
2415 774 2530 844 ipso
2555 775 2797 844 pondere
2826 776 3346 843 circumseribimur,
3370 797 3479 852 quo
3497 794 3774 840 creatura

2164 880 2394 920 sumus:
2430 867 2507 921 sic
2547 868 2796 937 profecto
2845 884 2952 924 non
3002 869 3076 925 ita
3125 873 3490 943 conspicimus
3535 860 3726 932 Deutn
3751 918 3770 942 ,

2161 954 2302 1010 sicut
2333 956 2444 1026 ipse
2468 957 2733 1028 conspicit
2763 973 2839 1025 se,
2873 961 3014 1015 sicut
3039 977 3146 1017 non
3168 964 3246 1018 ita
3271 967 3674 1036 requiescimus
3709 970 3773 1024 in

2161 1047 2294 1114 Deo,
2322 1049 2774 1117 quemadmodum
2805 1053 2918 1120 ipse
2941 1053 3232 1124 requiescit
3265 1055 3318 1109 in
3347 1072 3424 1111 se.
3451 1057 3591 1114 Nam
3611 1061 3775 1116 visio

2160 1150 2348 1195 nostra
2389 1141 2474 1196 vel
2499 1147 2716 1214 requies
2743 1145 2851 1198 erit
2893 1155 3168 1216 utcunque
3215 1148 3409 1206 similis
3439 1151 3632 1206 visioni
3674 1152 3777 1206 vel

2160 1233 2366 1302 requiei
2385 1233 2549 1300 illius,
2577 1236 2670 1289 sed
2693 1237 2915 1306 aequalis
2935 1253 3040 1292 non
3063 1239 3186 1293 erit.
3210 1239 3289 1294 Ne
3311 1241 3452 1296 enim
3465 1241 3776 1310 jaceamus

2161 1321 2214 1374 in
2244 1321 2424 1387 nobis,
2455 1331 2516 1376 ut
2545 1324 2618 1377 ita
2644 1323 2821 1378 dicam
2844 1366 2858 1389 ,
2907 1327 3382 1397 contemplationis
3411 1346 3608 1404 .penna
3655 1349 3778 1389 nos

2159 1415 2423 1480 sublevat,
2447 1425 2611 1486 atque
2633 1433 2664 1471 a
2687 1418 2842 1473 nobis
2862 1419 2931 1474 ad
2953 1419 3103 1473 illum
3125 1421 3387 1492 erigimur
3405 1425 3772 1492 intuendum,

2158 1511 2407 1580 raptique
2446 1511 2747 1567 intentione
2789 1512 2989 1578 cordis,
3015 1522 3069 1568 et
3095 1514 3382 1572 dulcedine
3415 1521 3778 1590 contempla-

2158 1601 2324 1655 tionis
2366 1599 2549 1671 aliquo
2588 1603 2748 1657 modo
2789 1619 2822 1656 a
2869 1603 3024 1658 nobis
3053 1605 3194 1660 imus
3224 1607 3276 1660 in
3306 1608 3478 1677 ipsum
3506 1627 3521 1663 :
3555 1621 3610 1664 et
3629 1609 3771 1679 jam

2160 1690 2263 1746 hoc
2285 1691 2459 1760 ipsum
2489 1693 2570 1748 ire
2591 1701 2838 1748 nostrum
2861 1696 3040 1750 minus
3067 1703 3149 1751 est
3178 1700 3554 1768 requiescam;
3584 1712 3642 1757 et
3675 1713 3775 1758 ta-

2155 1799 2279 1839 men
2305 1785 2383 1839 sic
2409 1785 2490 1840 ire
2508 1786 2750 1855 perfecte
2773 1789 3118 1858 requiescere
3139 1801 3241 1846 est.
3267 1792 3334 1848 Et
3357 1794 3598 1862 perfecta
3613 1811 3773 1868 ergo

457 1875 824 1931 inaccessibili
859 1879 1149 1947 persistat,
1173 1882 1263 1951 qui
1292 1882 1458 1936 etiam
1484 1899 1614 1939 vera
1643 1885 1852 1941 ratione
1872 1887 2039 1958 justo-

2155 1877 2371 1944 requies
2399 1886 2503 1944 est,
2532 1880 2660 1949 quia
2687 1883 2831 1936 Deus
2859 1885 3122 1949 cernitur,
3153 1895 3210 1940 et
3261 1896 3436 1943 tamen
3476 1894 3768 1961 aequanda

460 1983 580 2021 rum
623 1983 855 2038 corpora
900 1969 1103 2025 lumine
1139 1972 1303 2028 faciet
1352 1973 1645 2040 illustrari;
1693 1976 1787 2031 sed
1822 1985 1876 2032 et
1922 1977 2051 2032 illud

459 2061 596 2116 dixit
645 2079 658 2115 :
713 2082 732 2114 ι
767 2063 941 2130 Quem
984 2065 1130 2120 videt
1184 2065 1462 2120 hominum
1514 2081 1674 2121 nemo
1717 2082 1817 2122 nec
1867 2069 2052 2124 videre

453 2161 663 2222 potest,
699 2175 717 2206 ι
753 2165 815 2210 ut
865 2155 1116 2212 ostendat
1175 2157 1431 2227 quoniam
1487 2157 1634 2212 nulla
1693 2159 2050 2216 demiratione

453 2245 676 2322 dignum
724 2257 841 2314 est,
871 2248 915 2302 si
962 2248 1086 2314 illa,
1114 2264 1235 2320 quae
1279 2259 1409 2306 tunc
1449 2265 1580 2320 erga
1623 2267 1722 2306 nos
1765 2262 1942 2317 erunt,
1978 2253 2048 2308 ad

451 2352 693 2406 prmsens
723 2355 831 2393 non
860 2341 1147 2396 videantur
1177 2360 1189 2394 :
1222 2343 1489 2412 siquidem
1518 2350 1574 2396 et
1601 2343 1736 2413 ipse,
1768 2344 1859 2414 qui
1893 2346 2048 2400 nobis

452 2428 900 2500 ista‘collaturus
955 2441 1068 2498 est,
1123 2433 1408 2488 invisibilis
1459 2435 1616 2488 nobis
1670 2435 1899 2490 exsistat
1948 2452 2048 2506 per

451 2531 725 2587 naturam,
755 2523 942 2592 sicque
971 2539 1127 2579 suum
1165 2540 1470 2580 sermonem
1512 2527 1816 2582 futurorum
1847 2527 2048 2583 contir-

449 2614 691 2667 matione
716 2615 866 2670 visus
899 2625 982 2670 est
1011 2631 1440 2683 consummasse,
1482 2625 1542 2672 ut
1585 2619 2046 2689 magis-suaderet

449 2705 738 2762 Timotheo
786 2707 1070 2779 invigilare
1113 2709 1180 2764 de
1223 2709 1308 2764 his
1361 2725 1481 2779 quae
1517 2709 1618 2764 sibi
1657 2719 1785 2766 sunt
1814 2713 2038 2782 scripta.

447 2795 653 2869 (Greg.)
686 2799 1000 2854 Videbimus
1027 2800 1191 2872 igitur
1219 2801 1414 2866 Deum,
1439 2801 1725 2872 ipsumque
1766 2803 1870 2856 erit
1904 2818 2043 2872 pra:-

443 2891 616 2945 mium
665 2891 866 2947 laboris
925 2892 1142 2958 nostri,
1194 2901 1254 2946 ut
1299 2900 1422 2962 post
1472 2892 1822 2948 mortalitatis
1879 2893 2041 2962 hujus

452 2985 706 3040 tenebras
733 3027 747 3052 ,
800 3001 1020 3042 accessa
1066 2987 1183 3058 ejus
1231 2987 1349 3042 luce
1395 2987 1748 3058 gaudeamus.
1778 2985 1884 3042 Sed
1915 3005 2038 3044 cum

444 3079 560 3148 ejus
601 3079 776 3135 lucem
826 3081 1060 3136 dicimus
1098 3094 1400 3146 accessam,
1428 3081 1648 3137 obsistit
1683 3082 1864 3136 animo
1894 3081 2037 3151 quod

441 3170 646 3225 Paulus
672 3171 844 3226 dicit:
890 3191 908 3222 ‹
944 3171 1046 3238 Qui
1099 3172 1274 3227 lucem
1320 3172 1530 3226 habitat
1575 3173 2034 3239 inaccessibilem,

443 3277 607 3332 quem
635 3263 771 3318 vidit
795 3263 972 3318 nullus
1001 3263 1301 3328 hominum,
1333 3265 1428 3318 sed
1451 3280 1550 3319 nec
1573 3265 1758 3320 videre
1787 3273 1984 3335 potest.
2009 3286 2029 3318 ι

441 3354 584 3408 Ecce
611 3369 826 3408 rursum
872 3355 1054 3419 audio,
1083 3355 1226 3425 quod
1263 3354 1551 3409 Psalmista
1575 3354 1650 3408 ait
1679 3369 1694 3408 :
1727 3373 1745 3404 ι
1779 3355 2036 3410 Accedite

442 3445 511 3500 ad
548 3460 674 3499 eum
719 3453 774 3499 et
821 3444 1203 3500 illuminamini
1245 3443 1420 3516 (Psal.
1451 3443 1670 3516 xxxiii).
1703 3464 1722 3496 ι
1753 3444 2036 3512 Quomodo

442 3552 573 3607 ergo
615 3538 922 3594 accedendo
966 3538 1356 3604 illuminamur,
1405 3539 1450 3594 si
1497 3539 1669 3608 ipsam
1708 3537 1883 3593 lucem
1927 3553 2034 3608 qua

444 3630 740 3684 illuminari
787 3645 1106 3700 possumus,
1152 3647 1261 3687 non
1305 3631 1588 3686 videmus?
1615 3629 1673 3686 Si
1713 3646 1843 3686 vero
1880 3646 2036 3687 acce-

441 3722 618 3776 dendo
646 3723 712 3776 ad
743 3737 889 3787 eum,
920 3721 1093 3792 ipsam
1117 3738 1224 3792 qua
1259 3722 1629 3778 illuminamur
1671 3722 1844 3778 lucem
1887 3723 2035 3780 vide-

443 3829 588 3880 mus,
612 3814 882 3898 quomodo
903 3815 1298 3870 inaccessibilis
1322 3830 1442 3870 esse
1465 3814 1816 3886 perhibetur?
1842 3831 1948 3886 qua
1975 3816 2034 3872 in

439 3923 499 3962 re
528 3907 869 3977 pensandum
914 3916 1020 3973 est,
1072 3909 1212 3977 quod
1257 3906 1689 3964 inaccessibilem
1731 3907 1896 3973 dixit,
1939 3908 2034 3964 sed

440 4001 588 4055 omni
615 4001 818 4055 homini
849 4001 1084 4054 humana
1099 4001 1348 4070 sapienti.
1371 3998 1654 4068 Scriptura
1665 3999 1863 4070 quippe
1875 4014 2034 4055 sacra

439 4107 630 4148 omnes
679 4093 978 4147 carnalium
1044 4101 1344 4147 sectatores
1398 4091 1755 4146 humanitatis
1813 4090 2036 4146 nomine

438 4192 633 4238 notare
653 4183 808 4238 solet.
835 4181 987 4236 Unde
1007 4183 1149 4236 idem
1171 4181 1460 4251 Apostolus
1481 4180 1802 4250 quibusdam
1827 4180 2034 4236 discor-

437 4275 694 4329 dantibus
723 4273 856 4328 dicit
879 4272 931 4342 (I
958 4271 1080 4326 Cor.
1113 4272 1197 4345 ιιι)
1224 4290 1238 4326 :
1268 4293 1286 4325 ι
1321 4272 1457 4328 Cum
1491 4274 1637 4329 enim
1669 4273 1743 4328 sit
1766 4273 1909 4329 inter
1936 4289 2033 4330 vos

439 4366 588 4421 zelus
607 4373 663 4420 et
683 4364 982 4429 contentio,
1009 4379 1188 4418 nonne
1213 4363 1460 4419 carnales
1479 4364 1630 4428 estis,
1652 4372 1708 4418 et
1734 4365 2031 4418 secundum

438 4457 713 4512 hominem
763 4455 1086 4511 ambulatis?
1123 4474 1143 4507 ι
1180 4454 1388 4522 Quibus
1415 4453 1577 4525 paulo
1604 4463 1728 4524 post
1753 4453 1982 4524 subjecit
2014 4471 2026 4508 :

443 4567 462 4600 ι
501 4548 696 4604 Nonne
711 4548 962 4604 homines
989 4547 1160 4602 estis?
1185 4566 1202 4598 ι
1229 4553 1284 4600 et
1310 4546 1453 4602 unde
1489 4545 1624 4600 alias
1655 4545 2028 4600 testimonium

437 4640 661 4710 protulit
685 4659 698 4693 :
723 4640 866 4710 quod
903 4659 922 4691 ‹
959 4639 1149 4695 oculus
1174 4653 1280 4694 non
1309 4639 1464 4705 vidit,
1498 4653 1598 4693 nec
1624 4640 1773 4693 auris
1801 4639 2026 4703 audivit,

439 4747 539 4787 nec
590 4733 644 4787 in
688 4748 784 4788 cor
815 4733 1049 4789 hominis
1079 4733 1324 4788 ascendit
1355 4747 1474 4801 quae
1521 4732 1851 4802 prmparavit
1881 4731 2027 4788 Deus

441 4824 788 4895 diligentibus
809 4825 902 4880 se?
924 4825 1058 4896 (Ita.
1079 4841 1223 4890 txiv,
1245 4823 1273 4878 1
1299 4821 1422 4878 Cor.
1441 4824 1524 4895 ιι),
1551 4845 1569 4876 ι
1589 4832 1787 4879 etcum
1810 4825 1914 4880 hoc
1934 4826 2027 4881 ho-

441 4915 678 4970 minibus
705 4916 928 4970 dixisset
951 4917 1492 4982 absconditum,mox
1520 4915 1785 4971 subdidit:
1810 4935 1830 4967 ‹
1859 4915 2025 4974 Nobis

441 5015 624 5063 autem
651 5007 913 5061 revelavit
940 5007 1082 5062 Deus
1105 5025 1202 5079 per
1221 5009 1470 5079 spiritum
1497 5023 1654 5062 suum
1681 5025 1695 5061 :
1720 5028 1739 5060 ι
1767 5008 1941 5078 ipsum
1965 5023 2024 5064 se

441 5101 510 5156 ab
531 5099 772 5153 hominis
790 5101 1074 5154 vocatione
1097 5101 1430 5165 discernens,
1449 5100 1541 5168 qui
1556 5109 1741 5170 raptus
1752 5115 1914 5170 supra
1928 5100 2026 5156 ho—

444 5195 636 5258 mines,
661 5194 841 5247 divina
859 5191 973 5260 jam
1003 5203 1216 5263 saperet
1247 5209 1261 5247 :
1295 5195 1368 5248 ita
1395 5194 1560 5248 etiam
1593 5193 1695 5247 hoc
1729 5192 1865 5256 loco,
1901 5208 2025 5248 cum

443 5287 615 5340 lucem
633 5283 735 5337 Dei
770 5284 1195 5339 inaccessibilem
1240 5286 1580 5354 perhiberet,
1625 5291 1686 5338 ut
1714 5284 2024 5340 ostenderet

440 5377 660 5446 quibus,
675 5375 958 5436 subdidit,«
979 5389 1140 5444 quem
1157 5376 1289 5430 vidit
1304 5376 1482 5431 nullus
1495 5376 1792 5440 hominum,
1813 5376 1905 5430 sed
1921 5390 2022 5432 nec

439 5466 626 5521 videre
651 5473 846 5536 potest,
877 5487 895 5516 ι
925 5481 1076 5521 more
1100 5481 1198 5520 suo
1219 5465 1464 5521 homines
1488 5481 1690 5522 vocans
1712 5483 1902 5523 omnes
1922 5469 2019 5522 hu-

442 5573 600 5612 mana
620 5558 913 5627 sapientes,
928 5557 1020 5626 qui
1045 5555 1222 5610 divina
1241 5556 1453 5624 sapiunt
1471 5557 1721 5612 videlicet
1737 5573 1898 5628 supra
1923 5558 2020 5612 ho-

443 5651 616 5704 mines
638 5657 783 5704 sunt.
819 5648 1130 5702 Videbimus
1159 5648 1324 5718 igitur
1352 5647 1516 5704 Deum
1545 5649 1590 5704 si
1619 5663 1718 5718 per
1746 5649 2018 5704 caelestem

443 5744 908 5800 conversationem
938 5756 1099 5811 supra
1124 5741 1372 5796 homines
1396 5754 1516 5795 esse
1540 5755 1848 5795 mercamur
1873 5758 1884 5791 :
1918 5753 2018 5793 nec

449 5846 628 5891 tamen
653 5837 724 5892 ita
751 5837 1075 5898 videbimus,
1100 5837 1238 5890 sicut
1263 5836 1409 5890 videt
1434 5835 1547 5904 ipse
1570 5835 1836 5903 seipsum;
1860 5833 2018 5901 longe

2153 1981 2262 2021 non
2285 1975 2370 2022 est
2389 1970 2596 2039 requiei
2620 1971 2782 2038 illius,
2813 1976 2939 2042 quia
2963 1991 3068 2030 non
3097 1991 3129 2030 a
3158 1993 3217 2033 se
3240 1978 3294 2032 in
3317 1979 3479 2034 alium
3501 1984 3766 2049 transiit,

2152 2066 2212 2111 ut
2241 2060 2504 2128 quiescat.
2537 2062 2634 2118 Est
2659 2064 2846 2134 itaque
2875 2068 3112 2138 requies,
3139 2077 3200 2124 ut
3229 2070 3304 2124 ita
3325 2071 3520 2137 dicam,
3549 2074 3770 2130 similis

2151 2157 2315 2219 atque
2353 2151 2655 2220 dissimilis,
2705 2156 2832 2225 quia
2867 2159 3011 2226 quod
3050 2159 3197 2215 illius
3239 2162 3454 2230 requies
3483 2174 3602 2228 est,
3643 2166 3768 2222 hoc

2149 2250 2334 2297 nostra
2382 2243 2646 2300 imitatur.
2689 2245 2934 2317 Namque
2973 2257 3032 2303 ut
3073 2251 3263 2305 aeterni
3291 2261 3347 2305 et
3395 2252 3538 2307 beati
3574 2255 3765 2312 simus

2151 2333 2204 2388 in
2231 2342 2520 2400 aeternum,
2556 2337 2832 2394 imitamur
2857 2349 3147 2408 aeternum,
3171 2351 3226 2397 et
3253 2359 3446 2415 magna
3471 2347 3632 2402 nobis
3666 2359 3766 2404 est

2147 2425 2444 2500 aeternitas,
2478 2428 2711 2482 imitatio
2737 2431 3090 2499 aeternitatis,
3120 2449 3222 2490 nec
3266 2449 3513 2492 exsortes
3555 2455 3764 2496 sumus

2145 2511 2287 2586 ejus,
2317 2531 2477 2585 quem
2510 2518 2713 2574 imitari
2742 2536 3048 2590 possumus,
3079 2524 3206 2593 quia
3230 2535 3287 2579 et
3306 2525 3553 2582 videntes
3580 2531 3760 2598 parti-

2145 2607 2406 2676 cipamur,
2427 2617 2481 2662 et
2503 2610 2892 2680 participantes
2912 2613 3211 2668 imitamur.
3239 2614 3367 2681 Quae
3388 2617 3647 2672 nimirum
3673 2621 3760 2674 vi-

2145 2699 2227 2754 sio
2253 2715 2396 2754 nunc
2425 2700 2529 2756 ﬁde
2549 2702 2860 2770 inchoatur,
2889 2707 2983 2761 sed
3005 2715 3135 2761 tunc
3157 2708 3212 2763 in
3235 2709 3415 2778 specie
3435 2711 3754 2780 perﬁcitur,

2143 2792 2360 2861 quando
2373 2801 2696 2849 coaaternam
2713 2794 2808 2851 Dei
2825 2797 3167 2866 sapientiam,
3184 2815 3347 2870 quam
3363 2802 3521 2856 modo
3531 2818 3634 2872 per
3647 2821 3756 2861 ora

2141 2882 2558 2951 praedicantium
2578 2925 2593 2949 ,
2631 2887 2788 2956 quasi
2814 2902 2912 2958 per
2943 2889 3284 2946 decurrentia
3311 2891 3529 2948 ﬂumina
3569 2899 3754 2952 sumi-

2141 2990 2287 3040 mus,
2304 2975 2356 3030 in
2373 2977 2492 3048 ipso
2505 2995 2603 3034 suo
2622 2978 2775 3036 fonte
2787 2981 3104 3038 hiberimus.
3123 2984 3350 3056 (Αηιὺν.)
3366 2987 3571 3056 Adjicit
3587 3005 3748 3056 vero,

2138 3077 2194 3123 et
2219 3069 2287 3124 de
2333 3071 2614 3138 divitibus,
2651 3075 2988 3145 perSpiciens
3026 3078 3286 3147 quoniam
3319 3081 3422 3138 hoc
3458 3082 3510 3136 in
3564 3084 3752 3141 media

2138 3169 2297 3231 parte
2325 3161 2579 3232 Epistolaa
2620 3165 2801 3221 dicere
2822 3168 3264 3237 praetermiserat,
3303 3171 3396 3226 ubi
3429 3173 3497 3227 de
3524 3176 3748 3230 caeteris

2141 3251 2514 3324 disputaverat
2539 3259 2607 3310 ad
2631 3270 2780 3323 eum,
2809 3270 2862 3312 et
2887 3259 2999 3313 ait:

2219 3363 2238 3394 ι
2271 3344 2536 3401 Divitibus
2576 3348 2632 3402 in
2680 3349 2781 3404 hoc
2820 3351 3018 3406 saeculo
3047 3353 3281 3423 prtecipe
3311 3369 3420 3410 non
3444 3355 3619 3411 altum
3648 3373 3746 3414 sa-

2147 3456 2165 3488 t
2210 3453 2359 3508 pere.
2405 3459 2424 3491 ι
2453 3439 2601 3495 Bene
2645 3441 2803 3506 dixit,
2848 3442 2904 3497 in
2953 3443 3056 3499 hoc
3101 3445 3320 3513 saeculo,
3375 3454 3435 3500 ut
3485 3449 3748 3506 ostendat

2140 3531 2287 3601 ipsas
2307 3530 2525 3586 divitias
2548 3534 2874 3603 temporales
2893 3549 3032 3600 esse,
3054 3551 3154 3606 pro
3177 3536 3373 3606 quibus
3392 3536 3478 3592 vel
3500 3540 3748 3597 maxime

2139 3638 2248 3677 non
2293 3623 2652 3678 conveniebat
2677 3631 2734 3678 ut
2761 3625 2871 3678 alta
2911 3633 3181 3694 saperent.
3217 3644 3234 3677 ι
3274 3625 3462 3697 Neque
3510 3643 3743 3699 sperare

2145 3735 2162 3768 ι
2185 3715 2240 3769 in
2265 3715 2474 3769 incerto
2496 3715 2846 3771 divitiarum?
2875 3736 2893 3768 ι
2920 3717 2988 3771 Ει
3011 3717 3113 3772 hoc
3139 3717 3345 3786 adjicit,
3388 3727 3448 3772 tit
3477 3722 3734 3776 ostendat

2139 3808 2396 3878 quoniam
2448 3822 2623 3878 neque
2673 3809 2730 3863 in
2773 3809 2877 3864 hoc
2915 3809 3110 3865 saeculo
3152 3809 3354 3864 divitiae
3397 3826 3429 3864 a
3477 3811 3743 3869 divitibus

2139 3910 2297 3958 caute
2320 3911 2598 3969 tenentur,
2635 3924 2654 3956 ‹
2691 3903 2798 3961 Sed
2823 3905 2878 3959 in
2902 3903 3013 3960 Deo
3041 3905 3183 3971 vivo,
3208 3906 3300 3974 qui
3329 3913 3558 3976 praestat
3580 3906 3739 3961 nobis

2143 4014 2162 4046 ι
2190 3996 2373 4051 omnia
2428 3998 2705 4053 abundare
2750 3997 2818 4052 ad
2868 3997 3176 4052 fruendum.
3223 4017 3240 4049 ι
3278 3997 3495 4068 Optime
3538 4007 3737 4054 contra

2135 4089 2317 4160 posuit
2357 4090 2423 4143 de
2470 4090 2674 4144 divitiis
2717 4090 3104 4161 temporalibus
3139 4089 3283 4144 illam
3316 4081 3731 4156 abundantiam,

2137 4195 2257 4250 qua:
2292 4197 2324 4235 a
2359 4181 2474 4237 Deo
2514 4182 2670 4236 nobis
2701 4181 2882 4236 datur.
2930 4181 3064 4248 Quis
3103 4181 3248 4236 enim
3281 4181 3363 4236 sic
3393 4182 3596 4236 stultus
3625 4190 3732 4247 est,

2138 4281 2197 4324 ut
2235 4271 2448 4327 dubitet
2483 4273 2612 4342 quin
2658 4272 2852 4328 melius
2896 4272 2967 4326 sit
3008 4272 3064 4325 in
3103 4271 3274 4326 Deum
3307 4285 3527 4342 sperare
3565 4288 3732 4342 quam

2138 4365 2191 4418 in
2233 4363 2476 4418 divitiis?
2524 4364 2676 4420 Unde
2719 4374 2774 4419 et
2820 4365 3037 4435 adjecit,
3078 4384 3097 4417 ι
3131 4365 3338 4429 vivum,
3374 4384 3391 4415 ι
3441 4373 3500 4419 ιιι
3552 4365 3731 4436 magis

2137 4453 2268 4508 illud
2290 4462 2604 4524 exaggeret.
2629 4453 2976 4524 Comparavit
3001 4455 3145 4510 enim
3173 4471 3294 4510 cum
3316 4455 3409 4510 Dei
3442 4456 3730 4524 sempiter-

2136 4548 2307 4602 nitate
2330 4545 2641 4602 divitiarum
2674 4565 2830 4603 usum
2858 4549 3233 4618 temporalem,
3267 4559 3321 4605 et
3353 4550 3529 4619 ipsum
3567 4566 3727 4605 usum

2134 4639 2272 4694 dixit
2321 4654 2443 4694 esse
2490 4639 2775 4694 incertum.
2817 4640 2886 4695 Et
2923 4641 3065 4711 quod
3110 4641 3248 4696 dixit
3284 4661 3301 4693 ‹
3337 4641 3520 4697 omnia
3569 4643 3727 4698 nobis

2134 4731 2348 4787 abunde
2374 4732 2600 4801 praebet,
2629 4752 2648 4784 ι
2685 4749 2873 4788 verum
2914 4741 3018 4801 est,
3059 4733 3128 4788 ab
3164 4735 3256 4789 illo
3281 4735 3402 4791 loco
3430 4751 3538 4807 quo
3567 4752 3727 4806 supe-

2133 4819 2248 4874 rius
2296 4818 2539 4884 dixerat,
2594 4818 2816 4874 evidens
2863 4828 2948 4874 est
2995 4821 3252 4890 quoniam
3305 4821 3562 4877 omnibus
3609 4823 3726 4892 ejus

2131 4909 2397 4975 fruimur;
2437 4918 2490 4965 et
2533 4920 2592 4964 ut
2631 4913 2940 4967 ostenderet
2977 4914 3105 4982 quia
3150 4921 3366 4983 oportet
3411 4915 3591 4985 magis
3643 4914 3723 4967 in-

2131 5002 2275 5057 tueri
2313 5003 2507 5068 Deum,
2547 5017 2578 5055 a
2623 5017 2731 5072 quo
2776 5010 2830 5056 et
2871 5004 3137 5058 bonorum
3174 5003 3416 5058 omnium
3455 5004 3723 5059 habemus

2130 5091 2472 5160 fruitionem,
2515 5095 2876 5164 despicientcs
2920 5096 3039 5150 illas
3086 5111 3248 5166 Opes,
3297 5111 3418 5166 quae
3462 5096 3623 5152 nobis
3663 5097 3716 5150 in

2127 5187 2381 5257 przesenti
2422 5187 2637 5252 adsunt,
2666 5187 2920 5242 convenit
2953 5203 3082 5242 vero
3111 5202 3211 5242 nos
3245 5202 3462 5258 semper
3503 5188 3710 5257 gratias

2127 5294 2289 5349 agere
2332 5280 2478 5345 Deo,
2530 5280 2622 5350 qui
2663 5281 2902 5335 omnium
2934 5321 2950 5346 ,
2999 5297 3118 5350 quin
3157 5280 3416 5350 potimnr,
3449 5280 3714 5334 bonorum

2125 5379 2316 5426 auctor
2361 5381 2418 5426 et
2467 5370 2700 5426 donator
2747 5387 2867 5426 esse
2920 5371 3152 5426 videtur.
3203 5371 3404 5426 Deinde
3459 5379 3516 5424 et
3571 5369 3713 5440 quod

2125 5461 2496 5516 necessarium
2527 5469 2648 5516 erat
2686 5471 2812 5532 post
2860 5463 2964 5516 hoc
3014 5461 3196 5517 facere
3245 5461 3365 5516 illos
3423 5461 3707 5522 instruxit,

2123 5551 2309 5607 dicens
2345 5568 2360 5606 :
2401 5569 2418 5604 ι
2455 5550 2664 5606 Βοηιιιιι
2699 5567 2834 5622 opus
2865 5551 3046 5608 facere
3070 5552 3263 5606 divites
3293 5566 3414 5606 esse
3447 5552 3502 5605 in
3529 5552 3712 5621 operi-

2129 5662 2146 5694 ‹
2193 5644 2295 5698 bus
2338 5644 2526 5709 bonis,
2582 5643 2742 5699 facile
2793 5645 3030 5699 tribuere
3056 5686 3071 5710 ,
3113 5644 3522 5699 communicare
3562 5663 3582 5695 ι
3625 5643 3714 5714 (et

2121 5737 2266 5807 quod
2294 5735 2400 5790 erit
2428 5752 2495 5791 ex
2527 5737 2629 5791 hoc
2660 5736 2904 5791 lucrum?
2948 5735 3179 5807 dicito),
3217 5754 3236 5786 ι
3275 5735 3712 5790 thesaurizantes

2127 5850 2144 5881 ι
2190 5829 2290 5886 sibi
2337 5829 2464 5898 ipsis
2507 5829 2912 5884 fundamentum
2941 5829 3140 5885 bonum
3171 5829 3224 5882 in
3253 5827 3436 5881 futuro
3459 5871 3476 5896 ,
3516 5834 3578 5880 ut
3613 5841 3709 5895 ap-
