3992 6338
1512 230 1541 255 θ

289 438 400 496 633

753 439 1300 506 ENARRA'I‘IONUM
1333 448 1402 506 IN
1435 446 1581 504 EPP.
1623 444 1828 503 PAULI
1861 445 1988 501 LIB.
2037 444 2216 502 XXIII.
2262 479 2330 490 -η
2366 448 2435 504 IN
2473 448 2687 507 EPIST.
2727 453 2746 508 l
2781 453 2874 507 AD
2913 453 3057 511 'l‘lM.

3351 479 3359 487 ‘
3450 466 3554 523 654

291 580 315 660 ε
358 561 701 633 prehendant
725 564 893 620 vitam
918 575 1194 660 aeternam.
1229 592 1248 623 ι
1278 571 1583 642 Percipient
1605 579 1785 625 autem
1816 570 1875 624 in
1897 570 1951 633 Α
1974 570 2107 641 quit,
2135 587 2385 629 evomere
2428 590 2496 630 ex
2540 591 2636 632 ore
2662 595 2802 646 meo,
2858 583 2984 652 quia
3036 584 3173 642 dicis
3214 592 3356 659 quod
3404 593 3556 651 dives

286 652 476 751 futuro
500 654 702 751 saaculo
724 652 1325 751 mercedem'magnam,
1345 679 1445 735 pro
1470 662 1663 733 quibus
1691 663 1745 717 in
1771 663 1874 717 hoc
1976 678 2096 717 sum
2116 673 2171 719 et
2193 663 2452 738 locuples,
2475 676 2531 722 et
2552 670 2751 725 nullius
2788 687 2942 743 egeo,
2965 662 3027 731 et
3044 652 3380 751 nescis-quia
3404 693 3459 740 tu
3492 700 3555 743 es

283 744 487 802 saeculo
528 746 630 801 ista
676 746 899 807 faciunt.
947 748 1083 806 Nam
1128 761 1183 809 et
1229 755 1528 810 mercedem
1574 752 1874 825 percipient
1972 752 2158 819 miser,
2188 764 2243 810 et
2267 756 2610 824 miserabilis,
2634 769 2689 815 et
2707 778 2933 834 pauper,
2962 774 3017 821 et
3038 782 3214 825 caecus
3239 744 3294 827 et
3332 776 3550 832 nudus:

282 836 488 905 talem,
524 852 646 908 quae
689 853 965 910 nunquam
1012 842 1173 898 ullam
1220 845 1421 916 poterit
1454 843 1871 900 mutabilitatem

281 930 579 987 sustinere.
606 928 746 985 Nam
771 932 917 1001 quod
939 930 1094 1001 dixit,
1125 954 1143 986 σ
1171 933 1604 1003 fundamentum,
1641 956 1661 989 ι
1687 934 1871 990 ﬁrma-

281 1029 531 1076 mentum
558 1035 744 1077 eorum
766 1022 935 1079 voluit
963 1024 1290 1096 signiﬁcare.
1320 1025 1711 1099 Compendiose
1741 1043 1869 1083 vero

278 1112 389 1171 hoc
413 1114 586 1170 voluit
609 1115 816 1171 dicere:
833 1117 1065 1187 prtecipe
1087 1114 1211 1184 illis,
1235 1126 1293 1173 ut
1313 1133 1421 1174 non
1443 1134 1634 1191 magna
1657 1119 1870 1189 sapiant

275 1213 506 1277 propter
531 1205 621 1261 illa
655 1221 776 1277 quae
795 1208 1105 1278 possident,
1148 1221 1474 1281 cognoscant
1516 1227 1644 1267 vero
1683 1211 1867 1267 Domi-

276 1312 413 1352 num
441 1297 636 1353 horum
661 1297 762 1352 sibi
782 1313 902 1354 esse
926 1298 1341 1370 largitorem,tet
1367 1303 1496 1359 huic
1524 1317 1739 1373 semper
1765 1318 1865 1374 pre

272 1386 534 1443 omnibus
560 1387 665 1444 sibi
693 1389 909 1445 tributis
934 1391 1137 1462 gratias
1158 1390 1360 1448 debent
1380 1394 1604 1459 referre,
1630 1394 1685 1449 in
1706 1394 1864 1450 bonis

271 1479 532 1548 operibus
545 1478 961 1536 sollicitudinem
976 1483 1361 1552 expendentes,
1383 1486 1526 1555 quod
1547 1500 1711 1555 parva
1731 1484 1865 1541 dan-

272 1576 359 1625 tes
384 1568 439 1624 in
457 1571 714 1642 prmsenti
734 1571 843 1627 vita
866 1588 1059 1644 magna
1083 1574 1137 1629 in
1154 1574 1338 1631 futuro
1362 1576 1558 1632 saeculo
1578 1577 1859 1647 recipiant.

270 1662 486 1737 (Greg.)
521 1664 697 1721 Aliter
725 1682 856 1738 ergo
901 1667 1223 1724 admonendi
1266 1678 1391 1725 sunt
1427 1670 1651 1741 inopes,
1697 1679 1862 1741 atque

267 1753 435 1809 aliter
462 1755 774 1827 locupletes,
809 1757 916 1813 illis
942 1774 1177 1830 namque
1205 1759 1455 1816 conferre
1475 1762 1859 1818 consolationis

1970 845 2170 901 suadeo
2196 846 2291 902 tibi
2318 863 2499 904 emere
2532 865 2563 904 a
2595 866 2682 906 me
2711 868 2903 909 aurum
2950 856 3179 928 ignitum
3214 869 3277 916 ut
3318 860 3556 936 locuples

1968 933 2089 1002 llas,
2129 944 2185 993 et
2210 939 2551 998 vestimentis
2581 943 2717 999 albis
2756 945 3017 1015 induaris,
3059 958 3116 1006 et
3148 967 3254 1007 non
3299 933 3556 1026 appareat

1968 1027 2214 1121 confusio
2258 1033 2518 1089 nuditatis
2563 1043 2667 1091 tum
2718 1036 2900 1109 (Avoc.
2955 1041 3058 1115 ιιι).
3099 1064 3117 1095 ι
3170 1043 3307 1103 Sunt
3339 1064 3555 1121 quoque

1967 1120 2177 1188 mediae,
2206 1122 2260 1177 id
2282 1132 2388 1191 est,
2411 1140 2532 1195 quae
2559 1126 2715 1184 bona:
2735 1140 2963 1200 possunt
2985 1148 3105 1190 esse
3153 1135 3241 1192 vel
3269 1137 3445 1205 malae,
3466 1120 3553 1196 (ad

1965 1218 2251 1284 utramque
2265 1215 2409 1270 enim
2422 1226 2630 1287 partem
2652 1236 2750 1291 pro
2771 1222 2997 1279 arbitrio
3018 1224 3103 1280 vel
3123 1226 3384 1297 qualitate
3400 1238 3556 1286 uten-

1967 1304 2101 1362 tium
2120 1308 2545 1366 transferuntur.
2563 1312 2639 1368 De
2659 1314 2854 1384 quibus
2866 1316 3057 1373 beatus
3069 1318 3360 1391 Apostolus
3380 1339 3393 1375 :
3421 1340 3439 1371 ι
3464 1321 3555 1379 Di-

1964 1398 2182 1463 vitibus,
2207 1400 2302 1467 ait,
2328 1402 2512 1458 mundi
2538 1402 2698 1474 hujus
2727 1408 2958 1479 praecipe
2988 1425 3095 1466 non
3138 1412 3371 1470 sublime
3398 1429 3556 1485 sape-

1962 1505 2045 1556 re,
2068 1506 2168 1546 nec
2194 1506 2417 1574 sperare
2436 1494 2491 1547 in
2519 1494 2727 1551 incerto
2746 1497 3076 1564 divitiarum,
3105 1503 3201 1558 sed
3220 1502 3274 1557 in
3311 1501 3424 1559 Deo
3461 1504 3555 1574 qui

1959 1590 2183 1650 praastat
2206 1584 2362 1640 nobis
2388 1572 2603 1641 abunde
2631 1587 2814 1643 omnia
2865 1590 2947 1644 ad'
2983 1589 3292 1660 fruendum,
3336 1572 3556 1650 benefa-

1960 1686 2106 1738 cere,
2158 1671 2316 1729 facile
2368 1675 2626 1741 tribuere,
2697 1679 3124 1749 communicare,
3184 1682 3557 1741 thesaurizare

1960 1762 2062 1818 sibi
2087 1761 2495 1820 fundamentum
2536 1767 2741 1823 bonum
2770 1769 2824 1823 in
2852 1768 3135 1837 futurum,
3162 1782 3221 1827 ut
3251 1775 3555 1845 apprehen-

265 1848 527 1904 solatium
574 1859 762 1906 contra
810 1850 1209 1909 tribulationem
1237 1895 1253 1921 ,
1309 1854 1429 1911 istis
1481 1870 1610 1911 vero
1658 1852 1858 1911 inferre
1898 1929 1915 1930 η
1964 1856 2096 1911 dant
2119 1872 2306 1913 veram
2329 1858 2529 1925 vitam;
2569 1880 2589 1913 ›
2622 1875 2759 1930 quas
2781 1861 2979 1917 iterum
3007 1863 3158 1920 dives
3186 1864 3277 1921 ille
3304 1866 3357 1919 in
3376 1850 3556 1922 Evan-

264 1948 478 1996 metum
519 1951 709 1998 contra
752 1942 1041 2000 elationem
1082 1945 1363 2003 debemus.
1406 1947 1555 2019 Inopi
1585 1946 1782 2019 quippe
1825 1962 1859 2002 a
1885 1929 1935 1990 Β
1961 1946 2101 2018 gelio
2132 1946 2283 2020 (Luc.
2313 1949 2427 2021 xvi)
2462 1929 2723 2018 retinens,
2774 1967 2839 2008 ac
2867 1968 3211 2025 nequaquam
3261 1956 3553 2028 indigenti-

262 2028 501 2087 Domino
527 2048 626 2104 per
652 2034 974 2106 prophetam
1017 2034 1259 2092 dicitur:
1295 2057 1314 2089 ι
1345 2036 1466 2094 Noli
1503 2040 1694 2094 timere
1730 2038 1858 2109 quia

262 2135 379 2177 non
409 2121 755 2180 confunderis
782 2122 918 2196 (Isa.
942 2125 1074 2198 Liv),
1098 2146 1118 2178 ι
1143 2126 1230 2184 cui
1250 2143 1363 2185 non
1388 2128 1547 2201 longe
1566 2141 1690 2201 post
1710 2129 1861 2184 blan-

263 2212 446 2279 diens,
480 2212 613 2270 dicit
643 2231 658 2267 :
696 2232 717 2265 ί
741 2213 1098 2288 Paupercula,
1148 2226 1471 2290 tempestate
1512 2219 1754 2277 :onvulsa
1777 2259 1793 2286 ,
1832 2238 1852 2271 ι

264 2318 599 2376 rursumque
626 2304 770 2362 hanc
806 2307 1140 2375 consolatur,
1188 2305 1374 2366 dicens
1404 2329 1416 2364 :
1456 2329 1476 2363 ι
1508 2310 1658 2383 Elegi
1708 2321 1761 2366 te
1802 2311 1859 2367 in

263 2394 487 2451 camino
512 2399 875 2468 paupertatis;
907 2419 925 2453 ι
961 2409 1017 2457 at
1059 2410 1248 2457 contra
1275 2401 1471 2458 Paulus
1496 2402 1761 2472 discipulo
1789 2402 1860 2457 de

263 2486 526 2546 divitibus
546 2490 679 2546 dicit
704 2506 773 2567 τοι
812 2492 1079 2549 Divitibus
1106 2493 1266 2564 hujus
1292 2495 1473 2551 saeculi
1495 2497 1729 2567 praecipe
1749 2511 1859 2551 non

262 2582 501 2652 superbe
531 2598 740 2655 sapere,
765 2601 941 2656 neque
980 2600 1199 2656 sperare
1227 2587 1281 2641 in
1309 2576 1516 2643 incerto
1546 2586 1857 2643 divitiarum

264 2689 510 2730 suarum.
549 2695 571 2729 ι
598 2674 702 2733 Ubi
734 2678 1031 2734 notandum
1056 2678 1213 2735 valde
1235 2687 1337 2747 est,
1369 2680 1511 2751 quod
1536 2679 1857 2741 humilitatis

264 2768 463 2824 doctor
488 2770 807 2826 memoriam
834 2772 1096 2827 virtutum
1136 2770 1343 2828 faciens
1361 2814 1377 2840 ,
1407 2788 1517 2830 non
1556 2774 1663 2840 ait,
1692 2788 1821 2846 roga
1839 2813 1855 2839 ,

264 2858 369 2914 sed
394 2859 635 2932 prtrcipe,
667 2861 793 2932 quia
817 2860 919 2917 etsi
943 2861 1303 2933 impendenda
1328 2872 1413 2920 est
1430 2863 1602 2935 pietas
1632 2862 1860 2919 inﬁrmi-

266 2952 396 3017 tati,
420 2952 593 3008 honor
611 2961 795 3010 tamen
822 2970 931 3010 non
962 2955 1192 3012 debetur
1213 2954 1455 3013 elationi.
1482 2956 1703 3013 Talibus
1729 2972 1858 3028 ergo

265 3050 484 3098 rectum
510 3045 654 3114 quod
674 3043 891 3113 dicitur,
917 3052 1069 3100 tanto
1096 3046 1297 3101 rectius
1323 3046 1631 3114 adhibetur,
1654 3055 1859 3117 quanto

263 3145 322 3192 et
358 3137 412 3190 in
445 3135 608 3191 rebus
636 3136 966 3192 transitoriis
1012 3135 1296 3192 altitudine
1332 3137 1676 3209 cogitationis
1717 3138 1859 3194 intu-

262 3235 539 3284 mescunt.
584 3226 662 3285 De
692 3228 778 3285 his
807 3229 863 3285 in
890 3228 1184 3302 Evangelio
1220 3230 1481 3286 Dominus
1508 3230 1675 3288 dicit:
1706 3250 1725 3283 ι
1764 3230 1858 3289 Vae

1957 2039 2061 2094 hus
2090 2040 2529 2109 subministrans,
2581 2041 2648 2099 de
2694 2043 2847 2114 cujus
2894 2046 3050 2103 micis
3101 2049 3288 2103 satiari
3341 2064 3550 2122 pauper

1958 2127 2200 2184 Lazarus
2231 2139 2357 2185 ante
2398 2130 2543 2186 fores
2580 2132 2697 2204 ejus
2750 2136 3026 2206 expositus
3078 2140 3356 2210 cupiebat,
3406 2143 3551 2198 into-

1958 2221 2197 2279 lerandis
2218 2223 2477 2294 gehennae
2500 2225 2715 2295 ignibus
2739 2234 2795 2281 et
2813 2236 3018 2284 aeterno
3040 2229 3327 2302 deputatur
3346 2233 3548 2290 ardori.

1958 2309 2070 2368 Has
2101 2313 2267 2384 igitur
2298 2312 2540 2371 visibiles
2568 2317 2757 2372 mundi
2783 2319 2999 2375 divitias
3024 2321 3413 2393 relinquentes,
3438 2340 3549 2381 non

1961 2412 2201 2474 nostras,
2248 2406 2345 2462 sed
2379 2405 2584 2463 alienas
2612 2409 2896 2479 abjicimus
2948 2411 3254 2481 facultates,
3301 2414 3551 2487 quamvis

1957 2512 2052 2555 eas
2078 2497 2373 2569 gloriemur
2408 2498 2492 2555 vel
2518 2508 2705 2556 nostro
2725 2500 2913 2558 labore
2946 2505 3202 2574 qumsitas
3245 2505 3329 2561 vel
3355 2520 3551 2578 paren-

1957 2595 2074 2643 tum
2112 2588 2181 2644 ad
2207 2604 2306 2645 nos
2335 2590 2648 2647 haereditate
2677 2594 3049 2661 transmissas,
3092 2596 3229 2652 nihil
3277 2596 3442 2663 enim,
3491 2606 3551 2653 ut

1958 2679 2090 2747 dixi,
2115 2687 2363 2735 nostrum
2390 2688 2494 2745 est,
2528 2681 2631 2737 nisi
2660 2682 2767 2739 hoc
2802 2690 3033 2751 tantum,
3062 2686 3205 2757 quod
3233 2688 3397 2742 corde
3424 2702 3548 2759 pos-

1960 2786 2189 2836 sessum,
2218 2780 2382 2842 atque
2402 2772 2599 2828 animte
2626 2782 2827 2830 nostrae
2848 2777 3126 2832 cohaerens
3151 2792 3184 2833 a
3208 2778 3426 2834 nemine
3451 2794 3550 2850 po-

1958 2872 2067 2920 test
2094 2879 2319 2935 prorsus
2342 2863 2566 2919 auferri.
2596 2864 2676 2921 De
2704 2865 2810 2921 illis
2840 2875 3022 2923 autem
3064 2868 3368 2925 visibilibus
3410 2870 3547 2926 divi-

1961 2956 2053 3011 tiis
2073 2957 2143 3012 ad
2163 2972 2280 3023 eos,
2308 2957 2401 3026 qui
2432 2956 2551 3013 illas
2596 2964 2857 3028 tanquam
2908 2960 3156 3030 proprias
3195 2968 3549 3027 retentantes,

1960 3051 2298 3105 communica
2307 3065 2362 3105 re
2382 3049 2747 3122 indigentibus
2767 3051 2974 3119 nolunt,
2998 3053 3289 3125 increpans
3308 3053 3550 3127 loquitur

1959 3139 2244 3209 Christus;
2281 3160 2301 3193 ‹
2332 3140 2387 3196 Si
2422 3142 2474 3197 in
2504 3141 2696 3198 alienis
2751 3142 2936 3199 ﬁdeles
2997 3160 3108 3200 non
3153 3142 3355 3214 fuistis,
3405 3147 3551 3218 quod

1960 3241 2200 3289 vestrum
2225 3240 2328 3298 est,
2355 3235 2476 3305 quis
2513 3235 2662 3291 dabit
2702 3235 2899 3296 .vobis?
2924 3233 3075 3308 (Luc.
3100 3236 3236 3309 xvi.)
3258 3237 3551 3295 Evidenter

262 3320 427 3377 vobis
454 3320 742 3388 divitibus,
773 3321 901 3392 quia
930 3322 1142 3378 habetis
1169 3321 1594 3380 consolationem
1619 3332 1855 3380 vestram
1882 3295 1930 3361 ο
1961 3328 2127 3401 igitur
2148 3329 2248 3384 has
2276 3295 2494 3383 divitias
2543 3327 2747 3385 alienas
2797 3295 2943 3395 esse,
2992 3344 3101 3384 non
3149 3295 3322 3385 solum
3375 3332 3551 3401 quoti-

263 3414 426 3489 (Luc.
439 3416 544 3490 v1),
559 3416 682 3489 quia
705 3416 850 3473 enim
870 3432 992 3487 qua:
1004 3424 1134 3472 sunt
1148 3425 1351 3473 eterna
1372 3417 1567 3490 gaudia
1588 3418 1858 3486 nesciunt,

263 3518 338 3568 ex
359 3511 643 3582 praesentis
670 3509 795 3566 vitae
820 3509 1149 3566 abundantia
1178 3509 1549 3567 consolantur.
1577 3507 1859 3566 Otl‘erenda

262 3617 402 3675 ergo
441 3603 523 3660 eis
562 3611 646 3661 est
686 3602 1012 3669 consolatio,
1056 3617 1193 3677 quos
1231 3603 1477 3658 caminus
1519 3601 1861 3674 paupertatis

264 3696 545 3766 excoquit,
574 3702 738 3765 atque
772 3693 878 3751 illis
906 3692 1220 3750 inferendus
1249 3702 1329 3749 est
1353 3693 1539 3759 timor,
1568 3707 1706 3764 quos
1725 3707 1858 3748 con-

264 3786 469 3842 solatio
505 3785 693 3858 glorize
731 3784 1047 3857 temporalis
1082 3783 1321 3851 extollit;
1359 3792 1419 3838 ut
1456 3791 1512 3839 et
1540 3782 1615 3839 illi
1635 3781 1862 3850 {discant

264 3870 400 3950 quia
430 3878 649 3934 divitias
670 3919 685 3945 ,
715 3893 849 3950 quas
885 3893 999 3934 non
1046 3875 1319 3942 convenit,
1366 3874 1662 3947 possident,
1689 3883 1747 3931 et
1767 3874 1883 3947 isti,

263 3978 604 4042 cognoscant
642 3970 768 4041 quia
815 3984 909 4025 eas
964 3983 1100 4040 quas
1136 3966 1480 4037 conspiciunt
1517 3981 1862 4037 nequaquam

263 4072 501 4135 possunt
524 4071 727 4120 tenere.
761 4061 1051 4138 (Paphnut.
1074 4063 1131 4118 in
1151 4058 1368 4134 Count.)
1398 4059 1690 4132 Tripartito
1715 4060 1859 4115 enim

270 4156 439 4213 modo
465 4157 518 4212 in
551 4155 848 4229 Scripturis
875 4157 1080 4213 sanctis
1125 4154 1499 4228 intelliguntur
1553 4152 1778 4219 divitiae,
1804 4153 1861 4210 id

262 4257 376 4317 est,
403 4248 584 4317 make,
624 4251 800 4318 honre,
847 4249 1038 4307 mediae
1060 4267 1074 4303 :
1098 4258 1153 4305 et
1179 4246 1333 4326 mala:
1363 4247 1583 4318 quidem
1617 4253 1763 4313 sunt,
1792 4245 1860 4301 de

265 4341 474 4414 quibus
487 4341 681 4398 dicitur
699 4360 713 4398 :
738 4360 757 4394 ‹
777 4341 981 4398 Divites
1001 4348 1264 4411 eguerunt
1283 4349 1338 4397 et
1356 4340 1669 4397 esurierunt
1683 4337 1857 4412 (Psal.

270 4432 499 4504 mm).
528 4451 550 4484 ι
579 4431 687 4487 Et:
714 4450 734 4484 ι
767 4433 860 4488 Vae
888 4433 1075 4499 vobis,
1118 4431 1346 4499 divites,
1395 4431 1526 4504 quia
1578 4429 1860 4502 recepistis

268 4522 703 4580 consolationem
717 4533 975 4582 vestram.
998 4545 1017 4579 ι
1039 4522 1184 4592 Quas
1195 4524 1361 4580 etiam
1375 4524 1588 4581 divitias
1600 4523 1862 4596 abjecisse

268 4631 491 4673 summa
514 4616 774 4688 perfectio
794 4626 895 4673 est.
921 4616 1006 4675 Ad
1031 4632 1257 4691 quarum
1292 4617 1695 4675 distinctionem
1733 4633 1863 4689 pau—

268 4723 438 4781 peres
459 4708 534 4764 illi
556 4717 702 4777 sunt,
724 4708 819 4780 qui
848 4709 905 4765 in
926 4708 1218 4780 Evangello
1240 4708 1453 4765 Domini
1478 4723 1610 4765 voce
1630 4709 1857 4764 laudan-

272 4812 372 4859 tur
393 4820 440 4856 ει
476 4803 629 4858 Beati
650 4816 919 4874 pauperes
962 4802 1177 4874 spiritu,
1224 4802 1483 4874 quoniam
1516 4802 1757 4873 ipsorum
1778 4809 1862 4856 est

271 4910 509 4967 regnum
533 4893 794 4951 caelorum
822 4892 1033 4967 (Matth.
1067 4893 1158 4967 v);
1184 4914 1203 4947 ι
1231 4902 1286 4949 et
1316 4894 1373 4949 in
1415 4892 1625 4963 psalmo
1658 4910 1672 4946 :
1703 4910 1721 4943 ‹
1754 4890 1861 4947 Iste

269 5003 487 5065 pauper
520 4989 794 5055 clamavit,
833 4994 888 5045 et
920 4988 1182 5044 Dominus
1218 4987 1494 5043 exaudivit
1519 5001 1644 5041 eum
1684 4981 1857 5057 (Psal.

270 5082 499 5156 xxxm).
537 5103 557 5136 ι
601 5090 658 5139 et
691 5083 925 5137 iterum:
958 5098 978 5132 ‹
1022 5078 1234 5151 Pauper
1287 5088 1345 5135 et
1402 5079 1560 5149 inops
1621 5074 1863 5132 laudabit

270 5189 482 5235 nomen
520 5183 675 5231 tuum
712 5171 884 5247 (Psal.
926 5171 1153 5245 Lxxm).
1198 5193 1218 5227 ι
1261 5171 1401 5227 Sunt
1444 5171 1610 5226 etiam
1668 5171 1862 5242 bonae,

272 5284 421 5342 quas
460 5266 759 5339 acquisisse
780 5279 991 5336 magnae
1024 5265 1245 5320 virtutis
1278 5279 1343 5321 ac
1379 5262 1562 5320 meriti
1590 5271 1694 5330 est,
1726 5277 1865 5334 quas

272 5362 369 5417 vir
409 5361 588 5432 justus
638 5358 922 5431 possidens
973 5357 1328 5425 collaudatur,
1379 5356 1596 5413 dicente
1640 5357 1859 5413 David:

282 5473 305 5507 r
352 5450 645 5509 Generatio
689 5458 960 5508 rectorum
1016 5450 1381 5506 benedicetur.
1439 5448 1622 5505 Gloria
1666 5449 1866 5507 divitia!

270 5547 337 5603 in
370 5546 535 5601 domo
557 5543 692 5615 ejus,
748 5552 805 5600 et
843 5544 1052 5616 iustitia
1103 5542 1222 5613 ejus
1274 5551 1461 5599 manet
1507 5543 1562 5599 in
1610 5542 1866 5599 saeculum

271 5637 468 5696 seaculi
493 5632 666 5709 (Psal.
694 5635 839 5710 cxr);
875 5658 894 5689 ι
920 5644 975 5692 et
998 5636 1194 5691 iterum
1218 5650 1232 5690 :
1264 5654 1284 5688 ι
1312 5634 1629 5707 Redemptio
1672 5637 1867 5691 anima:

274 5729 389 5785 viri
416 5728 651 5799 propriae
677 5728 877 5785 divitiae
901 5728 1083 5803 (Prov.
1106 5727 1249 5803 xm).
1286 5750 1306 5783 ι
1337 5728 1416 5785 De
1442 5728 1637 5799 quibus
1663 5729 1867 5785 divitiis

276 5826 341 5881 in
366 5822 691 5896 Apocalypsi
727 5825 927 5880 dicitur
963 5826 1031 5881 ad
1060 5824 1211 5881 illum
1244 5825 1337 5896 qui
1376 5840 1472 5880 eas
1516 5840 1623 5880 non
1660 5825 1867 5880 habens

277 5916 718 5988 vituperabiliter
738 5932 943 5988 pauper
969 5927 1026 5974 et
1041 5918 1219 5975 nudus
1236 5926 1341 5984 est,
1363 5936 1382 5970 ι
1404 5917 1659 5989 incipiam
1686 5928 1758 5983 te,
1782 5918 1866 5973 in-

1959 3419 2122 3475 diana
2158 3418 2493 3490 experientia
2515 3419 2691 3486 docet,
2723 3419 3081 3475 verumetiam
3128 3421 3395 3477 sententia
3444 3419 3552 3477 Do-

1958 3512 2093 3567 mini
2120 3511 2236 3583 ipsa
2261 3510 2621 3582 appellatione
2650 3508 2903 3583 signavit.
2932 3511 3008 3566 De
3034 3511 3394 3567 invisibilibus
3414 3526 3551 3567 vero

1956 3602 2320 3677 pessimisque
2345 3602 2551 3659 divitiis
2593 3602 2833 3674 loquitur
2870 3602 3066 3659 Petrus
3109 3602 3179 3659 ad
3221 3602 3546 3659 Dominum:

1965 3713 1985 3748 ι
2026 3694 2167 3751 Ecce
2202 3710 2301 3750 nos
2339 3694 2657 3766 reliquimus
2705 3695 2912 3762 omnia,
2942 3704 2997 3751 et
3026 3694 3199 3751 secuti
3243 3710 3433 3751 sumus
3474 3702 3551 3761 te,

1961 3785 2092 3859 quid
2112 3800 2243 3857 ergo
2279 3786 2387 3840 erit
2425 3784 2619 3840 nobis?
2654 3804 2674 3838 ι
2729 3784 2945 3853 (Matth.
2978 3784 3117 3856 xix.)
3167 3783 3315 3853 Quos
3362 3784 3552 3856 utique

1958 3874 2096 3934 nihil
2146 3874 2375 3948 amplius
2429 3890 2590 3945 quam
2645 3873 2924 3941 vilissima,
2974 3874 3359 3946 conscissaque
3409 3875 3547 3931 retia

1959 3977 2171 4026 certum
2196 3976 2280 4023 est
2308 3967 2609 4035 demisisse,
2647 3983 2768 4039 quae
2793 3968 2973 4023 omnia
2998 3967 3103 4023 nisi
3128 3967 3185 4023 in
3236 3968 3338 4024 hac
3386 3968 3543 4023 abre-

1958 4059 2297 4115 nuntiatione
2324 4059 2601 4126 vitiorum,
2651 4073 2772 4130 quae
2817 4072 2946 4113 vere
2994 4066 3189 4129 magna
3236 4069 3292 4115 et
3339 4073 3551 4115 summa

1960 4168 2079 4209 esse
2104 4150 2306 4207 fuerint
2337 4150 2630 4218 intellecta,
2670 4166 2773 4208 nec
2802 4150 3101 4222 pretiosum
3146 4149 3350 4222 aliquid
3397 4151 3551 4207 inve-

1961 4242 2451 4315 nimus'apostolos
2473 4242 2777 4313 reliquisse,
2804 4257 2908 4299 nec
2943 4242 3231 4299 Dominum
3273 4240 3550 4308 habuisse,

1959 4355 2186 4421 propter
2212 4347 2356 4417 quod
2382 4346 2488 4402 illis
2524 4355 2735 4403 tantam
2772 4346 3125 4404 beatitudinis
3160 4346 3389 4420 gloriam
3441 4344 3545 4400 lar-

1960 4439 2187 4514 giretur,
2210 4446 2272 4493 ut
2292 4438 2358 4494 ab
2381 4438 2570 4495 eodem
2592 4445 2933 4494 mererentur
2954 4436 3171 4493 audire:
3200 4454 3219 4489 ‹
3245 4435 3305 4492 In
3331 4451 3554 4509 regene-

1962 4533 2175 4589 ratione
2195 4546 2319 4587 cum
2348 4531 2551 4587 sederit
2574 4530 2716 4587 filius
2739 4530 2976 4586 hominis
2996 4529 3050 4584 in
3078 4530 3207 4585 sede
3238 4526 3539 4597 majestatis

1965 4639 2097 4690 suae,
2123 4624 2382 4679 sedebitis
2401 4630 2457 4679 et
2477 4634 2575 4678 vos
2609 4637 2772 4693 super
2795 4622 2951 4678 sedes
2978 4620 3280 4687 duodecim,
3306 4619 3555 4691 judican-

1964 4725 2046 4772 tes
2068 4714 2355 4771 duodecim
2393 4714 2565 4769 tribus
2584 4712 2773 4770 Israel.
2814 4732 2833 4765 ι
2868 4712 2927 4768 Si
2950 4712 3115 4783 igitur
3136 4711 3192 4767 bi
3241 4711 3333 4782 qui
3378 4708 3556 4782 perfe-

1964 4815 2048 4863 cte
2102 4816 2347 4862 terrenas
2396 4805 2529 4860 istas
2578 4804 2925 4873 visibilesque
2968 4802 3221 4858 abdicant
3268 4801 3555 4857 facultates

1963 4899 2131 4955 certis
2151 4915 2219 4955 ex
2243 4900 2448 4966 causis,
2496 4898 2564 4954 ad
2619 4897 2765 4955 illam
2813 4895 3178 4968 Apostolicam
3233 4895 3553 4952 charitatem

1964 4992 2247 5063 pervenire
2285 5009 2391 5049 non
2421 4999 2667 5063 possunt,
2698 5003 2799 5045 nec
2828 4989 2977 5043 illum
3008 4988 3378 5044 sublimiorem
3415 5001 3553 5059 pau-

1965 5102 2260 5157 corumque
2314 5085 2602 5141 admodum
2658 5084 3080 5140 renuntiationis
3136 5084 3355 5140 tertium
3421 5098 3549 5155 gra-

1968 5178 2095 5235 dum
2121 5178 2373 5250 expedito
2400 5186 2607 5249 queunt
2629 5177 2813 5251 vigore
2861 5176 3246 5243 conscendere,
3299 5176 3430 5248 quid
3478 5176 3552 5232 illi

1970 5271 2037 5328 de
2056 5268 2363 5339 semetipsis
2383 5266 2629 5337 judicare
2655 5267 2945 5336 debebunt,
2968 5269 3059 5340 qui
3080 5284 3150 5325 ne
3169 5269 3404 5340 primum
3424 5269 3547 5338 qui-

1969 5361 2113 5428 dem,
2145 5376 2266 5433 quae
2307 5360 2583 5433 perfacilis
2616 5374 2727 5428 est,
2755 5361 2994 5433 perfecte
3025 5362 3349 5432 arripientes
3392 5368 3554 5430 atque

1972 5454 2223 5524 antiquas
2260 5453 2612 5525 pecuniarum
2637 5468 2857 5510 suarum
2883 5453 3069 5510 sordes
3087 5467 3212 5508 cum
3240 5450 3553 5507 infidelitate

1969 5545 2199 5619 pristina
2230 5552 2582 5611 retentantes,
2612 5544 2755 5600 nudo
2785 5552 2993 5599 tantum
3019 5544 3238 5600 sibimet
3267 5549 3551 5597 autumant

1950 5638 2249 5705 ,hominum
2278 5637 2540 5692 vocabulo
2565 5637 2949 5710 gloriandum?
2994 5637 3137 5710 Ergo
3165 5636 3338 5706 prima
3387 5648 3551 5703 quam

1970 5730 2205 5787 diximus
2225 5732 2626 5787 abrenuntiatio
2648 5746 2831 5788 rerum
2862 5731 3158 5787 alienarum
3195 5737 3299 5793 est,
3326 5728 3554 5797 ideoque

1968 5839 2067 5896 per
2092 5840 2152 5881 se
2180 5825 2348 5881 solam
2370 5826 2755 5896 perfectionem
2787 5826 3115 5882 renuntianti
3146 5823 3393 5879 conferre
3445 5840 3551 5879 non

1968 5915 2185 5985 sufficit,
2208 5917 2315 5974 nisi
2345 5919 2656 5989 pervenerit
2680 5919 2750 5972 ad
2780 5916 3091 5980 secundam,
3129 5930 3248 5987 quae
3278 5930 3403 5969 vere
3455 5916 3551 5969 ab-
