3992 6338
459 416 566 474 659

1091 413 1150 466 Β.
1192 410 1700 470 RABANI,MAURI
1740 410 2058 471 ARCHIEP.
2091 414 2405 473 MOGUNT.
2445 419 2725 477 OPERUll
2761 421 2938 476 PARS
2975 423 3058 477 lll.

3620 429 3744 484 640

459 529 801 588 commissam
847 525 950 580 sibi
985 526 1249 595 gratiam;
1294 533 1353 580 et
1393 525 1521 594 quia
1548 524 1876 579 sufficienter
1915 540 2039 580 eum
2068 533 2120 590 Α
2145 530 2330 594 traxit,
2380 531 2586 597 dicens,
2627 549 2694 587 ne
2733 535 3041 600 erubescas,
3081 537 3235 606 quasi
3272 539 3364 607 qui
3401 542 3747 598 erubescere

459 623 514 678 in
540 620 627 675 his
650 618 904 673 omnibus
939 617 1006 670 ad
1039 617 1092 671 id
1119 616 1262 686 quod
1309 615 1359 670 ei
1414 615 1700 671 conveniat
1723 618 2041 672 exhortatus

458 721 542 767 est
579 709 838 766 memoria
881 723 1104 762 avorum
1150 715 1204 762 et
1246 709 1565 776 parentum,
1613 716 1668 762 et
1693 709 1896 778 proprii
1924 707 2055 777 ejus

458 801 721 873 propositi
750 800 834 855 vel
865 800 1099 865 arbitrii,
1125 815 1226 854 nec
1252 815 1356 854 non
1389 808 1443 854 et
1472 801 1658 870 gratiae
1688 800 1832 854 illius
1878 817 2040 870 quam

458 894 513 947 in
557 892 897 946 ordinatione
940 891 1122 945 fuerat
1185 899 1486 956 assecutus,
1534 891 1866 946 laboriosum
1911 907 2042 947 vero

458 986 734 1056 negotium
777 985 949 1055 ipsum
997 1000 1120 1040 esse
1157 983 1441 1039 videbatur
1485 991 1541 1039 et
1585 985 1821 1039 maxime
1865 999 1932 1039 ea
1976 987 2042 1041 de

459 1091 658 1141 causa,
707 1075 835 1144 quia
878 1075 1046 1129 multa
1087 1074 1326 1144 pericula
1365 1073 1469 1128 illis
1511 1073 1579 1127 ah
1617 1074 1940 1130 adversariis
1976 1090 2042 1131 eo

459 1167 516 1222 in
555 1175 797 1237 tempore
841 1167 1229 1231 inferebantur,
1273 1165 1392 1220 ideo
1438 1167 1666 1235 adjecit:
1701 1187 1720 1218 ε
1751 1167 1868 1222 Νοη
1897 1167 2041 1221 enim

467 1277 487 1310 ‹
522 1257 671 1313 dedit
713 1257 871 1314 nobis
912 1257 1056 1313 Deus
1097 1257 1348 1328 spiritum
1393 1257 1625 1323 timoris,
1667 1259 1762 1312 sed
1789 1259 2038 1325 virtutis,

465 1369 486 1401 ‹
517 1358 574 1405 et
593 1350 918 1414 dilectionis,
944 1358 999 1404 et
1031 1350 1362 1405 sobrietatis.
1389 1368 1406 1398 ι
1439 1348 1550 1404 Nec
1576 1349 1720 1402 enim
1749 1348 2043 1405 formidare

460 1458 559 1498 nos
601 1443 852 1497 convenit
895 1443 963 1496 de
1001 1442 1109 1497 illis
1155 1441 1332 1507 malis,
1381 1456 1502 1510 qua:
1545 1441 1612 1495 ab
1657 1441 1860 1496 exteris
1885 1443 2043 1498 nobis

460 1535 784 1591 inferuntur.
848 1535 1069 1602 Quare?
1114 1536 1369 1604 quoniam
1418 1534 1510 1588 illa
1554 1534 1730 1605 gratia
1780 1533 2041 1602 spiritus,

459 1643 579 1698 quae
620 1636 704 1682 est
757 1628 814 1682 in
859 1629 1052 1694 nobis,
1109 1617 1389 1682 sufﬁciens
1444 1632 1528 1680 est
1575 1641 1672 1696 per
1717 1625 1894 1680 omnia
1943 1639 2044 1680 nos

458 1715 798 1790 confortare,
843 1725 897 1772 et
939 1717 992 1772 in
1041 1717 1138 1772 Dei
1180 1717 1553 1787 constringere
1599 1717 1897 1782 charitate,
1942 1730 2044 1770 nec

459 1823 565 1863 non
615 1817 670 1863 et
714 1809 938 1879 pudicos
987 1825 1089 1864 nos
1129 1809 1293 1864 etiam
1334 1809 1467 1878 ipsis
1512 1806 1724 1862 efficere
1764 1807 2044 1879 cogitatio-

2144 619 2366 674 deberet
2413 621 2503 675 illa
2547 638 2668 692 qua:
2713 624 2928 693 pietatis
2977 634 3144 691 sunt,
3193 627 3240 682 si
3285 644 3393 684 non
3437 639 3494 685 et
3541 634 3746 704 aliqua

2143 709 2594 778 contemplatione
2620 714 2836 782 pietatis
2873 725 3064 784 sponte
3099 719 3309 786 perpeti
3339 720 3520 778 vellet.
3571 724 3750 783 Unde

2144 813 2251 852 non
2290 798 2458 865 dixit,
2491 819 2510 851 ι
2539 817 2609 856 ne
2649 804 2939 858 erubescas
2967 826 2986 857 ι
3027 805 3346 873 Dominum,
3391 811 3484 865 sed
3513 830 3531 862 ι
3563 815 3746 869 testi—

2144 887 2386 940 inonium
2439 889 2688 956 Domini,
2724 911 2741 943 ι
2801 893 2903 947 hoc
2940 903 3060 960 est,
3111 897 3457 964 passionem;
3517 911 3570 956 et
3619 919 3747 958 non

2145 975 2339 1030 sufﬁcit
2377 986 2436 1031 ut
2472 979 2576 1033 ista
2615 979 2854 1047 diceret,
2884 984 2978 1038 sed
3015 983 3245 1054 adjecit,
3283 996 3339 1042 et
3371 1004 3430 1042 se
3455 991 3746 1058 vinctum,

2143 1067 2470 1124 sufﬁcienter
2510 1072 2828 1138 admonens,
2876 1082 2937 1128 ut
2978 1090 3285 1133 memorans
3320 1078 3636 1150 Christum,
3687 1093 3752 1139 et

2093 1156 2101 1166 '
2145 1158 2233 1212 illa
2272 1176 2392 1229 qua:
2434 1163 2724 1217 secundum
2769 1180 2828 1220 se
2872 1174 3028 1232 sunt,
3080 1183 3186 1221 non
3229 1170 3435 1241 pigeret
3474 1176 3630 1243 pati,
3695 1175 3753 1232 si

2145 1261 2325 1307 tamen
2373 1263 2429 1308 et
2469 1271 2591 1309 cum
2629 1256 2911 1326 Apostolo,
2957 1267 3012 1313 et
3053 1275 3176 1314 cum
3219 1261 3434 1318 Christo
3477 1281 3753 1323 commu-

2147 1343 2361 1397 nionem
2422 1346 2622 1401 habere
2672 1346 2951 1404 allectaret
3008 1365 3106 1419 pro
3167 1352 3750 1425 hisce-passionilms.

2149 1435 2300 1491 Unde
2321 1445 2378 1491 et
2399 1437 2625 1506 adjicit:
2660 1459 2678 1491 ι
2713 1439 2818 1494 Sed
2851 1441 3121 1496 collabora
3145 1444 3453 1515 Evangelio.
3483 1468 3502 1498 ι
3535 1447 3758 1516 Itaque

2145 1543 2243 1596 per
2293 1531 2576 1597 passiones
2623 1533 2795 1602 ipsum
2847 1533 3196 1603 Evangelium
3249 1545 3332 1590 est
3382 1539 3702 1606 perfectum
3733 1581 3752 1606 ,

2147 1623 2512 1677 necessarium
2554 1633 2639 1678 est
2685 1633 2744 1678 ut
2785 1627 3149 1682 communices
3187 1629 3238 1682 ei
3287 1645 3384 1699 per
3419 1632 3750 1701 passiones,

2145 1727 2280 1781 quas
2324 1715 2527 1782 pateris
2562 1731 2662 1786 pro
2702 1717 2928 1771 aliorum
2970 1719 3225 1785 utilitate,
3267 1723 3556 1778 ostendens
3582 1741 3751 1794 quo-

2147 1806 2293 1860 niam
2324 1806 2430 1860 tale
2467 1814 2552 1860 est
2575 1807 2956 1880 Evangelium,
3006 1820 3068 1866 ut
3107 1813 3220 1882 pati
3247 1828 3346 1883 pro
3392 1829 3457 1869 eo
3505 1816 3752 1885 dignum

457 1899 634 1956 nibus.
682 1899 928 1970 Denique
952 1902 1141 1954 beatus
1161 1899 1470 1970 Apostolus,
1497 1898 1589 1966 qui
1616 1897 1866 1951 servilem
1896 1898 2044 1952 illum
2073 1893 2120 1953 Β
2149 1902 2236 1955 sit.

457 1991 668 2046 timoris
720 1993 947 2064 gradum
998 1991 1128 2046 olim
1176 1991 1457 2046 charitatis
1504 1989 1798 2045 Dominica:
1843 1990 2044 2045 virtute

459 2085 907 2150 transcenderat,
960 2083 1220 2139 inferiora
1268 2083 1594 2153 despiciens,
1643 2083 1940 2158 majoribus
1985 2098 2045 2138 se

461 2174 691 2229 ditatum
738 2176 896 2232 bonis
944 2191 976 2230 a
1024 2177 1255 2232 Domino
1293 2175 1600 2246 profitetur.
1638 2193 1656 2226 l
1691 2175 1808 2229 Non
1857 2175 2000 2230 enim
2026 2217 2040 2241 ,

459 2267 655 2338 inquit,
699 2269 847 2325 dedit
887 2269 1045 2325 nobis
1086 2269 1229 2324 Deus
1270 2269 1520 2340 spiritum
1544 2269 1775 2333 timoris,
1807 2270 1902 2324 sed
1927 2270 2042 2323 vir-

455 2361 589 2416 tutis
629 2369 684 2415 et
726 2361 1032 2416 dilectionis
1072 2371 1127 2416 et
1165 2362 1492 2416 sobrietatis.
1530 2382 1549 2413 ›
1599 2360 1707 2415 Eos
1747 2362 1911 2415 etiam
1951 2361 2045 2430 qui

459 2449 702 2523 perfecta
746 2452 984 2508 caelestis
1021 2453 1165 2507 illius
1191 2451 1368 2506 Patris
1394 2451 1682 2506 dilectione
1721 2451 2040 2522 flagrabant,

459 2555 705 2611 quosque
732 2556 800 2595 ex
823 2542 996 2597 servis
1035 2542 1176 2597 filios
1220 2541 1436 2612 adoptio
1469 2541 1652 2596 divina
1674 2542 1787 2610 jam
1819 2544 2040 2609 fecerat,

457 2631 563 2688 hoc
595 2632 913 2687 adhortatus
953 2633 1192 2703 eloquio,
1237 2633 1348 2687 ait:
1385 2651 1404 2684 ‹
1439 2631 1558 2688 Non
1600 2635 1886 2704 accepistis
1928 2635 2041 2704 spi-

459 2723 622 2778 ritum
665 2725 941 2779 servitutis
989 2723 1185 2780 iterum
1229 2723 1284 2778 in
1329 2724 1564 2790 timore,
1610 2725 1706 2779 sed
1753 2724 2042 2793 accepistis

459 2815 710 2885 spiritum
737 2815 1042 2886 adoptionis
1060 2857 1076 2882 ,
1113 2816 1167 2870 in
1191 2831 1298 2886 quo
1336 2815 1638 2870 clamamus
1663 2834 1676 2869 :
1704 2816 1855 2871 Abba
1880 2816 2044 2872 Pater

459 2904 639 2977 (Rom.
667 2905 808 2976 vni).
841 2925 860 2958 ι
909 2905 986 2961 De
1028 2907 1132 2962 hoc
1169 2907 1333 2962 etiam
1368 2914 1516 2962 metu
1549 2921 1672 2961 cum
1707 2906 1851 2960 illam
1880 2907 2044 2978 septi-

457 3001 685 3056 formem
730 3001 964 3072 Spiritus
1013 3002 1185 3058 sancti
1245 3002 1476 3072 gratiam
1524 3001 1787 3070 propheta
1833 3001 2038 3056 descri-

456 3093 646 3158 beret,
691 3108 853 3163 quem
913 3094 970 3148 in
1025 3093 1242 3148 homine
1285 3092 1376 3147 illo
1418 3092 1700 3146 Dominico
1743 3093 2041 3146 secundum

457 3185 844 3241 incarnationis
889 3186 1348 3256 dispensationem
1392 3185 1741 3240 descendisse
1789 3200 1894 3239 non
1944 3184 2042 3238 du-

2223 2029 2242 2062 ι
2279 2009 2589 2067 Secundum
2629 2015 2884 2069 virtutem
2929 2015 3060 2081 Dei,
3107 2018 3198 2086 qui
3245 2017 3421 2074 salvos
3445 2036 3543 2075 nos
3573 2020 3752 2090 fecit,

2155 2123 2172 2155 ι
2207 2114 2262 2159 et
2297 2106 2504 2160 vocavit
2540 2108 2826 2163 vocatione
2869 2118 3057 2164 sancta
3095 2126 3202 2164 non
3239 2113 3530 2167 secundum
3559 2129 3754 2184 opera

2153 2215 2172 2247 ι
2208 2208 2421 2261 nostra,
2472 2199 2564 2252 sed
2607 2201 2899 2254 secundum
2944 2217 3096 2256 suum
3136 2203 3462 2272 propositum
3509 2215 3565 2258 et
3605 2222 3756 2276 gra-

2151 2302 2170 2334 ‹
2207 2285 2358 2340 tiam.
2384 2306 2401 2337 ι
2456 2285 2661 2341 Similis
2688 2296 2771 2342 est
2795 2280 2974 2342 aulem
3002 2291 3116 2345 hare
3141 2292 3347 2360 species
3375 2293 3750 2361 narrationis,

2145 2393 2250 2446 qua
2292 2377 2450 2444 dixit,
2484 2397 2502 2429 ι
2539 2379 2830 2434 secundum
2870 2381 3126 2436 virtutem
3169 2382 3284 2446 Dei,
3315 2401 3334 2434 ι
3379 2383 3451 2436 illi
3476 2383 3746 2450 dictioni,

2146 2486 2309 2539 quam
2336 2471 2566 2536 dixerat,
2601 2491 2619 2522 ‹
2653 2472 2948 2527 secundum
2987 2473 3405 2543 propositionem
3434 2475 3577 2538 vitaz,
3605 2494 3752 2548 qua:

2145 2574 2229 2619 est
2270 2565 2324 2618 in
2365 2563 2583 2619 Christo
2628 2563 2796 2630 Jesu,
2833 2585 2852 2618 ι
2904 2567 3046 2635 quod
3091 2567 3144 2620 in
3187 2565 3498 2636 praefatione
3548 2571 3751 2637 posuit

2144 2656 2304 2724 hujus
2347 2656 2619 2726 Epistolas.
2690 2657 2844 2712 Sicut
2883 2667 3062 2712 autem
3093 2657 3200 2713 illic
3246 2659 3540 2714 secundum
3587 2676 3738 2730 pro-

2145 2745 2467 2816 positionem
2490 2745 2616 2800 vitae
2643 2746 2792 2811 dicit,
2837 2747 2941 2801 hoc
2981 2755 3084 2812 est,
3125 2755 3184 2802 ut
3220 2750 3543 2818 promissam
3569 2753 3748 2805 vobis

2141 2837 2334 2903 vitam,
2358 2843 2574 2892 creatus
2599 2853 2718 2891 sum
2741 2836 3053 2907 Apostolus,
3081 2847 3140 2892 ut
3164 2839 3305 2894 hanc
3331 2840 3704 2908 praedicarem
3721 2883 3740 2908 ,

2143 2929 2222 2984 sic
2247 2937 2302 2983 et
2328 2929 2382 2982 in
2409 2929 2511 2984 hoc
2536 2929 2677 2995 loco,
2701 2948 2718 2980 ι
2741 2931 3038 2985 secundum
3061 2931 3338 2998 virtutem,
3358 2933 3551 3003 inquit,
3568 2933 3736 3000 Dei,»

2143 3021 2247 3076 hoc
2281 3029 2382 3085 est,
2422 3036 2521 3091 per
2559 3021 2808 3076 virtutem
2843 3041 2861 3074 ι
2895 3021 3012 3088 Dei,
3053 3023 3144 3094 qui
3183 3023 3362 3078 salvos
3389 3023 3516 3079 fecit
3545 3041 3674 3081 nos.
3711 3049 3736 3080 ι

2141 3109 2401 3166 Adnitere
2443 3126 2576 3181 ergo
2623 3119 2680 3166 et
2720 3111 2902 3165 labora
2945 3121 2999 3166 et
3041 3115 3383 3184 passionibus
3416 3122 3468 3170 te
3491 3117 3740 3187 suhjice,

2142 3210 2202 3256 ut
2243 3203 2493 3259 omnibus
2532 3205 2598 3259 ad
2641 3205 2887 3259 notitiam
2928 3204 3140 3260 deferas
3181 3206 3271 3260 illa
3301 3222 3420 3276 quae
3442 3223 3543 3278 pro
3571 3209 3744 3264 nobis

454 3275 601 3330 bium
650 3285 772 3342 est,
823 3255 1154 3346 dixissetque
1197 3293 1215 3325 ‹
1253 3273 1318 3328 Ει
1363 3275 1669 3343 requiescet
1711 3289 1874 3344 super
1914 3289 2037 3329 eum

2153 3255 2194 3256 η
2934 3255 3138 3260 μνη---
3305 3255 3419 3276 Ἰ-..
3445 3255 3539 3278 τη
3573 3255 3742 3264 -.ν-,η

2144 3302 2270 3348 sunt
2308 3295 2636 3366 dispensata.
2686 3295 2815 3350 Vult
2857 3306 3037 3351 autem
3079 3299 3278 3361 dicere,
3321 3301 3576 3368 quoniam
3613 3317 3742 3354 ma-

453 3365 677 3434 spiritus
721 3365 968 3431 Domini,
1021 3365 1245 3435 spiritus
1286 3364 1563 3433 sapientiae
1604 3372 1660 3418 et
1702 3363 2041 3432 intellectus,

453 3456 680 3524 spiritus
723 3456 937 3511 consilii
981 3463 1038 3512 et
1079 3454 1437 3520 fortitudinis,
1464 3455 1690 3525 Spiritus
1714 3456 1955 3511 scientiae
1987 3464 2044 3512 et

455 3546 674 3616 pietatis
703 3545 839 3618 (Isa.
869 3547 972 3620 xi),
1005 3567 1024 3600 ι
1072 3547 1365 3604 novissime
1408 3547 1555 3602 velut
1598 3549 1856 3618 quiddam
1900 3565 2041 3620 pra:-

453 3637 672 3705 cipuum
709 3637 891 3692 intulit
935 3637 1154 3706 dicens,
1210 3657 1228 3689 ι
1261 3639 1330 3694 Et
1377 3638 1606 3710 replebit
1649 3655 1774 3694 eum
1818 3639 2042 3710 spiritus

453 3729 664 3785 timoris
705 3730 939 3786 Domini.
997 3751 1016 3784 ›
1080 3733 1141 3786 1η
1180 3747 1287 3802 quo
1329 3733 1584 3804 primitus
1624 3731 1754 3788 illud
1796 3741 1880 3787 est
1917 3732 2040 3787 dili-

453 3823 666 3894 gentius
689 3823 1028 3891 intuendum,
1072 3825 1218 3895 quod
1257 3840 1362 3880 non
1400 3825 1620 3892 dixerit,
1648 3834 1704 3880 et
1734 3825 2042 3895 requiescet

451 3928 615 3983 super
649 3929 774 3969 eum
817 3914 1052 3986 Spiritus
1093 3917 1304 3972 timoris
1347 3917 1596 3982 Domini,
1642 3917 1784 3972 sicut
1825 3917 1892 3972 de
1933 3917 2041 3972 illis

449 4004 724 4074 prioribus
771 4005 1024 4074 dixerat,
1083 4007 1180 4064 sed
1222 4027 1240 4060 ι
1286 4008 1515 4079 replebit
1553 4021 1678 4063 eum
1707 4049 1721 4074 ,
1758 4027 1776 4059 ι
1824 4008 2036 4077 inquit,

457 4115 476 4148 ι
509 4099 732 4168 spiritus
777 4100 988 4157 timoris
1026 4101 1284 4157 Domini:
1319 4121 1339 4154 ι
1392 4111 1542 4156 tanta
1585 4102 1730 4156 enim
1775 4101 2039 4156 ubertatis

451 4190 569 4260 ejus
613 4202 698 4248 est
739 4195 1092 4265 magnitudo,
1155 4203 1216 4250 ut
1275 4211 1439 4267 quem
1477 4195 1644 4250 semel
1693 4210 1788 4249 sua
1838 4195 2038 4249 virtute

451 4283 782 4353 possiderit,
833 4301 940 4340 non
988 4294 1240 4356 partem,
1296 4287 1388 4341 sed
1432 4293 1599 4341 totam
1650 4284 1766 4354 ejus
1811 4293 2040 4356 occupet

451 4384 709 4429 mentem.
757 4373 869 4430 Nec
905 4376 1199 4442 immerito,
1243 4376 1320 4430 illi
1358 4376 1559 4431 etenim
1604 4391 1725 4445 quae
1760 4392 2037 4447 nunquam

449 4467 659 4521 excedit
699 4467 977 4524 cohaerens
1015 4468 1290 4534 charitati,
1337 4483 1446 4524 non
1487 4467 1661 4524 solum
1699 4468 1904 4538 replet,
1942 4468 2037 4524 sed

454 4557 615 4611 etiam
641 4568 899 4629 perpetua
925 4569 979 4614 et
1001 4559 1346 4630 inseparabili
1370 4573 1492 4614 eum
1511 4600 1524 4624 ,
1548 4572 1707 4629 quem
1749 4559 2033 4629 carpserit,

389 4679 396 4690 ι
448 4651 686 4718 possidet
719 4650 970 4722 jugitate,
1013 4652 1175 4707 nullis
1215 4652 1412 4706 laetitia:
1455 4650 1785 4720 temporalis,
1826 4650 1907 4705 vel
1935 4664 2031 4704 vo-

453 4745 714 4815 luptatum
753 4747 1206 4803 oblectationibus
1243 4749 1580 4812 imminutus,
1611 4747 1753 4817 quod
1784 4763 2028 4801 nonnun-

448 4850 609 4905 quam
638 4835 713 4888 illi
741 4837 832 4904 qui
857 4836 992 4893 foris
1017 4838 1250 4892 mittitur
1274 4839 1454 4893 timori
1486 4839 1704 4893 evenire
1727 4820 2028 4894 consuevit.

447 4924 548 4979 Hic
605 4933 688 4980 est
749 4927 912 4997 igitur
950 4928 1300 4998 perfectionis
1355 4929 1540 4995 timor,
1590 4943 1696 4998 quo
1739 4929 1902 4983 homo
1939 4928 2032 4985 ille

448 5014 794 5078 Dominicus,
860 5016 954 5085 qui
1015 5032 1121 5072 non
1185 5017 1358 5073 solum
1421 5019 1686 5073 redimere
1733 5019 2027 5074 humanum

449 5127 640 5183 genus,
675 5111 768 5166 sed
806 5113 971 5168 etiam
1007 5116 1252 5186 prazbere
1281 5123 1508 5174 venerat
1544 5113 1893 5184 perfectionis
1923 5114 2033 5168 for-

451 5221 619 5274 mam,
646 5215 810 5277 atque
849 5210 1096 5280 exempla
1137 5211 1419 5276 virtutum,
1449 5208 1686 5279 repletus
1717 5207 1883 5263 fuisse
1911 5224 2036 5262 nar-

448 5308 626 5367 ratur,
680 5300 829 5354 illum
874 5302 1017 5356 enim
1064 5303 1312 5358 servilem
1353 5300 1740 5372 suppliciorum
1780 5300 2029 5354 timorem

446 5407 608 5447 verus
647 5393 740 5447 Dei
785 5393 946 5460 filius,
993 5395 1083 5464 qui
1125 5404 1407 5466 peccatum
1434 5409 1544 5448 non
1579 5393 1708 5448 fecit
1749 5407 1850 5447 nec
1879 5391 2032 5448 dolus

448 5485 701 5540 iuventus
728 5493 810 5541 est
842 5485 896 5540 in
931 5502 1026 5542 ore
1053 5485 1190 5555 ejus.
1223 5486 1424 5542 habere
1449 5501 1561 5540 non
1589 5483 1786 5554 potuit.
1828 5483 2032 5538 Deinde

447 5575 514 5630 ad
543 5577 924 5632 verecundiam
955 5595 1078 5634 eum
1110 5579 1348 5632 invitans
1376 5575 1598 5644 adjicit:

523 5690 542 5722 ι
585 5669 704 5725 Noli
764 5671 948 5742 itaque
1002 5673 1330 5728 erubescere
1392 5669 1764 5725 testimonium
1818 5667 2032 5722 Domini

345 5824 354 5829 _
455 5779 475 5812 ι
507 5763 677 5816 nostri
721 5761 849 5818 Jesu
895 5762 1137 5826 Christi,
1191 5775 1368 5831 neque
1412 5776 1500 5815 me
1544 5760 1784 5815 vinctum
1830 5758 1965 5828 ejus.
2007 5777 2025 5809 ι

454 5849 587 5908 Nam
622 5853 771 5910 valde
806 5869 930 5910 eum
967 5855 1036 5910 ad
1059 5853 1443 5910 verecundiam
1483 5852 1538 5908 in
1579 5853 1728 5909 hisce
1765 5851 1925 5908 dictis
1951 5860 2032 5906 at-

2141 3403 2306 3458 gnum
2347 3397 2431 3444 est
2473 3388 2823 3460 Evangelium
2855 3406 2867 3440 :
2907 3389 3082 3444 virtus
3121 3389 3266 3444 enim
3307 3399 3390 3444 est
3433 3389 3528 3444 Dei
3559 3392 3612 3445 in
3638 3407 3738 3458 eo,

2142 3477 2234 3546 qui
2263 3476 2492 3531 salvavit
2527 3491 2650 3542 nos,
2691 3485 2747 3531 et
2774 3477 2987 3533 vocavit
3024 3478 3079 3532 in
3117 3478 3545 3534 sanctificatione
3584 3471 3638 3534 et
3677 3482 3736 3536 in

2142 3566 2508 3637 incorruptela
2538 3567 2656 3632 illa,
2701 3583 2862 3638 quam
2895 3577 3301 3637 exspectamus,
3340 3569 3486 3639 quod
3515 3582 3572 3624 et
3602 3569 3737 3626 fecit

2140 3673 2250 3712 non
2271 3658 2340 3712 ob
2355 3667 2600 3712 nostrum
2615 3659 2891 3724 meritum,
2908 3660 3001 3714 sed
3018 3660 3088 3714 ob
3103 3675 3256 3715 suam
3274 3660 3732 3716 misericordiam.

2141 3747 2271 3802 Tale
2297 3757 2380 3802 est
2401 3748 2530 3802 illud
2555 3749 2698 3818 quod
2725 3751 2927 3805 dictum
2950 3761 3036 3806 est
3057 3751 3124 3805 ad
3145 3750 3419 3807 Romanos
3443 3752 3625 3823 (Rom.
3649 3753 3729 3822 ι);

2147 3859 2164 3894 ι
2201 3842 2311 3897 Nec
2353 3843 2498 3896 enim
2528 3844 2792 3899 erubesco
2830 3844 3201 3915 Evangelium,
3231 3845 3407 3900 virtus
3445 3846 3596 3900 enim
3631 3847 3732 3900 Dei

2139 3941 2223 3988 est
2254 3935 2310 3989 in
2341 3934 2569 3988 salutem
2607 3935 2755 3990 omni
2793 3937 3055 3991 credenti.
3091 3957 3110 3990 ι
3163 3937 3373 3992 Labora
3403 3953 3536 4009 ergo
3565 3938 3736 4009 digne

2137 4040 2238 4095 pro
2295 4026 2669 4097 magnitudine
2720 4028 3111 4097 promissorum
3164 4030 3452 4084 bonorum.
3517 4029 3733 4086 Deinde

2138 4117 2431 4172 ostendens
2452 4117 2731 4188 Evangelii
2755 4121 3204 4190 magnitudinem,
3221 4130 3278 4177 et
3299 4121 3467 4177 etiam
3497 4123 3566 4177 de
3586 4124 3722 4178 anti-

2137 4210 2350 4278 quitate
2375 4209 2492 4264 vult
2521 4209 2652 4263 illud
2683 4211 2966 4277 extollere,
2995 4213 3073 4268 ait
3099 4213 3243 4268 enim
3268 4231 3282 4267 :
3315 4231 3333 4264 ι
3367 4214 3434 4268 Et
3462 4217 3694 4286 gratiam
3713 4257 3731 4282 ,

2143 4321 2161 4353 ι
2193 4317 2314 4372 quae
2343 4301 2466 4356 data
2498 4312 2581 4356 est
2608 4302 2785 4368 nobis,
2819 4303 2874 4357 in
2898 4303 3117 4360 Christo
3144 4304 3294 4370 Jesu,
3321 4313 3446 4359 ante
3478 4315 3728 4377 tempora

2143 4410 2162 4444 ι
2196 4390 2495 4457 saecularia,
2527 4391 2870 4448 manifestata
2901 4405 2986 4450 est
3011 4401 3192 4449 autem
3219 4411 3364 4450 nunc
3389 4411 3490 4466 per
3517 4396 3732 4456 illumi-

2143 4501 2163 4536 ‹
2195 4483 2470 4538 nationem
2502 4485 2786 4541 salvatoris
2815 4486 2987 4540 nostri
3012 4486 3138 4542 Jesu
3165 4485 3390 4542 Christi.
3423 4507 3442 4540 ι
3491 4486 3549 4542 Si
3578 4488 3727 4542 enim

2137 4577 2287 4633 exitu
2325 4578 2661 4649 negotiorum
2708 4594 2906 4634 novum
2953 4594 3072 4634 esse
3120 4581 3450 4651 perspicitur
3479 4580 3730 4652 Evange—

2138 4670 2292 4734 lium,
2329 4669 2423 4724 sed
2456 4670 2682 4725 arbitrio
2714 4671 2970 4726 donantis
3001 4672 3282 4741 antiquum
3313 4680 3414 4726 est.
3461 4670 3600 4726 Nam
3633 4673 3732 4727 du-

2137 4759 2264 4814 dum
2313 4761 2427 4814 hzec
2472 4759 2525 4814 in
2551 4759 2768 4814 Christo
2814 4760 2931 4815 fieri
2977 4761 3300 4831 probaverat
3351 4760 3533 4827 Deus;
3581 4777 3730 4816 nunc

2137 4865 2266 4920 ergo
2295 4850 2511 4921 quando
2551 4849 2956 4920 ipse‘Christus
2996 4850 3152 4905 nobis
3177 4852 3428 4922 apparuit
3464 4852 3520 4905 in
3559 4866 3727 4922 opere

2137 4939 2267 4995 illud
2293 4941 2586 5010 produxit;
2641 4949 2698 4996 et
2745 4941 3171 5012 magnitudinem
3213 4941 3428 4996 illorum
3453 4942 3727 4997 bonorum

2137 5046 2256 5101 quae
2288 5046 2388 5101 pro
2417 5031 2571 5085 nobis
2611 5031 2827 5085 fuerant
2863 5031 3192 5101 dispensata,
3236 5032 3304 5085 ad
3345 5029 3722 5085 confirmatio-

2133 5137 2259 5178 nem
2310 5121 2607 5192 Evangelii,
2642 5120 2866 5190 adjicit:
2922 5140 2942 5173 ί
2991 5121 3094 5188 Qui
3138 5121 3410 5176 destruxit
3458 5121 3678 5191 quidem
3705 5162 3721 5185 ,

2142 5229 2162 5262 ι
2195 5218 2445 5276 mortem,
2478 5209 2802 5293 illuminavit
2839 5218 3022 5266 autem
3052 5195 3241 5277 vitam,
3269 5218 3324 5265 et
3353 5210 3721 5280 incorruptio-

2141 5323 2159 5355 ε
2194 5318 2317 5357 nem
2336 5317 2433 5372 per
2455 5303 2824 5374 Evangelium.
2849 5321 2868 5354 ι
2886 5301 3020 5368 Hoc,
3045 5303 3237 5372 inquit,
3259 5301 3390 5358 fecit
3413 5320 3427 5356 :
3453 5303 3726 5357 destruxit

2134 5394 2354 5465 quidem
2380 5401 2633 5459 mortem,
2663 5393 2831 5447 vitam
2861 5410 2992 5450 vero
3023 5394 3312 5463 quamdam
3341 5393 3500 5448 nobis
3527 5407 3722 5446 novam

2139 5484 2430 5550 revelavit,
2463 5500 2584 5554 qum
2629 5485 2776 5539 omni
2837 5485 3005 5540 libera
3053 5493 3138 5540 est
3191 5484 3522 5554 corruptela.
3577 5483 3722 5538 Talis

2139 5574 2285 5631 enim
2323 5583 2407 5630 est
2443 5574 2532 5629 illa
2561 5575 2672 5628 vita
2693 5617 2708 5642 ,
2753 5591 2914 5646 quam
2943 5591 3041 5646 per
3069 5576 3523 5631 resurrectionem
3564 5575 3724 5630 nobis

2141 5667 2307 5722 tribui
2335 5675 2742 5736 exspectamus.
2774 5667 2842 5721 Et
2866 5669 3122 5738 quoniam
3153 5666 3482 5723 sufficienter
3513 5665 3727 5737 magni-

2141 5756 2382 5811 tudinem
2412 5757 2722 5827 dogmatum
2773 5759 2827 5812 in
2874 5756 3123 5811 eumdem
3174 5757 3436 5821 incitavit,
3492 5753 3720 5823 adjicit:

2149 5869 2166 5902 ι
2201 5850 2258 5905 in
2299 5863 2406 5920 quo
2441 5849 2648 5918 positus
2687 5863 2808 5905 sum
2845 5864 2946 5920 ego
2981 5837 3304 5920 praedicator
3336 5848 3632 5920 Apostolus
3669 5855 3724 5900 et
