3992 6338
287 369 393 431 641

757 364 1307 425 ENARRATIONUM
1341 364 1409 425 ιΝ
1447 364 1598 423 EPP.
1634 361 1844 422 PAULI
1882 358 2011 419 LIB.
2051 357 2243 417 XXIV.
2285 387 2356 402 --
2392 355 2462 418 IN
2500 353 2718 415 EPIST.
2754 357 2801 417 ll
2832 355 2927 417 AD
2961 356 3103 414 TIM.

3457 356 3565 415 διε

293 498 318 535 ι
353 478 618 552 magister
644 477 906 550 gentium.
939 496 960 530 ι
1016 477 1084 533 Ει
1113 486 1174 533 ιιι
1201 479 1270 534 ad
1294 477 1702 534 similitudinem
1730 474 1867 530 inci-
1896 476 1948 539 Α
1974 472 2395 544 Onesiphorum,
2423 473 2685 528 hortatur
2728 479 2786 529 et
2827 472 3177 529 Timotheum
3219 486 3349 544 erga
3388 471 3566 541 pieta-

288 580 436 629 taret
463 570 839 637 Timotheum,
871 584 970 641 pro
998 569 1084 625 his
1104 611 1120 638 ,
1162 570 1373 641 inquit,
1413 585 1512 642 ego
1546 569 1876 626 mnstitutus

1978 572 2088 621 tem
2135 563 2465 636 diligentiam
2515 563 2795 620 adhibere.
2867 562 3022 619 Unde
3067 570 3124 618 et
3168 562 3275 619 hoc
3332 562 3391 617 in
3446 563 3568 618 loco

286 679 415 723 sum
445 662 755 735 Apostolus,
788 662 864 717 ita
894 670 953 716 ut
981 671 1037 718 et
1064 670 1121 717 tu
1152 663 1268 718 haec
1295 663 1370 717 ita
1399 677 1565 733 agens
1600 661 1875 734 particeps
1974 657 2187 730 posuit,
2221 676 2241 709 ι
2272 665 2329 714 ει
2356 664 2606 713 catenam
2652 670 2830 712 meam
2871 668 2982 711 non
3025 654 3274 720 erubuit,
3305 673 3324 706 ι
3376 669 3570 711 conse-

283 756 426 813 mihi
455 770 579 812 esse
594 753 862 820 videaris;
884 760 940 809 et
966 752 1109 809 ultra
1136 753 1202 809 de
1230 752 1345 809 suis
1363 752 1612 808 eumdem
1638 750 1880 824 plenarie

285 848 615 914 adhortans,
647 842 853 916 adjicit.
889 864 911 898 «η
952 844 1035 902 0b
1066 862 1228 917 quam
1258 861 1476 902 causam
1519 846 1637 901 haec
1676 845 1877 918 patior,

285 943 387 999 sed
412 958 522 998 non
545 939 868 998 confundor.
890 961 910 995 ι
942 938 1087 997 Bene
1108 941 1287 1013 posuit
1318 960 1336 992 t
1368 956 1475 996 non
1505 938 1833 1008 confundor,
1854 960 1874 993 ι

285 1035 419 1107 quia
455 1043 511 1090 et
538 1034 595 1090 in
623 1032 991 1105 superioribus
1018 1033 1229 1089 dixerat
1256 1031 1328 1087 ad
1357 1048 1481 1088 eum
1501 1072 1518 1099 ,
1561 1050 1580 1083 ι
1612 1049 1720 1087 non
1752 1046 1882 1103 ergo

285 1128 622 1191 erubescas,
677 1146 697 1178 ›
757 1132 813 1182 ει
862 1126 1156 1182 ostendens
1196 1125 1455 1197 quoniam
1484 1124 1634 1196 justa
1672 1124 1884 1181 ratione

286 1219 453 1277 docet
485 1233 593 1291 non
620 1218 977 1285 erubescere,
1021 1216 1137 1272 ait:
1170 1236 1190 1269 ι
1223 1216 1351 1272 Scio
1397 1215 1486 1272 cui
1531 1214 1777 1283 credidi,
1828 1224 1884 1271 et

290 1326 313 1361 ι
348 1318 538 1366 εει-ωε
565 1323 685 1365 sum
714 1308 843 1379 quia
869 1315 1067 1379 potens
1104 1314 1189 1362 est
1218 1305 1522 1376 depositum
1560 1321 1742 1361 meum
1770 1319 1885 1361 ser-

290 1422 311 1457 i
345 1419 485 1459 vare
510 1402 568 1458 in
598 1398 753 1457 illum
780 1401 945 1457 diem.
979 1420 999 1454 ι
1041 1399 1182 1457 Nam
1206 1408 1263 1456 et
1288 1399 1480 1467 valde,
1509 1399 1719 1472 inquit,
1754 1414 1879 1456 cer-

287 1506 378 1553 tus
403 1508 526 1553 sum
547 1496 803 1567 quoniam
832 1497 925 1567 qui
945 1510 1042 1566 spe
1061 1494 1373 1552 futurorum
1399 1494 1621 1549 arrham
1660 1492 1884 1565 spiritus

285 1592 449 1664 quasi
469 1589 763 1661 quamdam
786 1588 1315 1645 commendationem
1341 1586 1477 1643 mihi
1506 1586 1676 1653 dedit,
1707 1594 1884 1641 custo-

286 1684 407 1740 diet
433 1684 576 1740 hanc
601 1682 936 1751 inviolatam,
970 1691 1029 1738 ut
1054 1681 1352 1754 perfectam
1377 1689 1503 1736 tunc
1518 1680 1740 1752 spiritus
1759 1695 1886 1752 gra-

289 1773 427 1828 tiam
456 1772 675 1843 assequi
702 1772 992 1843 possimus,
1027 1772 1083 1827 in
1112 1786 1218 1843 qua
1248 1778 1344 1842 spe
1373 1771 1443 1826 ad
1473 1785 1714 1841 praesens
1745 1770 1885 1825 hanc

1981 760 2210 824 quenter
2234 751 2338 807 ista
2362 751 2547 822 junxit
2572 748 2681 806 illis
2717 763 2838 819 qua:
2868 747 2937 803 ad
2984 745 3101 817 ejus
3132 745 3567 802 exhortationem

1983 843 2214 911 dixerat,
2227 842 2307 899 Ne
2328 858 2459 915 ergo
2479 843 2773 899 erubescas
2795 839 3165 897 testimonium
3184 834 3398 893 Domini
3416 851 3570 905 ;con-

1979 936 2154 994 ﬁdens
2176 951 2307 994 vero
2331 937 2397 994 de
2421 936 2752 1009 procedente
2776 932 3177 998 exhortatione,
3205 930 3410 1003 adjicit.

2608 1044 2837 1103 CAPUT
2873 1042 2939 1100 ΙΙ.
2962 1086 2973 1107 τ

1980 1161 2246 1220 Sollicitat
2272 1159 2554 1233 Apostolus
2577 1156 2906 1213 Timotheum
2929 1153 2999 1211 ad
3020 1149 3418 1233 exsequendum.
3433 1165 3573 1233 prte-

2052 1221 2332 1375 ?icationis'
2369 1230 2593 1303 ofﬁcium
2611 1269 2628 1296 ,
2679 1244 2742 1283 ac
2791 1234 2964 1283 monet
3002 1221 3262 1295 juvenilia
3308 1221 3572 1277 desideria

2079 1320 2255 1375 agere.

2079 1320 2255 1376 agere.

2057 1436 2080 1471 ι
2111 1418 2195 1474 Tu
2222 1431 2375 1490 ergo,
2404 1415 2480 1471 ﬁli
2507 1414 2603 1482 mi,
2633 1410 2947 1470 confortare
2976 1408 3032 1464 in
3057 1407 3250 1481 gratia.
3273 1419 3395 1476 quae
3413 1412 3499 1460 est
3518 1403 3573 1458 in

1989 1533 2009 1565 ι
2042 1511 2262 1569 Christo
2299 1508 2466 1574 Jesu,
2514 1514 2571 1563 et
2613 1519 2734 1577 qua:
2775 1502 2977 1561 audisti
3022 1516 3055 1555 a
3105 1515 3194 1556 me
3239 1513 3338 1569 per
3376 1495 3576 1555 multos

1989 1624 2008 1658 ι
2043 1612 2212 1661 testes
2235 1644 2252 1669 ,
2298 1601 2416 1657 haec
2451 1596 2769 1656 commenda
2798 1593 3047 1649 ﬁdelibus
3088 1589 3436 1655 hominibus,
3483 1585 3576 1656 qui

1988 1716 2008 1749 ι
2042 1695 2223 1752 idonei
2252 1701 2415 1761 erunt
2437 1700 2493 1748 et
2517 1690 2653 1747 alios
2679 1688 2896 1744 docere.
2925 1704 2947 1738 ι
2993 1681 3224 1755 (Ambr.)
3254 1679 3418 1737 Omni
3445 1691 3577 1749 ergo

1984 1803 2055 1843 ex
2083 1799 2249 1843 causa
2274 1782 2504 1854 gratiam
2533 1779 2701 1842 illam,
2735 1791 2857 1847 quae
2890 1775 3014 1830 data
3041 1780 3127 1833 est
3150 1770 3251 1843 tibi
3282 1786 3315 1824 a
3336 1766 3577 1832 Christo,

288 1865 521 1936 spiritus
553 1866 787 1936 gratiam
816 1873 877 1921 ιιι
903 1866 1124 1921 arrham
1163 1864 1400 1922 assecuti
1430 1879 1639 1920 sumus.
1675 1860 1880 1936 (στερο)
1911 1855 1959 1917 Β
1984 1877 2056 1935 ob
2084 1876 2315 1932 aliorum
2352 1873 2646 1930 utilitatem
2683 1868 2845 1925 rebus
2873 1866 3009 1937 ipsis
3031 1862 3301 1921 ostende:
3343 1856 3580 1918 studium

290 1956 483 2013 Sancti
528 1956 696 2027 igitur
720 1956 826 2011 viri
870 1962 1005 2028 quot
1048 1955 1264 2013 labores
1309 1971 1456 2012 nunc
1484 1954 1699 2011 veritati
1738 1969 1886 2010 com:

290 2049 618 2103 mendantes
646 2046 939 2115 exhibent,
985 2054 1067 2102 tot
1091 2046 1259 2102 etiam
1288 2044 1746 2102 remunerationis
1774 2059 1889 2099 suae

289 2140 529 2211 pignora
570 2139 719 2195 intra
760 2140 876 2211 spei
918 2138 1228 2196 cubiculum
1258 2139 1476 2195 clausas
1522 2147 1747 2203 tenent,
1794 2137 1890 2205 sed

290 2232 480 2303 gravis
504 2246 651 2286 nunc
677 2231 913 2287 sentitur
941 2236 1108 2287 metus
1141 2230 1197 2285 in
1228 2243 1392 2302 opere
1417 2270 1433 2295 ,
1479 2238 1541 2284 ut
1567 2228 1889 2300 quandoque

290 2320 648 2392 refrigerium
672 2320 1011 2392 percipiatur
1033 2335 1100 2376 ex
1133 2320 1335 2391 quiete.

374 2434 394 2466 ι
428 2413 687 2469 Formam
722 2413 893 2469 habes
927 2427 1185 2469 sanorum
1214 2413 1538 2481 verborum,
1579 2428 1698 2484 quae
1736 2429 1767 2468 a
1804 2428 1893 2469 me

298 2523 322 2558 ε
359 2503 599 2570 audisti,
646 2504 704 2559 in
750 2503 858 2559 ﬁde
903 2511 960 2560 et
1006 2503 1293 2559 dilectione
1335 2504 1393 2559 in
1436 2503 1656 2560 Christo
1681 2503 1830 2560 Jesu.
1865 2524 1886 2557 ι

300 2595 539 2669 (Amen)
560 2595 769 2652 Memor
795 2604 915 2652 esto
927 2595 1191 2652 doctrinae
1223 2611 1378 2663 meae,
1407 2604 1463 2653 et
1488 2612 1679 2653 eorum
1706 2613 1829 2669 quae
1859 2611 1892 2650 a

292 2704 392 2745 me
418 2703 562 2760 saepe
591 2688 815 2755 audisti,
843 2689 1057 2747 dicente
1087 2691 1187 2746 tibi
1216 2690 1284 2746 de
1335 2690 1441 2746 ﬁde
1470 2688 1562 2745 illa
1590 2706 1755 2761 quam
1779 2690 1893 2748 Deo

292 2780 568 2861 exhibere
599 2778 880 2847 debemus,
910 2789 967 2837 et
993 2780 1262 2836 charitate
1307 2779 1418 2849 illa,
1450 2797 1570 2852 quae
1597 2781 1894 2837 secundum

295 2873 583 2931 Christum
611 2883 715 2930 est.
771 2873 919 2931 Bene
963 2883 1146 2931 autem
1194 2874 1365 2943 dim,
1400 2893 1420 2927 t
1450 2872 1685 2931 formam
1722 2873 1898 2932 habes

298 2967 580 3025 doctrian
611 2983 767 3024 mete.
814 2988 835 3021 ι
898 2968 1105 3025 Deinde
1148 2968 1294 3040 quod
1341 2968 1478 3025 dixit
1527 2969 1594 3025 de
1642 2983 1741 3036 se,
1790 2970 1898 3025 hec

296 3060 475 3116 etiam
504 3069 561 3115 et
599 3058 678 3115 illi
708 3060 901 3115 suadet
926 3059 1214 3116 consilium
1245 3059 1379 3115 dans
1408 3057 1479 3113 ei.
1512 3077 1532 3110 ι
1562 3056 1774 3114 Bonum
1803 3060 1899 3115 de-

305 3169 329 3202 ι
360 3149 605 3221 positum
625 3149 835 3205 custodi
863 3164 962 3219 per
980 3147 1244 3219 Spiritum
1271 3155 1542 3213 sanctum,
1565 3146 1658 3219 qui
1686 3148 1899 3204 habitat

1986 1979 2140 2026 tuum
2168 1968 2244 2024 sit
2282 1973 2346 2023 ut
2380 1979 2572 2030 omne,
2612 1961 2975 2034 quodcunque
3003 1970 3261 2029 magnum
3289 1962 3410 2021 est,
3457 1966 3584 2008 cum

1985 2058 2353 2118 sollicitudine
2377 2056 2509 2113 illud
2531 2071 2681 2128 agas,
2707 2063 2762 2110 et
2788 2067 2909 2124 qua:
2933 2067 2965 2106 a
2990 2064 3079 2107 me
3105 2047 3305 2105 audisti
3330 2046 3579 2116 frequen-

1987 2162 2096 2220 ter,
2117 2153 2249 2209 dum
2274 2151 2411 2207 alios
2438 2151 2712 2215 docerem;
2744 2147 2849 2202 hoc
2876 2144 3021 2201 enim
3049 2142 3183 2199 dicit
3209 2159 3229 2194 ι
3260 2154 3359 2212 per
3387 2137 3580 2195 multos

1990 2252 2176 2309 testes,
2209 2262 2230 2295 ι
2258 2243 2376 2297 haec
2394 2248 2683 2312 propterea
2707 2247 2764 2294 et
2785 2236 2902 2308 ipse
2923 2235 3140 2302 docere,
3164 2248 3274 2289 non
3295 2228 3585 2303 quoslibet,

1989 2338 2091 2395 sed
2114 2351 2254 2407 quos
2279 2334 2493 2390 discere
2518 2332 2623 2388 ista
2645 2330 2868 2387 idoneos
2892 2327 3215 2383 existimans
3233 2323 3325 2394 qui
3351 2321 3585 2394 poterint

1989 2426 2203 2482 lucrum
2235 2426 2428 2481 horum
2459 2432 2516 2479 et
2544 2422 2600 2478 in
2627 2421 2766 2476 alios
2792 2417 3058 2491 proferre.
3092 2415 3297 2473 Deinde
3325 2424 3384 2470 et
3405 2426 3581 2468 exem-

1988 2518 2082 2593 plo
2106 2534 2231 2576 eum
2260 2519 2560 2574 adhortans
2585 2515 2752 2571 dicit:
2778 2532 2797 2565 t
2820 2512 3039 2571 Labora
3063 2510 3209 2567 sicut
3228 2510 3405 2565 bonus
3430 2506 3589 2563 miles

1992 2609 2051 2667 in
2088 2610 2308 2666 Christo
2346 2607 2495 2665 Jesu.
2527 2628 2547 2661 ι
2600 2606 2822 2662 Imitare
2863 2603 3067 2659 milites
3115 2601 3273 2658 istius
3309 2598 3495 2657 saeculi
3531 2604 3586 2654 et

1992 2701 2222 2758 militem
2251 2708 2307 2757 te
2330 2698 2536 2756 Christi
2563 2697 2885 2754 existimans
2912 2709 3073 2751 omne
3101 2692 3248 2764 quod
3275 2693 3468 2747 durum
3503 2696 3588 2744 est

1996 2803 2052 2850 et
2086 2791 2421 2849 laboriosum
2455 2788 2912 2858 contemplatione
2944 2784 3167 2856 pietatis
3218 2781 3365 2839 ferre
3389 2781 3585 2852 depro-

1996 2898 2170 2959 pera;
2216 2891 2274 2940 et
2316 2884 2436 2954 ipso
2462 2880 2713 2952 exemplo
2743 2880 2879 2936 dans
2905 2878 2957 2933 ei
2985 2874 3272 2934 consilium
3297 2915 3313 2941 ,
3363 2872 3587 2942 adjicit:

2005 2997 2024 3030 σ
2055 2976 2227 3033 Nemo
2269 2974 2510 3031 militans
2551 2973 2693 3039 Deo,
2727 2969 2973 3041 implicat
3011 2983 3073 3026 se
3112 2965 3347 3039 negotiis
3373 3006 3390 3032 ,
3433 2972 3497 3020 ut
3537 2963 3590 3019 ei

2007 3084 2027 3120 t
2059 3067 2274 3141 placeat
2322 3066 2412 3121 cui
2439 3080 2499 3121 se
2528 3064 2797 3136 probavit.
2834 3082 2854 3115 ι
2896 3060 3068 3127 Scito,
3096 3059 3307 3130 inquit,
3334 3056 3590 3129 quoniam

2000 3159 2095 3231 qui
2121 3158 2400 3215 voluntate
2430 3157 2572 3213 bona
2613 3156 2668 3213 in
2710 3151 2908 3209 militia
2951 3166 3049 3207 sua
3090 3149 3402 3222 probabiles
3444 3147 3593 3203 inve-

306 3261 329 3294 t
366 3241 422 3296 in
452 3240 630 3297 nobis.
665 3261 685 3293 ι
725 3238 899 3307 Quam
930 3234 1188 3311 accepisti
1218 3240 1451 3312 gratiam
1479 3239 1725 3312 spiritus,
1756 3238 1900 3294 hanc
1925 3227 1972 3292 C
2004 3227 2251 3315 ᾖίυηιυιι,
2279 3247 2515 3304 abomni
2542 3244 2915 3318 negotiatione
2939 3241 3186 3299 saeculari
3212 3241 3420 3312 scim
3446 3239 3599 3296 ωιιί.

303 3330 576 3387 illibatam
617 3330 896 3386 custodire
941 3330 1243 3402 depropera
1291 3330 1657 3387 sollicitudine
1693 3338 1750 3387 et
1780 3329 1900 3387 dili-

304 3423 494 3495 gentia
532 3437 723 3479 eorum
782 3437 905 3494 qua:
941 3423 1304 3489 conveniunt;
1336 3431 1392 3478 et
1420 3420 1619 3479 iterum
1658 3437 1756 3478 sua
1787 3437 1902 3479 me-

304 3528 535 3570 morans
564 3513 758 3570 suadet
802 3514 887 3581 ei,
919 3521 981 3568 ut
1010 3512 1243 3585 impigre
1282 3513 1587 3569 doctrinam
1639 3513 1901 3585 impleat,

305 3605 517 3661 nullius
555 3605 818 3661 momenti
847 3605 1169 3662 existimans
1197 3604 1318 3662 illas
1354 3621 1475 3662 esse
1504 3605 1754 3663 tristitias
1783 3621 1905 3677 quae

304 3708 415 3772 per
463 3696 709 3767 singulos
754 3696 871 3755 dies
918 3697 1170 3755 accidere
1210 3699 1261 3754 ei
1290 3698 1562 3755 videntur.
1601 3718 1619 3749 ι
1654 3697 1774 3755 Scis
1802 3699 1906 3755 hoc

312 3807 337 3843 ι
373 3789 520 3862 quod
545 3789 724 3847 aversi
754 3800 882 3846 sunt
909 3807 942 3846 a
970 3806 1059 3847 me
1083 3805 1274 3847 omnes
1299 3790 1392 3861 qui
1422 3791 1477 3846 in
1505 3789 1635 3846 Asia
1665 3798 1813 3856 sunt,
1838 3807 1905 3846 ex

313 3901 339 3936 σ
373 3882 572 3955 quibus
601 3886 687 3940 est
720 3881 965 3940 Philetus
989 3891 1046 3939 et
1071 3882 1463 3954 Hermogenes.
1500 3902 1520 3937 ο
1562 3883 1677 3940 Ηοε
1704 3884 1760 3938 in
1787 3883 1908 3940 loco

309 3974 608 4032 memorati
632 3988 755 4033 esse
778 3974 1165 4032 existimantur
1185 3975 1277 4045 qui
1306 3974 1637 4031 simulabant
1662 3991 1721 4031 se
1748 3973 1910 4031 ﬁdem

308 4077 530 4136 tenere,
561 4069 655 4141 qui
680 4069 846 4124 etiam
876 4068 935 4124 in
960 4068 1094 4124 Asia
1120 4082 1188 4125 eo
1218 4068 1449 4139 degente
1481 4068 1660 4124 aversi
1689 4076 1817 4124 sunt
1842 4067 1910 4124 ab

309 4178 405 4220 eo.
452 4160 590 4219 Nam
621 4170 677 4220 et
699 4162 847 4219 omni
880 4176 1074 4234 pugna:
1101 4161 1363 4218 exteriori
1402 4163 1623 4235 gravior
1653 4171 1739 4219 est
1771 4163 1913 4218 inte-

311 4253 455 4322 rior,
482 4255 592 4312 hoc
615 4264 722 4324 est,
766 4264 829 4311 ut
868 4256 951 4311 sui
983 4270 1041 4311 se
1064 4253 1391 4327 relinquant.
1426 4250 1593 4323 Nihil,
1625 4255 1722 4322 ait,
1754 4254 1916 4311 debet

314 4352 378 4404 te
439 4348 649 4403 tristem
707 4348 890 4405 facere
952 4364 1022 4406 ex
1084 4348 1192 4406 illis
1245 4364 1366 4420 quae
1424 4349 1679 4405 accidunt
1737 4349 1914 4405 tristi-

318 4441 457 4509 tiis;
522 4452 710 4513 reputa
766 4450 948 4497 autem
996 4441 1087 4497 illa
1134 4457 1256 4513 qua:
1297 4456 1427 4514 erga
1483 4458 1571 4498 me
1624 4441 1801 4509 liunt,
1861 4449 1918 4498 et

318 4539 583 4612 quoniam
612 4539 706 4611 qui
730 4541 983 4596 videntur
1008 4554 1324 4595 communes
1357 4539 1515 4595 nobis
1543 4553 1665 4596 esse
1698 4539 1753 4595 in
1792 4538 1915 4606 ﬁde,

319 4644 518 4687 omnes
546 4645 634 4686 me
661 4631 716 4685 in
740 4629 871 4685 Asia
908 4629 1281 4701 reliquerunt,
1330 4645 1398 4684 ex
1437 4628 1634 4699 quibus
1673 4626 1920 4684 Philetus

321 4732 415 4779 εει
455 4732 510 4779 ει
550 4722 951 4793 Hermogenes:
986 4722 1235 4777 meminit
1273 4729 1457 4777 autem
1503 4722 1697 4775 horum
1740 4719 1917 4774 nomi-

322 4815 504 4869 natim
528 4829 593 4870 eo
614 4815 760 4885 quod
785 4812 926 4870 forte
949 4814 1191 4869 omnium
1215 4812 1452 4869 deterius
1480 4813 1767 4868 arbitrium
1793 4827 1922 4883 erga

323 4909 651 4982 Apostolum
679 4910 737 4965 in
762 4910 1035 4982 Ephesum
1057 4907 1417 4964 ostenderunt
1441 4923 1456 4972 ;
1480 4906 1585 4962 hoc
1606 4905 1828 4976 quidem
1854 4906 1922 4961 ad

327 5000 787 5067 consolationem,
816 5000 1228 5056 instructionem
1256 4996 1394 5052 dixit
1420 4995 1690 5050 Timothei
1714 5036 1729 5062 ,
1777 5003 1832 5051 et
1864 5003 1925 5052 ut

329 5094 712 5167 non~graviter
732 5092 874 5148 ferat
900 5108 1063 5164 super
1091 5091 1198 5147 illis
1224 5089 1483 5155 tristitiis,
1508 5105 1629 5160 quae
1657 5088 1761 5145 sibi
1789 5090 1928 5145 acci-

1999 3340 2130 3396 bent
2154 3380 2170 3405 ,
2222 3354 2390 3410 opere
2432 3353 2532 3394 suo
2578 3344 2792 3393 tantum
2819 3332 3179 3390 intendentes.
3233 3331 3379 3387 Bene
3414 3337 3596 3387 autem

2009 3430 2148 3490 dixit
2173 3475 2188 3501 ,
2225 3453 2244 3485 ι
2272 3432 2518 3505 implicat
2555 3447 2636 3499 se,
2666 3450 2687 3483 ι
2743 3437 2798 3485 et
2823 3427 2979 3485 valde
3004 3424 3231 3499 proprie
3260 3424 3391 3481 illud
3419 3423 3597 3488 dixit,

2001 3542 2069 3584 eo
2094 3527 2241 3598 quod
2270 3525 2360 3581 ille
2387 3525 2482 3597 qui
2514 3524 2638 3580 talis
2666 3531 2783 3589 est,
2814 3529 2870 3577 et
2897 3521 2963 3577 de
3012 3519 3100 3576 his
3129 3518 3369 3575 studium
3399 3515 3561 3575 habet
3580 3555 3595 3581 ,

2003 3634 2107 3675 nec
2132 3620 2414 3674 attendere
2440 3625 2620 3689 potest
2645 3616 2703 3671 in
2728 3614 2944 3680 melius,
2971 3628 3040 3669 eo
3064 3610 3211 3683 quod
3235 3609 3403 3668 semel
3432 3624 3602 3666 saecu-

2006 3708 2213 3763 laribus
2254 3707 2567 3778 implicatus
2606 3714 2709 3761 est.
2763 3702 2968 3759 Deinde
3014 3709 3073 3757 et
3116 3701 3185 3757 ad
3230 3700 3363 3756 illud
3408 3698 3605 3754 transit

2007 3800 2338 3872 exemplum.
2376 3817 2395 3851 ι
2427 3798 2566 3853 Nam
2594 3809 2652 3853 et
2675 3798 2766 3869 qui
2796 3804 2975 3853 certat
2999 3796 3057 3850 in
3084 3808 3280 3867 agone,
3308 3808 3419 3849 non
3447 3806 3604 3849 coro-

2016 3914 2035 3948 ι
2068 3903 2232 3950 natur
2278 3893 2383 3949 nisi
2433 3892 2673 3964 legitime
2718 3890 3029 3947 certaverit.
3062 3909 3082 3942 ι
3146 3889 3217 3945 Et
3265 3888 3485 3958 quidem
3537 3888 3604 3943 ad

2013 3988 2206 4042 beatas
2230 4000 2463 4041 coronas
2492 3984 2707 4053 assequi
2736 3981 3071 4053 impossibile
3094 3989 3200 4046 est,
3216 3980 3262 4037 si
3292 3994 3400 4036 non
3431 3978 3606 4035 solum

2013 4082 2081 4136 ad
2100 4079 2300 4150 jutitiae
2336 4078 2681 4150 disciplinam
2710 4075 3067 4140 intenderint,
3098 4074 3191 4130 sed
3218 4074 3383 4129 etiam
3408 4072 3465 4128 in
3491 4072 3606 4143 ejus

2011 4171 2356 4244 perstiterint
2381 4170 2611 4241 legibus,
2643 4169 2724 4225 sic
2750 4167 2923 4223 multo
2950 4166 3127 4239 magis
3158 4165 3358 4222 decens
3389 4172 3503 4231 est,
3532 4172 3607 4229 te,

2015 4266 2133 4325 sive
2162 4263 2319 4337 quasi
2340 4262 2627 4329 athletam,
2664 4260 2782 4317 sive
2809 4258 2967 4331 quasi
3003 4258 3232 4317 militem
3260 4255 3486 4322 Christi,
3520 4271 3612 4311 co-

2017 4359 2207 4416 hibere
2236 4373 2269 4411 a
2297 4354 2672 4428 corporalibus
2699 4353 2963 4425 negotiis,
3006 4350 3289 4407 intendere
3316 4363 3449 4411 vero
3486 4347 3613 4405 sol-.r

2017 4448 2229 4520 pietati.
2263 4446 2333 4502 Et
2365 4446 2495 4517 quia
2518 4446 2837 4503 exhortatus
2862 4450 2948 4499 est
2974 4457 3121 4508 eum,
3152 4448 3213 4495 ut
3239 4438 3439 4495 nullam
3469 4436 3618 4496 soll'r

2021 4541 2314 4597 citudinem
2338 4538 2406 4599 de
2431 4539 2785 4596 saecularibus
2813 4538 3013 4594 habeat
3040 4533 3295 4607 negotiis.
3320 4535 3419 4593 sed
3444 4545 3503 4593 et
3525 4537 3615 4593 illa

2028 4642 2236 4690 tantum
2281 4634 2529 4690 intendat
2582 4647 2703 4703 qu:e
2742 4632 2811 4686 ad
2842 4628 3131 4684 utilitatem
3173 4626 3453 4697 pertinent
3486 4627 3619 4685 alio-

2024 4744 2147 4783 rum
2169 4767 2185 4794 ,
2229 4726 2532 4783 necessitas
2559 4725 2771 4797 ﬂagitat
2799 4724 3037 4778 humana
3067 4719 3237 4778 etiam
3260 4722 3328 4778 de
3353 4721 3460 4778 illis
3493 4736 3618 4793 per-

2025 4819 2169 4890 quiri
2196 4834 2316 4889 quae
2346 4832 2475 4889 erga
2514 4831 2694 4872 escam
2722 4822 2850 4871 sunt
2872 4822 2930 4868 et
2978 4811 3379 4869 indumentum.
3410 4811 3616 4886 (Greg.)

2025 4909 2313 4982 Angelicos
2340 4924 2471 4965 vero
2515 4908 2741 4979 spiritus
2788 4911 2941 4962 recte
2983 4904 3085 4963 Dei
3130 4904 3330 4963 milites
3365 4905 3617 4972 dicimus,

2027 5000 2155 5071 quia
2204 5000 2485 5055 decertare
2536 5014 2630 5054 eos
2680 5004 2875 5052 contra
2926 5003 3227 5068 potestates
3274 5011 3465 5053 aereas
3514 5012 3622 5053 non

2034 5088 2390 5161 ignoramus,
2423 5104 2545 5160 quae
2588 5096 2769 5143 tamen
2798 5089 3099 5143 certamina
3126 5102 3237 5145 non
3261 5087 3481 5155 labore,
3530 5088 3625 5144 sed

332 5187 493 5243 dunt.
546 5186 857 5259 Adhortans
905 5199 1035 5239 vero
1081 5198 1209 5238 eum
1258 5181 1326 5236 ad
1373 5179 1637 5247 meliora,
1686 5180 1938 5236 meminit
2034 5179 2266 5252 imperio
2314 5188 2581 5251 peragunt
2619 5196 2633 5234 :
2689 5178 2819 5249 quia
2868 5179 3128 5250 quidquid
3178 5179 3386 5250 agendo
3436 5188 3624 5236 contra

335 5279 509 5336 etiam
538 5279 684 5335 illius
712 5279 803 5349 qui
840 5274 1103 5336 dissimile
1142 5275 1433 5332 arbitrium
1478 5274 1692 5341 habuit,
1716 5280 1771 5330 et
1813 5273 1933 5329 ait:

2038 5270 2348 5326 immundos
2377 5269 2601 5340 spiritus
2631 5277 2897 5340 appetunt
2921 5283 2992 5325 ex
3017 5268 3286 5340 adjutorio
3314 5276 3512 5325 cuncta
3536 5283 3626 5326 re-

346 5389 367 5421 i
400 5370 507 5426 Det
552 5370 981 5426 misericordiam
1028 5368 1291 5425 Dominus
1340 5364 1667 5436 Onesiphori
1712 5365 1937 5433 domui,
2040 5362 2216 5437 gentis
2238 5368 2485 5433 possunt.
2518 5360 2595 5415 De
2619 5360 2721 5415 hac
2741 5375 2980 5430 namque
3002 5358 3196 5415 militia
3219 5366 3630 5430 nascenterege

346 5482 371 5519 ι
404 5465 533 5536 quia
559 5478 701 5536 saepe
728 5478 813 5521 me
834 5461 1211 5535 refrigeravit,
1248 5469 1304 5517 et
1328 5468 1577 5517 catenam
1607 5473 1785 5514 meam
1828 5473 1939 5517 non
2040 5461 2228 5513 nostro
2256 5451 2516 5523 scriptum
2547 5458 2632 5506 est
2658 5469 2670 5505 :
2705 5471 2726 5504 ι
2761 5450 2952 5509 Subito
2982 5449 3128 5507 facta
3157 5458 3246 5508 est
3278 5464 3404 5506 cum
3439 5446 3631 5519 angelo

349 5570 377 5613 ι
406 5558 667 5623 erubuit,
713 5556 809 5614 sed
837 5572 959 5612 cum
988 5554 1220 5611 Romam
1247 5552 1530 5616 venisset,
1575 5548 1809 5605 sollicite
1851 5562 1942 5605 me
2045 5544 2333 5602 multitudo
2361 5543 2567 5599 militia:
2593 5542 2838 5604 catlestis
2861 5540 3016 5616 (Luc.
3041 5541 3131 5615 ιι),
3159 5561 3179 5596 ι
3205 5538 3295 5598 cui
3318 5547 3503 5595 tamen
3531 5537 3634 5594 nii-

351 5658 376 5704 t
407 5648 690 5721 quaesivit,
717 5655 775 5704 et
798 5646 1026 5713 invenit,
1056 5647 1148 5702 det
1174 5643 1251 5700 illi
1277 5640 1539 5697 Dominus
1568 5640 1813 5696 invenire
1840 5638 1945 5695 mi—
2044 5636 2179 5692 litis:
2207 5637 2503 5693 electorum
2534 5651 2751 5708 quoque
2778 5634 3061 5693 hominum
3085 5647 3343 5697 numerus
3365 5629 3630 5704 jungitur,

355 5758 379 5797 α
412 5738 768 5799 sericordiam
799 5756 829 5797 a
856 5740 1085 5797 Domino
1109 5740 1164 5794 in
1191 5737 1283 5792 illa
1308 5735 1417 5802 die,
1444 5744 1499 5791 ct
1522 5741 1724 5804 quanta
1746 5732 1944 5804 Ephesi
2048 5729 2140 5800 qui
2185 5745 2282 5800 per
2310 5728 2539 5787 sublime
2567 5728 2775 5785 mentis
2803 5727 3131 5785 desiderium
3176 5738 3210 5781 a
3254 5732 3483 5781 terrenae
3518 5738 3635 5781 ser-

360 5846 381 5887 (
415 5832 746 5889 ministravit
770 5840 827 5887 tu
848 5828 1046 5888 melius
1064 5829 1227 5887 nosti.
1249 5846 1268 5881 ι
1303 5826 1438 5884 Nam
1464 5826 1591 5882 dum
1614 5833 1947 5883 memoratur
2050 5823 2239 5879 vitutis
2271 5823 2687 5881 conversatione
2716 5822 3034 5887 liberantur,
3057 5819 3125 5877 de
3149 5817 3346 5890 quibus
3377 5832 3475 5888 per
3496 5815 3610 5873 Pan
