3992 6338
411 408 515 473 ets
1045 400 1110 468 Β.
1148 390 1406 467 metu!
1434 384 1660 464 mum
1690 382 2010 460 Ait'ClilEP.
2044 378 2361 456 uocum.
2397 372 2683 450 orsum
2720 374 2901 446 PARS
2931 370 3020 445 Ill.
3412 472 3417 473 ί
3564 376 3678 443 cu

402 526 514 584 lum
542 520 780 583 dicitur:
813 543 834 579 ι
864 522 1036 581 Nemo
1063 524 1302 581 militans
1330 520 1441 578 Deo
1470 518 1712 591 implicat
1740 533 1798 575 se
1826 530 1991 588 nego-

2117 504 2337 566 Ioctrina
2374 505 2614 561 instituis
2650 519 2714 559 ac
2740 503 2903 558 doces
2931 499 3144 567 iideies,
3174 514 3339 573 quem
3375 499 3606 556 virtutis
3630 500 3690 579 et

407 620 495 676 tiis
520 610 894 683 saecularibus,
927 638 948 672 ι
1000 617 1092 688 qui
1136 612 1262 671 licet
1299 610 1444 669 nunc
1470 612 1628 683 pauci
1659 612 1991 681 appareant,
2090 598 2219 658 boni
2240 598 2419 671 operis
2444 596 2652 688 fructus
2671 597 2782 652 Deo
2802 591 3214 663 oii‘errejustum
3236 602 3392 650 estet
3410 603 3541 649 ante
3560 609 3688 688 om—

408 713 459 768 in
496 708 753 766 invisibili
799 719 977 766 tamen
1020 709 1197 782 patria
1247 704 1673 763 innumerabiles
1721 713 1989 777 regnant,

2117 704 2203 747 mes
2245 690 2483 762 assequi,
2518 684 2673 759 cujus
2704 688 2887 744 labore
2935 688 3103 743 etiam
3131 688 3316 744 caeteri
3350 687 3577 761 assequi
3612 687 3695 743 vi-

408 804 535 879 quia
564 805 666 861 etsi
696 804 763 859 ex
788 800 1196 875 comparatione
1234 816 1523 873 pravorum
1554 798 1711 871 pauci
1750 808 1903 861 sunt,
1938 796 1994 852 in

2117 782 2310 839 lentur.
2350 776 2504 840 Unde
2528 791 2584 879 et
2607 781 2777 837 dicit:
2810 800 2829 834 ι
2862 780 3110 853 lntellige
3134 796 3258 852 qua:
3283 781 3428 848 dico,
3460 800 3483 834 ι
3523 780 3699 854 quasi

410 866 845 968 congregationis
893 866 1003 950 sua:
1061 866 1365 963 frequentia
1421 866 1600 945 metiri
1653 903 1995 960 nequaquam

2117 870 2187 946 [ui
2217 872 2484 931 occultius
2521 866 2652 930 illud
2687 873 2921 976 dixerit,
2960 873 3121 953 simul
3146 874 3312 929 etiam
3341 884 3399 930 et
3427 882 3591 947 optat
3626 874 3701 931 de

411 960 656 1062 possuni.
702 987 856 1059 Sa'pe
891 1003 1125 1057 namque
1160 960 1405 1042 nonnulli
1443 982 1591 1040 velut
1618 983 1811 1049 obliti,
1853 978 1997 1051 quod
2095 966 2351 1062 οωηίῧυξ
2390 965 2440 1021 θί
2485 960 2651 1021 "limi
2698 960 3051 1062 ίηιέηθθῑυω·
3094 983 3115 1017 ί
3144 965 3354 1062 Diem"
3378 976 3501 1022 αιο
3526 966 3704 1024 ευτίο

413 1052 678 1136 iratribus
719 1052 1023 1135 animarum
1038 1052 1217 1134 eausa
1244 1075 1451 1147 praelati
1480 1081 1641 1139 sunt,
1675 1081 1790 1128 toto
1816 1071 1997 1128 cordis
2103 1075 2123 1112 ί
2155 1066 2297 1115 ειυῐιι
2321 1052 2506 1114 Iesum
2536 1058 2900 1147 ι’θξμπθιίεεθ
2926 1074 2959 1114 ³
2988 1060 3219 1116 mortuis
3243 1072 3311 1115 ex
3336 1061 3553 1118 δθωίηθ
3588 1061 3707 1117 οε-

417 1173 609 1229 udnisu
630 1170 981 1228 circularibus
1004 1170 1150 1226 curis
1172 1142 1491 1234 inserviunt,
1534 1167 1635 1221 has
1655 1174 1780 1220 cum
1803 1163 2001 1219 adsunt
2104 1169 2123 1204 ι
2154 1148 2245 1206 νίά
2283 1150 2577 1206 secundum
2612 1142 2965 1221 Ενδοὲειίυω
3001 1165 3184 1206 meum
3204 1191 3221 1218 ν
3273 1152 3328 1207 in
3358 1167 3469 1225 quo
3497 1152 3706 1209 libato

414 1278 474 1320 se
501 1276 662 1334 agere
690 1258 983 1329 exsultant,
1012 1260 1078 1315 ad
1104 1258 1205 1316 bas
1229 1261 1392 1315 etiam
1421 1272 1542 1314 cum
1572 1256 1783 1323 desunt,
1810 1254 1998 1312 diebus
2103 1263 2123 1296 ι
2156 1234 2443 1334 υείιυθηθά
2488 1236 2739 1307 νίιιουίδσ
2789 1243 2946 1315 (ιιιδεὶ
2992 1242 3134 1299 male
3178 1259 3428 1316 ορεηηεο
3462 1265 3485 1299 ³
3539 1246 3711 1303 Belle

418 1370 487 1410 ac
514 1328 766 1409 noctibus
793 1352 1132 1425 cogitationis
1178 1351 1406 1407 turbide
1442 1350 1662 1406 aastibus
1708 1347 1996 1413 anhelant,

2117 1340 2282 1389 tutem
2316 1328 2485 1401 dixit,
2519 1353 2537 1387 ι
2567 1349 2634 1389 ex
2669 1335 2909 1402 ‘semine,
2941 1355 2960 1387 ι
3003 1343 3064 1391 ιιι
3099 1337 3345 1405 corporis
3387 1338 3565 1409 magis
3612 1352 3713 1393 as-

424 1458 661 1515 cumque
676 1444 745 1498 ab
764 1424 1131 1509 bis,cessante
1152 1438 1373 1497 forsitan
1394 1440 1815 1512 opportunitate,
1830 1439 2001 1510 quieti

2117 1428 2459 1498 sutnptionem
2486 1424 2684 1483 factam
2717 1427 3040 1483 insinuaret.
3091 1427 3202 1486 Nec
3228 1438 3409 1485 autem
3437 1428 3711 1486 absolute

417 1542 566 1601 sunt,
590 1535 706 1605 ipsa
724 1534 966 1589 deterius
994 1546 1089 1588 sua
1111 1531 1289 1602 quiete
1319 1530 1631 1601 fatigantur.
1656 1530 1999 1599 Voluptatem

420 1639 657 1696 namque
681 1632 946 1690 censent,
999 1623 1045 1679 si
1080 1623 1385 1679 actionibus
1424 1618 1821 1691 deprimuntur,
1853 1619 2003 1677 labo-

420 1726 538 1772 rent
568 1714 861 1785 deputant,
897 1712 945 1769 si
972 1714 1032 1768 in
1063 1712 1294 1770 terrenis
1323 1706 1554 1781 negotiis
1582 1726 1689 1766 non
1716 1710 2001 1777 laborant,

418 1808 605 1878 sicque
650 1805 712 1862 ﬁt
756 1814 819 1861 ut
862 1804 989 1862 dum
1032 1806 1322 1862 mundanis
1365 1800 1683 1861 tumultibus
1725 1806 2001 1875 gaudent,

2102 1514 2205 1573 ista
2233 1516 2435 1589 posuit,
2465 1510 2560 1573 sed
2590 1517 2922 1585 necessario,
2947 1534 3013 1575 eo
3038 1514 3125 1575 vel
3156 1521 3392 1576 maxime
3420 1529 3710 1592 tempore,

2103 1608 2205 1664 ista
2263 1611 2459 1665 docere
2504 1606 2868 1666 adnitebatur.
2915 1602 3052 1666 Nam
3098 1609 3326 1679 Simon,
3377 1622 3431 1670 et
3478 1615 3573 1686 qui
3630 1628 3713 1670 ex

2103 1700 2221 1774 ejus
2260 1706 2387 1756 sunt
2420 1698 2625 1757 haeresi
2663 1698 2855 1758 omnes
2893 1711 3021 1759 tunc
3048 1686 3437 1761 inchoaveram
3467 1707 3712 1774 dicere,

2105 1792 2361 1864 quoniam
2389 1790 2637 1850 Christus
2663 1808 2771 1851 non
2801 1792 2903 1851 fuit
2930 1796 2983 1851 in
3013 1811 3197 1863 carne,
3223 1792 3318 1854 scd
3347 1796 3401 1852 iu
3427 1797 3717 1868 phantas-

419 1866 657 1964 intema,
680 1910 802 1968 qua:
826 1895 1023 1952 docere
1051 1896 1185 1952 alios
1213 1892 1530 1963 debuerant,
1554 1866 1823 1968 ignorant.
1850 1866 2002 1952 Unde
2028 1866 2077 1942 Β
2105 1896 2250 1942 male
2277 1886 2511 1958 quodam
2552 1872 2833 1957 apparuit.
2868 1887 2943 1944 ita
2977 1896 3041 1945 ut
3073 1905 3174 1945 nec
3205 1866 3533 1945 resurrectio
3558 1905 3713 1946 vera

417 1989 787 2061 subiectorum
804 2002 1023 2060 quoque
1042 1987 1233 2059 procul
1251 1984 1417 2045 dubio
1444 1989 1553 2045 vita
1574 1990 1852 2060 torpescit,
1877 1989 2002 2060 quia

419 2094 543 2139 cum
574 2080 842 2152 proﬁcere
890 2078 1207 2151 spiritaliter
1246 2081 1452 2152 appetit
1493 2082 1549 2136 in
1587 2078 1837 2152 exemplo
1864 2079 2001 2150 ejus,

418 2172 511 2246 qui
552 2173 658 2229 sibi
704 2168 957 2245 praelatus
1000 2182 1124 2238 est,
1173 2172 1328 2244 quasi
1368 2172 1421 2228 in
1465 2170 1744 2229 obstaculo
1784 2170 2007 2228 oli'endit

420 2264 669 2321 itineris:
704 2263 993 2336 languente
1020 2263 1165 2319 enim
1198 2264 1408 2334 capite,
1453 2264 1729 2320 incassum
1760 2262 2005 2320 membra

421 2357 633 2427 vigent,
668 2361 725 2411 et
750 2355 807 2410 in
832 2353 1204 2427 exploratione
1230 2354 1470 2411 hostium
1501 2352 1706 2410 frustra
1732 2355 2007 2411 exercitus

418 2447 679 2504 velociter
711 2442 976 2516 sequitur,
1019 2444 1065 2501 si
1105 2446 1174 2502 ab
1202 2446 1320 2518 ipso
1356 2447 1495 2501 duce
1520 2445 1735 2501 itineris
1768 2452 2005 2512 erratur,

422 2537 571 2594 nulla
592 2536 932 2593 subditorum
979 2542 1190 2591 mentes
1232 2535 1540 2592 exhortatio
1578 2534 1860 2604 sublevat,
1910 2548 2007 2592 eo-

420 2640 651 2699 rumque
677 2628 867 2699 culpas
907 2628 1205 2698 increpatio
1239 2626 1384 2683 nulla
1413 2622 1680 2700 castigat,
1724 2628 1850 2698 quia
1879 2616 2009 2684 dum

420 2732 520 2790 per
545 2719 849 2774 animarum
884 2716 1173 2790 praesulem
1213 2717 1418 2773 terreni
1455 2707 1744 2774 exercetur
1776 2714 2009 2775 oillcium

422 2807 640 2881 iudicis,
695 2822 729 2864 ιι
772 2808 955 2881 gregis
983 2806 1232 2863 custodia
1261 2815 1418 2862 vacat
1465 2818 1595 2863 cura
1641 2809 1904 2881 pastoris,
1952 2814 2011 2866 et

426 2897 655 2970 subjecti
697 2898 946 2955 veritatis
1000 2898 1184 2953 lumen
1232 2900 1640 2971 apprehendere
1695 2906 1969 2973 nequeunt
1988 2932 2006 2969 δ

424 2992 554 3062 quia
583 2992 709 3048 dum
736 2998 1019 3063 posterum
1042 3004 1239 3046 sensus
1266 2998 1485 3047 terrena
1510 2990 1690 3047 studia
1717 3000 2008 3063 occupant,

428 3092 589 3141 vento
636 3081 953 3141 tentstlouis
1000 3081 1263 3153 impulsus
1312 3080 1567 3137 Ecclesia:
1609 3082 1794 3137 oculos
1836 3079 2013 3152 pulvis

2102 1976 2244 2034 facta
2274 1994 2395 2034 esse
2425 1978 2817 2051 susciperetur,
2866 1980 2994 2051 quia
3022 1981 3166 2035 enim
3198 1980 3315 2037 ﬁeri
3344 1989 3596 2052 poterat,
3644 1987 3715 2037 ut

2102 2091 2231 2133 vera
2275 2074 2591 2133 crederetur
2629 2078 2990 2145 resurrectio,
3038 2078 3083 2132 si
3132 2092 3261 2134 caro
3306 2092 3430 2133 vera
3477 2077 3717 2133 ratione

2104 2164 2295 2224 fuisset
2325 2176 2561 2239 sumpta.
2619 2156 2735 2225 Hoc
2772 2182 2904 2239 ergo
2931 2168 3075 2224 idem
3114 2168 3291 2225 dicit:
3330 2182 3541 2223 memor
3567 2178 3716 2224 esto

2105 2258 2320 2327 docere,
2343 2275 2442 2331 pro
2472 2254 2669 2313 virium
2693 2262 2909 2314 t‘uarum
2935 2258 3318 2330 possibilitate,
3338 2259 3598 2331 quoniam
3630 2276 3717 2317 ex

2105 2350 2311 2405 semine
2348 2358 2504 2405 natus
2542 2356 2625 2405 est
2660 2338 2830 2405 David
2859 2346 3017 2404 Jesus
3045 2347 3327 2417 Christus,
3371 2349 3533 2405 homo
3561 2364 3717 2405 vera

2106 2444 2317 2498 ratione
2348 2444 2645 2499 secundum
2677 2449 2928 2496 naturam
2956 2440 3155 2521 factus,
3181 2441 3273 2512 qui
3303 2450 3359 2499 et
3385 2441 3717 2499 ταωνι-θιῆ

2106 2550 2139 2589 a
2169 2528 2420 2598 mortuis,
2444 2533 2588 2603 quod
2611 2533 2777 2588 etiam
2796 2533 3007 2589 cunctis
3034 2532 3273 2588 futurum
3300 2547 3421 2590 esse
3446 2532 3717 2604 Evange-

2106 2618 2240 2680 lium
2260 2631 2516 2679 testatur.
2548 2616 2661 2679 Hac
2689 2608 2757 2680 de
2783 2640 2950 2680 causa
2975 2624 3262 2695 acquiesco
3288 2623 3376 2678 illa
3396 2624 3716 2692 sustinere,

2108 2731 2226 2787 qua:
2249 2716 2517 2772 sustinent
2540 2712 2936 2783 malefactores,
2950 2730 3017 2772 eo
3037 2716 3180 2788 quod
3206 2730 3456 2787 magnum
3477 2706 3717 2770 lucrum

2108 2807 2223 2864 scio
2246 2823 2313 2863 ex
2341 2806 2443 2863 hoc
2480 2818 2637 2878 posse
2668 2808 2897 2877 acquiri.
2946 2806 3014 2863 Et
3051 2815 3113 2862 ut
3149 2808 3400 2864 ostendat
3434 2807 3719 2881 quoniam

2111 2900 2179 2954 ex
2218 2896 2327 2956 illis
2367 2894 2607 2955 tristitiis
2636 2914 2756 2969 qua:
2797 2899 2849 2954 ei
2893 2884 3178 2964 accedunt,
3231 2899 3419 2970 pietati
3448 2897 3599 2977 nulla
3632 2913 3719 2955 ex

2108 3001 2265 3063 parte
2292 2990 2474 3046 noceri
2514 2999 2721 3061 potest,
2761 2988 2987 3061 adjicit:
3021 3009 3041 3043 ι
3075 2988 3182 3046 Sed
3208 2990 3429 3047 verbum
3460 2990 3557 3046 Dei
3587 3005 3721 3047 non

2110 3088 2197 3138 est
2214 3078 2512 3154 alligatum.
2537 3101 2556 3134 ›
2596 3078 2710 3138 Hoc
2733 3092 2817 3138 est
2841 3082 2969 3139 licet
2991 3098 3123 3154 ergo
3145 3081 3378 3152 plurima
3398 3083 3719 3139 sustineam

429 3182 617 3232 cmest.
652 3172 771 3243 Quo
797 3180 987 3230 contra
1014 3178 1164 3229 recte
1191 3172 1416 3228 humani
1442 3172 1656 3244 generis
1685 3168 2014 3243 Redeatpr
2068 3230 2078 3244 ε
2115 3173 2280 3242 maia,
2311 3170 2408 3231 sed
2435 3172 2569 3231 nulli
2602 3190 2670 3230 ex
2703 3176 2809 3231 hoc
2835 3175 3153 3232 adnascitur
3182 3175 3448 3231 nocivitas
3478 3176 3718 3235 veritati

429 3282 555 3325 cum
602 3242 705 3323 nos
751 3280 786 3322 a
830 3265 1041 3321 ventris
1082 3264 1381 3320 voracitate
1430 3242 1800 3334 contpesceret
1825 3303 1842 3330 ,
1892 3242 2010 3318 ait:
2038 3242 2087 3311 (ἶ
2116 3267 2497 3339 negotiorum:
2536 3277 2719 3325 manet
2744 3269 2889 3324 enim
2918 3269 3014 3325 Dei
3048 3269 3337 3341 promissio
3364 3270 3608 3337 illibata,
3656 3271 3717 3327 si

437 3383 456 3415 ι
485 3361 793 3426 Attendite,
838 3364 902 3414 ut
926 3370 1037 3414 non
1066 3364 1367 3432 graventur
1393 3356 1559 3414 corda
1585 3364 1765 3412 vestra
1794 3350 2015 3426 crapula

432 3462 490 3510 et
512 3452 780 3509 ebrietate
804 3451 959 3526 (Lac.
986 3450 1125 3524 nt).
1155 3470 1174 3504 ι
1214 3448 1365 3507 illico
1396 3449 1643 3521 adiunxit
1667 3457 1763 3504 aut
1789 3450 1845 3505 in
1870 3448 2016 3506 curis

436 3546 597 3615 hujus
631 3544 817 3601 mundi
844 3544 987 3611 vitae,
1021 3543 1113 3599 ubi
1140 3552 1635 3614 psvorem’quoque
1660 3541 1909 3613 protinus
1937 3542 2018 3597 in-

434 3645 583 3695 tente
609 3634 889 3704 atﬁiciens,
921 3654 940 3687 ι
966 3644 1034 3690 ne
1060 3634 1197 3690 forte
1224 3634 1573 3705 superveniat
1600 3633 1879 3704 repentina
1903 3630 2018 3688 dies

434 3728 558 3796 illa,
592 3746 612 3781 ι
649 3727 804 3798 cujus
850 3728 1113 3783 adventus
1160 3727 1327 3783 etiam
1375 3724 1691 3797 qualitatem
1739 3725 2018 3782 denuntiat

437 3824 663 3881 dicens:
708 3841 730 3877 ι
770 3821 1052 3894 Tanquam
1099 3821 1324 3894 laqueus
1372 3821 1518 3876 enim
1569 3820 1913 3891 superveniet
1960 3819 2018 3876 in

436 3930 624 3973 omnes
653 3915 745 3988 qui
777 3914 966 3972 sedent
996 3926 1159 3986 super
1178 3912 1371 3971 faciem
1404 3910 1552 3971 orbis
1571 3920 1730 3970 terrae
1750 3914 1961 3988 (Ibid.).
1990 3930 2011 3968 ι

437 4005 576 4062 Hinc
622 4010 821 4062 lterum
864 4005 1035 4061 dicit:
1069 4022 1089 4057 ι
1118 4004 1287 4061 Nemo
1322 4010 1501 4077 potest
1540 4002 1749 4061 duobus
1784 4004 2019 4061 dominis

438 4098 872 4172 servireulattlt.
896 4099 994 4171 Vi).
1027 4114 1046 4152 ι
1084 4098 1224 4155 Hine
1246 4096 1447 4155 Paulus
1474 4114 1506 4154 a
1536 4100 1720 4154 mundi
1747 4096 2013 4155 consortio

439 4191 792 4246 contestando
826 4203 891 4245 ac
924 4190 1109 4261 potius
1147 4189 1516 4245 convenientia
1561 4186 1843 4259 suspendit
1888 4182 2020 4242 rell-

439 4283 712 4355 giosorum
760 4284 1002 4345 mentes,
1053 4281 1276 4336 dicens:
1324 4296 1344 4332 ι
1389 4280 1558 4335 Nemo
1610 4279 1852 4334 militans
1904 4274 2020 4335 Deo

441 4377 680 4449 implicat
711 4390 771 4432 se
805 4373 1037 4446 negotiis
1074 4371 1455 4436 saecularibus,
1494 4380 1554 4428 ut
1594 4371 1643 4427 ei
1686 4371 1897 4442 placeat
1931 4368 2019 4427 cui

440 4482 499 4524 se
542 4467 809 4540 probavit.
840 4484 860 4517 ι
900 4464 1039 4520 llinc
1070 4464 1328 4521 Ecclesia
1366 4463 1669 4520 rectoribus
1704 4474 1758 4519 et
1788 4458 2018 4521 vacandi

440 4561 616 4616 studia
650 4558 926 4631 percipit,
968 4566 1023 4614 et
1059 4557 1372 4614 consolandi
1410 4558 1649 4614 remedia
1674 4556 1909 4615 ostendit
1939 4558 2021 4614 di-

441 4667 609 4710 cens:
642 4670 662 4704 c
696 4651 986 4707 Saecularis
1022 4653 1183 4723 igitur
1208 4654 1421 4725 negotia
1458 4654 1503 4708 si
1540 4652 1858 4718 habueritis,
1891 4666 2020 4709 con-

445 4742 771 4815 temptibiles
797 4743 891 4816 qui
932 4751 1061 4799 sunt
1098 4744 1153 4799 in
1188 4743 1426 4801 Ecclesia
1462 4744 1582 4801 illos
1611 4747 1923 4802 constituite
1953 4747 2021 4804 ad

438 4834 786 4907 iudicandum
812 4835 866 4909 (ι
891 4836 1014 4892 Cor.
1044 4835 1156 4909 vi),
1191 4854 1210 4890 ι
1262 4843 1324 4893 ut
1372 4836 1472 4908 ipsi
1513 4837 1765 4895 videlicet
1807 4838 2021 4909 dispen-

444 4926 742 4984 sationibus
769 4928 1000 4984 terrenis
1029 4928 1356 4995 inserviant,
1385 4942 1522 5000 quos
1548 4931 1689 4987 dona
1720 4930 2019 5001 spiritualia

445 5032 554 5073 non
583 5025 885 5085 exornant,
925 5034 990 5075 ac
1016 5020 1062 5075 si
1093 5020 1331 5091 apertius
1355 5022 1531 5090 dicat,
1569 5024 1694 5094 quia
1730 5032 2022 5092 penetrare

447 5108 639 5164 intima
683 5118 987 5181 nequeunt,
1022 5110 1214 5167 saltem
1258 5114 1564 5171 necessaria
1614 5112 1746 5168 l'oris
1790 5124 2019 5185 operan-

452 5205 560 5254 tur.

524 5307 546 5343 ι
564 5289 930 5348 laborantem
953 5293 1241 5366 agricolam
1265 5302 1479 5366 oportet
1503 5294 1735 5367 primum
1759 5294 1824 5353 de
1839 5290 2023 5353 fructi-

446 5396 476 5433 »ί
504 5379 607 5436 bus
633 5382 915 5454 accipere:
952 5380 1190 5459 intellige
1219 5402 1339 5457 quae
1365 5385 1526 5441 dico:
1562 5384 1710 5442 dabit
1735 5384 1878 5443 enim
1915 5382 2021 5444 Do-

452 5480 477 5520 s
506 5470 688 5527 minus
714 5472 810 5527 tibi
840 5472 896 5529 in
925 5468 1173 5533 on‘tnllnls
1198 5472 1547 5530 lntellecmm.
1579 5494 1600 5529 ι
1646 5475 1871 5551 (Aman)
1896 5476 2023 5533 Vult

454 5570 636 5616 autem
708 5561 893 5619 dicere
930 5583 948 5621 ι
1000 5570 1129 5638 quae
1177 5563 1246 5621 sd
1298 5578 1457 5620 usum
1508 5572 1661 5621 tuum
1711 5568 2019 5625 necessario

450 5656 765 5728 pertinent,
830 5659 1122 5717 indiscrete
1169 5666 1458 5729 assequere
1521 5676 1553 5716 a
1618 5654 1872 5718 ﬁdelibus
1923 5658 2019 5732 qui

452 5756 715 5819 praestant
770 5751 889 5807 tibi;
942 5750 1129 5808 Suasit
1180 5762 1310 5807 vero
1349 5751 1400 5809 ei
1458 5751 1575 5824 ipso
1633 5750 1879 5826 exemplo
1934 5740 2021 5811 vel

454 5844 728 5903 maxime:
765 5846 905 5903 sicut
942 5845 1083 5901 enim
1124 5844 1355 5918 agricola
1399 5846 1615 5920 quidam
1665 5848 1779 5918 ipse
1826 5858 1881 5905 tu
1928 5857 2023 5908 tua

2045 4608 2098 4671 D

2116 3360 2415 3417 innumeris
2437 3378 2537 3436 ego
2560 3364 2745 3418 videar
2764 3356 2955 3431 subjici
2978 3364 3283 3420 tormentis.
3302 3362 3721 3435 Consequenter

2120 3469 2248 3510 vero
2276 3454 2702 3525 praecedentibus
2730 3455 2993 3529 adjungit.
3035 3472 3056 3507 ι
3097 3454 3224 3529 ideo
3249 3454 3433 3512 omnia
3456 3456 3721 3512 sustineo

2123 3562 2142 3596 ι
2173 3555 2392 3616 propter
2416 3542 2639 3613 electos,
2668 3554 2728 3600 ut
2750 3540 2853 3617 ipsi
2882 3546 3110 3603 salutem
3136 3556 3558 3617 consequantur,
3582 3562 3719 3617 qua

2123 3654 2144 3688 ι
2176 3644 2259 3692 est
2296 3630 2350 3691 in
2376 3630 2593 3692 Christo
2625 3630 2755 3692 Iesu
2785 3653 2908 3693 cum
2938 3638 3109 3710 gloria
3141 3638 3370 3695 cmicsti.
3400 3655 3420 3690 ι
3472 3637 3721 3707 Propter

2118 3741 2212 3782 eos
2248 3726 2342 3797 qui
2378 3727 2447 3782 ad
2481 3722 2585 3785 hoc
2619 3737 2746 3784 sunt
2776 3726 2939 3783 electi
2975 3736 3033 3784 et
3068 3728 3336 3800 segregati
3369 3728 3553 3784 omnia
3590 3729 3717 3798 pati

2119 3819 2385 3886 sustineo,
2424 3818 2499 3875 ita
2536 3831 2596 3877 ut
2628 3836 2728 3892 per
2758 3818 3035 3876 Christum
3072 3821 3301 3877 salutem
3340 3830 3718 3890 assequuntur

2118 3910 2174 3967 in
2214 3918 2477 3983 perpetua
2517 3908 2688 3984 gloria
2729 3913 3016 3983 degentes,
3061 3919 3120 3969 et
3157 3913 3229 3969 ad
3265 3912 3717 3969 exhortationem

2119 3998 2389 4060 Timothei
2417 4002 2623 4072 dicens,
2651 4004 2835 4074 adjicit
2859 4023 2875 4061 :

2195 4112 2214 4146 ι
2246 4092 2449 4151 Fidelis
2469 4110 2671 4163 sermo,
2703 4112 2829 4152 nam
2849 4096 2895 4152 si
2916 4096 3242 4153 commortui
3264 4110 3471 4163 sumus,
3500 4104 3557 4152 et
3574 4111 3715 4152 con-

2118 4186 2383 4255 vivemus,
2415 4189 2463 4244 si
2484 4192 2811 4246 sustinemus
2837 4198 2893 4246 et
2919 4190 3391 4263 conreguabimus.
3424 4209 3447 4243 ι
3477 4188 3597 4246 Non
3622 4198 3717 4246 est

2120 4276 2362 4347 dubium,
2394 4278 2588 4352 inquit,
2613 4282 2716 4338 hoc
2743 4294 2860 4348 nos,
2888 4282 2981 4353 qui
3015 4283 3482 4339 communicamus
3517 4283 3575 4338 in
3601 4282 3715 4341 illi:

2120 4384 2240 4441 quae
2263 4368 2535 4427 deteriora
2575 4382 2720 4439 sunt,
2750 4373 3060 4428 necessario
3087 4374 3614 4430 communicabimus
3656 4373 3714 4429 ei

2121 4464 2177 4517 et
2203 4462 2257 4516 in
2287 4462 2394 4518 illis
2420 4479 2541 4534 quae
2578 4462 2803 4520 meliora
2835 4470 2996 4533 sunt;
3027 4474 3083 4520 et
3107 4467 3398 4523 ostendens
3420 4466 3566 4522 lucra
3585 4482 3713 4538 qua

2121 4564 2187 4609 ex
2215 4557 2589 4626 compassione
2610 4554 3036 4628 solentacquiri,
3067 4554 3200 4614 dicit
3237 4560 3403 4616 etiam
3443 4559 3573 4614 illud
3615 4560 3711 4615 de-

2126 4647 2459 4715 trimentum,
2492 4650 2634 4719 quod
2659 4648 2766 4705 illis
2801 4644 2940 4705 solet
2965 4651 3204 4717 evenire,
3242 4652 3335 4721 qui
3364 4652 3419 4706 in
3450 4652 3556 4709 Iide
3574 4666 3711 4723 per-

2122 4736 2316 4794 sistere
2343 4738 2647 4795 noluerunt.
2692 4760 2711 4792 ‹
2744 4736 2800 4796 Si
2828 4743 3232 4814 negaverimus,
3272 4752 3328 4799 et
3369 4744 3457 4799 ille
3488 4746 3715 4818 negabit

2128 4846 2149 4881 ι
2189 4842 2311 4885 nos.
2368 4848 2388 4882 ι
2438 4826 2644 4886 Deinde
2678 4848 2746 4886 ne
2784 4832 3096 4901 videretur,
3145 4836 3440 4891 secundum
3492 4851 3709 4907 aequam

2121 4930 2352 4994 partem,
2380 4929 2437 4978 et
2464 4920 2586 4993 ipsi,
2631 4918 2786 4979 nobis
2838 4925 3175 4995 negantibus,
3222 4925 3435 4992 noceri,
3469 4927 3659 4995 adjicit
3690 4944 3705 4981 :

2130 5033 2149 5067 ι
2190 5015 2247 5072 Si
2270 5022 2377 5072 neu
2413 5015 2707 5083 credimus,
2738 5014 2827 5073 ille
2856 5016 3029 5075 ﬁdelis
3067 5027 3286 5087 manet,
3330 5035 3530 5093 negare
3564 5020 3710 5091 seip-

2130 5126 2150 5163 ι
2181 5124 2301 5167 sum
2331 5126 2437 5167 non
2460 5119 2654 5182 petest.
2684 5132 2705 5166 ι
2732 5108 2866 5169 Nam
2896 5114 2983 5169 illa
3027 5130 3148 5185 quae
3181 5131 3214 5171 a
3252 5112 3410 5171 nobis
3446 5116 3707 5171 inconve-

2124 5204 2336 5263 nienter
2364 5205 2501 5261 ﬁunt
2530 5204 2685 5263 nobis
2733 5218 2951 5276 nocent,
3004 5210 3076 5265 illi
3129 5225 3261 5267 vero
3282 5211 3427 5266 nulla
3456 5224 3523 5265 ex
3552 5220 3709 5282 parte

2122 5304 2350 5353 nocetur
2378 5314 2392 5351 :
2419 5307 2602 5354 manet
2622 5300 2824 5356 etenim
2849 5301 2903 5356 in
2930 5316 3025 5356 sua
3062 5302 3233 5375 gloria
3270 5302 3480 5359 stabilis
3525 5318 3589 5358 ac
3612 5301 3709 5358 lir-

2124 5396 2267 5452 mus,
2299 5401 2399 5444 ncc
2420 5386 2585 5443 etiam
2614 5399 2840 5459 possunt
2887 5388 2991 5446 ista
3043 5391 3263 5464 negari,
3321 5407 3442 5462 quae
3483 5392 3540 5447 in
3572 5393 3706 5463 ipsis

2122 5480 2526 5563 perspiciuntur
2554 5482 2800 5555 negotiis.
2841 5503 2859 5536 ι
2892 5480 3015 5539 Haec
3050 5499 3364 5551 commune,
3404 5485 3706 5542 testiﬁcans

2125 5574 2309 5627 ceram
2336 5566 2581 5631 Domino.
2610 5593 2629 5625 ι
2659 5566 2803 5631 Bene
2820 5574 2956 5631 dixit
2978 5595 3000 5629 ι
3034 5575 3357 5644 testiﬁcans,
3397 5596 3418 5632 ι
3451 5585 3511 5635 ιιι
3546 5578 3603 5633 in
3629 5577 3702 5632 ti-

2122 5658 2330 5723 morem
2356 5683 2481 5724 eum
2510 5664 2756 5741 redigat:
2785 5688 2804 5721 ι
2838 5664 2955 5726 Noli
3004 5669 3187 5728 verbis
3236 5671 3597 5739 contendere,
3630 5667 3703 5725 ad

2131 5776 2152 5810 ι
2180 5752 2407 5815 nihilum
2455 5760 2600 5817 enim
2642 5758 2774 5818 utile
2801 5769 2886 5818 est
2911 5762 3015 5820 nisi
3059 5763 3127 5818 ad
3160 5762 3568 5821 subversionetn
3598 5777 3701 5819 au-

2134 5869 2152 5904 (
2188 5848 2467 5910 dientium.
2494 5850 2841 5921 tCommone,
2866 5855 3063 5926 inquit,
3079 5863 3138 5912 ut
3164 5857 3266 5912 ista
3292 5864 3585 5923 sectentur,
3602 5853 3694 5911 Dei

3420 6266 3865 6279 _.__._________._
