3992 6338
257 379 370 438 ϐιό

722 350 1272 437 manumanu
1307 370 1379 437 IN
1412 366 1562 436 EPP.
1594 350 1804 437 mnu
1838 354 1968 436 Lis.
2011 370 2200 437 xm.
2234 407 2305 421 —
2330 368 2407 435 nt
2443 366 2662 436 EPIST.
2696 354 2744 436 ii
2778 360 2874 436 ita
2907 376 3050 437 rm.

3402 376 3510 440 ϐω

257 496 371 554 illis
418 490 726 569 proponens
766 484 1031 567 judicium
1062 513 1076 551 :
1118 482 1225 553 noli
1278 490 1460 551 autem
1506 492 1836 550 contentioni
1865 498 1919 560 Α
1941 490 2071 566 quid
2100 490 2203 551 tale
2240 486 2379 567 apud
2417 496 2516 550 hos
2565 490 2921 559 existimaret,
2951 486 3176 562 adjicit:
3212 514 3231 549 ι
3270 486 3331 551 Si
3356 494 3513 555 cnim

257 591 507 655 studere,
539 603 607 645 ex
634 576 982 645 contentione
1000 582 1148 645 enim
1178 580 1313 646 nihil
1357 582 1698 653 adnascitur,
1733 582 1838 643 nisi

253 684 409 759 quod
449 668 614 754 aliqui
649 683 926 740 mendacia
954 680 1276 741 conﬁrmare
1300 678 1545 756 cupiunt,
1577 678 1645 738 ad
1673 674 1842 752 pluri-

254 792 480 835 morum
500 775 931 833 subversionem.
1158 846 1163 849 _
1228 840 1235 849 .

336 885 357 919 ι
393 850 636 922 Sollicite
662 881 793 921 cura
823 865 1050 935 teipsum
1064 846 1393 937 probabilem
1421 852 1834 921 exitibereDeo:

232 964 286 1010 ἰ
313 956 625 1029 cperariut‘u
654 942 1085 1012 inconlusibilem
1112 972 1127 1008 :
1160 946 1307 1012 i‘ecte
1359 964 1683 1013 tractantem
1726 971 1843 1012 ver-

263 1069 284 1102 ‹
322 1050 456 1105 bum
482 1048 755 1114 veritatis,
779 1046 1005 1119 profana
1030 1057 1208 1104 autem
1234 1057 1291 1104 et
1314 1044 1645 1121 lnaniloquia
1688 1040 1838 1104 devi-

262 1151 338 1198 ta.
381 1164 400 1195 ι
433 1139 668 1197 Cautela:
701 1126 1012 1213 dogma'tum
1052 1126 1304 1209 intende,
1342 1132 1400 1196 et
1440 1157 1505 1197 ea
1544 1157 1664 1212 quae
1703 1134 1842 1196 veri-

255 1233 394 1289 tatis
416 1234 544 1289 sunt
573 1246 878 1299 commone,
907 1240 1057 1288 recto
1103 1216 1269 1288 edoce
1322 1222 1594 1300 instituto,
1634 1241 1689 1288 et
1732 1248 1840 1288 non

251 1325 446 1398 pigeas
474 1312 717 1381 laborem
736 1340 836 1397 pro
854 1324 945 1382 his
977 1308 1179 1382 subire.
1226 1308 1362 1380 Nam
1409 1325 1839 1382 adversariorum

254 1404 531 1476 novitates
552 1404 764 1486 vocum,
796 1404 915 1489 qua:
935 1419 1081 1474 omni
1112 1406 1449 1477 immunditia
1498 1414 1654 1488 ple'na
1694 1428 1839 1486 sunt,

252 1525 313 1571 et
328 1514 408 1589 _ad
440 1512 736 1589 novitatem
765 1498 1057 1568 multorum
1089 1522 1215 1569 sunt
1254 1502 1554 1585 exc03itata
1575 1552 1591 1580 ,
1624 1504 1839 1581 repelle.

260 1623 281 1657 ι
320 1582 551 1661 Μυιιυιη
580 1582 725 1661 enim
753 1604 1041 1677 proﬁciunt
1072 1590 1140 1659 ad
1166 1582 1517 1675 impietatem,
1565 1592 1620 1658 et
1664 1600 1843 1658 sermo

1945 604 1964 637 ι
2000 586 2119 656 quis
2136 584 2477 641 mandaverit
2496 592 2555 640 se
2589 580 2655 641 ab
2684 580 2792 650 his,
2820 583 2928 639 crit
2952 578 3050 639 'v'as
3070 580 3127 639 ih
3152 584 3360 645 honore
3387 596 3513 647 san-

1946 694 1965 728 ‹
1991 672 2309 741 ctilicatum,
2332 682 2386 731 et
2414 674 2697 747 optimum,
2728 660 2958 729 Domino
2976 668 3048 728 at!
3072 684 3235 732 omne
3258 676 3390 749 opus
3416 678 3518 740 bo-

1946 786 1966 819 ‹
1997 772 2123 823 nutu
2142 776 2525 838 pra-paratum.
2552 786 2570 820 ι
2600 760 2709 821 Sed
2735 764 2877 836 quod
2906 760 3018 820 title
3034 766 3264 822 materia
3288 778 3516 827 natura-

1939 859 2026 926 lis,
2051 856 2182 915 facit
2208 859 2295 916 hic
2328 860 2611 916 arbitrium
2642 858 2658 915 ':
2685 859 2777 931 qui
2817 854 2961 913 enim
2988 852 3050 914 se
3085 866 3118 914 a
3162 856 3519 922 deterioribus

1941 950 2323 1027 seg‘regave‘rit,
2349 966 2433 1011 est
2463 968 2558 1013 vas
2586 956 2753 1027 Utile;
2780 958 2888 1017 hoc
2910 952 3092 1017 'au’tem
3126 960 3179 1017 in
3216 962 3401 1015 nostro
3435 966 3518 1014 est

1937 1048 2172 1119 positum
2200 1030 2427 1103 arbitrio
2454 1054 2508 1104 et
2532 1056 2819 1120 poteBtate,
2862 1064 2917 1109 et
2945 1054 3184 1109 ostendit
3230 1051 3360 1107 illud
3400 1060 3520 1107 esse

1940 1140 2202 1211 propositi
2227 1182 2242 1206 ,
2270 1140 2463 1196 iterum
2486 1142 2656 1196 Vertit
2700 1158 2758 1199 se
2801 1142 2868 1199 ad
2908 1143 3026 1215 ‘ejus
3058 1142 3518 1205 exhortationem,

1940 1233 2101 1306 paulo
2142 1234 2319 1289 minus
2344 1235 2485 1289 han‘c
2522 1232 2727 1291 habens
2769 1224 3128 1294 intentionem
3176 1252 3274 1310 per
3304 1244 3519 1292 omnem

1941 1325 2084 1384 hanc
2111 1329 2428 1399 epistolam;
2456 1324 2594 1384 unde
2638 1332 2692 1384 et
2727 1330 2901 1400 inquit
2930 1349 2944 1387 :
2983 1332 3001 1383 ἃ
3036 1316 3302 1387 iuvenilia
3338 1334 3520 1384 autem

1948 1437 1968 1471 ‹
2000 1416 2267 1473 desideria
2317 1417 2514 1490 fuge.i
2574 1414 2804 1476 Omnem
2852 1420 3263 1477 delectationem
3321 1427 3376 1477 et
3404 1436 3523 1475 ~va-

1943 1525 2068 1564 nam
2116 1502 2470 1580 voluptatem,
2506 1525 2628 1581 qua:
2674 1504 2770 1566 tibi
2819 1527 2925 1565 non
2979 1510 3256 1578 convenit,
3291 1504 3447 1580 longe
3492 1522 3525 1563 a

1945 1609 2000 1657 te
2037 1598 2222 1668 facito,
2262 1601 2462 1672 quibus
2488 1600 2573 1657 vel
2610 1603 2844 1658 maxiine
2890 1600 3053 1659 rebus
3090 1603 3206 1675 capi
3244 1600 3525 1658 consuevit

261 1714 281 1748 σ
319 1712 513 1751 eorum
535 1706 594 1752 ut
614 1710 812 1753 cancer
832 1684 1026 1763 serpit,
1052 1700 1117 1750 ex
1160 1688 1358 1765 quibus
1399 1686 1485 1765 est
1521 1682 1843 1764 Hymenaeus
1935 1688 2192 1761 juventus
2234 1710 2247 1746 :
2294 1712 2312 1745 ι
2366 1693 2585 1749 Sectare
2635 1696 2764 1748 'vero
2803 1688 3072 1763 justitiam
3102 1735 3117 1761 ,
3162 1693 3343 1760 (idem,
3397 1692 3527 1749 cha-

260 1806 281 1838 ι
315 1797 378 1842 et
398 1785 643 1842 Philetus
667 1785 759 1858 qui
789 1802 821 1841 a
856 1786 1083 1842 veritate
1102 1782 1421 1840 exciderunt
1465 1783 1706 1840 dicentes
1753 1799 1841 1839 re-

1950 1803 1970 1837 t
2006 1785 2241 1851 ritatem,
2279 1801 2467 1856 pacem
2516 1802 2637 1843 cum
2686 1786 2771 1842 bis
2806 1788 2898 1858 qui
2946 1786 3199 1843 invocant
3238 1780 3527 1842 Dominum

260 1897 283 1931 ι
322 1880 719 1935 surrectionem
740 1877 853 1947 jam
902 1876 1098 1934 factam
1139 1886 1195 1933 et
1223 1874 1540 1932 subvertant
1582 1893 1838 1947 qnorum-
1868 1864 1915 1933 Β
1951 1895 1970 1929 ι
2001 1876 2065 1933 de
2086 1876 2248 1934 corde
2279 1894 2431 1948 puro.
2486 1898 2505 1930 ι
2554 1876 2905 1951 Diligentiam
2952 1876 3149 1936 adhibe
3196 1872 3445 1952 iustitiae,
3473 1882 3529 1936 et

261 1991 280 2023 ι
317 1972 444 2027 dam
478 1968 658 2027 ﬁdem.
695 1991 714 2026 ι
750 1956 876 2025 Vult
897 1970 1096 2035 dicere,
1121 1969 1229 2026 noli
1257 1986 1452 2026 novum
1491 1968 1690 2041 aliq‘uid
1722 1971 1839 2027 exi-

254 2061 512 2127 stimare,
558 2060 614 2117 et
632 2062 929 2118 secundum
983 2062 1238 2132 pietatem
1278 2070 1590 2132 provectum
1636 2077 1730 2118 eos
1776 2060 1844 2118 ad

255 2167 504 2225 praesens
530 2150 734 2209 habere
761 2153 1076 2224 prospicias,
1116 2169 1181 2211 eo
1211 2148 1352 2224 quod
1396 2154 1549 2211 multi
1587 2171 1681 2212 eos
1717 2157 1845 2212 sub-

256 2252 580 2314 sequantur.
628 2242 711 2300 Ad
754 2242 1163 2300 similitudinem
1200 2254 1379 2299 autem
1412 2242 1676 2316 passionis
1702 2246 1844 2303 sicut

257 2350 467 2393 cancer
491 2330 580 2406 qui
604 2335 741 2393 Solet
767 2352 983 2408 serpere
1016 2337 1068 2392 in
1097 2342 1339 2411 gregem,
1366 2332 1529 2395 etiam
1573 2336 1672 2411 ipsi
1708 2324 1846 2395 mul-

256 2426 350 2485 tos
376 2424 610 2484 ﬁdelium
637 2428 751 2484 suis
779 2420 1117 2485 sermonibus
1140 2426 1447 2486 inescantes
1480 2428 1758 2488 att'rahant
1777 2424 1848 2489 ad

255 2522 619 2593 impietatem,
649 2523 792 2579 sicut
816 2520 1138 2595 Hymenmus
1160 2532 1213 2579 et
1233 2522 1476 2579 Philetns
1496 2565 1512 2591 ,
1540 2526 1632 2595 qui
1658 2540 1845 2587 veram

256 2613 471 2671 Christi
494 2604 943 2670 resurrectionem
970 2614 1321 2686 abnegantes,
1356 2615 1524 2671 aliam
1556 2616 1845 2687 quamdam

257 2704 717 2764 resurrectionem
748 2710 1038 2773 somniant,
1068 2723 1230 2778 quam
1251 2714 1307 2763 et
1351 2709 1403 2763 in
1439 2710 1846 2765 succensionem

255 2806 514 2855 constare
539 2814 762 2855 necesse
791 2807 896 2855 est.
930 2799 997 2854 Et
1043 2799 1147 2854 ista
1176 2791 1242 2854 ad
1278 2799 1703 2855 consolationem
1731 2798 1848 2870 ejus

258 2893 473 2949 dixisse
503 2893 717 2948 videtur
742 2893 1060 2965 Apostolus,
1098 2908 1164 2948 eo
1189 2893 1333 2963 quod
1372 2893 1527 2948 valde
1570 2894 1848 2949 consuevit

260 2983 458 3039 tristes
502 2981 685 3039 facere
712 2998 826 3050 eos,
852 2984 944 3055 qui
970 2985 1037 3039 ad
1071 2972 1355 3041 utilitatem
1384 2978 1613 3040 aliorum
1636 2985 1847 3057 prospi-

257 3076 513 3155 ciendam
529 3084 653 3130 sunt
666 3075 922 3157 ordinati,
948 3077 991 3132 si
1014 3074 1275 3147 plurimos
1289 3076 1526 3157 ﬁdelium
1542 3077 1775 3132 viderint
1791 3078 1845 3133 in

258 3148 508 3224 deterius
532 3182 768 3237 serpere.
784 3148 939 3224 Unde
954 3179 1007 3224 et
1026 3169 1323 3241 persistens
1336 3152 1563 3225 suadere
1576 3169 1650 3235 ei,
1666 3179 1723 3226 ut
1736 3185 1845 3226 non

258 3256 501 3312 amictus
532 3257 713 3314 animo
746 3258 980 3325 deﬁciat,
1025 3268 1081 3315 et
1117 3258 1187 3315 ob
1230 3246 1459 3315 alior'um
1496 3260 1759 3316 malitiam
1790 3261 1846 3314 in

260 3357 547 3420 stuporem
595 3358 860 3419 vertatur,
914 3348 1139 3420 adjicit:
1173 3370 1192 3404 ι
1227 3348 1335 3408 Sed
1374 3350 1592 3408 ﬁrmum
1648 3351 1846 3409 funda-

267 3461 288 3494 ι
326 3449 573 3497 mentum
598 3432 700 3497 Dei
729 3451 857 3509 stat,
881 3442 1089 3500 habens
1112 3444 1446 3516 signaculum
1486 3446 1611 3513 hoc,
1643 3461 1847 3518 cogno-

266 3552 289 3586 ι
326 3533 408 3588 vit
429 3532 688 3589 Dominus
709 3533 947 3604 quisunt
965 3535 1100 3606 ejus.
1129 3556 1150 3588 ι
1205 3528 1353 3602 Haec,
1396 3536 1593 3610 inquit,
1642 3545 1696 3593 te
1740 3538 1848 3595 duo

261 3624 635 3691 consolentur,
674 3625 908 3696 primum
938 3626 1177 3697 quidem,
1199 3624 1458 3698 quoniam
1492 3629 1722 3685 aliorum
1762 3644 1849 3685 se-

260 3708 450 3774 ductio
497 3734 602 3774 non
644 3718 972 3774 exterminat
1017 3734 1197 3774 rerum
1242 3720 1557 3786 veritatem,
1607 3722 1847 3776 secundo

259 3802 522 3877 quoniam
579 3823 709 3863 suos
766 3807 856 3878 qui
906 3808 1021 3863 Veri
1083 3796 1208 3864 sunt
1251 3812 1366 3880 ejus
1412 3806 1538 3866 olim
1595 3812 1850 3882 cognovit

260 3897 648 3969 Deus..ltaque
680 3914 775 3955 eos
810 3915 945 3969 quos
1000 3916 1143 3955 nunc
1188 3901 1451 3972 perspicis
1499 3904 1706 3971 seduci,
1746 3904 1846 3961 bos

261 3987 412 4045 Deus
441 3984 567 4045 olim
594 3992 851 4062 reprobos
868 4007 987 4048 esse
1007 3994 1243 4057 sciebat;
1284 3986 1437 4048 nihil.
1459 4010 1588 4066 ergo
1632 3995 1723 4063 ﬁt,
1752 4014 1850 4054 no-

259 4096 417 4146 vum,
446 4091 505 4136 ut
524 4081 579 4137 in
607 4091 879 4153 stuporem
906 4082 1153 4152 vertaris,
1179 4086 1271 4141 sed
1302 4082 1429 4140 illud
1460 4074 1540 4153 ﬁt,
1562 4090 1702 4158 quod
1718 4090 1849 4145 olim

261 4171 383 4227 ﬁeri
412 4172 621 4228 sciebat
646 4170 822 4240 Deus;
846 4172 975 4229 nam
999 4175 1150 4247 cujus
1189 4175 1265 4230 rei
1306 4194 1490 4253 curam
1514 4174 1713 4233 habere
1750 4180 1847 4236 de-

258 4263 463 4319 bemus
488 4262 720 4319 instituit
753 4262 981 4320 dicens:
1016 4283 1035 4317 ‹
1081 4260 1146 4319 Ει
1174 4266 1414 4322 discedat
1455 4270 1524 4324 ab
1566 4269 1849 4339 iniquitate

265 4373 285 4406 ι
320 4352 504 4408 Omnis
523 4354 612 4423 Qui
637 4355 881 4409 nominat
901 4371 1093 4410 nomen
1117 4355 1348 4412 Domini.
1388 4379 1407 4411 ι
1434 4346 1509 4414 Ut
1537 4350 1848 4430 bnjusmodi

260 4446 519 4503 homines
553 4447 829 4504 discedant
853 4448 920 4505 ab
941 4450 1088 4505 omni
1132 4450 1428 4521 impietate.
1479 4452 1547 4509 Et
1594 4456 1717 4525 quia
1746 4456 1849 4511 hoc

260 4540 431 4595 modo
463 4541 699 4611 optimos
730 4542 1018 4614 magistros
1048 4542 1253 4599 sciebat
1286 4546 1438 4602 valde
1471 4546 1538 4603 de
1558 4542 1844 4620 hisaﬂligi,

260 4630 448 4703 qualis
463 4640 581 4686 erat
603 4643 658 4687 et
680 4632 868 4689 beatus
891 4626 1225 4701 Timotheus,
1243 4652 1306 4692 ea
1324 4640 1551 4704 ratione,
1566 4641 1691 4710 quia
1710 4642 1847 4696 ιιιιιι-

1943 1984 2064 2025 eam
2088 1985 2208 2041 qua:
2237 1969 2291 2024 in
2322 1958 2490 2025 Deum
2515 1978 2598 2026 est
2617 1971 2797 2037 ﬁdem,
2822 1976 2878 2027 et
2899 1972 3240 2035 charitatem,
3262 1978 3319 2027 et
3341 1982 3529 2043 pacem

1948 2075 2072 2114 cum
2100 2058 2207 2116 illis
2263 2060 2353 2130 qui
2388 2060 2509 2117 vita:
2536 2060 2827 2119 virtutibus
2852 2054 3091 2121 student.
3116 2062 3331 2136 Optime
3355 2060 3420 2120 de
3447 2063 3532 2119 his

1947 2152 2153 2220 dicens,
2183 2155 2391 2215 suadet,
2422 2164 2481 2209 ut
2508 2154 2562 2210 in
2593 2154 2791 2226 quibus
2814 2158 3034 2214 deceret
3073 2164 3126 2212 et
3162 2154 3420 2228 possibile
3446 2168 3533 2212 es-

1947 2252 2028 2300 set
2048 2260 2235 2316 pacem
2268 2260 2488 2301 servare
2518 2246 2812 2303 adnitatur.
2850 2269 2867 2301 ι
2902 2246 3109 2305 Stultas
3131 2258 3312 2304 autem
3336 2250 3391 2303 et
3416 2247 3533 2304 sine

1953 2356 1969 2388 ι
2007 2334 2286 2408 disciplina
2315 2337 2643 2409 quastiones
2677 2338 2877 2406 devita,
2909 2340 3086 2395 sciens
3112 2341 3237 2410 quia
3271 2346 3535 2410 generant

1953 2446 1971 2479 ι
2007 2426 2149 2483 lites.
2183 2448 2201 2480 ι
2234 2428 2437 2484 Stnltas
2467 2441 2522 2486 ct
2548 2430 2793 2488 indoctas
2822 2431 3036 2488 vocavit
3059 2431 3386 2503 quaestiones
3411 2438 3533 2503 qua:

1947 2535 2054 2573 non
2072 2520 2143 2575 ob
2164 2518 2399 2590 aliquam
2427 2521 2562 2577 ﬁunt
2600 2523 2912 2578 utilitatem.
2946 2524 3189 2590 Declina,
3240 2524 3435 2595 inquit,
3462 2525 3532 2581 ab

1947 2608 2054 2664 illis
2082 2609 2174 2681 qui
2207 2610 2450 2667 absolute
2505 2610 2635 2669 solis
2681 2614 3072 2684 quaestionibus
3116 2631 3333 2685 operam
3379 2626 3535 2672 suam

1948 2698 2228 2769 splendere
2242 2700 2486 2769 cupiunt.
2516 2696 2669 2758 Rixae
2704 2713 2888 2760 autem
2923 2721 2991 2760 ex
3031 2704 3120 2761 his
3144 2704 3533 2776 adnaScuntur,

1949 2796 2177 2857 quorum
2216 2803 2316 2843 nec
2345 2798 2491 2843 recta
2517 2798 2600 2845 est
2634 2791 2896 2859 intentio;
2941 2798 2996 2847 et
3023 2795 3149 2865 quia
3188 2804 3279 2850 res
3303 2795 3405 2850 iSta
3430 2806 3534 2851 nec

1949 2880 2259 2945 conveniat,
2287 2895 2389 2936 nec
2412 2881 2600 2937 deceat
2634 2896 2756 2937 eum
2800 2884 3054 2939 ostendit.
3095 2903 3114 2936 ι
3148 2878 3404 2952 Servum,
3454 2884 3537 2941 in-

1952 2960 1975 3025 ὶ
2002 2971 2140 3044 quit,
2162 2966 2381 3028 Domini
2405 2990 2511 3028 non
2538 2978 2753 3044 oportet
2772 2972 3005 3047 litigare.
3044 2984 3065 3030 ἱ
3102 2966 3315 3032 Deinde
3344 2974 3399 3031 e’t
3421 2992 3536 3033 mo-

1950 3056 2074 3118 dum
2100 3058 2176 3117 illi
2199 3076 2478 3133 exponens
2506 3064 2777 3135 quomodo
2822 3066 3018 3121 debeat
3057 3054 3317 3123 doctrinae
3354 3068 3537 3123 inten-

1950 3153 2099 3224 dere,
2135 3156 2249 3211 ait:
2286 3177 2304 3207 ι
2334 3152 2441 3212 Sed
2473 3157 2775 3213 modestum
2811 3168 2931 3214 esse
2961 3160 3030 3216 ad
3066 3156 3287 3227 'omnes,
3334 3158 3539 3217 docibi-

1873 3224 1921 3292 Ο
1952 3248 1976 3297 '1
2012 3244 2143 3313 lem,
2171 3263 2278 3302 non
2305 3246 2621 3319 litigiosum,
2648 3258 2771 3303 cum
2805 3248 3069 3305 modestia
3120 3224 3408 3307 dooentem
3435 3264 3532 3310 eos

1948 3338 2041 3410 qui
2079 3338 2344 3395 resistunt
2369 3339 2606 3397 veritati.
2638 3362 2656 3394 ι
2687 3336 2758 3396 Et
2800 3342 3087 3398 utilitatem
3128 3344 3296 3415 ipsius
3342 3344 3421 3401 rei
3443 3360 3536 3403 os-

1950 3418 2205 3496 tendens;
2246 3439 2300 3486 et
2321 3440 2524 3502 quanto
2546 3426 2737 3487 melius
2765 3432 2835 3488 sit
2870 3433 2949 3488 sic
2977 3430 3174 3490 docere
3197 3434 3533 3503 resistentes,

1950 3520 2171 3592 adjicit:
2211 3543 2230 3575 ‹
2263 3518 2341 3581 Ne
2370 3526 2587 3598 quando
2634 3526 2726 3582 det
2775 3526 2855 3582 eis
2883 3526 3023 3584 Deus
3058 3526 3439 3599 'pmnitcntiam
3467 3530 3535 3587 ad

1956 3636 1974 3668 ε
2001 3615 2328 3687 agnitionem
2342 3617 2610 3683 veritatis,
2624 3624 2679 3673 et
2700 3619 3022 3690 resipiscant
3044 3616 3285 3677 adiaboii
3305 3623 3532 3694 laqueis,

1956 3724 1976 3758 ι
2010 3722 2042 3761 a
2066 3722 2175 3777 quo
2201 3708 2399 3779 captivi
2440 3714 2693 3765 tenentur
2719 3709 2787 3765 ab
2824 3725 2890 3766 eo
2937 3710 2990 3765 in
3028 3709 3146 3780 eju‘s
3180 3712 3482 3771 'vaiuntale.
3508 3736 3528 3769 ι

1948 3794 2027 3857 Ex
2051 3805 2394 3860 contentione
2410 3815 2586 3861 autem
2609 3806 2812 3878 placari
2837 3806 3168 3866 adversariis
3190 3812 3532 3883 impossibile

1949 3902 2055 3959 est,
2091 3894 2338 3949 doctrina
2362 3910 2493 3950 vero
2534 3900 2951 3956 mansuetudine
2974 3902 3205 3971 probata
3245 3919 3388 3976 saepe
3433 3907 3537 3961 scit

1951 3987 2194 4050 Suadere,
2223 3993 2279 4040 et
2302 3986 2559 4042 duritiam
2594 3986 2759 4045 animi
2784 3988 3013 4047 mollire.
3046 3986 3325 4066 Praeparat
3347 3998 3532 4065 etiam,

1952 4085 2082 4132 utet
2107 4076 2171 4132 ad
2202 4076 2485 4134 veritatem
2530 4080 2838 4150 pe’rSpicere
2882 4084 3115 4153 possint,
3143 4086 3482 4143 discedentes
3505 4106 3538 4146 a

1946 4164 2385 4241 praesumptione,
2425 4184 2455 4224 a
2500 4182 2606 4242 qna
2650 4176 2710 4226 'et
2745 4173 3046 4244 anticipati,
3099 4177 3255 4246 quasi
3298 4178 3534 4248 quodam

1951 4256 2143 4328 laqueo
2177 4260 2439 4316 diabolico
2471 4263 2747 4318 constricti
2772 4272 3043 4332 tenentur,
3071 4270 3536 4342 protractumquio

1952 4349 2071 4405 dem
2096 4351 2153 4406 in
2179 4353 2437 4419 deterius,
2466 4354 2857 4410 correctionem
2883 4368 3015 4413 vero
3042 4359 3097 4413 in
3120 4356 3310 4416 m‘e‘lin's
3334 4361 3534 4418 nullam

1949 4440 2190 4497 volentes
2216 4444 2509 4514 suscipere.
2539 4445 2739 4500 Deinde
2764 4454 2818 4502 et
2849 4446 3151 4503 hltlll‘Ol‘ilm
3200 4451 3253 4504 in
3301 4452 3535 4508 novissi-

1956 4532 2057 4587 mis
2093 4536 2423 4604 temporibus
2453 4536 2710 4593 memoria
2742 4538 3052 4593 consolatur
3090 4541 3307 4596 beatum
3346 4541 3534 4599 Timo-

1946 4624 2161 4684 theum.
2194 4634 2253 4680 ut
2282 4640 2388 4681 non
2432 4629 2609 4681 arimo
2637 4632 2853 4687 dctzciat
2882 4646 2979 4703 pro
3020 4634 3358 4701 praVissimis
3396 4644 3534 4690 tem.

262 4731 435 4778 m5“
450 4720 562 4779 suis
578 4722 794 4780 Videbat
808 4726 861 4780 in
879 4727 1116 4782 dem-ius
1136 4728 1579 4800 prorupissemac
1600 4730 1665 4788 de
1681 4748 1845 4790 causa
1944 4712 2167 4785 poribus
2187 4723 2240 4771 et
2258 4716 2582 4782 hominibus,
2602 4720 2742 4774 sicut
2758 4722 3322 4793 sequiturinsnbjecto
3334 4727 3527 4797 capite.

259 4813 533 4886 adjecitet
554 4812 717 4872 aliam
738 4819 789 4874 ei
812 4820 1262 4888 cOnsolationem,
1295 4832 1349 4877 et
1375 4823 1453 4879 ait
1480 4840 1492 4876 :
1524 4842 1543 4875 ι
1572 4816 1629 4880 1η
1653 4843 1846 4897 magna

265 4924 288 4960 ι
327 4905 493 4963 domo
514 4923 620 4964 non
651 4922 778 4965 sunt
800 4911 912 4968 sola
940 4927 1068 4967 vasa
1093 4929 1257 4970 aurea
1281 4924 1336 4970 et
1362 4927 1640 4989 argentea,
1674 4919 1767 4974 sed
1789 4928 1846 4977 et

264 5013 287 5049 σ
314 4993 496 5068 lignea
537 5007 594 5054 et
630 4998 834 5067 ﬁctilia,
858 5011 911 5056 et
938 5003 1183 5073 qutcdam
1214 5005 1428 5075 quidem
1471 5023 1497 5062 s
1522 5017 1598 5063 .nt
1650 5010 1702 5063 in
1753 5011 1849 5067 hoc

259 5100 482 5154 norem,
512 5088 620 5145 alia
646 5106 774 5147 vero
826 5088 881 5147 in
928 5094 1334 5150 contumeliam.
1380 5092 1603 5169 Magna,
1652 5096 1850 5173 inquit,

262 5178 464 5234 domus
485 5188 568 5234 est
592 5174 832 5237 Ecclesia
859 5197 927 5238 ex
952 5181 1136 5239 multis
1167 5186 1467 5243 consistens
1506 5189 1845 5260 hominibus;

260 5282 494 5325 necesse
520 5274 602 5326 εει
619 5276 749 5344 ergo
780 5286 885 5328 non
913 5278 1104 5330 omnes
1126 5272 1209 5331 ibi
1247 5292 1366 5333 esse
1398 5295 1602 5351 aequos.
1636 5278 1769 5338 Nam
1798 5292 1853 5340 et

261 5362 325 5416 in
352 5376 549 5433 magna
580 5364 739 5419 domo
758 5368 865 5420 non
890 5376 1115 5436 possunt
1142 5370 1322 5424 omnia
1358 5382 1483 5428 vasa
1526 5370 1718 5431 similia
1760 5392 1850 5433 re-

259 5453 459 5527 periri,
484 5452 612 5510 licet
644 5450 717 5510 sit
741 5456 931 5513 domus
950 5456 1104 5514 valde
1128 5472 1342 5533 magna,
1392 5460 1488 5521 sed
1520 5466 1661 5523 inter
1688 5484 1850 5524 aurea

260 5559 325 5610 et
345 5558 600 5623 argentea
637 5567 763 5607 vasa
791 5536 1191 5625 perspiciuntur
1222 5548 1277 5613 et
1303 5558 1509 5630 lignea,
1557 5572 1611 5619 et
1641 5560 1843 5633 ﬁctilia,

254 5650 324 5700 'et
352 5643 456 5701 alia
478 5642 697 5717 quidem
720 5644 888 5702 multa
929 5646 1089 5721 digna
1132 5660 1259 5707 sunt
1298 5648 1526 5723 honore,
1569 5654 1675 5713 alia
1721 5674 1852 5716 vero

263 5742 400 5793 sunt
421 5734 871 5810 contemptibilia,
899 5740 957 5797 et
990 5736 1059 5797 ad
1108 5751 1317 5800 certum
1372 5763 1528 5803 usum
1575 5732 1846 5806 discreta:

262 5826 467 5885 deinde
494 5828 626 5901 quia
642 5826 908 5887 naturalis
957 5834 1079 5890 e‘rat
1126 5834 1381 5895 vasorum
1417 5828 1634 5908 divisio,
1683 5834 1743 5898 ut
1786 5858 1853 5899 ne

1949 4872 2174 4947 Propter
2199 4877 2456 4958 [alacrem
2475 4808 3390 4958 prﬁdigzljo'rjuwmumpﬁcaﬁomm
3404 4889 3528 4945 hora

2019 4958 2165 5032 tiatur
2186 4952 2492 5032 :ipostolum
2514 4952 2606 5032 ,ἐξά
2644 4952 3066 5032 ρτιξιῶερηᾶαηιζ
3110 4962 3424 5032 ponimrque
3460 4961 3531 5016 ad

2027 5017 2350 5073 Timotheum
2381 5021 2599 5075 monitio
2625 5017 2688 5076 de
2708 5023 2980 5093 ﬁrmitate.

2028 5118 2047 5151 ‹
2078 5096 2189 5154 Hoc
2218 5109 2399 5155 autem
2431 5114 2692 5173 cognosce
2714 5100 2973 5174 quoniam
3001 5107 3053 5161 in
3085 5110 3392 5168 novissimis
3413 5108 3527 5169 die-

1957 5206 1978 5239 ι
2008 5186 2112 5244 bus
2134 5188 2413 5246 instabunt
2465 5200 2703 5262 tempora
2751 5190 3071 5265 periculosa;
3129 5188 3356 5273 (:lmbr.)
3400 5217 3532 5258 con-

1951 5281 2126 5337 Saevit
2157 5298 2389 5354 namque
2424 5283 2754 5340 deteriorum
2802 5289 3063 5345 memoria
3117 5294 3398 5348 consolare
3439 5308 3533 5350 eos

1955 5374 2047 5445 qui
2074 5372 2129 5428 in
2158 5375 2400 5431 moribus
2430 5374 2585 5432 malis
2614 5387 2768 5444 sunt;
2795 5388 2849 5434 et
2878 5397 2995 5451 quae
3017 5383 3125 5439 sint
3158 5393 3398 5456 tempora
3438 5394 3533 5456 pe-

1958 5464 2189 5521 riculosa
2215 5468 2522 5536 ostendens,
2554 5469 2757 5527 adiicit.
2793 5491 2812 5524 ‹
2844 5464 3038 5541 Erunt,
3060 5466 3261 5547 inq‘uil.
3284 5476 3532 5534 homines

1960 5554 2167 5630 scipsos
2195 5572 2459 5618 amantes.
2485 5582 2504 5615 ι
2533 5561 2726 5619 Omnia
2758 5558 2825 5620 ai
2854 5582 3007 5622 suam
3035 5554 3297 5627 iacientes
3327 5571 3503 5627 utilita

1961 5667 2069 5714 tem
2095 5648 2178 5716 vel
2197 5677 2296 5732 pro
2324 5660 2643 5718 defectione.
2674 5681 2695 5714 ι
2728 5663 2917 5735 Cupidi
2940 5668 3311 5736 pecuniarum.
3344 5688 3361 5719 ι
3397 5666 3531 5735 Quia

1960 5760 2015 5835 et
2040 5753 2275 5835 studium
2315 5769 2478 5811 omne
2505 5754 2813 5827 expendunt
2840 5773 2893 5833 ut
2916 5752 3231 5828 colligendis
3268 5758 3510 5828 pecuniis

1967 5865 1985 5895 ‹
2010 5824 2170 5902 Elati.
2192 5830 2223 5901 ’ἰ
2248 5845 2348 5915 Qui
2365 5824 2655 5917 jactanl‘Se
2678 5846 2767 5903 illa
2795 5826 2996 5905 habere
3012 5824 3135 5919 qua
3171 5824 3283 5906 non
3313 5850 3527 5908 habent.
