3992 6338
469 327 570 384 647
839 315 850 328 ’
1099 329 1164 384 Β.
1203 327 1456 386 MBAN!
1492 328 1713 386 MAUR!
1748 328 2068 388 ARCHIEP.
2109 327 2416 386 MOGUNT.
2458 326 2744 386 OPERUM
2780 326 2960 384 PARS
2997 327 3084 382 Ill.
3627 327 3732 381 648

471 457 491 489 ι
527 437 773 508 Superbi.
809 457 827 488 ι
856 436 958 506 Qui
989 453 1184 511 magna
1209 441 1426 511 sapiunt
1451 455 1550 510 pro
1575 438 1700 506 illis,
1731 454 1851 509 quae
1873 439 2042 495 habe-
2068 445 2124 505 Α
2147 448 2263 494 tum
2286 437 2578 503 distantes;
2615 445 2672 492 et
2691 437 2818 507 quia
2847 435 2986 492 tales
3012 441 3174 491 erunt
3195 433 3272 488 illi
3301 433 3391 503 qui
3410 439 3544 488 tunc
3573 447 3738 490 erunt

467 545 528 586 re
547 529 817 584 videntur.
851 549 870 582 ‹
898 529 1228 601 Blaspbemi.
1269 552 1288 584 ι
1318 531 1666 603 Derogationi
1689 531 1966 586 studentes
1988 539 2044 587 et

463 637 678 682 omnem
699 635 887 676 curam
905 635 1036 692 erga
1056 619 1463 692 derogationem
1489 620 1774 676 habentes.
1795 638 1814 671 ‹
1834 619 2040 675 Paren-

464 716 608 770 tibus
631 728 740 768 non
766 713 1099 770 obedientes.
1145 734 1163 765 ι
1193 713 1428 768 Evidens
1479 722 1562 769 est
1615 715 1756 784 quod
1812 714 2038 785 adjicit:

469 826 487 856 ι
514 804 784 885 Ingrati.»
823 804 906 860 Ad
945 819 1062 872 eos,
1107 805 1198 874 qui
1245 805 1384 859 bene
1431 805 1533 860 sibi
1578 805 1796 870 faciant,
1825 821 1948 860 nam
1989 805 2043 860 in

461 908 618 968 parte
641 913 935 968 pravorum
969 897 1303 968 ponitetiam
1333 913 1431 953 eos
1480 899 1573 968 qui
1622 898 1887 954 beneficio
1921 906 2045 953 sunt

461 989 751 1056 sublevati,
791 989 836 1045 si
883 997 991 1044 nbn
1041 989 1244 1061 gratias
1286 999 1451 1062 agant
1502 989 1608 1046 illis
1654 991 1745 1061 qui
1781 991 2043 1046 beneﬁcia

427 1121 431 1124 ι
461 1080 807 1136 contulerunt
827 1100 845 1132 ι
870 1079 1118 1148 Scelesti,
1143 1101 1164 1132 ι
1198 1081 1319 1136 illos
1344 1081 1476 1137 dicit
1491 1082 1582 1152 qui
1597 1079 1822 1150 justitise
1842 1082 2044 1137 nullam

461 1171 721 1226 adhibent
744 1170 1097 1242 diligentiam.
1142 1191 1161 1224 ε
1197 1171 1326 1227 Sine
1353 1171 1572 1240 aﬁ‘ectu,
1616 1193 1635 1226 ι
1666 1173 1786 1228 illos
1810 1174 2044 1243 dicitqui

458 1263 663 1318 nullam
706 1277 835 1334 erga
896 1279 1222 1334 quemquam
1275 1263 1524 1321 affectum
1583 1265 1771 1320 volunt
1844 1266 2046 1321 habere

459 1362 672 1433 spoqtc.
712 1373 730 1404 ‹
760 1352 1167 1409 Criminatores.
1200 1374 1219 1407 ι
1248 1353 1352 1422 Qui
1384 1356 1611 1411 istorum
1639 1356 1800 1410 verba
1833 1356 1902 1410 ad
1925 1355 2045 1411 illos

457 1453 514 1499 et
540 1443 769 1499 aliorum
793 1444 862 1498 ad
883 1444 1016 1499 istos
1046 1443 1308 1510 referunt,
1332 1453 1391 1499 ut
1419 1445 1540 1502 illos
1568 1446 1710 1500 inter
1751 1461 1845 1501 eos
1893 1462 2044 1501 com-

457 1546 731 1591 moveant.
763 1555 781 1587 ‹
814 1535 1249 1603 lncontinentes,
1289 1557 1307 1590 ι
1343 1537 1462 1593 illos
1509 1537 1659 1605 dicit,
1707 1539 1796 1608 qui
1838 1539 1894 1592 in
1923 1554 2046 1609 pas-

456 1627 1049 1686 sionibusinfirmiores
1093 1639 1238 1685 sunt.
1283 1647 1303 1680 ι
1345 1629 1608 1696 lmmites,
1651 1638 1704 1684 et
1749 1629 1870 1686 illos
1893 1637 2047 1700 putat

455 1722 546 1791 qui
571 1721 769 1776 nullius
802 1720 930 1776 boni
961 1720 1293 1792 diligentiam
1315 1721 1502 1776 volunt
1527 1722 1749 1777 habere.
1794 1741 1812 1771 ‹
1862 1721 2048 1792 Ingra—

2143 531 2210 586 de
2234 529 2430 601 quibus
2455 530 2506 586 ei
2533 545 2713 585 sermo
2739 543 2754 582 :
2787 547 2806 580 ι
2829 529 2899 583 Et
2920 529 3040 593 hos,
3064 525 3256 597 inquit,
3301 527 3499 588 devita,
3546 542 3618 582 ex
3655 526 3742 582 his

2148 638 2167 671 ι
2200 629 2384 675 autem
2411 627 2534 675 sunt
2558 619 2650 689 qui
2676 627 2970 690 penetrant
3002 619 3193 674 domos
3241 626 3298 673 et
3335 618 3587 687 captivas
3645 619 3743 673 du-

2149 729 2168 763 c
2203 719 2334 766 cunt
2357 711 2727 776 mulierculas,
2751 719 3005 766 oneratas
3031 709 3289 779 peccatis,
3313 723 3435 778 qua:
3461 709 3746 764 ducuntur

2150 823 2168 854 ι
2205 804 2375 859 variis
2403 804 2688 860 desideriis
2719 818 2938 874 semper
2965 803 3238 858 discentes
3258 811 3315 857 et
3358 817 3646 872 nunquam
3676 804 3742 858 ad

2149 913 2168 945 ι
2202 895 2488 950 scientiam
2536 895 2782 950 veritatis
2825 893 3224 965 pervenientes.
3254 911 3271 944 ι
3305 892 3494 962 Itaque
3547 891 3746 947 talibus

2145 983 2487 1038 exstantibus
2504 982 2633 1050 illis,
2651 983 2746 1052 qui
2771 983 2826 1037 in
2855 981 3166 1036 novissimis
3189 989 3350 1037 erunt
3375 981 3745 1052 diebus,un

2146 1091 2266 1130 rum
2295 1077 2349 1130 in
2373 1077 2598 1146 amigma
2627 1077 2717 1131 isti
2748 1085 2898 1143 sunt,
2935 1075 3211 1131 declinare
3262 1076 3330 1131 ab
3381 1077 3464 1131 eis
3521 1093 3626 1146 pro
3670 1079 3745 1133 vi-

2146 1168 2286 1222 rium
2319 1177 2531 1224 tuarum
2553 1167 2917 1238 possibilitate
2944 1168 3208 1232 accelera,
3238 1169 3328 1236 qui
3351 1183 3450 1222 sua
3470 1168 3745 1238 pravitate

2146 1260 2201 1314 in
2243 1260 2431 1316 domos
2477 1275 2596 1315 sese
2654 1260 2882 1316 aliorum
2931 1259 3280 1330 immergunt,
3313 1268 3373 1313 ut
3419 1260 3744 1315 seducentes

2145 1355 2356 1426 aliquas
2405 1357 2460 1412 in
2508 1355 2746 1411 deterius
2792 1355 3092 1420 attrahant,
3145 1369 3251 1409 non
3306 1354 3428 1409 illas
3483 1354 3744 1410 mulieres

2145 1462 2266 1516 quae
2301 1462 2432 1502 vere
2457 1454 2582 1502 sunt
2611 1447 2732 1516 piae,
2761 1453 2816 1500 et
2850 1445 3059 1509 fideles,
3090 1443 3193 1498 hoc
3211 1444 3358 1498 enim
3381 1443 3505 1500 fieri
3544 1445 3744 1515 impos-

2146 1537 2300 1592 sibile
2343 1545 2448 1604 est,
2503 1538 2595 1593 sed
2644 1537 2765 1592 illas
2799 1551 2920 1607 qua:
2967 1536 3310 1592 aestimantur
3341 1552 3466 1592 esse
3489 1547 3738 1593 nostra:

2146 1629 2366 1698 repletze
2416 1637 2542 1683 sunt
2567 1643 2698 1683 vero
2725 1633 2873 1684 omni
2911 1629 3202 1699 pravitate,
3233 1635 3288 1684 et
3339 1645 3369 1683 a
3417 1630 3586 1685 nobis
3629 1633 3745 1701 qni-

2147 1723 2271 1778 dcm
2302 1737 2520 1792 semper
2545 1723 2762 1777 discunt
2793 1722 2908 1788 illa,
2943 1737 3061 1791 qum
3091 1737 3254 1792 agere
3280 1723 3642 1791 oportebant,
3662 1723 3746 1794 ju—

455 1813 518 1878 ti,
554 1832 571 1862 ι
599 1813 692 1882 qui
721 1829 830 1868 non
862 1812 1092 1868 libenter
1123 1813 1390 1868 bonorum
1436 1813 1614 1868 studia
1644 1822 2036 1882 exsequuntur.
2073 1810 2117 1869 Β
2145 1828 2336 1867 vamen
2365 1827 2494 1868 vero
2542 1813 2745 1867 nullum
2808 1829 2874 1866 ex
2924 1813 3172 1866 doctrina
3225 1822 3412 1868 nostra
3472 1815 3747 1885 recipiunt

458 1925 476 1956 ι
514 1905 847 1960 Proditores.
895 1925 914 1958 ι
967 1904 1041 1960 Ut
1085 1905 1232 1960 dicat
1275 1905 1596 1961 amicorum.
1654 1925 1672 1956 ‹
1710 1905 1978 1972 Protervi,
2015 1925 2034 1958 ι

450 1999 627 2071 parati
675 1999 743 2054 ad
791 1999 1013 2053 malum.
1049 2018 1068 2049 ε
1101 1998 1308 2065 lnflati,
1348 2019 1366 2049 ι
1399 1999 1655 2070 quoniam
1704 2015 1900 2071 magna
1957 2015 2043 2054 sa-

451 2092 611 2162 piunt
638 2093 692 2145 in
729 2091 834 2157 bis,
865 2107 986 2162 qua:
1027 2089 1130 2146 sibi
1174 2091 1398 2146 minime
1450 2089 1662 2146 adsunt.
1711 2090 1808 2146 Est
1859 2100 2040 2145 autem

449 2182 753 2238 diﬁerentia
781 2182 926 2237 inter
951 2182 1153 2237 elatum
1185 2191 1239 2236 et
1270 2181 1511 2236 inflatum
1531 2223 1546 2248 ,
1593 2183 1849 2251 quoniam
1883 2181 2039 2236 infla-

450 2284 538 2330 tus
560 2275 628 2329 ab
659 2275 885 2330 arbitrio
911 2275 1248 2347 designatur,
1272 2274 1447 2330 elatus
1470 2291 1598 2330 vero
1629 2276 1720 2346 qui
1751 2276 1805 2330 in
1836 2290 2042 2331 sermo-

453 2369 614 2423 nibus
640 2365 931 2436 sejactare
959 2367 1260 2421 consuevit.
1303 2384 1322 2417 ‹
1375 2366 1664 2421 Amatores
1702 2365 2041 2436 voluptatum

456 2480 475 2512 ι
511 2460 702 2531 magis,
755 2474 922 2530 quam
957 2457 1074 2512 Dei.
1112 2478 1130 2509 ι
1177 2457 1279 2523 Qui
1321 2457 1628 2526 voluptates
1673 2458 1868 2527 pietati
1907 2473 2044 2529 pm-

445 2550 792 2606 honorandas
812 2563 933 2604 esse
959 2547 1292 2603 existimant.
1319 2545 1443 2600 Haec
1456 2553 1635 2601 autem
1655 2562 1761 2600 non
1792 2547 1860 2601 de
1888 2556 2044 2601 exte-

450 2641 528 2696 ris
548 2641 698 2707 dicit,
731 2639 826 2694 sed
856 2639 922 2694 de
943 2636 1261 2693 domesticis
1285 2636 1562 2703 Ecclesize,
1589 2638 1679 2707 qui
1705 2638 1840 2692 tales
1856 2647 2037 2693 erunt.

449 2731 584 2786 Nam
615 2741 671 2786 et
700 2731 769 2786 ab
795 2731 949 2785 initio
975 2746 1154 2786 sermo
1191 2728 1278 2784 ille
1317 2730 1383 2784 de
1434 2729 1631 2785 talibus
1678 2728 1798 2793 fuit,
1850 2729 1942 2799 qui
1986 2729 2041 2784 in

446 2824 690 2880 deterius
713 2823 887 2879 solent
919 2837 1157 2893 serpere,
1186 2838 1254 2876 ex
1277 2821 1369 2877 illo
1394 2820 1514 2877 loco
1538 2837 1645 2892 quo
1669 2821 1837 2876 dixit:
1878 2840 1895 2871 ι
1932 2819 2043 2874 Me-

453 2935 471 2965 ‹
505 2931 627 2970 mor
655 2923 772 2971 esto
795 2913 982 2970 Jesum
1021 2912 1298 2969 Christum
1354 2913 1722 2968 resurrexisse
1771 2927 1839 2966 ex
1889 2927 2039 2967 mor-

451 3027 469 3058 ι
508 3007 633 3074 tuis,
666 3027 684 3059 ι
716 3007 772 3062 in
793 3005 1177 3062 exhortatione
1200 3021 1261 3059 ea
1287 3021 1394 3074 qua
1438 3004 1727 3060 consilium
1761 3003 1897 3059 dans
1937 3004 2040 3072 ipsi

448 3097 755 3164 Timotheo,
802 3097 1152 3153 adversarios
1184 3113 1412 3169 arguere
1440 3105 1524 3153 est
1565 3098 1805 3162 adnisus,
1840 3097 1932 3166 qui
1987 3106 2042 3152 et

445 3189 648 3244 multos
667 3188 872 3259 exsillis
893 3187 985 3256 qui
1010 3188 1261 3243 Εοειεδίω
1275 3197 1400 3243 sunt
1430 3187 1740 3242 subvertere
1771 3187 2037 3252 nituntur,

443 3296 544 3352 pro
566 3281 764 3350 quibus
785 3294 910 3334 eum
936 3288 991 3334 et
1015 3280 1082 3334 ad
1100 3279 1320 3349 plenum
1347 3278 1658 3335 consolatur
1685 3287 1747 3332 ut
1779 3294 1886 3332 non
1916 3292 2039 3347 gra-

445 3373 586 3427 viter
611 3371 768 3425 valde
795 3370 958 3438 ferat,
980 3371 1073 3426 sed
1107 3370 1356 3425 intendat
1383 3369 1603 3439 quidem
1633 3383 1734 3423 suo
1763 3368 2037 3438 operi,se-

444 3471 633 3533 greget
659 3477 788 3516 vero
813 3478 871 3517 se
899 3462 966 3516 ad
993 3461 1210 3532 plenum
1239 3479 1268 3514 a
1290 3460 1472 3530 pravis
1514 3459 1847 3514 hominibus.
1880 3458 2036 3514 Unde

445 3564 501 3608 et
523 3569 668 3608 nunc
684 3553 838 3622 quasi
869 3552 958 3621 qui
986 3552 1052 3607 de
1079 3552 1275 3607 talibus
1301 3550 1446 3606 dicat
1463 3591 1478 3616 ,
1509 3564 1629 3619 quae
1655 3560 1781 3604 sunt
1816 3548 2035 3619 quidem

450 3647 740 3718 aliquando
768 3646 824 3702 in
856 3645 1168 3701 novissimis
1197 3645 1387 3699 diebus
1412 3643 1500 3698 vel
1531 3643 1899 3712 temporibus,
1941 3643 2034 3712 qui

444 3741 546 3797 sub
577 3741 761 3811 specie
793 3739 1214 3795 domesticorum
1267 3737 1440 3792 acturi
1484 3747 1612 3793 sunt
1646 3737 1734 3791 illa
1774 3753 1896 3808 quae
1925 3752 2034 3791 non

441 3844 658 3906 Oportet
683 3834 820 3890 ﬁeri.
852 3831 1058 3906 (Grog.)
1082 3831 1162 3886 Ex
1193 3832 1299 3886 hoc
1325 3830 1489 3886 corde
1526 3830 1630 3884 hoc
1671 3831 1912 3901 gignitur
1943 3845 2033 3884 su-

439 3929 754 3999 perborum,
783 3927 878 3998 qui
897 3926 1004 3982 nisi
1025 3925 1194 3981 Deum
1214 3926 1574 3996 superbiendo
1596 3934 2028 3991 contemnerent,

441 4037 786 4093 nequaquam
825 4028 905 4076 tot
925 4019 1136 4075 lubrica
1171 4019 1502 4075 lasciviendo
1526 4026 1895 4090 penetrarent,
1915 4017 2036 4086 qui-

440 4114 542 4170 bus
575 4115 832 4168 nimirum
859 4114 1045 4170 herbis
1070 4112 1372 4168 Behemotb
1403 4113 1670 4183 pascitur,
1698 4113 1792 4182 qui
1840 4112 1895 4167 in
1952 4111 2034 4166 eis

440 4219 657 4274 pcnnam
687 4211 903 4259 aeternae
929 4205 1123 4260 mortis
1149 4205 1400 4260 esuriens
1421 4219 1609 4260 eorum
1645 4205 1874 4275 perditis
1919 4219 2036 4258 mo-

443 4299 595 4353 ribus
618 4298 878 4364 satiatur,
901 4298 1117 4369 superbi
1148 4300 1292 4353 enim
1322 4299 1484 4371 hujus
1508 4301 1691 4355 saeculi
1712 4310 1768 4355 et
1791 4302 1837 4356 si
1865 4314 2035 4372 quan-

443 4392 512 4447 do
541 4401 759 4447 aeternae
779 4391 1197 4464 dispensationis
1222 4393 1411 4448 ordine
1441 4391 1722 4464 praepediti
1749 4393 1817 4448 ab
1859 4392 2037 4462 exple-

446 4483 590 4538 tione
622 4498 912 4552 pravorum
945 4499 1168 4552 operum
1198 4493 1436 4550 cessant,
1464 4500 1628 4554 prava
1658 4483 1914 4538 tamenin
1937 4499 2033 4538 co-

2142 1913 2364 1972 propter
2391 1903 2712 1973 pravitatem
2736 1903 2996 1972 propositi
3014 1912 3070 1959 et
3099 1903 3310 1959 arbitrii
3332 1905 3442 1970 sui,
3473 1906 3609 1976 quia
3645 1907 3745 1961 hac.

2142 1991 2229 2049 vel
2265 1995 2500 2050 maxime
2523 1995 2586 2050 de
2609 2011 2773 2050 causa
2796 1995 3087 2050 intendunt
3114 1995 3238 2062 illis,
3285 2009 3352 2052 eo
3377 1999 3532 2067 quod
3581 2000 3744 2053 verba

2143 2106 2332 2145 eorum
2362 2090 2474 2146 suis
2498 2091 2835 2160 perspiciunt
2885 2105 3214 2146 concurrere
3263 2092 3583 2148 desideriis.
3613 2093 3746 2148 Ter-

2143 2199 2268 2238 rens
2289 2199 2419 2239 vero
2442 2199 2566 2238 eum
2596 2183 2856 2239 memoria
2885 2183 3214 2249 futurorum,
3244 2186 3570 2241 consolatur
3583 2188 3745 2242 etiam

2143 2292 2208 2331 ex
2249 2275 2354 2332 illis
2383 2291 2501 2345 qua:
2521 2284 2680 2330 antea
2704 2273 2821 2342 jam
2855 2275 2999 2330 facta
3039 2275 3277 2330 fuerunt.
3311 2295 3330 2326 ι
3365 2277 3743 2344 Quemadmo-

2149 2389 2167 2421 ι
2201 2369 2349 2433 dum,
2380 2369 2576 2438 inquit,
2590 2367 2814 2424 Jamnes
2835 2368 3173 2424 etMambres
3203 2371 3534 2424 restiterunt
3549 2369 3743 2441 Moysi,

2150 2483 2167 2514 ι
2204 2464 2284 2518 sic
2304 2472 2360 2518 et
2388 2463 2443 2517 hi
2469 2463 2729 2518 resistunt
2753 2462 2988 2529 veritati,
3021 2463 3269 2517 homines
3301 2463 3553 2532 corrupti
3596 2477 3750 2518 men-

2150 2572 2167 2605 ι
2208 2562 2278 2616 te,
2305 2553 2522 2623 reprobi
2553 2568 2681 2624 erga
2713 2552 2896 2607 tidem.
2935 2572 2952 2603 ι
2993 2551 3198 2607 Memor
3227 2561 3380 2617 esto,
3431 2553 3640 2621 inquit,
3687 2569 3746 2606 ea

2143 2660 2264 2714 quae
2289 2644 2585 2700 secundum
2609 2642 2847 2713 Moysem
2873 2643 3003 2697 olim
3030 2643 3174 2697 facta
3204 2641 3455 2706 fuerunt,
3507 2644 3601 2697 cui
3633 2659 3749 2697 ma-

2144 2732 2285 2786 lelici
2315 2731 2416 2784 viri
2443 2731 2779 2788 restiterunt.
2824 2730 3014 2800 Itaque
3060 2731 3202 2786 nulla
3251 2731 3624 2786 demiratione
3669 2732 3749 2786 di-

2145 2839 2309 2894 gnum
2332 2831 2445 2888 est,
2477 2823 2522 2876 si
2555 2832 2610 2877 et
2633 2838 2777 2877 nunc
2810 2823 3060 2878 homines
3087 2823 3327 2893 corrupti
3370 2833 3562 2878 mente
3613 2824 3750 2878 veri-

2146 2913 2246 2968 tati
2273 2914 2552 2978 resistant,
2579 2921 2636 2966 et
2660 2914 2786 2982 quia
2811 2915 3043 2983 quadam
3072 2914 3280 2968 ratione
3302 2914 3357 2968 hi
3383 2915 3477 2984 qui
3508 2916 3749 2986 ejusmo-

2145 3006 2199 3060 di
2232 3015 2380 3071 sunt,
2411 3006 2646 3059 maxime
2667 3006 3012 3082 inlprincipio
3040 3006 3198 3060 ﬁdem
3222 3006 3551 3062 simulantes
3575 3006 3749 3062 latere

2145 3096 2335 3151 multis
2363 3097 2636 3162 videntur,
2665 3096 2757 3166 qui
2783 3098 2869 3151 vel
2894 3097 3082 3166 quales
3102 3098 3229 3153 sint.
3267 3118 3286 3150 ί
3318 3098 3427 3153 Sed
3468 3115 3585 3154 non
3628 3116 3750 3170 pro-

2068 3178 2112 3240 C
2149 3207 2168 3239 ‹
2201 3189 2993 3260 movebunt,inquit,an'iplius,
3010 3190 3322 3260 insipientia
3344 3200 3537 3246 autem
3555 3208 3748 3247 eorum

2152 3303 2170 3334 ι
2207 3283 2499 3338 manifesta
2522 3283 2647 3349 erit,
2672 3284 2750 3339 sic
2775 3291 2836 3338 ut
2855 3293 2910 3340 et
2929 3283 3143 3339 illorum
3160 3285 3280 3340 fuit.
3306 3304 3326 3337 ›
3359 3284 3476 3341 Νοη
3511 3296 3749 3358 poteth

2141 3375 2322 3430 denuo
2353 3391 2412 3431 se
2453 3375 2730 3431 occultare
2773 3376 3080 3447 quicunque
3120 3387 3246 3432 sunt
3293 3379 3388 3432 illi.
3423 3379 3750 3435 Manifestus

2142 3479 2325 3523 autem
2351 3468 2513 3523 faciet
2533 3483 2628 3524 eos
2644 3476 2856 3540 tempus
2878 3469 3037 3524 sicuti
3059 3479 3113 3525 et
3132 3471 3345 3526 illorum
3365 3472 3746 3542 insipientiam

2140 3558 2485 3614 manifestam
2507 3558 2659 3627 fecit,
2683 3569 2739 3616 et
2764 3569 3006 3630 tempore
3029 3563 3400 3635 subsequenti.
3417 3565 3580 3630 Nam,
3598 3566 3748 3637 quod

2143 3651 2483 3723 interrogant
2529 3655 2791 3724 quidam,
2851 3657 2991 3710 unde
3051 3655 3227 3726 potuit
3285 3658 3478 3713 beatus
3538 3659 3747 3714 Paulus

2141 3757 2469 3813 cognoscere
2503 3745 2723 3798 nomina
2769 3744 3008 3812 illorum,
3048 3749 3140 3816 qui
3184 3750 3510 3804 restiterunt
3546 3749 3744 3822 Moysi,

2139 3835 2326 3890 multm
2355 3835 2598 3892 stultitia:
2635 3838 2857 3909 dignum
2887 3848 2990 3895 est.
3030 3841 3339 3897 Ridiculum
3367 3845 3576 3899 etenim
3609 3857 3698 3900 est
3729 3866 3740 3899 :

2139 3922 2376 3996 Moysem
2397 3927 2638 3996 quidem,
2658 3936 2810 3983 tanta
2832 3939 2959 3984 ante
2983 3947 3041 3986 se
3067 3932 3209 3988 facta
3233 3935 3480 3989 videatur
3497 3937 3743 3992 edixisse

2138 4015 2250 4081 illa,
2277 4033 2397 4086 qua:
2421 4017 2605 4075 multis
2626 4029 2785 4076 erant
2809 4021 3037 4088 incerta,
3076 4027 3371 4082 memorari
3413 4027 3584 4082 etiam
3621 4038 3744 4083 tan-

2139 4117 2317 4165 torum
2339 4127 2477 4180 quos
2500 4128 2659 4167 nemo
2685 4124 2813 4169 tunc
2863 4116 3003 4171 scire
3044 4128 3258 4189 poterat
3282 4138 3295 4173 :
3319 4119 3555 4179 Paulum
3603 4141 3738 4181 vero

2140 4204 2396 4259 demirari
2423 4206 2470 4260 si
2493 4207 2722 4262 duorum
2746 4210 3025 4266 hominum
3052 4215 3301 4284 nomina,
3331 4220 3424 4289 qui
3455 4232 3587 4276 ante
3617 4222 3737 4278 fue-

2142 4302 2288 4358 rant,
2318 4294 2550 4350 valuerit
2581 4297 2781 4354 dicere.
2808 4299 2941 4355 Nam
2970 4313 3026 4357 et
3055 4307 3349 4362 secundum
3379 4311 3736 4368 traditionem

2139 4388 2488 4456 antiquorum
2519 4388 2625 4443 ista
2646 4389 2796 4445 illum
2828 4393 2967 4448 scire
2991 4395 3126 4450 nihil
3148 4400 3276 4453 novi
3296 4397 3419 4454 fuit.
3445 4401 3580 4456 lllud
3605 4420 3736 4458 vero

2139 4487 2330 4533 notatn
2367 4480 2586 4550 dignum
2622 4491 2727 4548 est,
2761 4484 2902 4552 quod
2935 4486 3150 4541 videtur
3183 4489 3324 4559 apud
3356 4493 3559 4548 multas
3587 4512 3736 4564 qua:-

443 4577 703 4646 gitatione
729 4575 1105 4646 multiplicant,
1137 4575 1299 4631 modo
1324 4585 1385 4630 ut
1423 4592 1481 4631 se
1519 4577 1853 4645 potentiores
1879 4584 2034 4630 crete-
2061 4545 2111 4604 υ
2138 4570 2370 4624 stionem
2425 4587 2666 4638 movere,
2713 4577 3170 4643 quemadmodum
3217 4545 3289 4636 lin
3356 4545 3734 4654 superiorjibus

443 4667 521 4720 ris
552 4666 714 4721 rebus
739 4674 794 4720 et
817 4666 1116 4721 honoribus
1140 4667 1450 4730 ostendant,
1488 4666 1648 4720 modo
1680 4674 1738 4720 ut
1780 4666 2030 4721 eamdem

443 4771 596 4811 suam
617 4757 911 4826 potentiam
939 4757 993 4810 in
1022 4757 1200 4810 studio
1229 4756 1418 4810 aliena:
1449 4754 1685 4810 lmsionis
1717 4765 2027 4822 exerceant,

443 4848 606 4902 modo
637 4857 696 4901 ut
743 4846 967 4902 lubricis
997 4848 1236 4902 motibus
1287 4847 1432 4902 ducti
1478 4862 1577 4918 per
1615 4847 1757 4903 facta
1804 4863 1862 4906 se
1891 4849 2030 4906 levia

444 4938 858 5009 voluptatesque
893 4939 1220 5005 dissolvant,
1259 4941 1351 5010 qui
1390 4939 1518 4995 dum
1559 4942 1722 4996 rebus
1767 4942 2027 4997 divinitus

447 5029 683 5099 acceptis
717 5045 1056 5101 nequaquam
1086 5042 1258 5093 recta,
1291 5029 1386 5086 sed
1414 5046 1582 5102 prava
1624 5047 1840 5101 semper
1866 5047 2029 5103 agere

449 5119 707 5188 cogitant,
734 5120 865 5190 quid
891 5121 1037 5176 aliud
1064 5119 1270 5176 faciunt
1296 5121 1399 5176 nisi
1449 5123 1563 5176 suis
1613 5130 1802 5176 contra
1853 5122 2033 5177 Domi-

452 5227 580 5264 num
629 5212 784 5267 donis
818 5221 1059 5281 pugnant
1087 5230 1098 5264 :
1128 5211 1250 5280 quia
1283 5211 1447 5280 igitur
1479 5211 1775 5266 Behcmoth
1817 5212 1919 5269 iste
1974 5214 2030 5269 in

451 5307 805 5374 superborum
832 5306 1104 5360 mentibus
1127 5321 1221 5358 sua
1248 5320 1462 5371 semper
1493 5320 1590 5373 per
1634 5307 1898 5362 desideria
1947 5322 2033 5362 re-

451 5395 749 5466 cognoscit,
779 5394 936 5466 quasi
967 5395 1164 5448 herbas
1192 5393 1245 5445 in
1270 5393 1544 5448 montibus
1581 5395 1804 5460 invenit,
1832 5397 2030 5466 quibus

452 5489 710 5544 refectum
737 5505 850 5544 suae
878 5486 1097 5543 malitiae
1121 5489 1365 5538 ventrem
1409 5486 1598 5541 tendit.
1639 5487 1790 5544 Unde
1827 5491 2029 5559 optime

454 5581 673 5648 adjicit:
708 5601 726 5631 ι
766 5580 1040 5634 Habentes
1079 5573 1308 5630 formam
1345 5577 1598 5646 pietatis,
1648 5581 1904 5636 virtutem
1942 5599 2032 5638 au-

460 5691 478 5720 ι
516 5681 623 5728 tem
649 5671 768 5742 ejus
797 5670 1146 5738 abnegantes.
1186 5688 1203 5718 ι
1237 5668 1464 5742 (Ληιὺν.)
1493 5671 1561 5725 Et
1581 5671 1898 5730 simulantes
1913 5675 2032 5744 qui-

456 5763 575 5818 dem
623 5777 680 5820 se
711 5770 897 5817 tenere
939 5762 1220 5833 pietatem,
1249 5779 1279 5819 a
1323 5765 1538 5835 negotio
1563 5780 1693 5821 vero
1739 5767 1858 5838 ipso
1883 5770 2025 5824 mul-

2136 4663 2357 4729 dixerit,
2398 4683 2416 4715 ‹
2467 4665 2694 4720 multum
2739 4667 3047 4736 proficiant,
3108 4691 3126 4722 ι
3177 4672 3282 4727 hoc
3331 4690 3464 4732 vero
3509 4678 3565 4731 in
3614 4678 3732 4734 loco

2133 4753 2291 4821 dixit,
2327 4775 2345 4807 ‹
2376 4755 2473 4812 sed
2524 4773 2631 4813 non
2663 4761 2968 4828 proficient
3014 4763 3264 4834 amplius.
3311 4785 3331 4816 ι
3368 4765 3514 4822 Dicit
3545 4780 3730 4826 autem

2133 4845 2236 4899 ista
2269 4862 2376 4901 non
2409 4849 2703 4903 secundum
2731 4867 2924 4906 vanam
2975 4869 3096 4908 eam
3139 4854 3371 4926 denique
3434 4860 3727 4922 rationem,

2131 4936 2402 4992 illicenim
2423 4940 2572 5006 dicit,
2621 4942 2932 5011 proficient,
2990 4948 3055 5001 de
3101 4946 3206 5002 illis
3262 4949 3467 5017 dicens,
3511 4957 3607 5024 qui
3639 4973 3728 5010 sc-

2123 5029 2389 5101 ‘quuntur,
2421 5041 2478 5086 et
2496 5035 2640 5103 quod
2668 5051 2942 5105 nunquam
2974 5039 3209 5107 poterint
3236 5042 3468 5100 deficere
3511 5046 3594 5113 hi,
3635 5049 3724 5118 qui

2131 5125 2430 5179 secundum
2461 5125 2605 5180 dicta
2633 5143 2822 5182 eorum
2851 5127 3073 5184 faciunt.
3103 5130 3303 5198 Adjicit
3346 5133 3608 5205 denique,
3640 5141 3722 5191 di-

2133 5231 2264 5271 cens
2302 5233 2316 5270 :
2361 5235 2381 5268 ‹
2418 5227 2474 5272 et
2515 5234 2696 5274 sermo
2734 5237 2921 5277 eorum
2970 5234 3030 5278 ut
3067 5239 3265 5281 cancer
3314 5231 3527 5297 serpit:
3569 5251 3588 5282 ι
3623 5231 3722 5284 hoc

2135 5322 2266 5363 vero
2295 5307 2349 5363 in
2378 5308 2498 5365 loco
2536 5313 2678 5382 apud
2724 5329 2820 5369 eos
2855 5314 2946 5384 qui
2977 5316 3275 5387 depravare
3316 5320 3598 5376 sufficiunt
3634 5340 3723 5377 vc—

2137 5398 2378 5467 ritatem,
2406 5401 2558 5467 dixit,
2595 5419 2702 5459 non
2722 5407 2989 5475 proficere
3013 5423 3126 5476 eos,
3170 5412 3295 5481 quia
3348 5413 3402 5466 in
3453 5414 3720 5484 principio

2134 5490 2449 5562 frequenter
2475 5493 2630 5548 multi
2677 5496 2924 5553 homines
2973 5499 3041 5554 de
3081 5499 3188 5556 illis
3237 5502 3563 5570 nescientes,
3597 5522 3719 5572 spc-

2137 5587 2275 5642 ciem
2302 5602 2490 5644 eorum
2514 5604 2579 5645 ac
2592 5591 2811 5648 schema
2827 5593 3000 5648 solum
3023 5607 3342 5665 agnoscunt,
3359 5598 3450 5668 qui
3478 5607 3719 5668 tempore

2137 5681 2380 5736 currenti
2408 5684 2720 5740 necessario
2745 5686 3057 5754 dogmatum
3084 5703 3268 5743 eorum
3309 5689 3714 5744 subversioncm

2138 5783 2531 5844 cognoscentes
2565 5777 2770 5833 habere
2822 5779 2876 5833 in
2929 5779 3012 5836 his
3053 5789 3340 5848 poterunt;
3397 5781 3541 5853 quod
3590 5795 3714 5851 ergo
