3992 6338
181 364 294 423 640

653 359 1209 422 ENARRATIONUM
1240 363 1309 420 IN
1342 361 1494 420 EPP.
1534 360 1736 418 PAULI
1773 357 1903 417 LIB.
1947 362 2135 423 XXIV.
2275 363 2347 421 IN
2384 363 2601 422 EPIST.
2636 365 2683 422 II
2718 360 2812 421 AD
2852 364 2992 421 TIM.

3345 366 3448 421 650

176 478 364 535 dixit:
384 491 493 533 non
516 476 826 547 proficient,
848 495 866 527 ι
887 478 1181 532 secundum
1203 477 1335 531 illud
1355 477 1509 541 dixit,
1524 475 1662 545 quod
1684 490 1768 528 er—
1795 483 1846 541 Α
1873 479 2168 534 sacerdotis
2197 480 2430 549 pertinet
2457 480 2792 550 disciplinam
2808 480 3197 548 interrogatum
3222 493 3451 548 respon-

175 587 282 628 ror
299 587 490 628 eorum
524 569 694 625 latere
719 569 890 640 possit
922 570 990 624 ad
1009 577 1222 641 tempus
1239 611 1256 636 ,
1285 570 1428 624 unde
1453 579 1508 624 et
1532 568 1726 638 adjecit
1753 585 1766 620 :

183 681 207 714 ι
247 661 567 732 [nsipientia
589 661 733 716 enim
755 674 943 715 eorum
976 661 1261 715 manifesta
1299 661 1423 714 erit.
1462 678 1480 711 ι
1514 658 1618 713 Per
1655 671 1775 712 om-

173 752 278 808 nia
301 767 434 822 ergo
456 752 560 806 ista
582 750 891 806 consolatus
908 761 992 807 est
1012 750 1351 806 Tnnotheum
1386 758 1444 804 ut
1461 764 1530 805 ne
1548 751 1774 806 nimium

176 841 522 914 aﬂligeretur
549 857 648 912 pro
695 841 805 896 illis
848 841 941 911 qui
994 842 1049 895 in
1096 841 1336 896 deterius
1363 848 1589 910 serpunt
1618 856 1632 893 :
1663 841 1778 896 suis

179 944 318 988 vero
340 932 584 989 consiliis
611 932 802 987 incitat
827 946 952 986 eum
982 930 1170 987 dicens
1197 949 1212 984 :

259 1043 280 1077 1
317 1026 401 1080 Tu
427 1033 609 1082 autem
635 1033 919 1080 assecutus
946 1038 1007 1078 es
1037 1037 1210 1078 meam
1237 1021 1563 1085 doctrinam,
1596 1036 1779 1076 meum

179 1135 205 1169 ε
230 1117 566 1180 institutum,
583 1113 940 1185 pr0positum,
957 1113 1137 1179 ﬁdem,
1154 1112 1636 1184 longanimitatem,
1652 1111 1782 1166 cha-

182 1229 206 1262 ι
241 1212 484 1275 ritatem,
515 1208 798 1278 pietatem,
825 1206 1166 1276 patientiam,
1200 1203 1626 1277 persecutiones,
1657 1216 1782 1272 pas-

181 1323 204 1354 ι
235 1303 443 1357 siones.
467 1319 486 1352 ›
515 1298 762 1370 Semper,
781 1297 978 1368 inquit,
997 1311 1209 1353 mecum
1230 1309 1575 1350 commorans
1588 1293 1779 1349 horum

172 1394 625 1465 experimentum
648 1391 925 1462 accepisti,
953 1390 1176 1455 docens,
1199 1387 1380 1460 qualia
1414 1387 1634 1458 quidem
1666 1386 1784 1456 ipse

176 1487 326 1543 alios
356 1487 552 1542 docere
572 1498 963 1541 consueveram
985 1523 1000 1550 ,
1043 1483 1496 1554 quemadmodum
1536 1493 1668 1534 vero
1695 1491 1784 1533 me

175 1581 368 1650 ipsum
397 1578 772 1641 instituebam,
800 1576 885 1630 vel
905 1576 1033 1646 quia
1085 1575 1174 1629 illa
1233 1589 1330 1645 per
1379 1571 1618 1642 singulos
1669 1571 1787 1626 dies

178 1688 356 1745 agere
383 1671 746 1742 properabam
775 1685 904 1740 erga
926 1669 1087 1724 ﬁdem
1109 1708 1124 1735 ,
1158 1667 1612 1738 quemadmodum
1637 1665 1692 1719 in
1719 1678 1782 1718 ea

178 1764 311 1820 sine
333 1763 442 1817 ulla
468 1762 826 1834 persistebam
852 1761 1083 1827 malitia,
1111 1770 1165 1816 et
1193 1761 1420 1832 diligens
1467 1765 1690 1814 cunctos
1730 1766 1788 1813 et

1875 570 2004 625 dere
2032 570 2098 624 de
2127 571 2263 640 lege,
2302 571 2395 642 qui
2417 571 2457 625 si
2493 571 2851 642 ignorantiam
2885 571 2940 624 in
2979 570 3191 625 caateris
3222 569 3452 640 diligen—

1877 670 2008 727 tem,
2039 663 2093 716 in
2120 662 2415 733 Scripturis
2463 663 2665 717 sanctis
2718 661 3025 718 ohtenderit
3068 659 3449 731 negligentem,

1880 753 2271 820 frustrajactat
2297 755 2645 824 dignitatem,
2693 755 2847 824 cujus
2885 767 3048 823 opera
3080 766 3184 805 non
3213 749 3454 804 exhibet.

1881 845 1996 900 Hoc
2020 857 2124 911 est,
2155 846 2299 916 quod
2326 844 2602 916 apostolus
2626 843 2826 898 Paulus
2851 842 3040 898 scribit
3069 841 3136 896 ad
3163 837 3342 894 Titum
3359 878 3376 904 ,
3400 847 3461 893 ut

1883 948 2075 1008 potens
2117 937 2187 993 sit
2210 945 2265 992 et
2292 936 2722 992 contradicentes
2743 933 3039 989 revincere.
3083 933 3150 987 Et
3177 931 3242 985 ad
3272 929 3460 984 Timo-

1883 1029 2068 1082 theum
2097 1043 2110 1080 :
2154 1046 2172 1078 ι
2197 1025 2463 1093 Quoniam
2495 1025 2563 1080 ab
2589 1023 2814 1080 infantia
2847 1039 3032 1080 sacras
3060 1023 3268 1078 litteras
3293 1019 3457 1083 nosti,

1889 1137 1908 1170 ‹
1945 1133 2066 1188 quae
2094 1125 2148 1173 te
2167 1126 2393 1187 possunt
2413 1117 2682 1172 instruere
2709 1116 2778 1170 ad
2805 1115 3062 1179 salutem,
3101 1131 3121 1166 ι
3156 1121 3214 1168 ιιι
3237 1125 3464 1182 peccan-

1883 1217 1968 1262 tes
1997 1221 2178 1263 coram
2207 1207 2460 1262 omnibus
2499 1214 2710 1277 arguat.
2756 1205 2824 1260 Et
2869 1205 2993 1275 quia
3042 1204 3199 1269 dixit,
3233 1222 3250 1255 ‹
3279 1215 3466 1257 sacras

1890 1316 1908 1350 ‹
1943 1298 2155 1354 litteras
2175 1313 2294 1368 quae
2328 1306 2380 1352 te
2401 1305 2625 1368 possunt
2647 1297 2934 1361 instruere,
2972 1314 2989 1346 ›
3018 1293 3254 1362 adjecit:
3291 1311 3310 1344 ι
3339 1289 3466 1346 0m-

1891 1412 1910 1446 ι
1945 1393 2031 1448 nis
2047 1391 2328 1464 Scriptura
2350 1391 2610 1447 divinitus
2631 1390 2890 1461 inspirata
2910 1389 3058 1444 utilis
3083 1396 3167 1444 est
3182 1388 3248 1442 ad
3263 1383 3465 1441 doctri-

1891 1504 1910 1535 ε
1945 1499 2095 1550 nam,
2121 1483 2189 1540 ad
2210 1482 2572 1554 argutionem,
2603 1482 2673 1536 ad
2716 1481 3130 1544 correctionem,
3181 1478 3249 1533 ad
3289 1473 3471 1531 erudi-

1892 1595 1910 1628 ε
1953 1578 2177 1643 tionem,
2200 1590 2322 1646 quae
2371 1583 2455 1630 est
2490 1574 2725 1645 jnstitia,
2772 1583 2833 1628 ut
2877 1571 3149 1644 perfectus
3201 1571 3272 1625 sit
3307 1570 3470 1624 homo

1893 1690 1912 1722 ‹
1947 1671 2066 1735 Dei,
2091 1671 2159 1724 ad
2175 1683 2336 1726 omne
2354 1683 2492 1739 opus
2519 1669 2721 1724 bonum
2742 1677 2984 1738 paratus.
3020 1685 3038 1716 ›
3073 1662 3300 1735 (Ληιὺν.)
3326 1660 3472 1715 Talis

1887 1772 1993 1830 est,
2020 1763 2219 1834 inquit,
2241 1762 2420 1818 omnis
2450 1760 2755 1832 Scriptura,
2799 1776 2920 1831 quae
2961 1775 2991 1813 a
3025 1759 3207 1814 divino
3235 1763 3319 1812 est
3345 1754 3471 1809 data

181 1855 497 1920 sustinens,
529 1862 585 1910 et
609 1853 755 1924 quod
784 1868 909 1909 cum
940 1851 1109 1907 multa
1143 1851 1503 1907 oblectatione
1535 1865 1788 1921 persecu—
1818 1847 1867 1909 Β
1893 1856 2124 1928 Spiritu,
2148 1865 2209 1911 ut
2234 1854 2506 1911 sufﬁciens
2546 1855 2619 1908 sit
2655 1853 2836 1909 omnia
2881 1851 3193 1923 prospicere
3231 1846 3474 1911 utilitati,

177 1946 371 2002 tiones
397 1945 542 2011 illas,
569 1959 707 2016 quas
738 1944 872 2000 mihi
899 1943 1199 2000 adversarii
1245 1943 1586 2008 inferebant,
1619 1943 1787 1998 susti-

179 2037 428 2092 nuerim.
467 2035 596 2092 Haec
613 2051 742 2107 ergo
763 2035 998 2102 imitare,
1019 2043 1076 2090 et
1091 2049 1218 2106 erga
1241 2034 1344 2090 ista
1368 2033 1788 2090 sollicitudinem

179 2127 476 2195 expende,
509 2124 707 2180 nullius
735 2125 997 2180 momenti
1050 2124 1396 2180 adversarios
1440 2139 1561 2180 esse
1603 2124 1790 2178 existi-

185 2232 376 2272 mans.
407 2216 614 2273 Deinde
644 2217 776 2272 dicit
801 2216 1156 2287 etpassiones
1182 2215 1328 2286 ipsas
1353 2215 1422 2271 ad
1450 2216 1791 2271 exhortatio-

185 2323 323 2362 nem
350 2305 642 2364 Timothei.
677 2328 696 2360 ι
718 2308 907 2377 Qualia
931 2307 1062 2362 mihi
1088 2316 1215 2363 sunt
1236 2298 1380 2362 facta
1400 2307 1455 2360 in
1473 2305 1788 2373 Antiochia,

190 2417 212 2450 ε
249 2399 306 2453 ἰη
329 2398 529 2464 lconia,
547 2399 601 2452 in
615 2397 848 2472 Lystris,
866 2398 1056 2470 quales
1073 2398 1478 2468 persecutiones
1498 2397 1751 2454 sustinui.
1766 2417 1784 2450 ι

184 2490 263 2546 Ει
307 2491 456 2560 quod
504 2492 692 2564 magis.
724 2501 939 2564 poterat
1005 2507 1128 2546 eum
1185 2491 1601 2562 animiquiorem
1661 2505 1792 2562 erga

182 2587 479 2658 passiones
504 2586 812 2642 tolerandas
834 2586 1034 2651 facere,
1051 2583 1250 2655 adjecit
1281 2602 1294 2639 :
1319 2603 1338 2634 ι
1364 2584 1432 2638 Et
1452 2599 1520 2640 ex
1538 2583 1792 2639 omnibus

191 2698 214 2731 ι
255 2694 346 2735 me
370 2679 621 2734 liberavit
647 2679 925 2735 Dominus.
947 2698 966 2730 ι
1000 2676 1119 2732 Non
1146 2678 1385 2751 ignoras,
1417 2673 1793 2746 inquit,etiam

187 2773 251 2827 in
280 2771 517 2827 diversis
539 2772 702 2828 rebus
743 2772 842 2828 Dei
887 2785 1015 2842 erga
1045 2785 1144 2826 nos
1171 2770 1456 2842 probatam
1506 2768 1796 2838 providen-

185 2864 357 2928 tiam,
375 2878 406 2914 a
427 2877 534 2933 qua
560 2877 668 2917 non
699 2861 864 2918 debes
893 2862 1191 2929 discedere,
1216 2863 1263 2918 si
1288 2871 1468 2918 tamen
1490 2863 1546 2917 in
1573 2863 1689 2917 haec
1709 2861 1794 2933 ip-

186 2973 256 3012 sa
282 2957 500 3026 patiens
529 2955 828 3027 persistere
859 2955 1115 3013 volueris.
1143 2977 1162 3010 ι
1198 2957 1269 3012 Ει
1322 2972 1514 3014 omnes
1561 2957 1656 3027 qui
1697 2973 1794 3012 νοο-

193 3069 214 3098 ι
254 3050 377 3102 lunt
420 3048 512 3118 pie
571 3047 752 3104 vivere
804 3048 860 3102 in
917 3047 1138 3104 Christo
1179 3048 1332 3117 Iesu,
1385 3049 1795 3120 persecutiones

194 3157 214 3188 ι
251 3140 562 3210 patientur:
591 3139 720 3194 mali
751 3149 930 3196 autem
970 3141 1217 3197 homines
1240 3151 1296 3197 et
1331 3142 1647 3199 seductores
1667 3157 1796 3212 pro-

190 3231 386 3286 ﬁcient
407 3232 463 3285 in
480 3231 738 3298 deterius,
758 3240 1026 3300 errantes,
1043 3243 1098 3289 et
1113 3233 1166 3288 in
1192 3247 1435 3289 errorem
1459 3233 1792 3289 mittentes.»
1826 3216 1872 3279 C

189 3323 404 3378 lterum
445 3323 550 3378 hoc
585 3323 643 3378 in
672 3322 811 3390 loco,
843 3325 1130 3395 proﬁcere,
1161 3326 1300 3381 dixit
1324 3326 1392 3382 de
1433 3325 1541 3382 illis
1588 3326 1678 3396 qui
1719 3340 1800 3380 se-

195 3417 737 3486 ducuntur,eoquod
763 3432 1043 3488 nunquam
1087 3417 1324 3474 deficere
1360 3419 1572 3490 possint
1612 3417 1800 3490 hujus-

195 3509 354 3564 modi
381 3508 650 3565 homines.
676 3507 815 3564 Nam
833 3519 892 3565 et
925 3511 982 3564 in
1008 3518 1238 3582 utroque
1269 3511 1580 3583 quicunque
1613 3512 1800 3568 volue-

207 3599 289 3653 rit
311 3599 480 3654 rebus
507 3599 640 3670 ipsis
659 3599 994 3668 examinare,
1021 3601 1258 3658 inveniet
1278 3617 1376 3674 per
1401 3618 1562 3659 omne
1589 3611 1802 3674 tempus

195 3690 349 3756 ﬁeri,
373 3706 438 3745 eo
462 3691 609 3762 quod
637 3700 692 3746 et
714 3692 894 3747 omnis
953 3693 1175 3749 haeresis
1226 3693 1495 3765 imprimis
1532 3709 1802 3765 apparens
1850 3701 1854 3706 ‘

193 3785 395 3842 multis
424 3786 487 3840 fit
517 3788 574 3842 in
601 3789 1084 3858 suspectationem,
1111 3791 1360 3862 arguitur
1382 3806 1511 3847 vero
1533 3799 1800 3861 tempore,

195 3898 271 3938 eo
297 3884 446 3954 quod
477 3883 532 3937 in
559 3883 883 3940 adventione
930 3884 1056 3940 novi
1107 3885 1376 3957 dogmatis
1425 3901 1534 3940 non
1580 3893 1807 3956 possunt

199 3977 390 4033 minus
412 3975 643 4032 inveniri
671 3977 765 4047 qui
791 3976 1138 4032 seducantur.
1182 3997 1200 4029 ι
1239 3977 1320 4034 Tu
1360 3992 1492 4034 vero
1543 3993 1806 4050 permane

207 4089 228 4122 ε
268 4070 324 4124 in
347 4069 434 4124 his
459 4083 582 4140 quae
601 4067 840 4124 didicisti
879 4075 934 4124 et
971 4069 1268 4125 credidisti.
1301 4088 1322 4122 ›
1361 4069 1431 4125 Ει
1470 4069 1707 4125 suadens
1736 4068 1803 4123 il-

201 4164 321 4218 lum
344 4171 532 4218 tenere
567 4177 632 4217 ac
669 4177 1028 4232 permanere,
1057 4160 1257 4230 adiecit
1295 4180 1310 4216 :
1345 4181 1365 4215 ι
1406 4161 1598 4218 Sciens
1637 4176 1668 4215 a
1696 4175 1807 4231 quo

202 4255 492 4311 didiceris.
529 4272 550 4306 ι
585 4251 868 4310 Sufﬁciens
891 4263 1073 4310 autem
1098 4263 1182 4311 est
1201 4254 1269 4310 ad
1298 4255 1665 4310 hortationem
1690 4253 1804 4309 dis-

204 4347 520 4418 cipulorum
542 4346 790 4418 magistri
819 4347 1075 4419 dignitas.
1109 4346 1314 4403 Deinde
1341 4355 1398 4402 et
1442 4347 1590 4402 aliud
1619 4345 1749 4402 dicit
1787 4363 1802 4400 :

210 4461 232 4494 ι
272 4441 345 4496 Et
376 4441 503 4511 quia
530 4457 559 4495 a
589 4439 821 4511 pueritia
851 4453 1036 4495 sacras
1079 4438 1290 4494 litteras
1327 4438 1584 4494 didicisti.
1620 4457 1638 4490 ι
1669 4435 1804 4492 Nam

202 4545 268 4591 et
291 4535 400 4591 hoc
425 4519 696 4591 suﬂiCiens
725 4542 843 4590 erat
867 4534 1144 4589 exhortari
1176 4548 1322 4590 eum.
1352 4531 1574 4588 Rubore
1618 4541 1803 4587 autem

1891 1951 2006 2006 sive
2035 1950 2232 2004 docere
2257 1947 2544 2003 conveniat
2568 1945 2635 2000 de
2660 1944 2767 1999 illis
2793 1958 2914 2014 qua:
2963 1942 3050 2014 agi
3075 1941 3326 2004 debeant,
3365 1937 3477 1992 sive

1892 2050 2185 2113 peccantes
2208 2040 2443 2094 debeant
2469 2037 2644 2108 argui,
2675 2037 2790 2092 sive
2842 2035 3234 2107 paenitentibus
3286 2032 3481 2087 debeat

1892 2132 2084 2188 inferri
2116 2131 2296 2202 aliqua
2342 2130 2634 2194 correctio,
2686 2128 2801 2183 sive
2856 2127 3075 2182 erudire
3119 2131 3368 2196 oporteat
3411 2121 3480 2177 de

1893 2229 2001 2284 illis
2026 2240 2147 2298 que
2193 2233 2424 2298 possunt
2449 2223 2720 2280 adducere
2771 2221 3020 2278 homines
3051 2219 3120 2275 ad
3159 2217 3427 2288 justitiam
3462 2233 3476 2270 :

1894 2322 1968 2376 ita
2000 2327 2057 2374 ut
2085 2318 2396 2390 quicunque
2423 2330 2484 2372 se
2499 2317 2610 2371 Deo
2635 2313 2866 2369 voluerit
2889 2313 3092 2377 dicare,
3109 2323 3208 2380 per
3233 2307 3479 2376 Scriptu-

1895 2427 2078 2467 rarum
2105 2409 2398 2466 utilitatem
2439 2422 2539 2478 per
2576 2406 2758 2462 omnia
2801 2403 2976 2475 possit
3017 2416 3138 2458 esse
3186 2398 3478 2472 perfectus.

1894 2507 1962 2562 Et
1983 2515 2270 2577 postquam
2293 2503 2361 2559 de
2385 2502 2640 2558 omnibus
2669 2507 2752 2556 est
2770 2513 2892 2552 eum
2909 2497 3247 2561 exhortatus,
3271 2491 3484 2549 terribi-

1896 2600 2002 2654 lem
2032 2598 2257 2668 cupiens
2291 2610 2446 2652 suam
2492 2592 2675 2650 facere
2725 2590 3180 2654 exhortationem,
3213 2585 3401 2658 adjicit
3427 2584 3484 2640 in

1897 2691 2150 2762 sequenti
2177 2689 2374 2761 capite.

2515 2839 2744 2898 CAPUT
2779 2839 2868 2897 IV.

1898 2977 2154 3034 Pra’dicit
2180 2975 2458 3046 Apostolus
2482 2973 2968 3046 multiplicationem
2994 2968 3254 3046 titulorum
3279 2969 3490 3046 auditq-

1972 3065 2112 3112 rum,
2143 3038 2260 3102 cunt
2287 3038 2683 3100 denuntiatione
2707 3045 2789 3098 sui
2817 3043 3076 3114 martyrii.
3128 3039 3340 3112 Expetit
3397 3038 3489 3093 Ti-

1973 3119 2165 3173 mothei
2187 3117 2486 3182 adventum,
2521 3124 2569 3169 et
2599 3115 2796 3170 amicos
2821 3113 3038 3168 salutat.

1979 3269 1998 3303 ι
2036 3250 2322 3307 Testiﬁcor
2347 3263 2478 3320 ergo
2511 3263 2610 3319 ego
2636 3247 2690 3302 in
2717 3254 3010 3318 conspectu
3034 3245 3159 3310 Dei,
3189 3251 3245 3300 et
3273 3243 3486 3300 Domini

1907 3359 1925 3393 ‹
1965 3341 2137 3397 nostri
2175 3339 2301 3395 Jesu
2331 3339 2566 3405 Christi,
2606 3337 2698 3408 qui
2730 3335 3073 3406 iudicaturus
3105 3343 3191 3391 est
3233 3335 3386 3390 vivos
3429 3348 3493 3388 ac

1906 3451 1925 3484 ι
1965 3441 2211 3487 mortuos
2235 3472 2250 3498 ,
2273 3430 2566 3486 secundum
2599 3428 2983 3484 revelationem
3018 3442 3170 3482 suam
3193 3435 3248 3482 et
3268 3441 3494 3497 regnum

1907 3542 1926 3576 ‹
1966 3539 2144 3580 suum.
2187 3543 2205 3576 ι
2242 3522 2442 3598 (Αηιὺ.)
2467 3520 2581 3576 Hoc
2605 3529 2708 3585 est,
2744 3528 2871 3576 tunc
2895 3533 3085 3576 omnes
3113 3527 3198 3573 est
3211 3516 3488 3586 judicatu-

1903 3632 1998 3673 rus
2017 3618 2233 3688 quando
2265 3616 2574 3687 apparuerit
2596 3615 2892 3671 secundum
2921 3629 3074 3668 suam
3097 3613 3413 3684 dignitatem
3437 3611 3488 3666 in

1905 3726 2014 3782 qua
2047 3708 2314 3765 consistit.
2364 3725 2383 3758 ‹
2420 3705 2661 3762 Praedica
2690 3705 2940 3771 verbum,
2964 3704 3107 3760 insta
3163 3711 3495 3774 opportune,

1912 3823 1930 3855 ι
1968 3803 2298 3871 importune.
2339 3819 2358 3852 ι
2391 3797 2506 3855 Νοη
2551 3798 2655 3853 hoc
2704 3797 2834 3852 dicit
2873 3805 2935 3850 ut
2963 3796 3269 3866 importune
3297 3795 3494 3860 instet,

1906 3909 2032 3948 nam
2049 3893 2491 3962 inopportunum,
2515 3891 2874 3959 quodcunque
2887 3895 2970 3944 est
2982 3887 3108 3942 illud
3119 3887 3282 3952 ,nulla
3297 3887 3498 3942 ratione

1907 3986 1995 4058 agi
2017 3985 2192 4048 debet,
2220 3984 2313 4040 sed
2343 3983 2478 4037 dicit
2521 3982 2726 4036 nullum
2755 3989 2968 4051 tempus
2993 3980 3269 4050 relinquas
3295 3979 3498 4034 doctri~

1909 4092 2032 4142 nae,
2083 4089 2246 4132 omne
2295 4083 2505 4146 tempus
2559 4082 2920 4144 opportunum
2952 4073 3048 4128 tibi
3103 4074 3170 4128 ad
3219 4073 3321 4129 hoc
3379 4087 3501 4128 esse

1909 4166 2212 4224 existimes.
2253 4165 2368 4221 Hoc
2397 4165 2616 4235 quidem
2642 4164 2709 4219 de
2735 4162 2842 4220 illis
2869 4163 3116 4234 dicitqui
3161 4163 3355 4219 instrui
3407 4163 3500 4218 de-

1909 4259 2041 4317 bent
2076 4279 2088 4314 :
2119 4259 2378 4331 quoniam
2407 4268 2586 4314 autem
2617 4257 2800 4313 evenit
2835 4257 3044 4327 aliquos
3075 4256 3296 4312 desidia:
3339 4271 3504 4312 causa

1910 4368 2020 4408 non
2053 4366 2372 4424 permanere
2417 4351 2473 4406 in
2509 4349 2778 4417 doctrina,
2812 4368 2830 4402 ι
2865 4349 3077 4421 Argue,
3128 4350 3222 4412 ait,
3259 4350 3502 4420 increpa,

1917 4464 1935 4497 ε
1975 4444 2222 4501 obsecra.
2260 4465 2279 4498 ι
2311 4443 2492 4516 Argue
2531 4458 2628 4499 eos
2655 4443 2749 4514 qui
2775 4443 3071 4513 persistunt
3095 4441 3148 4496 in
3172 4450 3418 4512 peccato,
3445 4449 3507 4496 ut

1911 4534 2215 4608 intelligere
2256 4535 2469 4605 possint
2495 4550 2652 4590 suum
2682 4543 2984 4604 peccatum;
3021 4550 3037 4584 ο
3074 4531 3292 4601 increpa
3333 4549 3351 4583 ι
3385 4545 3508 4586 sen-

205 4628 445 4698 dignum
475 4627 710 4691 videtur,
739 4635 800 4681 ut
837 4626 885 4681 is
919 4625 1011 4696 qui
1043 4640 1074 4680 a
1109 4623 1341 4696 pueritia
1369 4623 1426 4678 in
1453 4622 1612 4678 bonis
1633 4621 1815 4676 fuerat
1839 4611 1893 4672 D
1921 4628 2164 4694 rientem,
2209 4627 2406 4698 inquit,
2449 4641 2606 4682 suum
2630 4636 2912 4696 peccatum
2931 4665 2946 4692 ,
2981 4633 3037 4680 et
3066 4625 3168 4681 sub
3193 4623 3508 4681 deﬁnitione

206 4719 518 4786 enutritus,
548 4719 604 4774 in
628 4717 821 4773 ultimo
846 4725 968 4789 post
1011 4716 1157 4788 longi
1201 4717 1462 4786 temporis
1509 4713 1819 4770 meditatio-
1921 4721 2222 4784 constitue;
2258 4739 2276 4772 ‹
2314 4723 2574 4787 obsecra,
2615 4741 2634 4774 ι
2668 4722 2836 4776 reduc
2873 4720 3065 4774 iterum
3111 4718 3178 4773 ad
3224 4718 3506 4788 antiquum

209 4827 344 4868 nem
373 4811 595 4883 indigna
628 4810 856 4880 incipiat
901 4822 1081 4880 agere.
1125 4805 1263 4862 Nam
1296 4815 1353 4862 et
1401 4805 1574 4877 ipsam
1613 4803 1818 4860 doctri-
1921 4821 2123 4870 statum
2167 4821 2289 4884 post
2331 4813 2734 4884 paenitentiam.
2773 4811 2840 4867 Et
2863 4811 3079 4867 modum
3109 4825 3218 4882 quo
3255 4811 3360 4867 hoc
3387 4813 3507 4868 fieri

208 4920 349 4961 nam
383 4903 674 4959 admodum
703 4901 990 4958 sublimem
1007 4899 1276 4966 "Ostendit,
1306 4899 1434 4955 dum
1462 4899 1595 4954 dicit
1629 4911 1818 4954 sacras
1842 4911 1860 4930 ο
1924 4904 2212 4961 conveniat
2234 4903 2433 4960 docet:
2469 4923 2486 4956 ι
2521 4903 2580 4959 lu
2609 4903 2758 4958 omni
2799 4903 3056 4975 patientia
3085 4914 3141 4960 et
3179 4904 3448 4961 doctrina.
3482 4923 3504 4958 ι

209 4997 440 5053 litteras
470 4993 683 5049 divinas
707 5008 831 5051 esse
851 4993 1186 5064 Scripturas,
1213 4990 1412 5062 quibus
1437 4990 1587 5046 omni
1609 4989 1822 5044 ratione
1924 4995 2108 5069 Neque
2137 4998 2206 5053 ad
2231 4997 2592 5069 amixtionem,
2618 5011 2794 5068 neque
2819 4995 2888 5052 ad
2915 4996 3362 5068 ίηοι-θρειίοηθηι,
3389 4997 3510 5054 nu]-

211 5086 376 5144 credi
405 5085 676 5141 convenit.
710 5083 864 5141 Unde
894 5093 950 5140 et
977 5083 1235 5154 qualitate
1285 5083 1460 5152 ipsam
1509 5081 1818 5139 doctrinam
1923 5091 1975 5148 la
2032 5091 2256 5148 omittas
2316 5092 2382 5148 de
2432 5090 2539 5146 illis
2573 5104 2693 5161 qua;
2739 5089 2826 5160 agi
2860 5091 3224 5159 conveniunt;
3273 5101 3332 5149 οι
3368 5107 3511 5164 quo-

210 5179 535 5244 cumulans,
579 5178 784 5249 adjicit.
823 5197 842 5231 ι
889 5177 1020 5246 Quae
1063 5185 1118 5233 te
1166 5185 1395 5248 possunt
1447 5177 1721 5233 instruere
1750 5175 1820 5231 ad
1923 5184 2070 5240 niam
2116 5184 2402 5240 eveniebat
2439 5182 2647 5252 aliquos
2680 5181 2794 5237 haec
2821 5195 2931 5237 non
2961 5183 3264 5251 suscipere,
3288 5191 3514 5254 propter

221 5289 246 5324 ι
286 5269 544 5333 salutem,
581 5281 678 5339 per
707 5267 868 5323 fidem
897 5265 1027 5324 Jesu
1071 5265 1296 5320 Christi.
1332 5284 1350 5317 ›
1384 5263 1518 5320 Nam
1551 5274 1607 5322 et
1634 5277 1791 5321 osten

1927 5289 2138 5330 morum
2166 5289 2386 5330 suorum
2415 5271 2737 5343 pravitatem
2759 5311 2775 5337 ,
2812 5271 3008 5327 iterum
3038 5273 3283 5330 meminit
3311 5276 3377 5329 de
3402 5273 3512 5329 illis

217 5364 364 5420 dens
386 5357 768 5418 ilecessarium
790 5375 909 5416 esse
937 5368 997 5414 ut
1024 5367 1242 5414 maneat
1275 5359 1330 5414 in
1375 5359 1618 5415 doctrina
1655 5361 1824 5430 pieta-
1927 5363 2252 5420 hominibus.
2292 5381 2309 5413 ‹
2345 5362 2480 5426 Erit,
2537 5361 2728 5432 inquit,
2765 5371 2976 5432 tempus
3013 5377 3135 5417 cum
3175 5377 3363 5418 sanam
3411 5364 3513 5419 do-

219 5460 322 5524 tis,
344 5473 455 5511 una
485 5457 704 5526 quidem
733 5471 799 5511 ex
828 5469 992 5510 causa
1032 5469 1101 5508 ex
1145 5453 1513 5524 magnitudine
1562 5451 1820 5508 doctoris.
1935 5474 1953 5507 ι
1991 5456 2224 5512 ctrinam
2248 5469 2354 5510 non
2372 5455 2674 5520 admittent,
2688 5453 2781 5510 sed
2803 5455 3100 5511 secundum
3123 5469 3218 5510 sua
3243 5453 3513 5509 desideria

217 5548 418 5606 Altera
445 5560 576 5601 vero
597 5546 723 5617 quia
749 5555 853 5599 eta
884 5544 1115 5614 pueritia
1143 5542 1236 5597 illa
1277 5540 1551 5608 didicerit,
1599 5551 1656 5596 et
1679 5539 1825 5612 quod
1935 5568 1955 5602 ι
1993 5549 2094 5605 sibi
2132 5548 2265 5618 ipsis
2299 5549 2694 5604 coacervabunt
2724 5549 2826 5604 sibi
2851 5548 3176 5619 magistros,
3209 5547 3516 5616 prurientes

221 5643 352 5712 ipsa
376 5639 627 5695 doctrina
646 5639 719 5693 sit
743 5637 946 5702 divina,
976 5646 1032 5693 et
1055 5636 1198 5706 quod
1239 5651 1432 5706 magna
1470 5635 1639 5704 possit
1690 5650 1791 5705 pra

1935 5663 1954 5695 ι
1993 5643 2245 5708 auribus,
2272 5650 2329 5697 et
2355 5657 2387 5696 a
2423 5641 2654 5697 veritate
2695 5641 2912 5712 quidem
2957 5640 3201 5695 auditum
3245 5644 3512 5702 avertent,

224 5742 386 5792 stare
432 5731 539 5787 illis
566 5733 657 5801 qui
687 5729 902 5786 Christo
927 5730 1149 5784 credere
1199 5729 1469 5784 voluerint
1514 5729 1640 5784 dum
1682 5728 1828 5784 illam
1939 5751 1957 5784 ‹
1995 5733 2062 5787 ad
2095 5732 2307 5788 fabulas
2354 5741 2534 5788 autem
2585 5740 2985 5788 convertentur.
3029 5751 3047 5780 ›
3099 5727 3333 5783 Fabulas
3381 5727 3519 5784 dint

225 5827 474 5887 salutem
518 5841 638 5897 qum
671 5840 735 5878 ex
763 5824 866 5880 fide
905 5831 990 5879 est
1022 5821 1403 5894 assequuntur.
1440 5821 1710 5896 (Ηίενοη.)
1745 5824 1828 5882 Ad
1932 5825 2023 5880 illa
2055 5825 2216 5881 verba
2238 5841 2362 5884 esse
2402 5841 2522 5897 qua:
2556 5824 2830 5882 contraria
2855 5832 2980 5879 sunt
3013 5821 3223 5892 pietati.
3252 5819 3518 5878 Necessa-

609 5919 880 5980 Parnon.
925 5917 1123 5981 CXII.
2964 5914 3040 5974 21
