3992 6338
555 355 655 413 651

1222 351 1285 410 a.
1324 353 1584 427 RABANI
1619 352 1841 412 MAURl
1877 352 2132 415 Αιιςιιιιε

2239 307 2551 415 nocturn
2585 355 2875 417 οιιιειιιιιι
2908 355 3091 414 rans
3127 356 3220 417 ιιι.
3308 396 3313 403 .

551 471 635 527 ria
660 482 793 526 vero
819 469 870 526 ei
898 467 1000 525 fuit
1024 466 1080 524 in
1108 470 1361 541 praesenti
1387 469 1603 541 negotio
1628 470 1822 524 horum
1852 472 2135 526 memoria.
2167 480 2217 540 Α
2251 489 2271 523 ‹
2308 471 2545 527 introibo
2573 472 2639 527 ad
2666 472 2837 539 illum,
2864 480 2917 528 et
2941 472 3167 528 coanabo
3191 482 3314 529 cum
3344 454 3471 542 illo,
3504 482 3564 533 et
3587 475 3717 549 ipse
3742 494 3831 537 ne

549 565 842 635 Postquam
874 564 1019 618 enim
1042 561 1361 618 exhortatus
1389 569 1477 617 est
1502 576 1625 616 eum
1656 570 1881 632 arguere
1900 603 1914 627 ,
1956 562 2137 617 incre-

524 666 697 730 ’ρει-ε,
729 664 783 710 ει
812 650 1122 718 obsecrare,
1152 668 1221 709 ne
1262 653 1446 708 animo
1471 653 1729 709 deficeret
1768 654 1880 723 ipse
1902 696 1916 719 ,
1950 655 1993 708 si
2022 655 2140 710 haec

545 746 836 804 facientem
866 745 1091 800 minime
1111 744 1278 800 velint
1306 742 1471 815 aliqui
1490 744 1791 811 intendere,
1817 745 1871 799 in
1900 745 2139 800 deterius

547 844 1003 909 prorumpentes,
1062 835 1185 891 ideo
1233 834 1473 891 insinuat
1537 835 1679 905 quod
1722 835 1915 890 horum
1968 837 2138 893 multo

547 929 847 987 deteriores
874 937 1036 985 erunt
1063 928 1119 983 hi
1150 928 1242 999 qui
1274 927 1329 982 in
1354 927 1560 982 ultimis
1586 936 1744 983 erunt
1784 929 2134 999 temporibus,

547 1022 809 1092 majorem
840 1023 955 1079 suis
976 1020 1288 1078 doctoribus
1322 1021 1671 1094 providentes
1697 1021 1955 1078 laborem.
1984 1018 2138 1078 Unde

546 1125 602 1172 et
629 1114 861 1183 adjecit:

622 1226 641 1259 ι
678 1206 758 1261 Tu
789 1212 968 1264 autem
997 1206 1213 1263 sobrius
1237 1213 1373 1267 esto,
1404 1203 1461 1259 in
1493 1203 1742 1259 omnibus
1770 1202 1976 1269 labora,
2000 1196 2137 1274 opus

550 1314 572 1349 ε
615 1295 700 1353 fac
727 1296 1119 1369 Evangelistae,
1162 1294 1519 1350 ministerium
1551 1302 1702 1349 tuum
1730 1293 1911 1366 imple.
1949 1314 1968 1347 ι
2022 1293 2138 1349 Ηοε

546 1396 652 1455 est,
689 1389 735 1444 si
768 1403 875 1444 non
920 1388 1245 1459 adjuvantur
1268 1385 1459 1456 aliqui,
1492 1393 1547 1440 tu
1574 1385 1664 1440 illa
1696 1400 1814 1457 qum
1846 1394 1898 1441 te
1922 1394 2137 1455 oportet

545 1494 728 1552 agere,
759 1495 880 1552 age,
909 1487 1106 1535 etcum
1131 1478 1277 1533 omni
1310 1492 1409 1548 age
1439 1476 1830 1540 sollicitudine,
1858 1477 2137 1533 sustinens

544 1586 647 1642 pro
673 1569 963 1642 Evangelio
989 1569 1263 1633 laborem,
1301 1576 1358 1624 et
1385 1568 1515 1623 illud
1543 1568 1686 1638 quod
1716 1568 1783 1623 ad
1808 1576 1862 1624 te
1898 1568 2137 1643 pertinet

544 1664 745 1720 facito:
780 1678 881 1734 pro
924 1662 1030 1720 hoc
1074 1664 1218 1719 enim
1246 1669 1302 1718 et
1340 1662 1606 1717 rationem
1636 1660 1845 1733 reddit,
1890 1678 1996 1719 non
2035 1677 2136 1734 pro

542 1757 771 1811 aliorum
817 1746 1064 1811 arbitrio.
1116 1754 1261 1810 Bene
1310 1764 1491 1810 autem
1541 1754 1680 1811 dixit
1711 1773 1731 1808 ι
1774 1750 2133 1815 ministerium

2250 582 2270 615 ‹
2307 579 2462 628 cum,
2494 562 2676 636 (Apoc.
2710 564 2815 634 ιιι).
2854 585 2873 617 ι
2908 563 3115 638 [Amh.]
3140 564 3324 638 Itaque
3347 571 3703 641 propositum
3732 582 3846 641 est,

2244 654 2439 724 inquit,
2472 662 2520 708 et
2553 654 2645 708 tibi
2685 670 2899 711 coronae
2939 660 3251 727 praemium,
3280 658 3325 713 si
3356 668 3575 715 tantum
3606 661 3849 719 valueris

2242 742 2510 799 laborare.
2555 742 2810 799 Miraculc
2844 760 2972 799 vero
2997 744 3219 819 dignum
3248 755 3332 802 est
3358 750 3507 817 quod
3552 764 3670 805 non
3714 752 3849 809 dixit

2241 836 2347 892 illis
2375 837 2464 908 qui
2497 835 2904 903 laboraverunt,
2951 849 3045 892 aut
3076 839 3221 911 passi
3256 850 3404 904 sunt,
3450 841 3551 897 sed
3580 842 3683 913 qui
3726 843 3845 899 dili-

2241 938 2373 997 gunt
2394 929 2682 984 advmtum
2712 928 2846 998 ejus,
2873 932 3101 1001 eoqnod
3134 933 3495 987 certaminum
3530 942 3589 988 et
3632 936 3839 1005 passio-

2240 1035 2374 1075 num
2402 1029 2613 1090 tempus
2641 1035 2749 1075 non
2780 1036 2995 1092 semper
3017 1030 3122 1086 cst,
3155 1023 3438 1105 charitatis
3462 1038 3603 1079 vero
3633 1031 3847 1094 tempus

2208 1117 2341 1193 _est,
2374 1125 2418 1164 Si
2449 1125 2512 1165 ea
2540 1102 2703 1165 etiam
2736 1112 2790 1166 in
2822 1120 3064 1195 tempore
3092 1114 3246 1185 pacis
3286 1102 3451 1185 prout
3478 1124 3713 1186 oportet
3760 1132 3841 1173 sa-

2236 1198 2411 1255 lutare
2423 1202 2545 1272 quis
2556 1201 3017 1273 deproperaverit,
3035 1204 3234 1259 nullam
3258 1204 3507 1263 fraudem
3532 1222 3842 1278 assequens

2238 1292 2285 1348 si
2325 1302 2539 1365 tempus
2588 1296 2945 1350 certaminum
2994 1297 3219 1353 minime
3265 1297 3525 1355 adfuerit.
3580 1300 3646 1355 ιιι
3696 1302 3843 1359 hisce

2238 1382 2398 1440 dictis
2440 1401 2596 1440 suum
2645 1402 3031 1442 consummans
3065 1389 3348 1445 consilium
3392 1393 3839 1450 exhortationem

2237 1492 2334 1533 sua
2381 1479 2481 1534 sub
2511 1479 2899 1536 testiﬁcatione
2938 1482 3272 1538 concludens
3318 1482 3623 1552 doctrinae,
3680 1502 3837 1557 quam

2237 1571 2304 1626 ad
2328 1587 2450 1627 eum
2484 1568 2672 1628 fecisse
2698 1573 2934 1640 videtur,
2958 1574 3149 1630 scribit
3176 1575 3316 1631 ultra
3339 1579 3407 1633 de
3431 1578 3520 1633 his
3548 1580 3747 1647 rebus,
3774 1582 3837 1635 de

2235 1652 2431 1735 quibus
2459 1665 2699 1721 scribere
2720 1680 2843 1722 eum
2860 1666 3000 1723 ratio
3026 1668 3311 1739 exigebat,
3337 1679 3399 1724 ut
3423 1680 3556 1741 pote
3584 1670 3657 1725 ad
3682 1687 3835 1728 suum

2235 1748 2560 1826 discipulum
2582 1796 2597 1821 ,
2628 1764 2684 1810 et
2708 1756 2942 1811 maxime
2968 1757 3070 1813 sibi
3098 1758 3371 1815 dilectum.
3429 1779 3448 1811 ι
3485 1759 3719 1817 Festina
3771 1763 3834 1818 ad

547 1864 566 1897 ‹
604 1855 752 1901 tuum
784 1846 948 1919 imple
972 1888 987 1915 ,
1027 1865 1045 1898 ι
1080 1846 1185 1902 hoc
1212 1854 1296 1903 est
1324 1847 1673 1904 commissum
1705 1844 1804 1903 tibi
1833 1863 1969 1919 opus
2009 1846 2134 1903 dili-
2160 1847 2212 1909 Β
2245 1861 2265 1896 ι
2308 1859 2395 1899 me
2434 1845 2626 1900 venire
2670 1845 2800 1901 cito.
2840 1866 2857 1899 ι
2891 1842 2957 1902 Et
2980 1863 3200 1903 causam
3246 1849 3533 1921 explicans
3570 1868 3685 1922 qua
3731 1852 3833 1907 cito

541 1946 733 2006 genter
756 1937 942 2010 imple,
986 1946 1201 1992 matura
1229 1945 1519 1993 contentus
1555 1952 1720 2008 Opere
1764 1946 1888 2003 tuo,
1916 1936 2046 1993 licet
2086 1937 2135 1993 si

540 2027 629 2082 illa
648 2042 788 2099 ,qute
809 2026 1199 2100 discipulorum
1221 2036 1349 2084 sunt
1370 2070 1386 2099 ,
1438 2029 1661 2083 minime
1706 2042 2036 2085 concurrere
2060 2030 2138 2085 vi-

542 2120 791 2175 dcantur.
811 2118 1018 2190 thuia
1030 2120 1351 2176 testiﬁcatus
1361 2127 1445 2176 est
1463 2118 1648 2183 dehis,
1662 2126 1785 2189 post
1804 2118 2137 2176 exhortatio-

540 2227 664 2268 nem
685 2211 971 2267 ostendere
997 2211 1169 2283 cupit,
1201 2212 1346 2282 quod
1364 2219 1581 2283 tempus
1606 2217 1967 2282 opportunum
1991 2209 2060 2267 sit
2083 2211 2136 2267 ei

541 2321 572 2361 a
599 2304 1013 2361 contestatione.
1041 2302 1196 2359 Unde
1223 2310 1280 2358 et
1303 2302 1465 2359 dicit:
1500 2321 1520 2354 ι
1550 2302 1660 2374 Ego
1685 2303 1832 2358 enim
1853 2301 1968 2372 jam
1996 2302 2132 2359 deli-

546 2416 566 2449 ι
600 2396 724 2463 hor,
752 2405 807 2452 et
832 2404 1046 2467 tempus
1084 2409 1218 2451 meae.
1256 2394 1599 2450 resolutionis
1624 2395 1810 2450 instat.
1849 2413 1869 2447 ι
1901 2394 2134 2466 Propin-

541 2505 681 2560 quus
709 2488 843 2544 mihi
865 2496 950 2544 est
970 2487 1150 2543 exitus
1170 2487 1295 2542 vitze
1314 2487 1599 2558 praesentis
1625 2494 1681 2542 et
1696 2487 1810 2558 jam
1841 2486 1983 2543 ultra
2025 2503 2133 2542 non

543 2583 756 2639 habebo
785 2590 996 2652 tempus
1019 2596 1364 2637 commonere
1391 2589 1443 2636 te
1471 2579 1539 2635 de
1577 2579 1662 2635 his
1692 2595 1813 2651 quae
1861 2580 1978 2637 ﬁeri
2004 2596 2134 2636 con-

540 2678 783 2733 veniant.
816 2675 967 2732 Unde
988 2683 1043 2732 et
1068 2675 1209 2730 hanc
1235 2672 1336 2730 feci
1369 2675 1437 2729 ad
1464 2682 1517 2728 te
1540 2674 1971 2729 exhortationem
1992 2715 2007 2739 ,
2031 2672 2131 2729 sub

541 2780 682 2828 teste
705 2769 835 2825 Deo.
866 2767 987 2825 Non
1013 2768 1259 2825 absolute
1282 2767 1453 2833 dixit,
1483 2766 1712 2833 delibor,
1758 2767 1852 2823 sed
1879 2767 2005 2837 quia
2032 2780 2131 2837 pro

539 2861 742 2918 Christi
765 2860 1106 2917 confessione
1128 2868 1358 2915 mortem
1372 2866 1491 2917 erat
1508 2858 2131 2925 subiturus,libationem

541 2954 714 3021 dixit;
768 2969 895 3008 nam
941 2952 1130 3008 libatio
1175 2948 1285 3006 vini
1331 2951 1530 3006 dicitur
1550 2948 1763 3015 ell'usio,
1814 2964 1935 3019 quas
1986 2948 2046 3001 iit
2074 2948 2130 3002 in

539 3045 705 3100 divini
750 3045 970 3100 honoris
1012 3043 1338 3113 expiatione.
1375 3062 1393 3093 ι
1432 3041 1641 3095 Bonum
1687 3048 1963 3096 certamen
2006 3056 2128 3096 cer-

546 3154 566 3185 α
606 3136 734 3200 tavi,
782 3148 999 3190 cursum
1032 3134 1439 3199 consummavi,
1484 3134 1646 3188 ﬁdem
1679 3133 1909 3188 servavi.
1950 3152 1968 3185 ι
2010 3133 2125 3188 Νοιι

2238 1948 2363 1989 eum
2419 1936 2486 1990 ad
2513 1950 2571 1991 se
2618 1937 2809 1992 venire
2849 1935 3091 2006 jusserat
3123 1957 3135 1993 :
3175 1958 3194 1991 ι
3232 1938 3460 2006 Demas,
3512 1942 3720 2013 inquit,
3749 1959 3833 1998 me

2242 2042 2264 2077 ‹
2300 2024 2592 2099 dereliquit
2626 2025 2853 2098 diligens
2900 2044 3144 2098 prtesens
3172 2030 3459 2099 sarculum,
3493 2042 3549 2087 et
3590 2034 3737 2090 abiit
3780 2036 3833 2091 in

2242 2132 2263 2167 ι
2300 2113 2764 2171 Thessalonicam.
2807 2135 2825 2169 ι
2854 2116 2966 2172 Hoc
2997 2126 3097 2185 est,
3136 2118 3187 2173 in
3218 2121 3457 2178 deterius
3483 2138 3690 2183 versus
3730 2136 3830 2191 est,

2236 2198 2409 2262 totum
2432 2222 2490 2262 se
2518 2206 2748 2278 negotiis
2758 2202 3042 2281 praesentis
3062 2212 3187 2266 vitze
3207 2212 3522 2285 implicans:
3550 2218 3667 2273 hoc
3688 2221 3831 2275 enim

2237 2299 2371 2357 dicit
2410 2301 2693 2373 przesentis
2714 2301 2898 2357 szeculi
2939 2302 3373 2361 delectationem.
3412 2325 3432 2358 ι
3466 2307 3747 2368 Crescens
3780 2312 3831 2367 in

2241 2410 2261 2445 ι
2297 2392 2601 2460 Galatiam;
2637 2414 2656 2446 ι
2696 2392 2961 2451 Galatiam
2998 2396 3154 2463 dixit,
3185 2415 3347 2471 quam
3382 2418 3525 2458 nunc
3570 2406 3832 2461 nomina-

2234 2499 2357 2541 mus
2384 2482 2609 2553 Gallias,
2635 2486 2713 2543 sic
2734 2488 2898 2543 etiam
2934 2490 3138 2562 antiqui
3160 2507 3349 2550 omnes
3388 2494 3502 2550 loca
3532 2497 3627 2551 illa
3660 2501 3810 2555 mari

2233 2575 2457 2647 nabant,
2485 2575 2627 2633 sient
2652 2572 3042 2648 recognoscere
3068 2572 3191 2655 quis
3214 2568 3412 2653 poterit
3436 2593 3490 2641 et
3529 2600 3597 2643 ex
3648 2589 3835 2647 multis

2238 2669 2378 2736 aliis,
2411 2679 2464 2727 et
2485 2685 2552 2727 ex
2580 2670 2803 2727 historia
2834 2671 3078 2740 Iudaica,
3106 2691 3266 2747 quam
3292 2675 3556 2748 Josephus
3578 2681 3838 2755 descrip-

2232 2766 2369 2823 sisse
2397 2766 2630 2837 videtur.
2656 2764 2790 2823 Nam
2815 2768 2938 2825 ethi
2966 2769 3057 2839 qui
3083 2786 3227 2827 nunc
3248 2771 3499 2829 dicuntur
3520 2773 3749 2833 Galate
3768 2779 3837 2834 ita

2234 2868 2633 2949 nuncupantur,
2662 2868 2899 2949 quos'ex
2928 2862 3031 2919 illis
3056 2848 3301 2949 partibus
3328 2867 3396 2925 ad
3446 2868 3550 2927 ista
3576 2868 3715 2925 loca
3752 2889 3839 2928 ve-

2233 2954 2378 3008 nisse
2406 2942 2751 3025 antiquorum
2778 2950 3017 3010 insinuat
3044 2942 3301 3027 narratio.
3338 2978 3357 3011 ‹
3417 2959 3568 3015 Titus
3600 2962 3665 3016 in
3709 2963 3836 3019 Dal-

2233 3042 2476 3099 matiam.
2518 3063 2536 3095 ι
2574 3042 2682 3099 llos
2706 3060 2811 3099 non
2840 3040 2907 3098 ad
2933 3045 3337 3105 similitudinem
3363 3049 3691 3108 discessisse
3724 3070 3757 3108 a
3786 3070 3839 3110 se

2236 3146 2566 3191 memoratus
2607 3140 2721 3199 est,
2755 3145 2850 3190 aut
2876 3136 2929 3190 in
2957 3137 3195 3194 deterius
3220 3156 3430 3205 versus,
3459 3145 3555 3198 sed
3582 3144 3702 3202 hac
3726 3148 3835 3203 sola

537 3228 805 3299 plaudens
834 3228 937 3281 ista
970 3227 1120 3289 dicit,
1169 3228 1263 3279 sed
1286 3227 1352 3280 ad
1390 3226 1824 3281 exhortationem
1869 3226 2001 3280 dicit
2022 3208 2130 3281 ‘Ti-
2156 3209 2203 3275 C
2236 3225 2464 3289 ratione,
2490 3226 2631 3296 quod
2656 3222 2759 3281 non
2775 3227 2883 3280 sint
2907 3238 3219 3297 praesentes.
3254 3249 3271 3280 ι
3302 3214 3585 3290 [ιιιςεδέει
3610 3254 3837 3294 mecum

540 3319 742 3374 mothei
774 3331 790 3369 :
820 3317 923 3371 hoc
947 3326 1049 3378 est,
1070 3316 1367 3371 secundum
1397 3323 1612 3386 tempus
1637 3316 1781 3386 quod
1811 3315 1865 3369 in
1888 3317 1992 3371 hac
2018 3317 2132 3371 vita

539 3410 829 3471 habebam,
874 3408 1054 3463 omnia
1100 3422 1222 3476 qua:
1264 3406 1333 3461 ad
1379 3421 1464 3461 me
1495 3406 1768 3476 pertinere
1814 3407 2135 3463 videbantur

548 3503 858 3574 implebam.
916 3500 1114 3573 (Cass.)
1147 3501 1213 3555 Et
1241 3501 1369 3570 quia
1412 3516 1471 3556 se
1497 3510 1720 3556 noverat
1750 3511 1868 3572 post
1909 3502 2132 3556 odorem

542 3604 943 3667 unguentorum
976 3593 1177 3649 Christi
1209 3593 1431 3664 praepeti
1460 3594 1805 3648 conscientia:
1848 3594 2133 3648 devotione

544 3688 957 3761 infatigabiliter
984 3687 1315 3749 cucurrisse,
1352 3694 1406 3740 et
1447 3686 1707 3754 spiritalis
1732 3686 1922 3757 agonis
1949 3696 2130 3741 certa-

550 3796 675 3835 men
699 3782 881 3836 carnls
909 3779 1265 3849 castigatione
1292 3778 1510 3843 vicisse,
1540 3793 1662 3832 cum
1696 3779 1889 3833 liducia
1926 3779 2127 3833 infert:

548 3892 568 3926 ‹
607 3873 685 3929 De
714 3881 909 3928 extero
940 3872 1173 3941 reposita
1196 3879 1281 3925 est
1302 3862 1653 3924 niihicoroua
1678 3868 1933 3937 justitize,
1967 3884 2130 3940 quam

548 3986 567 4018 ‹
610 3967 797 4021 reddet
827 3966 955 4020 mihi
1002 3964 1265 4018 Dominus
1314 3964 1367 4018 in
1412 3963 1501 4017 illa
1545 3964 1630 4017 die
1665 3964 1844 4032 justus
1880 3964 2065 4034 judex.
2106 3982 2124 4015 ι

543 4058 748 4132 ((ὶνεσ.)
776 4059 911 4126 Quia
940 4059 1081 4113 enim
1106 4066 1294 4112 contra
1322 4058 1459 4112 mala
1494 4060 1826 4112 lranseuulia
1856 4058 1920 4112 de
1950 4057 2129 4112 fructu

520 4159 891 4214 certaverat,
927 4151 992 4204 de
1027 4150 1301 4204 mansuris
1335 4149 1588 4203 nimirum
1632 4150 1842 4220 gaudiis
1881 4150 1996 4204 sine
2035 4151 2131 4204 du-

520 4245 749 4300 bietate
791 4242 1172 4313 praesumebat.
1218 4242 1417 4313 (Amb.)
1446 4240 1587 4295 Bene
1619 4242 1843 4313 justitim
1873 4256 2129 4296 coronam

544 4335 759 4388 vocavit
778 4333 948 4397 illam,
976 4347 1096 4402 qua:
1121 4331 1577 4400 contemplatione
1604 4332 1845 4387 laborum
1870 4324 2048 4397 datur,
2077 4340 2131 4387 et

522 4456 527 4465 ι
540 4425 747 4498 justum
769 4424 1006 4496 judicem
1036 4423 1368 4487 nominavit,
1396 4422 1463 4477 ad
1504 4423 1970 4478 conﬁrmationem
2014 4423 2132 4479 illo-

544 4532 666 4574 rum
689 4530 811 4588 quae.
845 4514 921 4569 illi
970 4516 1199 4570 aderunt
1226 4529 1323 4584 pro
1353 4513 1556 4579 labore,
1591 4526 1648 4569 et
1676 4516 1968 4571 ostendens
1996 4531 2131 4586 quo-

542 4612 689 4666 niam
725 4624 833 4664 non
878 4607 1053 4663 solmn
1086 4607 1199 4674 ipse.
1229 4605 1426 4661 luctam
1458 4606 1761 4677 hujusmodi
1787 4619 2127 4678 assequatur,

544 4703 639 4759 sed
667 4712 722 4756 et
744 4714 936 4756 omnes
956 4700 1049 4770 qui
1077 4700 1143 4754 ad
1168 4698 1283 4769 ejus
1314 4697 1729 4755 sollicitudinem
1759 4698 2006 4755 laborare
2030 4716 2131 4771 pro

542 4794 837 4867 Evangelio
883 4792 1186 4858 voluerint,
1235 4790 1376 4847 unde
1419 4801 1474 4845 et
1518 4791 1647 4845 dicit
1683 4805 1701 4845 :
1736 4810 1757 4842 ‹
1793 4790 1909 4846 Νοιι
1958 4792 2131 4848 solum

548 4906 569 4942 ι
609 4896 792 4942 autem
829 4885 961 4941 mihi
986 4925 1002 4951 ,
1034 4885 1129 4941 sed
1165 4892 1220 4940 et
1255 4883 1508 4939 omnibus
1534 4882 1624 4953 qui
1653 4883 1880 4954 diligunt
1934 4884 2130 4939 adven-

546 5002 568 5037 ι
604 4988 719 5038 tum
772 4979 910 5049 ejus.
965 4997 985 5030 ι
1038 4977 1235 5052 (ϐακε.)
1275 4976 1569 5048 Participes
1612 4992 1711 5032 nos
1758 4991 1971 5033 corona:
2021 4990 2132 5032 sua:

544 5074 602 5132 in
627 5074 770 5129 diem
790 5070 983 5143 judicii
1008 5069 1123 5125 fore
1146 5070 1528 5139 pronuntians,
1554 5069 1598 5123 si
1622 5068 1906 5141 diligentes
1932 5068 2131 5124 adven-

544 5172 662 5220 tum
693 5162 922 5227 Christi,
952 5177 1060 5217 non
1087 5160 1236 5215 illum
1265 5170 1473 5217 tantum
1500 5161 1594 5230 qui
1631 5161 1792 5218 etiam
1822 5161 2131 5217 nolentibus

547 5254 848 5327 apparebit,
876 5253 1153 5309 sedetiam
1183 5254 1344 5318 hunc,
1377 5254 1469 5324 qui
1496 5252 1739 5322 quotidie
1764 5252 1823 5307 tit
1845 5252 1899 5306 iit
1930 5252 2133 5308 sanctis

548 5347 873 5410 animabus,
912 5344 1195 5398 victoriam
1226 5342 1573 5406 certaminis,
1609 5343 1963 5415 castigatione
2011 5356 2133 5398 cor-

545 5440 699 5515 poris
718 5439 1081 5510 acquiramus.
1108 5436 1186 5492 De
1206 5450 1313 5506 quo
1336 5436 1567 5492 adventu
1594 5437 1853 5492 Dominus
1880 5437 1931 5491 in
1958 5436 2133 5492 Evan-

548 5532 724 5608 gelio:
762 5548 776 5560 '
809 5531 943 5603 Ego,
964 5529 1158 5601 inquit,
1193 5538 1249 5585 et
1270 5527 1431 5585 Pater
1450 5543 1602 5584 meus
1620 5529 1899 5584 veniemus
1913 5528 1987 5611 ad
2006 5540 2132 5584 eum

556 5650 574 5682 ι
609 5638 665 5687 ει
702 5628 1039 5684 mansionem
1084 5624 1223 5696 apud
1267 5639 1391 5679 eum
1416 5622 1676 5678 faciemus
1726 5621 1909 5695 (Joan.
1936 5620 2072 5693 xiv);
2106 5640 2127 5674 ι

546 5730 604 5780 ει
637 5722 830 5778 iterum
867 5740 881 5777 :
931 5738 950 5773 ‹
987 5720 1125 5775 Ecce
1153 5734 1253 5790 ego
1289 5726 1374 5774 sto
1414 5718 1481 5773 ad
1518 5717 1715 5773 ostium
1766 5725 1821 5773 ct
1866 5714 2052 5789 pulso;
2086 5716 2131 5771 si

556 5834 575 5865 ‹
608 5815 731 5885 quis
758 5814 991 5870 audierit
1015 5827 1201 5870 vocem
1227 5826 1432 5875 meam,
1486 5817 1543 5865 et
1584 5809 1856 5879 aperuerit
1878 5807 2128 5877 ianuam,

2158 4574 2210 4635 D

2241 3332 2261 3366 ι
2298 3314 2463 3369 solus.
2506 3312 2746 3370 Marcum
2779 3332 3061 3373 assumens
3092 3320 3264 3375 adduc
3290 3330 3486 3377 tecum.
3526 3344 3545 3377 ι
3595 3326 3669 3380 Et
3722 3346 3837 3398 qua

2236 3405 2308 3463 sit
2339 3407 2498 3473 ratio,
2528 3415 2588 3462 ut
2617 3407 2832 3463 Marcus
2855 3409 3054 3473 veniat,
3089 3430 3107 3462 ‹
3144 3420 3228 3467 est
3254 3413 3407 3479 mihi,
3438 3414 3634 3486 inquit,
3690 3422 3837 3475 utilis

2236 3497 2288 3553 ln
2326 3499 2649 3554 ministerio:
2689 3520 2707 3552 ι
2735 3490 3082 3573 Ορροιιυίιιιε
3124 3504 3254 3559 mihi
3286 3515 3391 3571 est,
3420 3522 3486 3561 eo
3514 3510 3667 3579 quod
3714 3527 3835 3569 cum

2216 3582 2445 3647 summa
2475 3592 2835 3650 sollicitudine
2874 3596 3125 3652 universa
3154 3597 3450 3671 adimplere
3477 3602 3831 3673 deproperat.

2214 3684 2219 3695 '
2242 3705 2260 3738 ι
2299 3686 2592 3758 'l‘ychicum
2616 3687 2737 3743 misi
2756 3686 3046 3759 Ephesum.
3062 3708 3081 3741 ι
3104 3691 3302 3747 Deinde
3318 3695 3574 3764 pnecepit
3595 3696 3647 3750 ei
3668 3700 3834 3752 etiam

2236 3774 2324 3831 illa
2356 3776 2578 3846 exsequi
2606 3817 2621 3843 ,
2669 3792 2789 3848 quae
2817 3776 3069 3851 oporteat
3110 3796 3230 3834 eum
3266 3779 3445 3838 facere
3472 3788 3831 3843 servientem.

2242 3884 2260 3919 ι
2298 3868 2553 3923 Peuulam
2582 3910 2597 3934 ,
2648 3884 2807 3938 quam
2865 3871 3053 3941 reliqui
3109 3870 3337 3928 Troada:
3365 3876 3507 3943 apud
3555 3876 3831 3948 Carpam,

2214 3976 2259 4013 ·‹
2296 3962 2518 4017 veniens
2544 3962 2681 4017 al‘l‘cr
2717 3973 2770 4018 et
2812 3962 3048 4028 codices,
3078 3965 3310 4019 maxime
3341 3975 3523 4021 autem
3563 3980 3617 4023 et
3658 3988 3836 4027 ﬂlt‘m-

2241 4074 2259 4107 ι
2294 4054 2512 4109 hranas.
2548 4076 2564 4108 ι
2590 4055 2781 4110 Latina
2802 4056 2980 4126 lingua
3004 4056 3278 4112 volumina
3302 4058 3435 4114 dixit
3457 4062 3831 4131 membranas,

2235 4138 2530 4202 secundum
2563 4147 2707 4202 illam
2752 4148 3195 4204 consuetudinem
3250 4166 3356 4221 qua
3404 4150 3597 4211 Roma:
3642 4156 3835 4228 loque-

2234 4238 2450 4297 bantur.
2486 4240 2775 4295 indiscrete
2817 4257 2947 4295 usus
2996 4249 3079 4296 est
3134 4242 3237 4297 hoc
3283 4259 3571 4309 sermone,
3613 4266 3685 4305 ex
3730 4268 3833 4321 qua

2234 4329 2367 4385 urbe
2414 4330 2577 4384 etiam
2606 4330 2899 4402 Epistolam
2945 4333 3085 4389 hanc
3113 4334 3395 4406 scripsisse
3421 4328 3579 4395 \isns
3621 4352 3733 4396 est.
3778 4342 3832 4397 In

2234 4421 2622 4485 voluminibus,
2657 4422 2893 4494 antiquis
2918 4420 3250 4496 temporibus
3289 4426 3573 4486 habebant
3604 4448 3833 4489 consue-

2237 4515 2478 4570 tudinem
2504 4515 2715 4570 divinas
2735 4514 2983 4572 'scrihere
3010 4512 3349 4589 scripturas,
3382 4522 3541 4578 sicuti
3569 4534 3625 4578 et
3660 4542 3835 4599 usque

2234 4606 2301 4659 ad
2329 4600 2567 4677 praesens
2601 4603 2768 4660 Judaei
2816 4605 2983 4661 multa
3023 4607 3074 4661 in
3108 4606 3478 4667 voluminibus
3501 4614 3715 4685 scripta
3744 4616 3836 4672 La-

2232 4696 2362 4753 bere
2384 4694 2668 4763 videntur;
2694 4696 2860 4752 libros
2881 4704 3060 4753 autem
3090 4697 3227 4753 dixit
3254 4703 3557 4758 secundum
3583 4719 3835 4761 commu-

2234 4807 2358 4848 nem
2384 4806 2569 4858 usum,
2601 4807 2666 4847 eo
2690 4791 2832 4863 quod
2872 4792 2925 4847 in
2954 4790 3071 4847 alia'
3087 4792 3267 4862 specie
3314 4780 3475 4851 erant
3500 4795 3651 4852 libri.
3684 4798 3833 4854 Risui

2232 4899 2364 4940 vero
2412 4883 2632 4955 dignum
2669 4893 2750 4938 est
2779 4882 2847 4939 de
2875 4883 2977 4938 illis
3001 4924 3017 4949 ,
3046 4884 3137 4954 qui
3174 4885 3284 4940 hoc
3330 4886 3386 4941 in
3427 4886 3549 4943 loco
3580 4889 3833 4960 penulam

2233 4973 2546 5046 Apostolum
2570 4980 2674 5029 n‘on
2704 4972 3075 5029 indumentum
3108 4973 3454 5047 signiﬁcasse
3485 4980 3836 5037 existimare-

2234 5076 2392 5135 runt,
2423 5067 2517 5124 sed
2540 5068 2772 5138 speciem
2797 5068 3084 5139 quamdam
3122 5066 3244 5124 libri
3267 5086 3287 5133 ζ
3314 5071 3407 5141 qui
3448 5088 3556 5127 non
3584 5073 3834 5130 intende-

2218 5166 2363 5213 ‘runt
2401 5158 2490 5215 illa
2523 5172 2642 5229 qua:
2686 5159 3088 5229 subsequuntur
3116 5178 3130 5214 :
3163 5160 3506 5234 superﬂuum
3532 5166 3687 5220 enim
3718 5174 3837 5221 erat

2235 5252 2435 5318 dicere,
2466 5261 2520 5309 et
2548 5251 2734 5315 libros,
2759 5252 2806 5307 si
2830 5260 3009 5309 tamen
3036 5262 3090 5309 et
3113 5248 3253 5311 illud
3285 5255 3409 5311 libri
3441 5257 3658 5326 species
3682 5271 3833 5321 erat,

2236 5344 2379 5414 quod
2404 5353 2613 5414 poterat
2639 5344 2801 5399 etiam
2826 5359 2948 5400 cum
2977 5345 3191 5400 caeteris
3219 5346 3543 5421 signiﬁcari.

2313 5458 2331 5491 ι
2367 5438 2672 5495 Alexander
2710 5439 2936 5495 aerarius
2980 5438 3155 5515 “multa
3212 5440 3355 5497 mala
3398 5441 3529 5496 mihi
3573 5440 3835 5496 ostendit.

2239 5548 2260 5584 ι
2295 5528 2506 5585 Reddet
2530 5529 2602 5585 illi
2631 5529 2889 5586 Dominus
2931 5529 3237 5589 secundum
3278 5547 3443 5603 opera
3476 5530 3614 5599 ejus.
3656 5529 3834 5599 Quem

2240 5641 2260 5676 ‹
2296 5632 2350 5678 ει
2379 5632 2435 5678 ιιι
2459 5621 2664 5687 devita;
2709 5620 3035 5678 valde'enim
3085 5625 3293 5679 restitit
3323 5624 3505 5678 verbis
3547 5622 3773 5677 nostris.
3804 5640 3828 5672 ν

2234 5716 2347 5772 Hoc
2370 5716 2549 5787 posuit
2576 5715 2643 5770 ad
2669 5714 2968 5770 custodiam
3002 5723 3055 5770 et
3081 5718 3357 5773 cautelam
3388 5714 3689 5783 Timothei,
3722 5730 3829 5769 non

2232 5810 2299 5867 ad
2321 5810 2721 5867 accusationem
2744 5808 3064 5873 Alexandri;
3095 5809 3236 5866 nihil
3259 5810 3403 5866 enim
3428 5809 3741 5880 pertinebat
3763 5803 3829 5859 ad
