3992 6338
693 276 1251 348 ΕΝΑΚΒΛΤῘΟΝῙΙΜ
1284 288 1356 349 ΙΝ
1394 289 1544 348 ΕΡΡ.
1584 289 1764 350 PAUL

1866 291 1959 349 ιῙΒ.
1996 292 2166 351 XXV.
2204 324 2276 337 -—
2311 293 2380 351 ΙΝ
2413 293 2633 353 EPIST.
2671 293 2765 352 AD
2798 296 2931 353 TIT.

3330 300 3441 363 65‘

153 428 285 473 eum
313 409 523 476 dehoc,
546 413 768 489 propter
792 407 935 489 quod
954 408 1137 481 posuit
1151 408 1319 465 etiam
1350 408 1494 464 illam
1516 424 1756 480 poenam,
1784 411 1836 477 Α
1869 429 1888 463 ι
1924 426 2050 467 vum
2079 426 2166 467 me
2203 410 2367 468 faciet
2390 412 2444 466 in
2466 426 2693 483 regnum
2719 427 2876 468 suum
2901 412 3141 481 caeleste,
3163 415 3251 473 cui
3269 415 3441 489 gloria

152 520 283 581 qua:
322 503 373 559 ei
402 500 661 577 manebat
704 514 735 555 a
762 500 874 555 Deo
898 540 914 565 ,
953 515 1054 570 pro
1105 501 1301 571 quibus
1330 500 1456 557 talia
1489 499 1756 571 faciebat,

152 611 269 653 non
300 592 662 669 maledicehat
682 590 732 646 ei
761 590 902 644 sicut
921 590 1142 661 quidam
1168 590 1637 654 existimaverunt,
1664 587 1760 667 sed

152 696 221 745 ut
259 687 580 745 hortaretur
632 681 975 738 Timotheum
1017 681 1185 739 multa
1213 682 1282 737 ab
1308 696 1374 736 eo
1402 681 1760 739 sustinentem

150 779 303 841 mala
337 778 611 851 patienter
637 774 926 853 sustinere.
969 773 1084 841 Bac
1110 789 1243 853 ergo
1266 775 1332 830 de
1360 789 1524 833 causa
1567 789 1758 831 neces-

152 873 308 933 sario
357 878 693 926 memoratus
732 874 818 923 est
846 867 1021 927 virum
1044 907 1063 935 ,
1109 867 1433 951 praecipiens
1475 867 1760 925 Timotheo

151 977 219 1022 ut
254 979 362 1039 pro
406 963 606 1019 virium
653 974 876 1039 suarum
922 959 1279 1031 possibilitate
1325 958 1598 1017 declinare
1643 958 1761 1039 ejus

152 1056 389 1115 insidias
419 1055 765 1133 deproperet.
805 1053 920 1111 Non
951 1054 1204 1133 convenit
1234 1070 1362 1111 vero
1398 1048 1589 1113 mirari
1614 1055 1659 1111 si
1690 1055 1760 1113 ab

151 1149 357 1213 aerario
380 1157 529 1204 tanta
559 1155 687 1203 tunc
712 1146 917 1221 ﬁebant
943 1148 1374 1225 indisciplinate,
1408 1150 1536 1219 quia
1568 1160 1621 1205 et
1642 1146 1762 1204 vul-

151 1254 323 1311 gares
356 1239 607 1295 homines
646 1238 1002 1315 insurgebant
1028 1239 1291 1315 adversus
1336 1254 1431 1296 eos
1468 1240 1559 1310 qui
1586 1240 1761 1317 pieta-

152 1340 271 1387 tem
311 1331 712 1405 praadicahant,
741 1332 932 1409 vulgus
963 1343 1145 1389 autem
1173 1332 1257 1388 vel
1303 1333 1537 1391 maxime
1568 1347 1761 1389 omnes

150 1438 508 1481 commovere
538 1424 825 1479 videbatur
865 1422 1178 1499 seditiones.
1233 1443 1253 1476 ι
1303 1424 1363 1481 In
1420 1426 1595 1496 prima
1641 1440 1761 1481 mea

157 1533 179 1591 ς
220 1512 543 1571 defensione
568 1528 731 1569 nemo
758 1512 889 1571 mihi
914 1513 1112 1578 ,aStitit,
1142 1512 1237 1569 sed
1277 1528 1469 1591 omnes
1490 1531 1577 1590 me
1604 1515 1762 1572 dere-

158 1626 180 1659 ι
220 1606 539 1677 liquerunt:
569 1621 679 1660 non
707 1603 813 1660 illis
854 1604 1170 1677 imputetur.
1211 1625 1230 1657 ι
1276 1605 1332 1660 In
1362 1607 1537 1677 prima
1569 1604 1760 1685 defen‘

152 1700 317 1769 sione
362 1697 527 1761 dicit,
574 1696 791 1767 quando
833 1696 888 1752 in
927 1696 1121 1767 primis
1165 1696 1362 1754 ductus
1404 1699 1633 1755 Romam
1677 1706 1761 1757 est

1816 493 1827 503 ’
1865 522 1885 556 ι
1923 504 1977 559 in
2028 502 2225 560 stecula
2274 504 2596 560 saeculorum
2619 545 2635 571 ,
2679 520 2858 561 amen.
2914 524 2935 558 ι
2970 505 3089 563 Non
3116 508 3259 565 ultra
3303 511 3444 571 dixit

1860 597 2112 677 liberavit
2134 614 2222 655 me
2243 580 2312 655 ab
2331 614 2425 666 eo;
2445 600 2775 671 praedixerat
2789 608 2969 656 autem
2990 601 3044 655 in
3073 603 3444 673 superioribus

1854 690 2113 767 quoniam
2140 705 2248 767 non
2280 697 2405 763 post
2432 690 2660 749 multum
2688 691 2948 763 temporis
2966 699 3087 747 erat
3118 692 3448 773 interﬁcien-

1860 783 1985 851 dus,
2007 783 2151 854 quod
2174 794 2230 841 et
2258 798 2453 855 passus
2493 790 2598 851 est,
2629 783 2851 856 capitali
2878 799 2911 839 a
2935 783 3151 841 Nerone
3196 786 3444 847 addictus

1856 874 2167 953 sententiae,
2199 888 2265 929 eo
2316 883 2554 946 tempore
2606 888 2715 945 quo
2764 874 2997 957 secunda
3048 874 3171 935 vice
3214 875 3445 937 Romam

1859 976 2204 1031 accesserat:
2230 966 2329 1025 sed
2350 966 2487 1037 dixit
2515 985 2537 1025 ‹
2574 967 2644 1022 ab
2661 966 2812 1023 omni
2836 981 3003 1039 opere
3031 967 3175 1033 malo
3194 968 3448 1029 liberavit

1858 1075 1969 1135 tne,
1992 1080 2010 1113 ι
2030 1060 2134 1117 hoc
2146 1068 2229 1135 est
2241 1059 2469 1116 abomni
2484 1074 2735 1130 pressura
2750 1060 3035 1135 prmsentis
3052 1061 3179 1117 vitae
3199 1060 3454 1121 liberavit

1860 1166 1966 1211 me.
2001 1153 2054 1206 in
2074 1166 2231 1207 suum
2250 1165 2355 1229 ,me
2378 1150 2591 1205 salvans
2618 1165 2842 1222 regnum
2863 1192 2880 1218 ,
2908 1152 3050 1222 quod
3079 1160 3136 1208 et
3168 1161 3446 1224 exspecto.

1858 1241 1991 1307 Post
2020 1244 2124 1299 hoc
2150 1243 2407 1317 praecepit
2426 1244 2479 1299 ei
2510 1260 2527 1297 :
2556 1263 2574 1296 ε
2596 1241 2803 1306 Saluta,
2835 1243 3033 1317 inquit,
3049 1243 3374 1311 Priscillam,
3393 1249 3454 1303 et

1867 1352 1888 1389 ι
1921 1334 2194 1407 Aquilam,
2228 1343 2283 1391 et
2308 1334 2629 1406 Onesiphori
2650 1335 2888 1395 domum.
2920 1354 2940 1387 ι
2962 1336 3169 1393 Iudicat
3195 1337 3361 1394 etiam
3397 1338 3452 1399 ei

1856 1438 1918 1501 et
1942 1429 2009 1485 de
2037 1429 2181 1494 aliis,
2207 1430 2283 1484 ait
2305 1428 2450 1485 enim
2482 1443 2497 1483 :
2534 1447 2553 1483 ι
2586 1428 2815 1485 Erastus
2830 1430 3093 1485 remansit
3120 1428 3386 1487 Corinthi;
3423 1449 3448 1487 ι

1862 1520 2163 1593 Designans
2212 1521 2471 1591 quoniam
2517 1519 2743 1577 Erastus
2800 1520 3048 1576 Corinthi
3103 1524 3450 1585 remanserit.

1867 1630 1887 1689 ε
1926 1611 2297 1683 Trophymum
2332 1618 2513 1666 autem
2566 1610 2763 1683 reliqui
2806 1612 2949 1683 apud
2998 1611 3254 1684 Myletum
3302 1614 3455 1673 infir-

1858 1722 1889 1765 ι
1926 1718 2098 1759 mum.
2145 1723 2164 1756 ι
2198 1703 2568 1777 Trophymum
2596 1717 2726 1759 vero
2752 1704 2894 1773 quod
2930 1703 3046 1779 ipse
3088 1703 3453 1765 intirmantem

152 1790 384 1865 vinctus
407 1804 474 1859 ex
501 1784 705 1852 Iudaea,
738 1770 955 1857 quando
980 1796 1035 1844 et
1076 1788 1489 1860 appellationem
1533 1788 1755 1871 fecerat.
1788 1775 1837 1863 β
1864 1794 2146 1869 reliquerit
2202 1770 2398 1871 Myle‘ti'
2432 1770 2992 1869 insinuavitfquibtis
3026 1794 3228 1865 adjicit.
3268 1815 3289 1850 ι
3322 1797 3456 1854 Fes-

154 1881 308 1941 Bene
331 1889 513 1935 autem
536 1888 791 1948 precatus
810 1885 914 1945 est,
940 1894 1000 1933 ut
1015 1877 1120 1933 illis
1142 1893 1246 1933 non
1265 1879 1761 1951 imputeturpecca-

155 1984 284 2037 tum
315 1976 444 2042 hoc,
474 1989 541 2055 eo
566 1974 711 2047 quod
738 1973 1078 2045 perspexerit
1105 1971 1240 2028 alios
1268 1979 1336 2029 ob
1365 1972 1757 2055 inﬁrmitatem,

156 2069 301 2153 ptius
352 2068 423 2149 pb
467 2054 845 2147 inminentem
881 2066 986 2123 sibi
1038 2054 1439 2151 necessitatem
1468 2065 1590 2149 loco
1638 2081 1758 2122 ces-

152 2164 303 2244 gisse
334 2176 353 2219 :
389 2179 409 2217 ί
451 2163 710 2245 pommus
741 2169 925 2219 autem
948 2161 1122 2221 astitit
1152 2160 1305 2227 mihi,
1334 2168 1392 2216 et
1434 2158 1762 2215 confortavit

158 2276 185 2348 ξ
224 2272 354 2323 me,
382 2264 447 2315 ut
470 2270 570 2335 per
595 2270 681 2315 me
714 2255 1032 2331 praedicatio
1058 2255 1397 2326 impleretur,
1433 2262 1490 2311 et
1539 2254 1763 2321 audiant

154 2344 184 2421 ξ
223 2359 418 2427 omnes
464 2353 654 2427 “eules
705 2353 761 2425 et
804 2344 1069 2405 liberatus
1096 2362 1217 2403 sum
1255 2361 1323 2403 ex
1366 2359 1461 2403 ore
1502 2345 1694 2403 leonis.
1730 2363 1754 2415 ρ

151 2439 411 2521 Leonem
462 2440 567 2499 hoc
602 2440 660 2517 in
706 2437 829 2495 loco
863 2438 1133 2497 Neronem
1177 2454 1361 2521 regem
1392 2454 1491 2521 per
1530 2440 1762 2515 aenigma

154 2520 352 2613 fucat.
395 2534 522 2611 γυῃ
577 2532 722 2593 enim
763 2533 977 2609 dicere,
1011 2520 1597 2611 quoniam'assecutus
1642 2546 1763 2597 sum

156 2628 265 2693 Dei
284 2624 577 2705 judicium,
607 2641 640 2711 a
673 2641 782 2699 quo
807 2634 863 2683 et
884 2625 1221 2705 confortatus
1250 2625 1317 2705 de
1347 2624 1455 2681 illis
1474 2640 1595 2696 quae
1634 2638 1765 2694 erga

154 2736 257 2789 me
285 2718 508 2795 fuerunt
554 2718 915 2795 satisfaciens,
958 2719 1153 2789 dimitti
1179 2719 1366 2791 jussus
1401 2733 1521 2774 sum
1545 2757 1562 2784 ,
1606 2716 1679 2772 ita
1707 2723 1769 2773 ut

152 2827 393 2887 cursum
424 2826 604 2887 [neum
628 2825 949 2887 peragerent
973 2851 990 2878 ,
1039 2817 1096 2869 et
1136 2809 1320 2867 multis
1360 2808 1579 2881 pietatis
1634 2808 1766 2864 insi-

154 2916 404 2981 nuaret};
435 2902 710 2983 dogmata,
733 2902 875 2979 quod
909 2901 1075 2959 etiam
1102 2909 1157 2959 et
1178 2900 1373 2957 fecisse
1401 2899 1608 2957 videor.
1645 2915 1665 2949 ‹
1698 2896 1766 2954 Et

163 3014 189 3053 ι
225 2995 491 3073 liberavit
512 3009 599 3073 me
631 2994 887 3071 Dominus
915 2994 983 3053 ab
1004 2994 1155 3051 omni
1178 3008 1343 3071 opere
1366 2992 1532 3071 malo,
1560 3000 1616 3057 et
1650 2989 1759 3048 sal-

1872 1906 1892 1943 t
1930 1888 2045 1943 tina
2104 1894 2235 1945 ante
2287 1886 2523 1943 hiemem
2580 1886 2787 1942 venire.
2852 1904 2873 1939 ι
2923 1885 3127 1945 Deinde
3182 1887 3457 1960 signiﬁcat

1867 1979 2113 2043 scribens
2131 1978 2181 2034 ei
2203 1977 2459 2048 quoniam
2488 1984 2545 2033 et
2570 1976 2770 2037 fratres
2794 1975 3032 2032 salutant
3055 1991 3202 2051 eum,
3223 1976 3412 2035 dicens
3436 1994 3452 2034 :

1874 2088 1895 2125 ι
1933 2067 2185 2129 Salutant
2202 2076 2254 2125 te
2268 2067 2526 2134 Eubulus,
2546 2075 2603 2123 et
2620 2066 2865 2124 Prudens
2882 2064 3168 2141 [Pudens],
3188 2077 3245 2125 et
3262 2068 3454 2144 Linus,

1873 2179 1893 2214 ι
1931 2170 1987 2218 et
2023 2160 2283 2229 Claudia,
2325 2166 2382 2214 et
2430 2159 2629 2215 fratres
2667 2174 2877 2217 omnes.
2917 2179 2937 2212 ι
2972 2159 3224 2226 Fratres,
3258 2160 3454 2237 inquit,

1866 2268 2085 2311 omnes;
2111 2253 2205 2309 eo's
2236 2251 2369 2307 dicit
2390 2251 2483 2323 qui
2510 2252 2697 2321 utique
2713 2264 2779 2306 eo
2802 2258 3045 2322 tempore
3066 2252 3253 2309 Romae
3275 2261 3455 2322 erant,

1865 2355 1923 2404 et
1949 2347 2068 2403 illos
2095 2346 2314 2418 quidem
2342 2359 2480 2416 quos
2508 2342 2704 2400 aﬂ'ectu
2726 2343 2903 2415 justus
2927 2345 3031 2401 sibi
3051 2360 3171 2401 esse
3197 2347 3458 2403 cernebat

1866 2439 2185 2495 nominatim
2215 2437 2448 2494 credidit
2471 2436 2886 2503 memorandus,
2916 2445 3146 2493 caeteros
3172 2451 3300 2495 vero
3339 2437 3455 2493 fra-

1866 2538 1980 2588 tres
2014 2533 2067 2587 in
2119 2529 2392 2586 communi
2421 2527 2741 2584 salutatione
2769 2528 3210 2599 comprehendit,
3256 2538 3313 2586 et
3338 2529 3456 2602 pri-

1866 2637 2018 2679 mum
2071 2619 2287 2695 quidem
2341 2634 2441 2695 pro
2502 2618 2621 2690 ipso
2680 2616 2968 2674 Timotheo
3028 2633 3192 2675 orans
3253 2616 3386 2697 dicit
3439 2637 3455 2677 :

1875 2732 1895 2767 ι
1931 2711 2191 2768 Dominus
2234 2709 2393 2766 Jesus
2419 2709 2668 2767 Christus
2705 2723 2829 2767 cum
2871 2709 3065 2780 spiritu
3105 2718 3218 2771 tuo.
3254 2729 3276 2763 ι
3327 2710 3463 2769 Post

1867 2806 1973 2863 hoc
1995 2820 2127 2862 vero
2150 2814 2408 2860 consueto
2442 2802 2548 2857 ﬁne
2594 2802 2798 2858 claudit
2838 2803 3134 2873 Epistulam
3163 2822 3178 2860 :
3211 2822 3232 2857 ι
3264 2802 3456 2862 Gratia

1873 2915 1894 2971 ς
1932 2878 2250 2962 vobiscum,
2303 2907 2484 2951 amen.
2524 2911 2543 2945 ι
2578 2892 2637 2951 ln
2683 2891 2790 2949 ﬁne
2833 2902 3093 2971 consueta
3139 2894 3460 2975 salutatione

1866 2988 2032 3065 etiam
2070 2987 2311 3065 seipsum
2340 2985 2448 3067 illis
2479 2984 2695 3045 censuit
2718 2988 3237 3045 connumerandum.

158 3124 3437 3159 Mm

800 3244 1210 3380 LIBER
1293 3259 2072 3405 VICESIMUS
2152 3166 2831 3423 QUINTUS.

762 3557 1314 3638 EXPOSITIO
1417 3559 1530 3639 IN
1627 3490 2201 3637 EPISTOLAM
2298 3533 2434 3633 Af)
2506 3552 2878 3633 TITUM.

1584 3724 2000 3742 ψ

699 3798 703 3803 ’
724 3808 1240 3881 ΑΒΕΙΠΕΝΤΠΜ.
1338 3858 1347 3867 .

240 3906 448 3983 Beatus
476 3902 769 3979 Apostolus
802 3902 1021 3960 Cretam
1053 3903 1315 3961 accedens
1348 3901 1575 3983 pietatis
1601 3900 1767 3977 ratio-

162 4014 300 4059 nem
327 3980 436 4052 illis
473 3997 565 4067 qui
601 3996 712 4053 illic
742 3994 1058 4050 habitabant
1087 3992 1306 4051 tradidit
1338 4010 1351 4047 :
1384 3993 1511 4065 quia
1545 3980 1674 4048 vero
1701 3992 1767 4047 ad

164 4090 311 4149 alias
359 4088 669 4159 provincias
737 4086 968 4142 transire
1018 4101 1140 4143 eum
1196 4086 1311 4157 ipsa
1362 4083 1581 4155 pietatis
1629 4083 1769 4140 ratio

164 4182 558 4254 compellebat,
582 4191 642 4239 ut
664 4181 949 4239 universos
969 4196 1066 4251 per
1079 4179 1293 4235 diversa
1320 4178 1435 4234 loca
1462 4178 1769 4235 habitantes

163 4262 399 4348 pietatis
443 4273 739 4329 instrueret
780 4258 1076 4335 rationem,
1118 4270 1337 4326 beatum
1382 4270 1565 4333 Titum
1595 4269 1768 4326 Creta:

165 4367 433 4443 reliquit,
489 4365 649 4422 sicuti
682 4372 738 4421 et
767 4364 1112 4420 Timotheum
1165 4356 1400 4447 Ephesi,
1450 4377 1770 4436 praeponens

163 4474 301 4515 etim
334 4457 414 4535 illi
457 4456 704 4537 ecclesiis
758 4471 880 4527 quae
919 4454 1029 4513 illic
1057 4463 1238 4520 erant.
1290 4453 1493 4512 Scribit
1538 4471 1668 4527 ergo
1701 4455 1769 4531 ad

162 4565 326 4613 eum,
348 4548 803 4635 utcompendiose
823 4546 1018 4629 dicam,
1045 4546 1111 4603 de
1132 4546 1470 4603 ordinatione
1500 4543 1765 4611 facienda,

164 4644 459 4723 inartier
486 4657 610 4699 eum
636 4639 1092 4723 quemadmodum
1116 4639 1399 4721 conveniat
1421 4639 1565 4710 ipsas
1588 4637 1771 4695 facere

163 4733 585 4809 ordinationes;
612 4733 775 4817 simul
801 4741 855 4788 et
873 4733 940 4789 de
966 4732 1176 4788 caeteris
1200 4732 1450 4788 omnibus
1484 4731 1768 4788 consilium

166 4825 392 4889 tribuit,
421 4834 477 4903 et
498 4824 698 4907 docens
728 4824 963 4897 qualiter
991 4823 1057 4881 de
1087 4823 1313 4895 singulis
1338 4838 1499 4899 agere
1522 4829 1773 4893 oporteat

163 4934 326 4979 eum.
352 4916 687 4997 memoratur
715 4933 843 4974 vero
865 4926 1131 4977 eteorum
1157 4918 1249 4988 qui
1272 4932 1338 4973 ex
1360 4916 1770 4973 circumcisione

165 5017 361 5076 erant,
391 5009 552 5065 sicuti
582 5018 637 5065 et
665 5010 718 5065 in
748 5008 985 5080 Epistula
1019 5017 1353 5077 memoratus
1382 5016 1466 5065 est
1492 5022 1656 5078 quam
1700 5007 1770 5062 ad

164 5102 539 5161 Timotheum
592 5103 860 5174 imprimis
906 5103 1235 5174 scripserat,
1281 5102 1632 5183 vehementer
1680 5101 1768 5156 in-

1798 3814 1845 3879 C
1875 3810 2115 3882 Epistula
2142 3824 2306 3885 quam
2333 3808 2401 3863 ad
2427 3807 2608 3864 Titum
2635 3807 2937 3874 direxerat,
2965 3808 3348 3880 compendiose
3387 3811 3456 3870 de

1872 3903 2125 3960 omnibus
2153 3901 2304 3956 visus
2338 3908 2422 3955 est
2445 3899 2767 3970 explicasse.
2811 3900 3065 3972 Epistulae
3092 3901 3341 3971 equidem
3367 3918 3460 3958 ar-

1870 4005 2182 4081 gumentum
2216 3996 2268 4050 in
2298 3994 2384 4049 his
2413 3993 2680 4051 consistit.
2717 3993 2830 4063 Ego
2858 4007 2988 4047 vero
3018 3992 3456 4067 praedicationem

1848 4091 1938 4161 Ide
1988 4090 2215 4161 singulis
2262 4089 2530 4159 arripiens
2578 4086 2958 4158 compendiose
3013 4100 3133 4141 eam
3183 4085 3457 4157 explicare

1871 4180 2086 4234 adnitar
2115 4198 2126 4234 :
2162 4180 2328 4236 moris
2356 4179 2621 4251 siquidem
2643 4178 2811 4235 nostri
2842 4188 2948 4246 est,
2979 4188 3039 4235 ut
3066 4194 3173 4235 non
3211 4180 3458 4238 absolute

1869 4269 2252 4343 prolongemus
2274 4274 2635 4328 narrationem
2661 4275 2876 4345 quando
2897 4273 3227 4333 sulticienter
3254 4290 3450 4333 sensus

1869 4363 2119 4420 veritatis
2159 4362 2211 4420 in
2243 4364 2431 4435 paucis
2460 4365 2659 4436 poterit
2688 4365 2969 4436 explicari.

2285 4456 2497 4515 ALIUD
2535 4442 3046 4523 ARGUMENTUM.

2439 4542 2524 4601 Ex
2558 4534 2907 4619 Hieronymo.

1942 4635 2093 4694 Licet
2113 4653 2219 4693 non
2249 4638 2356 4696 sint
2384 4638 2529 4711 digni
2562 4640 2665 4699 fide
2686 4681 2702 4708 ,
2748 4639 2841 4711 qui
2881 4638 3042 4694 fidem
3073 4639 3304 4709 primam
3336 4638 3461 4696 irri-

1872 4738 1981 4787 tam
2032 4726 2314 4795 fecerunt,
2358 4729 2687 4787 Marcionem
2736 4729 2928 4800 loquor
2964 4739 3019 4786 et
3059 4729 3462 4800 Basilidem,et

1871 4836 2062 4899 omnes
2102 4820 2388 4877 haereticos
2436 4824 2528 4894 qui
2577 4823 2743 4879 Vetus
2778 4822 2985 4877 laniant
3009 4814 3452 4887 Testamentum],

1872 4922 2051 4970 tamen
2069 4930 2165 4970 eos
2180 4914 2359 4987 aliqua
2372 4931 2439 4969 ex
2457 4923 2614 4986 parte
2638 4914 2928 4980 ferremus,
2953 4912 2997 4971 si
3021 4916 3213 4971 saltem
3237 4917 3289 4972 in
3306 4916 3455 4975 Novo

1871 5006 2215 5065 continerent
2236 5021 2429 5061 manus
2457 5021 2607 5071 suas,
2640 5015 2696 5062 et
2716 5022 2822 5061 non
2850 5007 3111 5063 auderent
3140 5006 3365 5075 Christi,
3392 5016 3455 5069 ut

1872 5086 1972 5166 ipsi
1996 5095 2275 5166 jactitant,
2297 5096 2425 5152 boni
2458 5097 2551 5152 Dei
2582 5096 2704 5152 Filii
2734 5102 2819 5154 vel
2845 5101 3207 5173 evangelistas
3230 5102 3457 5171 violare,

162 5204 399 5252 Struens
431 5209 576 5259 eum,
606 5196 669 5267 'ut
694 5209 761 5250 ne
787 5195 916 5265 quid
942 5194 1131 5264 pietati
1160 5195 1492 5250 contrarium
1521 5202 1613 5249 aut
1649 5193 1764 5264 ipse
1790 5193 1841 5254 D
1865 5190 1950 5261 vel
1974 5190 2263 5265 apostolos.
2293 5188 2446 5245 Nunc
2475 5191 2622 5246 enim
2659 5207 2784 5247 cum
2818 5193 3113 5265 Evangelia
3150 5195 3268 5266 ejus
3297 5195 3429 5252 dissi

164 5286 424 5350 doceret,
476 5293 571 5341 aut
614 5284 750 5341 alios
792 5268 1071 5355 pateretur
1100 5283 1377 5341 docentes.
1426 5285 1667 5355 Denique
1711 5292 1769 5339 et

165 5377 411 5437 multam
449 5377 856 5434 similitudinem
879 5379 994 5460 haec
1023 5368 1261 5460 Epistula
1291 5378 1359 5453 ad
1382 5378 1527 5460 illam
1556 5377 1767 5459 videtur

163 5474 386 5532 habere
415 5472 730 5545 Epistulam.
760 5454 903 5529 Nam.
916 5454 979 5527 et
1002 5454 1117 5529 una!
1153 5454 1315 5528 causa
1354 5454 1509 5536 erat,
1538 5454 1636 5542 pro
1658 5454 1765 5543 qua

166 5574 237 5623 et
272 5564 344 5619 ad
373 5564 533 5619 istum
565 5571 619 5619 et
646 5564 715 5620 ad
746 5562 895 5619 illum
926 5564 1219 5623 scribebat.
1252 5562 1476 5619 Dill‘erre
1504 5577 1630 5616 vero
1665 5562 1766 5621 sibi

166 5655 441 5728 Epistula:
486 5639 736 5711 videntur
781 5654 885 5712 hac
927 5655 1039 5711 sola
1072 5654 1278 5709 ratione
1300 5694 1314 5719 ,
1345 5669 1451 5723 qua
1481 5646 1766 5709 Timotheo

166 5736 351 5805 latius
393 5755 450 5802 et
491 5746 705 5802 cautius
734 5746 799 5801 de
829 5747 1079 5802 omnibus
1116 5746 1364 5815 scripsit;
1411 5744 1462 5799 in
1508 5744 1609 5800 hac
1638 5759 1768 5799 vero

1871 5284 2154 5365 paverint,
2191 5290 2247 5340 et
2273 5282 2637 5369 apostolorum
2660 5284 2929 5356 Epistolas
2956 5303 3065 5343 non
3091 5287 3455 5375 apostolorum

1870 5376 2075 5459 Qhristi
2102 5375 2329 5461 fecerint
2354 5366 2499 5442 esse,
2524 5377 2619 5461 sed
2657 5378 2941 5463 proprias,
2972 5366 3151 5465 miror
3188 5378 3456 5465 quomodo

1872 5454 1975 5547 sibi
2000 5454 2431 5547 Christianorum
2461 5454 2660 5531 nomen
2690 5454 2927 5547 audeant
2968 5454 3262 5526 vindicare.
3302 5466 3455 5523 Nunc

1871 5544 2002 5617 vero
2024 5544 2146 5617 cum
2174 5560 2426 5617 hzeretica
2442 5548 2766 5616 auctoritate
2790 5544 3140 5633 pronuntient
3164 5569 3219 5616 et
3235 5560 3450 5614 dicant:

1870 5651 1965 5735 illa
2003 5651 2239 5723 Epistula
2270 5649 2421 5705 Pauli
2450 5661 2556 5717 est,
2582 5650 2699 5707 lucc
2730 5669 2835 5707 non
2863 5661 2945 5707 est
2970 5668 2986 5717 ;
3028 5665 3092 5705 ea
3132 5649 3457 5704 auctoritate

1874 5743 2046 5800 refelli
2087 5759 2144 5799 se
2171 5759 2267 5815 pro
2294 5743 2527 5799 veritate
2568 5745 2898 5816 intelligant,
2924 5759 3030 5813 qua
3058 5742 3160 5814 ipsi
3195 5755 3303 5797 non
3327 5755 3456 5819 eru-
