3992 6338
18 954 25 1253 l

578 341 685 400 855
1213 342 1276 397 B.
1315 340 1569 397 RABANI
1605 340 1825 398 MAURI
1861 337 2182 397 ARCHIEP.
2220 336 2531 396 MOGUNT.
2568 336 2855 394 OPEBUM
2888 335 3069 393 PARS
3105 336 3193 392 lll.
3732 336 3841 395 636

573 460 803 516 bescunt
846 458 979 514 falsa
1014 458 1286 515 simulare.
1333 459 1439 515 Sed
1469 459 1726 513 Tatianus
1754 458 2152 514 Encratitarnm
2181 459 2232 519 Α
2257 470 2317 511 se
2340 470 2572 511 servum
2616 454 2762 511 fecit.
2805 455 2872 510 Et
2909 456 2960 509 in
2996 454 3122 510 'alio
3166 453 3286 510 loco
3315 440 3329 509 ἑ
3379 454 3595 521 Vester,
3626 454 3842 525 inquit,

573 546 889 620 patriarcha
916 590 932 615 ,
977 550 1069 619 qui
1117 558 1172 605 et
1213 553 1327 620 ipse
1376 549 1659 604 nonnullas
1700 548 1849 602 Pauli
1892 548 2159 619 Epistolas

574 641 910 712 repudiavit,
945 642 1085 696 hanc
1126 640 1211 695 vel
1242 642 1496 703 maxime,
1542 641 1643 696 hoc
1690 648 1806 706 est,
1843 642 1909 696 ad
1955 641 2156 706 Titum,

574 729 819 802 Apostoli
898 732 1352 801 pronuntiandam
1414 732 1692 799 credidit,
1766 732 2159 802 parvipendens

577 820 868 881 Marcionis
887 833 943 879 et
964 824 1223 889 aliorum,
1254 825 1344 896 qui
1375 841 1496 879 cum
1531 841 1596 881 eo
1636 826 1692 880 in
1724 826 1827 881 hac
1852 835 2002 897 parte
2031 841 2159 880 con-

573 904 834 977 sentiunt,
866 902 1240 973 assertionem.
1293 916 1495 972 Scribit
1545 917 1708 988 igitur
1750 917 2074 987 Apostolus,
2125 932 2159 971 ο

574 1000 744 1061 Paula
774 1015 829 1062 et
850 1006 1308 1074 Eustochium,de
1336 1006 1574 1080 Nicopoli
1602 1024 1723 1080 quae
1749 1009 1803 1062 in
1826 1007 2048 1064 Actiaco
2073 1007 2160 1063 Iit-

572 1106 698 1152 tore
727 1097 854 1163 sita,
886 1112 1029 1153 nunc
1054 1098 1409 1168 possessionis
1437 1106 1632 1153 vestrae
1660 1113 1785 1167 pars
1810 1097 1896 1153 vel
1920 1097 2159 1152 maxima

575 1198 697 1256 est;
745 1198 800 1244 et
850 1191 1069 1260 scripsit
1117 1191 1186 1246 ad
1221 1191 1399 1246 Titum
1445 1190 1764 1262 discipulum
1807 1206 1984 1256 suum,
2027 1189 2159 1245 etin

572 1282 794 1338 Christo
835 1282 1005 1339 ﬁlium
1049 1298 1208 1352 quem
1240 1283 1413 1339 Creta:
1456 1283 1750 1354 reliquerat
1790 1284 1858 1337 ad
1902 1281 2161 1339 ecclesias

506 1431 525 1457 ἕ
572 1373 921 1431 instruendus
936 1393 949 1429 :
966 1375 1327 1446 praacepitque
1344 1377 1416 1441 ei,
1434 1384 1492 1431 ut
1506 1392 1629 1432 cum
1643 1388 1674 1431 e
1686 1376 1896 1432 duobus
1910 1377 2161 1431 Artemas

503 1460 514 1480 '
573 1480 672 1521 seu
695 1464 968 1538 Tychicus
990 1465 1206 1522 Cretam
1234 1465 1399 1523 fuerit
1418 1468 1695 1538 appulsus,
1720 1469 1837 1539 ipse
1858 1467 2158 1537 Nicopolim

571 1558 780 1611 veniat.
794 1554 1004 1612 Iustum
1021 1561 1219 1629 quippe
1235 1567 1353 1614 erat
1378 1567 1436 1614 ut
1465 1559 1554 1615 ille
1572 1561 1665 1629 qui
1684 1560 1895 1615 dixerat
1921 1578 1940 1609 ‹
1961 1558 2160 1614 sollici-

571 1647 704 1702 tudo
730 1661 848 1701 mea
879 1649 1120 1703 omnium
1154 1649 1530 1716 ecclesiarum,
1555 1670 1574 1703 ι
1609 1658 1665 1705 et
1691 1650 1785 1720 qui
1812 1649 2158 1720 Evangelium

569 1736 775 1793 Christi
807 1753 979 1808 usque
1019 1740 1088 1793 ad
1138 1739 1411 1811 lllyricmn
1460 1740 1529 1794 de
1558 1739 1945 1811 Hierosolymis
1991 1737 2157 1810 protl-

2264 564 2284 598 ‹
2317 562 2505 601 servus
2544 554 2767 615 propter
2806 545 3101 600 Christum.
3134 566 3154 598 ι
3206 543 3406 600 Servus
3446 545 3547 600 Dei
3590 543 3686 599 ille
3720 554 3846 611 est,

2256 639 2350 709 qui
2411 654 2519 694 non
2559 646 2642 694 est
2701 652 2890 691 servus
2930 637 3160 706 peccati.
3200 634 3491 707 Apostolus
3533 636 3713 705 igitur
3755 638 3849 706 qui

2257 729 2464 801 peccati
2511 743 2617 783 non
2673 727 2775 783 fuit
2827 743 3043 794 servus,
3109 736 3257 784 recte
3297 728 3396 783 Dei
3424 727 3613 782 Patris
3658 740 3851 785 servus

2258 827 2484 875 vocatur
2522 826 2577 873 et
2610 816 2831 873 Christi.
2870 817 3041 873 Porro
3082 819 3227 888 quod
3279 819 3356 873 ait
3405 834 3423 872 :
3474 836 3499 869 ‹
3554 817 3853 889 Apostolus

2262 921 2442 964 autem
2481 909 2683 965 Christi
2739 907 2897 975 Iesu;
2947 928 2967 962 ι
3012 908 3119 965 tale
3170 910 3303 965 mihi
3336 910 3558 966 videtur
3598 910 3767 980 quale
3810 912 3855 967 si

2260 1002 2494 1058 dixisset
2538 1020 2550 1055 :
2583 1001 2869 1071 praefectus
2906 1003 3162 1074 praetorio
3181 996 3407 1077 Augusti
3445 1004 3717 1069 Caesaris,
3742 1020 3829 1060 ma

2260 1096 2428 1167 gister
2455 1097 2725 1152 exercitus
2751 1096 2952 1153 Tiberii
2982 1098 3343 1169 imperatoris.
3370 1096 3441 1154 Ut
3468 1098 3620 1154 enim
3642 1097 3855 1168 iudices

2261 1184 2443 1239 saeculi
2478 1184 2641 1254 hujus
2677 1200 2787 1255 quo
2811 1186 3102 1242 nobiliores
3122 1201 3245 1243 esse
3267 1188 3584 1255 videantur,
3614 1204 3689 1244 ex
3724 1190 3857 1261 regi-

2260 1277 2362 1334 bus
2404 1278 2600 1348 quibus
2642 1279 2906 1342 serviunt,
2945 1288 3000 1335 et
3037 1292 3106 1333 ex
3149 1279 3411 1352 dignitate
3457 1296 3569 1350 qua
3622 1281 3857 1337 intume-

2260 1378 2437 1436 scunt,
2472 1370 2732 1427 vocabula
2767 1374 3109 1428 sortiuntur:
3155 1373 3230 1439 ita
3266 1382 3323 1430 et
3356 1373 3666 1445 Apostolus
3698 1390 3855 1447 gran-

2260 1461 2386 1517 dem
2427 1462 2571 1518 inter
2605 1461 2951 1519 Christianos
3014 1464 3118 1519 sibi
3163 1464 3443 1521 vindicans
3483 1464 3855 1536 dignitatem,

2262 1553 2565 1622 apostolum
2606 1570 2665 1609 se
2704 1554 2905 1610 Chriin
2945 1555 3098 1609 titulo
3140 1557 3478 1627 praenotavit,
3519 1566 3582 1611 ut
3631 1572 3703 1613 ex
3750 1558 3858 1629 ipsa

2262 1644 2500 1701 lecturos
2541 1646 2777 1701 nominis
2814 1647 3138 1703 auctoritate
3164 1655 3417 1713 terreret,
3450 1648 3721 1705 indicans
3748 1664 3859 1707 on-

2261 1755 2359 1795 nes
2394 1740 2486 1810 qui
2520 1740 2574 1795 in
2614 1740 2832 1796 Christo
2859 1740 3162 1807 crederent,
3192 1741 3388 1797 debere
3421 1741 3533 1798 sibi
3575 1757 3712 1799 esse
3744 1745 3861 1799 sub»

572 1828 788 1885 eiscens
846 1828 1212 1896 fundaverat,
1260 1845 1367 1885 non
1412 1839 1691 1901 pateretur
1730 1840 1785 1887 et
1837 1831 1921 1887 sui
1967 1841 2024 1885 et
2050 1829 2157 1886 Titi
2190 1844 2235 1904 Β
2256 1837 2452 1910 jectos.
2497 1856 2517 1890 ‹
2556 1837 2866 1894 Secundum
2894 1837 3053 1893 fidem
3090 1838 3384 1894 electorum
3418 1839 3543 1904 Dei,
3573 1850 3639 1895 et.
3674 1841 3862 1910 cogni-

571 1921 821 1976 absentia
846 1919 1133 1977 Cretenses
1160 1936 1283 1977 esse
1311 1922 1554 1978 desertos
1572 1963 1588 1990 ,
1636 1939 1667 1977 a
1694 1923 1889 1994 quibus
1922 1922 2157 1993 primum

569 2013 895 2070 idololatriae
908 2014 1113 2069 semina
1138 2014 1537 2085 pullulaverunt
1554 2033 1567 2068 :
1583 2015 1677 2070 sed
1702 2016 1943 2070 mitteret
1954 2014 2037 2069 eis
2060 2027 2161 2083 pro

574 2119 635 2160 se
662 2113 717 2159 et
744 2102 869 2159 Tito
891 2103 1155 2159 Arteman
1178 2104 1265 2161 vel
1309 2103 1602 2176 'l‘ychicum
1647 2119 1876 2176 quorum
1915 2103 2160 2161 doctrina

572 2205 631 2253 et
650 2197 847 2255 solatio
872 2198 1315 2256 confoverentur.

1067 2334 1295 2391 CAPUT
1333 2332 1626 2390 PRIMUM.

574 2447 653 2503 De
679 2448 904 2505 Domino
932 2447 1111 2512 Patre,
1142 2447 1283 2515 quod
1313 2457 1434 2501 ante
1472 2455 1670 2501 retenta
1699 2454 1932 2515 tempora
1970 2443 2161 2499 Domi-

648 2537 774 2575 num
824 2517 1029 2574 Filium
1079 2515 1226 2589 nobis
1277 2519 1788 2589 promiserit,un
1814 2524 2001 2589 postea
2050 2515 2160 2570 suis

648 2537 774 2575 num
824 2533 1029 2574 rusum
1079 2533 1226 2572 notus
1277 2533 1597 2589 promiserit,
1634 2533 1788 2587 quem
1858 2533 2001 2570 ostea
2050 2533 2160 2570 suts

645 2590 960 2672 temporibus
989 2587 1292 2672 declaravit.
1318 2618 1415 2671 —.
1436 2588 1510 2642 De
1539 2533 2071 2672 episcopi‘fgrotuia;
2111 2596 2160 2640 et

649 2656 791 2732 quod
818 2661 978 2744 iidem
1027 2660 1292 2732 quondam
1335 2659 1562 2730 episcopi
1588 2656 1805 2739 fuerint
1827 2656 1917 2728 qui
1946 2665 1995 2711 et
2038 2673 2160 2739 pre-

647 2732 838 2804 sbyter:
883 2731 1212 2787 dicebantur.
1264 2729 1333 2785 Et
1379 2730 1446 2784 de
1486 2727 1851 2783 seductonbus
1913 2725 2160 2783 ecclesia-

647 2819 785 2858 rum.

650 2957 670 2992 ο
706 2987 714 2994 .
749 2939 905 2994 auius
954 2952 1144 2993 servus
1195 2937 1324 3004 Dei,
1388 2936 1666 3008 apostolus
1718 2944 1901 2993 autem
1958 2935 2161 2993 Christi

570 3031 720 3089 Iesu.
754 3051 775 3084 ι
816 3030 1016 3104 (Ηὶετ.)
1068 3030 1126 3085 In
1167 3030 1406 3100 Epistola
1452 3029 1521 3085 ad
1562 3028 1835 3085 Romanos
1867 3028 1945 3083 ita
1964 3042 2158 3084 orsus:

577 3144 598 3177 ι
629 3124 828 3179 Paulus
874 3137 1067 3178 servus
1097 3119 1227 3177 Iesu
1273 3120 1480 3177 Christi
1524 3126 1748 3176 vocatus
1787 3119 2099 3190 apostolus:
2136 3138 2156 3173 ι

2266 1948 2287 1983 ‹
2331 1930 2533 1987 tionem
2548 1931 2816 1996 veritatis,
2831 1944 2955 2001 quae
2976 1929 3224 2000 estjuxta
3241 1932 3501 2002 pietatem
3527 1931 3587 1986 in
3617 1947 3721 2002 spe
3745 1932 3861 1987 vita

2265 2039 2285 2074 ‹
2327 2031 2580 2089 eterna,
2618 2036 2783 2092 quam
2824 2020 3076 2092 promisit
3115 2035 3223 2076 non
3261 2020 3499 2077 mendax
3540 2021 3701 2078 Deus
3743 2032 3860 2078 ante

2265 2133 2285 2169 ί
2328 2114 2525 2172 saecula
2563 2123 2763 2169 aeterna
2814 2129 2830 2168 :
2875 2112 3245 2170 manifestavit
3298 2122 3482 2171 autem
3516 2116 3861 2187 temporibus

2265 2227 2285 2260 ι
2325 2208 2440 2264 suis
2461 2205 2688 2263 verbum
2711 2222 2867 2263 suum
2894 2206 2948 2262 in
2977 2206 3362 2278 praedicatione
3388 2222 3515 2277 qua:
3537 2207 3763 2263 credita
3788 2216 3863 2264 est

2264 2319 2284 2354 ι
2329 2300 2484 2366 mihi,
2521 2301 2819 2358 secundum
2852 2300 3141 2369 imperium
3174 2298 3479 2356 Salvatoris
3507 2300 3709 2356 nostri
3750 2300 3861 2368 Dei,

2265 2410 2285 2445 ε
2328 2390 2451 2448 Tito
2470 2392 2796 2449 charissima
2820 2391 2931 2446 tilio
2967 2389 3123 2462 juxta
3144 2406 3491 2447 communem
3519 2392 3722 2459 ﬁdem,
3748 2408 3862 2463 gra-

2267 2502 2286 2537 ι
2330 2483 2407 2540 tia
2433 2493 2489 2539 et
2513 2500 2619 2555 pax
2650 2501 2681 2539 a
2719 2483 2831 2540 Deo
2858 2483 3025 2539 Patre
3046 2492 3103 2540 et
3141 2482 3359 2540 Christo
3387 2481 3523 2539 Iesu
3573 2482 3862 2541 Salvam

2269 2594 2290 2627 ι
2334 2584 2542 2631 nostro.
2583 2595 2603 2629 ι
2641 2570 2868 2647 (Arnim)
2912 2573 3156 2648 Longam
3206 2573 3335 2631 fecit
3378 2575 3861 2648 pmcﬁpﬁom

2262 2668 2519 2740 Epistolas
2540 2676 2763 2740 propter
2783 2668 3188 2726 multitudinem
3213 2668 3387 2737 illam,
3409 2684 3585 2741 quam
3612 2685 3865 2733 necun-

2262 2761 2345 2816 rio
2370 2759 2707 2828 interiecisse
2731 2759 2965 2825 videtur,
2996 2760 3102 2816 hoc
3118 2760 3281 2816 etiam
3306 2767 3364 2815 et
3389 2760 3505 2816 alio
3532 2760 3595 2816 in
3620 2760 3751 2817 loco
3769 2761 3863 2819 fre-

2264 2859 2494 2923 quenter
2522 2850 2716 2907 fecisse
2757 2852 3021 2908 noscitur.
3047 2850 3309 2908 Sicuti'et
3330 2850 3387 2907 in
3429 2850 3529 2907 illa
3574 2851 3723 2910 fecit
3742 2853 3863 2926 Epi-

2264 2942 2401 3000 stola
2431 2958 2598 3014 quam
2646 2944 2714 3000 ad
2770 2943 3046 3001 Romanos
3083 2944 3285 3000 dudum
3330 2944 3667 3015 scripserat.
3725 2946 3863 3004 Pras-

2267 3034 2581 3106 scriptionis
2635 3037 2801 3108 igitur
2854 3038 2995 3092 ratio
3052 3036 3108 3091 in
3154 3035 3242 3092 his
3288 3035 3567 3094 contineri
3622 3038 3862 3096 videtur.

2271 3146 2289 3178 ι
2333 3126 2533 3182 Paulus
2557 3143 2749 3184 servus
2787 3127 2884 3183 Dei
2921 3126 3196 3198 apostolus
3243 3135 3429 3182 autem
3457 3125 3685 3185 Christi
3736 3127 3861 3186 ιω

574 3218 630 3273 in
664 3217 767 3272 hac
795 3222 978 3270 autem
1025 3229 1243 3271 servum
1271 3228 1331 3269 se
1372 3213 1467 3269 Dei
1503 3213 1666 3278 dicit,
1694 3212 1998 3283 apostolum
2038 3226 2169 3268 vero
2194 3215 2241 3279 C
2273 3220 2396 3276 Τίιο
2420 3221 2740 3277 charissimo
2768 3220 2900 3287 ﬁlio,
2936 3240 2956 3272 ι
3008 3228 3065 3276 et
3100 3228 3297 3277 caetera
3340 3235 3462 3291 quas
3516 3221 3865 3294 subsequu-

573 3308 775 3365 Christi
804 3305 954 3363 Iesu.
990 3304 1047 3362 Si
1076 3305 1223 3361 enim
1247 3303 1413 3360 Pater
1439 3312 1496 3360 et
1516 3303 1687 3360 Filius
1723 3317 1894 3358 unum
1934 3312 2083 3369 sunt,
2104 3311 2162 3358 et

576 3400 670 3471 qui
695 3398 989 3455 crediderit
1013 3397 1071 3452 in
1094 3395 1290 3452 Filium
1313 3396 1491 3452 credit
1511 3395 1640 3475 etin
1667 3394 1904 3461 Patrem,
1926 3395 2161 3452 servitus

574 3505 791 3562 quoque
819 3487 1187 3544 indifferenter
1211 3487 1457 3559 Apostoli
1507 3486 1658 3542 Pauli
1708 3488 1796 3544 vel
1834 3489 1902 3545 ad
1943 3488 2163 3545 Patrem

579 3592 665 3639 est
698 3580 1004 3645 referenda,
1036 3579 1124 3636 vel
1171 3578 1240 3636 ad
1276 3578 1495 3635 Filium.
1542 3577 1667 3635 llam
1706 3586 1887 3635 autem
1931 3579 2163 3635 servitus

576 3693 685 3733 non
719 3684 804 3733 est
828 3675 919 3731 illa
946 3676 1015 3732 de
1042 3690 1148 3746 qua
1186 3674 1477 3747 Apostolus
1498 3675 1575 3730 ait
1600 3674 1778 3749 (Rom.
1804 3676 1926 3751 vni)
1955 3694 1968 3730 :
2004 3694 2023 3728 ι
2044 3675 2163 3732 Non

573 3768 721 3826 enim
745 3767 1034 3837 accepistis
1061 3767 1313 3839 spiritum
1337 3766 1615 3823 servitutis
1643 3768 1839 3823 iterum
1865 3768 1918 3823 in
1948 3768 2164 3835 timore,

573 3859 671 3916 sed
699 3859 988 3931 accepistis
1016 3860 1265 3932 spiritum
1293 3859 1621 3930 adoptionis,
1648 3859 1704 3914 in
1735 3875 1843 3930 quo
1866 3859 2165 3915 clamamus

573 3951 749 4019 Abba,
776 3951 980 4019 Pater;
1020 3971 1039 4005 ›
1080 3967 1268 4007 verum
1324 3951 1520 4008 nobilis
1567 3953 1804 4008 servitus
1852 3953 1918 4008 de
1959 3967 2064 4022 qua
2110 3958 2167 4007 et

575 4043 745 4100 David
771 4044 838 4100 ad
868 4044 1035 4100 Deum
1078 4045 1359 4115 loquitur:
1402 4062 1421 4096 ι
1455 4044 1570 4116 Ego
1605 4060 1795 4100 servus
1825 4051 1971 4110 tuus,
2000 4051 2056 4098 et
2094 4041 2164 4096 ﬁ-

570 4140 679 4196 lius
706 4139 916 4195 ancilla:
946 4147 1048 4194 tute
1078 4138 1252 4213 (Psal.
1280 4140 1436 4210 cxv);
1473 4159 1491 4191 ι
1523 4148 1578 4194 et
1604 4139 1761 4194 beata
1783 4136 1950 4193 Maria
1975 4139 2042 4192 ad
2071 4153 2168 4191 an-

580 4231 761 4302 gelum
816 4247 830 4283 :
891 4247 911 4280 t
947 4230 1091 4285 Ecce
1137 4230 1335 4285 ancilla
1363 4229 1579 4286 Domini
1625 4247 1639 4285 :
1698 4229 1794 4285 ﬁat
1836 4230 1969 4285 mihi
2008 4228 2166 4299 juxta

578 4320 808 4375 verbum
838 4328 988 4374 tuum
1026 4319 1199 4391 (Luc.
1232 4320 1315 4393 1).
1355 4340 1374 4372 ›
1409 4320 1561 4375 Hanc
1610 4320 1926 4376 servitutem
1978 4318 2168 4375 habuit

577 4420 633 4469 et
676 4409 884 4479 Moses,
914 4411 984 4467 de
1022 4426 1141 4481 'quo
1184 4412 1444 4467 Dominus
1482 4411 1550 4467 ad
1590 4408 1775 4467 Iesum
1802 4411 1971 4466 tilium
2019 4410 2167 4467 Nave

576 4503 715 4578 (Jos.
737 4520 778 4571 1,
804 4520 881 4570 ιι,
904 4518 1002 4569 xu,
1028 4502 1153 4576 xm)
1177 4520 1192 4557 :
1228 4520 1248 4555 ι
1284 4502 1516 4577 Moyses,
1539 4502 1742 4574 inquit,
1767 4500 2001 4559 famulus
2013 4518 2167 4559 meus

2262 3320 2395 3379 tur;
2445 3313 2767 3384 interposuit
2822 3326 2949 3369 vero
3007 3312 3077 3368 ab
3128 3311 3223 3370 illo
3278 3312 3398 3368 loco
3460 3327 3581 3383 quo
3654 3313 3863 3369 dixerat

2268 3423 2289 3457 ι
2323 3405 2623 3461 secundum
2662 3404 2824 3460 ﬁdem
2863 3403 3159 3459 electorum
3187 3403 3306 3472 Dei,
3343 3422 3363 3457 ι
3391 3416 3571 3474 usque
3598 3405 3679 3460 ad
3718 3404 3861 3461 illam
3970 3414 3971 3475 ;

2261 3493 2441 3551 locum
2469 3509 2578 3566 quo
2600 3495 2756 3560 dixit,
2790 3513 2809 3546 ι
2846 3494 2969 3550 Tito
2996 3493 3319 3551 charissimo
3343 3493 3474 3551 ﬁlio.
3515 3513 3536 3546 ι
3562 3493 3862 3550 Simileest

2228 3575 2241 3585 ’
2264 3592 2448 3640 autem
2476 3582 2554 3639 illi
2578 3582 2844 3655 principio
2869 3582 3147 3654 Epistolas,
3175 3599 3341 3655 quam
3377 3585 3626 3641 secundo
3654 3586 3731 3640 ad
3772 3584 3860 3641 Ti-

2264 3676 2541 3732 motheum
2584 3677 2733 3732 visus
2780 3685 2868 3732 est
2906 3676 3211 3748 scripsisse,
3256 3676 3349 3732 ubi
3387 3676 3569 3733 dixit:
3602 3696 3627 3730 ι
3667 3676 3865 3734 Paulus

2265 3766 2547 3838 apostolus
2567 3766 2767 3823 Christi
2804 3766 2928 3825 Iesu
2956 3783 3056 3840 per
3074 3768 3406 3825 voluntatem
3430 3768 3528 3824 Dei
3556 3770 3864 3825 secundum

2263 3856 2687 3928 promissionem
2717 3858 2866 3925 vitae,
2899 3874 3022 3930 quae
3051 3867 3136 3916 est
3159 3859 3216 3916 in
3245 3858 3463 3916 Christo
3486 3857 3644 3916 Iesu.
3695 3879 3719 3915 ι
3756 3860 3863 3917 Hoc

2265 3951 2410 4005 enim
2422 3959 2478 4005 et
2491 3951 2545 4006 in
2558 3951 2661 4008 hoc
2672 3952 2792 4008 loco
2804 3953 2958 4009 dicit:
2972 3952 3227 4023 quoniam
3241 3952 3516 4023 apostolus
3526 3955 3867 4010 consumtus

2267 4056 2407 4108 sum,
2440 4041 2515 4097 ita
2548 4050 2608 4097 ut
2630 4058 2731 4115 per
2756 4059 2845 4099 me
2873 4044 3102 4101 credant
3146 4060 3337 4102 omnes
3374 4046 3464 4115 qui
3504 4045 3641 4101 olim
3687 4061 3723 4101 a
3750 4046 3862 4103 Deo

2265 4133 2334 4189 ob
2364 4128 2628 4206 propositi
2657 4137 2740 4192 sui
2768 4136 3061 4193 bonitatem
3093 4147 3219 4193 sunt
3244 4139 3314 4194 ad
3338 4140 3440 4195 hoc
3466 4139 3654 4207 electi,
3682 4140 3789 4210 qui
3814 4148 3863 4193 et

2268 4235 2638 4293 cognoverunt
2665 4226 2886 4297 pietatis
2909 4228 3219 4295 veritatem,
3252 4228 3327 4283 ita
3356 4238 3416 4284 ut
3442 4238 3777 4301 perpetuam
3806 4230 3864 4285 il-

2268 4315 2376 4371 lam
2425 4318 2616 4384 vitam,
2670 4334 2832 4389 quam
2887 4328 3287 4390 exspectamus,
3337 4320 3552 4390 assequi
3594 4321 3861 4390 possint,

2270 4425 2435 4481 quam
2501 4411 2703 4467 dudum
2770 4410 2915 4467 Deus
2964 4426 3024 4467 se
3074 4411 3453 4483 repraesentari
3498 4413 3861 4482 promiserat.

2274 4521 2294 4553 ‹
2328 4490 2530 4557 Paulus
2575 4516 2765 4558 servus
2789 4500 2909 4568 Dei,
2942 4501 3217 4573 apostolus
3245 4510 3425 4559 autem
3471 4499 3597 4557 Iesu
3654 4501 3865 4558 Christi

575 4608 823 4661 mortuus
850 4607 953 4654 est.
986 4617 1005 4649 ι
1032 4596 1102 4652 Ει
1125 4597 1178 4651 in
1206 4596 1311 4652 alio
1335 4596 1496 4652 loco:
1528 4615 1547 4648 ι
1577 4595 1821 4654 Mortuus
1841 4606 1925 4653 est
1951 4597 2164 4669 Moyses
2190 4581 2243 4640 D
2269 4593 2567 4650 secundum
2613 4592 2776 4650 ﬁdem
2820 4594 3118 4651 electorum
3161 4594 3280 4650 Dei.
3321 4614 3341 4648 ι
3374 4593 3573 4667 (Ηὶεν.)
3609 4594 3683 4651 1d
3738 4606 3857 4661 est,

580 4686 813 4744 famulus
834 4689 1069 4755 Domini,
1098 4689 1152 4743 in
1167 4697 1316 4743 terra
1338 4687 1493 4743 Moab
1514 4702 1611 4757 per
1625 4689 1849 4744 verbum
1870 4688 2102 4743 Domini.
2136 4706 2155 4740 ι

578 4779 735 4834 Absit
780 4781 979 4850 quippe
1017 4787 1079 4835 ut
1110 4779 1361 4850 spiritum
1402 4778 1683 4834 servitutis
1724 4778 1908 4835 Mosen
1949 4786 2006 4834 et
2045 4777 2161 4833 Ma-

581 4871 717 4925 riam
761 4871 815 4925 in
862 4872 1078 4938 timore,
1123 4881 1178 4927 et
1214 4872 1399 4927 nonin
1440 4871 1727 4927 dilectione
1773 4870 1868 4925 Dei
1905 4871 2164 4927 habuisse

578 4958 884 5020 credamus.
933 4964 1044 5021 Nec
1090 4965 1288 5021 mirum
1330 4964 1579 5035 quamvis
1636 4962 2163 5029 sanctosdiomines,

581 5066 768 5133 tamen
792 5055 886 5111 Dei
914 5072 1101 5112 servos
1122 5058 1377 5113 nobiliter
1396 5054 1679 5127 appellari,
1701 5069 1823 5109 cum
1852 5069 1950 5125 per
1970 5053 2167 5110 Isaiam

579 5148 904 5219 prophetam
933 5147 1091 5202 Pater
1116 5147 1368 5217 loquatur
1389 5148 1457 5202 ad
1480 5146 1714 5201 Filium:
1746 5163 1765 5196 ‹
1795 5145 2044 5217 Magnum
2069 5143 2167 5199 tibi

581 5242 793 5296 esthoc
831 5241 1019 5295 vocari
1056 5248 1106 5295 te
1134 5257 1359 5311 puerum
1390 5255 1568 5295 meum
1597 5237 1732 5310 (Isa.
1766 5237 1940 5309 XLIX).
1977 5256 1997 5291 ›
2046 5235 2163 5292 Non

580 5342 667 5390 est
718 5334 900 5405 itaque
941 5333 1163 5404 impium
1193 5335 1416 5389 credere
1449 5348 1575 5388 eum
1612 5332 1704 5402 qui
1745 5331 1975 5387 formam
2018 5328 2164 5386 servi

583 5431 973 5495 assumpserat,
999 5423 1116 5479 haec
1146 5423 1357 5489 fecisse,
1389 5438 1509 5494 quae
1546 5423 1689 5478 servi
1730 5433 1878 5487 sunt,
1906 5431 1967 5477 ut
1986 5430 2166 5491 pater-

583 5532 669 5574 na:
694 5516 959 5574 voluntati
988 5515 1221 5571 servisse
1248 5515 1483 5582 dicatur,
1529 5530 1653 5571 cum
1695 5514 1867 5570 servis
1896 5513 2010 5569 suis
2048 5512 2164 5583 ipse

579 5611 850 5674 servierit.
897 5610 1025 5665 Hec
1072 5618 1254 5665 autem
1302 5609 1538 5665 servitus
1584 5608 1864 5664 charitatis
1911 5616 2013 5671 est,
2065 5621 2163 5677 per

580 5718 745 5774 quam
796 5700 1027 5756 invicem
1081 5700 1236 5757 nobis
1280 5699 1486 5754 servire
1527 5699 1891 5769 praecipimur.
1930 5697 1998 5751 Et
2046 5697 2162 5767 ipse

580 5796 867 5867 Apostolus
906 5810 1029 5850 cum
1083 5792 1220 5849 liber
1260 5800 1404 5847 esset
1457 5805 1520 5845 ex
1570 5791 1860 5857 omnibus,
1916 5789 2160 5844 omnium

2267 4701 2479 4752 eorum,
2536 4686 2629 4757 qui
2678 4700 2785 4741 non
2834 4693 3045 4743 tantum
3091 4688 3270 4745 vocati
3315 4698 3459 4755 sunt,
3492 4687 3586 4745 sed
3646 4699 3715 4745 et
3752 4691 3864 4746 ele-

2268 4779 2361 4835 cti.
2386 4779 2701 4836 Electorum
2728 4794 2946 4852 quoque
2970 4781 3211 4852 ipsorum
3236 4796 3431 4854 magna
3454 4780 3765 4839 diversitas
3782 4792 3863 4839 est

2270 4884 2369 4941 pro
2398 4869 2668 4926 varietate
2696 4884 2950 4940 operum,
2997 4886 3274 4936 sensuum,
3304 4881 3467 4943 atque
3512 4886 3861 4931 sermonum.

2271 4960 2383 5017 Nec
2408 4961 2591 5017 statim
2622 4962 2715 5033 qui
2745 4963 2950 5019 electus
2981 4964 3078 5020 Dei
3102 4974 3206 5030 est,
3229 4963 3315 5020 vel
3346 4962 3501 5034 juxta
3526 4964 3861 5023 electionem

2269 5053 2512 5125 possidet
2540 5053 2721 5120 ﬁdem,
2750 5056 2837 5111 vel
2858 5055 3013 5125 juxta
3042 5056 3202 5112 Iidem
3237 5056 3400 5113 habet
3428 5058 3727 5118 scientiam
3766 5076 3860 5117 ve-

2270 5146 2470 5201 ritatis.
2504 5146 2657 5203 Unde
2682 5156 2739 5203 et
2763 5146 3013 5205 Salvator
3039 5148 3108 5205 ad
3132 5146 3348 5206 Iudaeos
3369 5151 3463 5223 qui
3494 5151 3549 5206 in
3577 5166 3717 5208 eum
3736 5170 3857 5211 cre-

2269 5238 2519 5296 diderant
2564 5250 2650 5296 est
2697 5240 2928 5297 locutus.
2962 5259 2982 5293 ι
3031 5240 3089 5298 Si
3133 5243 3544 5312 permanseritis
3582 5243 3643 5298 in
3690 5246 3861 5301 verbo

2270 5346 2411 5398 meo,
2444 5334 2779 5403 cognoscetis
2809 5334 3117 5401 veritatem,
3145 5342 3201 5389 et
3220 5334 3425 5390 veritas
3468 5334 3734 5391 liberabit
3762 5350 3861 5393 vos
3970 5348 3971 5373 δ

2270 5422 2452 5497 (Ioan.
2484 5423 2604 5497 vn).
2638 5444 2655 5473 ι
2688 5424 2756 5479 Ει
2778 5426 3109 5498 evangelista
3141 5433 3373 5483 testatur
3420 5428 3567 5498 quod
3592 5428 3717 5485 hac
3742 5443 3864 5484 cre-

2268 5514 2520 5572 dentibus
2548 5517 2769 5587 quidem
2814 5517 3030 5583 dixerit,
3082 5518 3179 5574 sed
3226 5519 3596 5575 nescientibus
3644 5522 3861 5576 verita-

2269 5616 2397 5675 tem,
2448 5624 2612 5680 quam
2642 5609 2901 5679 consequi
2935 5620 3179 5680 possent,
3213 5610 3259 5667 si
3304 5611 3359 5665 in
3400 5625 3657 5668 sermone
3688 5612 3858 5684 ipsius

2268 5708 2668 5775 permanerent,
2697 5710 2753 5755 et
2778 5701 2934 5757 liberi
2964 5700 3166 5769 eﬂ‘ecti,
3191 5702 3335 5758 servi
3360 5718 3485 5759 esse
3513 5704 3851 5761 desim:an

2267 5790 2539 5857 Quaeritur
2573 5806 2742 5862 quare
2774 5792 2840 5847 ad
2872 5792 2924 5846 id
2969 5794 3115 5864 quod
3142 5793 3238 5859 ait,
3276 5812 3295 5843 ι
3343 5796 3646 5851 secundum
3691 5795 3853 5851 ﬁdem
