3992 6338
157 352 274 409 657

700 336 1243 409 ENABRATIONUM
1282 351 1348 409 IN
1382 350 1529 410 EPP.
1564 352 1735 410 PAUl.

1836 352 1934 409 JB.
1978 353 2143 412 XXV.
2181 385 2252 396 —
2288 346 2355 410 ΙΝ
2392 348 2607 413 EPIST.
2647 358 2739 414 AD
2773 354 2885 415 Tl’l‘

3309 364 3415 420 658

151 465 465 523 electorum
487 471 544 521 et
568 465 933 535 cognitionem
952 468 1218 534 veritatis,
1244 487 1260 520 ι
1282 469 1543 539 junxerit,
1567 489 1585 520 ι
1614 483 1733 540 quae
1761 475 1814 533 Α
1838 467 1982 524 Deus
2008 468 2171 524 Pater
2216 468 2492 541 sapientia:
2523 485 2633 526 suae
2660 471 2880 527 verbum
2933 488 3121 541 suum,
3162 485 3219 531 et
3241 476 3414 547 ipsam

139 561 315 633 juxta
345 560 602 631 pietatem
646 568 750 615 est.
785 580 803 612 ι
842 559 1164 617 Utrumnam
1208 562 1280 617 sit
1330 563 1508 633 aliqua
1535 562 1739 618 veritas

145 667 285 724 quae
312 667 421 708 non
446 654 502 708 in
530 652 731 723 pietate
763 652 835 708 sit
858 653 1057 723 posita,
1086 661 1144 709 et
1178 670 1323 711 nunc
1348 655 1416 710 ad
1441 653 1740 709 distinctio-

144 762 285 802 nem
330 745 478 802 illius
518 744 784 801 inferatur
824 746 1063 818 cognitio
1113 747 1378 814 veritatis,
1429 761 1550 816 quae
1582 744 1738 816 juxta

143 839 422 909 pietatem
450 836 569 894 est?
596 836 692 893 Est
719 836 879 909 plane
906 839 1130 905 veritas,
1160 855 1282 909 quae
1306 855 1413 894 non
1442 838 1605 894 habet
1624 839 1740 910 pie-

144 936 349 984 tatem.
378 927 439 985 Si
473 929 596 1000 quis
621 931 1028 1003 grammaticam
1050 942 1222 987 artem
1252 932 1481 997 noverit,
1511 931 1596 988 vel
1624 932 1740 989 dia-

140 1018 410 1077 lecticam
436 1030 496 1077 ut
522 1022 790 1077 rationem
816 1030 961 1078 recte
985 1021 1242 1091 loquendi
1291 1025 1488 1079 habeat
1507 1064 1522 1090 ,
1551 1032 1607 1079 et
1650 1025 1738 1079 in-

140 1120 239 1168 ter
268 1111 405 1168 falsa
447 1121 506 1170 et
547 1128 675 1170 vera
719 1113 990 1184 dijudicet.
1040 1114 1376 1172 Geometrica
1426 1129 1638 1185 quoque
1684 1123 1741 1170 et

140 1204 521 1270 arithmetica,
549 1216 605 1263 et
632 1209 837 1263 musica
878 1209 1079 1264 habent
1128 1209 1182 1263 in
1216 1223 1313 1264 sua
1350 1209 1572 1264 scientia
1601 1208 1741 1264 veri-

144 1307 325 1354 tatem
362 1318 376 1354 :
408 1298 503 1356 sed
553 1316 660 1356 non
706 1311 791 1358 est
833 1301 1057 1359 scientia
1089 1301 1176 1357 illa
1222 1303 1459 1371 pietatis.
1499 1301 1740 1360 Scientia

141 1390 382 1460 pietatis
405 1400 492 1447 est
537 1406 767 1448 noscere
812 1393 1011 1463 legem,
1066 1393 1368 1465 intelligere
1420 1394 1734 1465 prophetas,

142 1480 457 1553 Evangelio
503 1485 729 1540 credere
755 1524 770 1547 ,
827 1483 1098 1554 apostolos
1152 1500 1257 1540 non
1328 1487 1601 1557 ignorare.
1670 1483 1740 1539 Et

139 1590 177 1630 e
198 1574 486 1631 contrario
513 1574 667 1631 multi
689 1583 815 1632 sunt
847 1577 938 1647 qui
966 1577 1167 1632 habent
1201 1578 1418 1647 pietatis
1443 1593 1625 1634 veram
1652 1591 1740 1633 co-

140 1669 480 1741 gnitionem,
509 1671 601 1724 sed
632 1683 737 1724 non
767 1669 948 1725 statim
975 1684 1029 1726 et
1069 1678 1388 1725 eielerarum
1420 1670 1652 1735 artium,
1681 1676 1738 1725 et

140 1780 345 1819 earum
375 1765 441 1820 de
468 1763 664 1834 quibus
702 1778 864 1833 supra
894 1764 1217 1818 mentionem
1263 1754 1509 1830 fecimus,
1539 1763 1738 1819 verita-

1842 559 2162 628 sapientiam
2208 574 2398 625 suam,
2449 567 2505 614 et
2546 560 2713 615 vitam
2768 576 2956 617 eorum
3020 565 3113 634 qui
3156 567 3415 623 credituri

1839 656 2014 714 erant,
2066 649 2267 704 mundo
2315 664 2436 705 esse
2463 658 2768 707 venturam.
2818 651 3114 724 Diligenter
3151 660 3417 716 attendite

1841 745 2049 794 textum
2087 747 2144 794 et
2180 740 2425 798 ordinem
2474 740 2747 811 lectionis,
2776 746 3035 816 quoniam
3064 747 3177 803 vita
3211 758 3413 806 eterna

1840 846 2000 901 quam
2030 847 2136 887 non
2161 835 2394 889 mendax
2410 832 2555 891 Deus
2574 843 2699 892 ante
2713 838 2909 894 saecula
2924 847 3124 896 aeterna
3140 843 3411 911 promisit,

1840 937 1948 979 non
1988 924 2095 979 alia
2126 925 2199 980 sit
2225 925 2430 996 absque
2457 928 2621 984 verbo
2651 929 2765 985 Dei.
2800 950 2821 983 ι
2853 929 3215 988 Manifestavit
3244 934 3412 999 enim,

1842 1017 2039 1087 inquit,
2074 1019 2405 1089 temporibus
2429 1021 2543 1077 suis
2567 1024 2792 1079 verbum
2813 1038 2988 1079 suum.
3018 1044 3039 1077 ι
3068 1025 3211 1097 Ergo
3249 1040 3412 1097 quam

1840 1110 2164 1179 promiserat
2193 1111 2360 1166 vitam
2390 1120 2668 1180 aeternam,
2698 1115 2813 1185 ipsa
2840 1123 2925 1170 est
2945 1115 3181 1172 Verbum
3220 1131 3413 1182 suum,

1841 1200 1983 1270 quod
2013 1200 2068 1255 in
2094 1200 2361 1272 principio
2388 1211 2507 1259 erat
2536 1207 2674 1276 apud
2716 1206 2933 1264 Patrem
2959 1227 2972 1265 :
3006 1230 3026 1262 ι
3048 1219 3105 1266 ει
3132 1211 3274 1268 Deus
3297 1221 3416 1269 erat

1840 1289 2096 1358 Verbum,
2130 1301 2185 1349 et
2211 1294 2447 1351 Verbum
2479 1312 2608 1353 caro
2635 1299 2833 1355 factum
2871 1310 2954 1357 est
2983 1310 3038 1359 et
3068 1304 3330 1361 habitavit
3358 1306 3416 1363 in

1840 1383 1996 1440 nobis
2030 1385 2212 1457 (Joan.
2248 1388 2312 1459 ι).
2346 1407 2365 1441 ι
2402 1387 2554 1456 Quod
2596 1400 2775 1447 autem
2798 1393 3032 1450 Verbum
3059 1395 3175 1463 Dei,
3203 1398 3308 1456 hoc
3329 1406 3418 1457 est

1840 1474 2111 1542 Christus,
2142 1476 2257 1548 ipse
2280 1478 2351 1533 sit
2374 1481 2507 1544 vita,
2540 1481 2593 1535 in
2624 1483 2730 1538 alio
2761 1482 2881 1539 loco
2914 1490 3148 1541 testatur
3174 1483 3364 1541 dicens
3392 1525 3408 1540 .

1846 1586 1867 1620 r
1901 1568 2013 1640 Ego
2042 1584 2161 1624 sum
2192 1570 2302 1625 vita
2330 1570 2510 1641 (Joan.
2543 1572 2675 1645 XIV).
2716 1593 2735 1626 ι
2767 1575 2889 1630 Vita
2920 1592 3048 1633 vero
3063 1593 3178 1651 non
3211 1574 3411 1644 brevis,

1840 1675 1946 1715 non
1975 1660 2244 1732 aliquibus
2278 1663 2686 1736 circumscripta
2712 1667 3063 1737 temporibus,
3090 1670 3184 1725 sed
3218 1683 3412 1740 perpe-

1840 1763 1953 1822 tua,
1989 1756 2083 1812 sed
2110 1766 2312 1813 aeterna
2339 1774 2354 1813 :
2386 1774 2506 1830 qua:
2534 1759 2877 1816 manifestata
2908 1768 2993 1815 est
3030 1760 3084 1815 in
3108 1761 3415 1817 novissimis

139 1866 287 1912 tem.
320 1855 450 1913 llaec
488 1856 654 1925 igitur
678 1857 900 1922 veritas,
934 1856 1085 1924 cuius
1114 1859 1350 1929 cognitio
1367 1857 1523 1929 juxta
1557 1858 1733 1928 pieta-
1760 1836 1811 1898 Β
1836 1847 2067 1916 muns,
2114 1865 2212 1920 lle"
2253 1850 2688 1921 Pmdica‘innem
2722 1867 2841 1923 τιυω
2887 1853 3092 1909 credita
3122 1865 3206 1911 εει
3245 1855 3415 1910 pallio

138 1957 261 2021 tem
292 1956 399 2013 est,
430 1948 485 2003 in
515 1963 610 2019 spe.
637 1949 762 2004 vitae
790 1956 1003 2005 aeterna:
1026 1952 1197 2019 posin
1226 1959 1308 2004 est
1346 1968 1359 2005 :
1393 1951 1517 2022 quia
1545 1951 1730 2007 statim

137 2043 223 2107 ei,
252 2042 351 2113 qui
385 2056 447 2097 se
493 2043 840 2114 cognoverit,
870 2045 1152 2114 praemium
1196 2045 1386 2101 tribuit
1412 2046 1733 2102 immortali-

139 2136 303 2191 tatis.
356 2134 577 2207 Absque
604 2136 805 2207 pietate
832 2150 960 2192 vero
990 2138 1177 2195 notitia
1210 2140 1457 2196 veritatis
1502 2140 1735 2196 delectat

138 2228 219 2282 ad
237 2242 507 2299 praesens:
535 2227 628 2283 sed
657 2230 1019 2285 :eternitalem
1046 2245 1152 2285 non
1183 2230 1347 2286 habet
1360 2231 1730 2302 praemiorum,

138 2334 316 2390 quam
354 2319 606 2389 promisit
629 2335 735 2375 non
763 2322 995 2376 mendax
1025 2323 1168 2377 Deus
1194 2334 1319 2378 ante
1349 2323 1547 2381 saecula
1567 2332 1730 2380 aeter-

135 2428 239 2475 na.
265 2421 325 2469 et
357 2412 722 2470 manifestavit
747 2430 867 2471 eam
901 2416 1232 2486 temporibus
1280 2416 1394 2473 suis
1418 2417 1474 2472 in
1517 2416 1733 2474 Christo

132 2505 301 2561 Iesu.
335 2505 433 2562 Cui
482 2516 662 2562 autem
689 2516 815 2563 ante
843 2509 1117 2577 promisit,
1146 2517 1202 2565 et
1228 2520 1414 2581 postea
1454 2508 1584 2568 fecit
1610 2526 1733 2567 esse

131 2601 522 2670 perspicuam,
569 2600 672 2656 nisi
719 2601 996 2671 sapientiae
1049 2617 1160 2659 sua:
1200 2620 1320 2674 quas
1359 2611 1478 2659 erat
1521 2617 1734 2675 semper

133 2706 273 2748 cum
301 2690 469 2746 Patre
497 2688 681 2763 (Prov.
730 2692 874 2764 vui),
909 2708 1031 2748 cum
1078 2694 1355 2750 lzetaretur
1384 2696 1516 2751 orbe
1550 2697 1730 2768 perfe-

137 2793 261 2849 cto,
294 2792 355 2840 et
377 2783 635 2854 gauderet
663 2799 826 2853 super
852 2783 978 2840 ﬁliis
1003 2786 1309 2853 hominum,
1338 2796 1395 2841 et
1419 2788 1734 2858 repromisit

136 2890 240 2933 eos
280 2876 595 2947 quicunque
619 2876 672 2931 in
705 2876 793 2931 illa
817 2877 1077 2933 credituri
1102 2888 1308 2943 essent,
1333 2878 1617 2935 habituros
1636 2894 1731 2935 eos

136 2968 315 3022 vitam
331 2966 940 3039 :eternam?Antequam
961 2968 1108 3024 orbis
1123 2970 1332 3038 jaceret
1358 2968 1728 3039 fundamenta,

137 3065 443 3127 antequam
472 3057 643 3113 maria
688 3055 1030 3125 diﬁ‘underet,
1075 3069 1284 3115 montes
1311 3068 1595 3127 statueret,
1621 3076 1731 3118 eos

136 3149 256 3204 lum
290 3147 669 3219 suspenderet,
696 3158 899 3205 terram
924 3146 1131 3220 deiecta
1163 3150 1301 3205 mole
1316 3151 1592 3218 solidaret,
1615 3153 1729 3210 haec
1757 3188 1804 3251 ϐ

136 3244 402 3314 promisit
418 3243 581 3308 Deus,
608 3243 663 3298 in
691 3258 799 3313 quo
820 3244 1161 3299 mendacium
1192 3259 1295 3300 non
1322 3254 1424 3301 est.
1461 3245 1577 3302 Non
1606 3247 1730 3317 quia

138 3335 327 3406 possit
353 3334 598 3402 mentiri,
631 3343 688 3392 et
730 3333 867 3392 nolit
912 3336 965 3390 in
994 3334 1248 3392 falsitatis
1279 3337 1445 3393 verba
1482 3353 1734 3408 prorum-

138 3442 303 3496 pere,
334 3425 577 3497 sedqnia
616 3440 709 3497 qm
748 3434 904 3498 pater
933 3426 1002 3482 sit
1042 3427 1312 3495 veritatis,
1340 3428 1545 3484 nullum
1573 3429 1630 3485 in
1673 3444 1734 3487 se

141 3516 319 3573 habet
356 3517 720 3574 mendacium.
775 3516 882 3574 Sed
934 3534 1034 3575 nec
1078 3519 1184 3575 hoc
1237 3520 1455 3577 silentio
1498 3529 1729 3592 praster-

142 3610 388 3666 eundnm
400 3616 502 3676 est,
523 3609 795 3680 quomodo
815 3624 923 3665 non
945 3610 1173 3665 mendax
1198 3610 1363 3677 Deus,
1379 3620 1505 3669 ante
1529 3619 1731 3670 eterna

142 3700 375 3763 saecula,
414 3707 671 3756 aeternam
702 3700 1053 3770 spoponderit
1094 3702 1282 3756 vitam.
1324 3701 1402 3757 Ex
1430 3718 1538 3774 quo
1573 3703 1731 3775 juxta

141 3792 437 3849 historiam
464 3790 735 3848 Geueseos
776 3790 951 3847 factus
973 3800 1060 3847 est
1084 3793 1336 3859 mundus,
1367 3800 1423 3849 et
1449 3809 1548 3865 per
1585 3796 1733 3852 vices

142 3882 396 3936 noctium
421 3896 485 3936 ac
511 3881 739 3947 dierum,
759 3888 815 3937 et
828 3882 1093 3937 mensium
1124 3883 1332 3952 pariter
1354 3892 1410 3939 et
1439 3900 1727 3952 annorum,

142 3982 400 4042 tempora
443 3972 732 4028 constituta
776 3982 922 4027 sunt.
966 3973 1024 4027 lu
1072 3974 1176 4029 hoc
1204 3975 1476 4032 curriculo
1520 3985 1575 4032 et
1610 3985 1731 4034 rota

143 4062 339 4119 mundi
392 4072 638 4133 tempora
700 4062 955 4118 labuntur
1000 4073 1055 4119 et
1105 4067 1376 4133 veniunt,
1419 4076 1474 4125 et
1508 4077 1599 4124 aut
1649 4068 1734 4125 fu-

146 4166 273 4211 tura
315 4163 444 4211 sunt
511 4162 607 4210 aut
669 4153 906 4211 fuerunt.
987 4156 1136 4213 Unde
1206 4160 1426 4229 quidam
1494 4160 1733 4230 philoso-

144 4246 385 4319 phorum
454 4260 560 4300 non
631 4252 823 4313 putant
873 4260 992 4301 esse
1042 4256 1254 4319 tempus
1300 4265 1572 4321 praesens,
1637 4253 1733 4309 sed

144 4346 247 4391 aut
297 4336 636 4407 praeteritum
690 4342 784 4391 aut
824 4335 1065 4393 futurum
1119 4356 1132 4394 '.
1188 4341 1314 4411 quia
1372 4357 1533 4399 omne
1588 4344 1733 4414 quod

144 4429 449 4499 loquimur,
479 4427 713 4498 agimus,
744 4428 1062 4501 cogitamus,
1079 4440 1171 4485 aut
1199 4432 1329 4486 dum
1357 4432 1437 4499 ﬁt,
1468 4435 1728 4505 praeterit,

1834 1938 2042 1994 doctori
2075 1941 2315 2012 gentium
2351 1948 2405 1998 et
2450 1943 2731 2013 magistro,
2779 1951 2841 1997 ut
2891 1944 3304 2000 annuntiaretur
3356 1945 3412 2001 in

1832 2033 2054 2098 mundo,
2096 2042 2152 2089 et
2180 2035 2489 2091 hominibus
2543 2044 2669 2091 nota
2701 2036 2877 2103 ﬁeret,
2913 2036 3069 2107 juxta
3124 2037 3413 2108 imperium

1834 2123 2130 2181 Salvatoris
2144 2126 2261 2193 Dei,
2280 2129 2371 2198 qui
2399 2145 2499 2185 nos
2526 2129 2703 2185 salvos
2722 2146 2841 2186 esse
2854 2131 3042 2198 voluit,
3066 2132 3120 2188 id
3143 2135 3284 2204 quod
3298 2132 3413 2204 pol-

1832 2216 2014 2274 licitus
2029 2217 2202 2276 fuerat
2234 2221 2521 2292 implendo.
2546 2222 2746 2278 Scribit
2770 2233 2946 2279 autem
2973 2225 3263 2296 Apostolus
3290 2226 3413 2282 Tito

1839 2328 1858 2361 r
1888 2310 2211 2367 charissimo
2232 2312 2341 2368 ﬁlio
2369 2332 2387 2365 ›
2421 2316 2562 2384 quod
2576 2313 2764 2370 Graece
2793 2316 2991 2371 dicitur
3006 2322 3197 2392 γνησίῳ
3232 2319 3412 2391 τέκνῳ,

1832 2407 1887 2456 ει
1909 2400 2074 2457 latino
2101 2418 2351 2462 sermone
2374 2421 2481 2461 non
2510 2417 2688 2478 potest
2716 2410 3009 2480 explicari:
3035 2416 3242 2486 γνήσιος
3268 2413 3412 2468 enim

1832 2492 1934 2548 hoc
1957 2495 2135 2564 potius
2160 2504 2339 2564 sonat,
2368 2513 2491 2553 cum
2516 2501 2638 2570 quis
2666 2501 2858 2569 ﬁdelis,
2889 2512 2946 2559 et
2977 2507 3253 2576 proprius,
3279 2513 3334 2562 et
3356 2514 3415 2561 ut

1834 2584 1908 2641 ita
1935 2585 2115 2642 dicam
2141 2587 2436 2660 legitimus.
2468 2592 2583 2648 sive
2615 2609 2926 2665 germanus,
2955 2598 3162 2669 absque
3194 2614 3414 2670 compa-

1833 2681 2043 2736 ratione
2096 2681 2321 2739 alterius
2385 2687 2700 2756 appellatur.
2748 2690 2862 2745 Ex'
2888 2707 2995 2762 quo
3056 2693 3412 2767 intelligimus

1832 2773 2000 2830 fuisse
2033 2785 2090 2833 et
2126 2778 2179 2831 in
2214 2778 2340 2835 filiis
2359 2780 2511 2837 Pauli
2534 2783 2819 2854 plurimam
2852 2784 3232 2852 differentiam,
3254 2791 3402 2860 quod

1833 2866 1970 2922 alios
2026 2867 2254 2925 haberet
2312 2877 2573 2943 γνησίους,
2625 2875 2677 2930 id
2725 2886 2807 2932 est
2857 2880 3302 2949 germanissimae
3358 2891 3415 2937 et

1831 2959 1933 3015 sibi
1970 2961 2287 3032 cunjunctos
2313 2967 2461 3022 etde
2498 2983 2626 3024 vero
2652 2971 3000 3029 matrimonio
3043 2989 3107 3029 ac
3134 2974 3201 3029 de
3244 2975 3415 3034 libera

1830 3063 2141 3122 procreatos
2171 3075 2182 3110 :
2219 3056 2352 3114 alios
2377 3075 2506 3115 vero
2532 3063 2684 3131 quasi
2712 3079 2779 3119 ex
2807 3063 3001 3120 ancilla
3028 3073 3084 3121 et
3112 3080 3179 3121 ex
3226 3065 3373 3139 Agar
3395 3108 3411 3134 ,

1831 3144 1925 3215 qui
1965 3162 2070 3201 non
2099 3156 2320 3218 possent
2358 3150 2727 3208 hzercditatem
2773 3157 3019 3227 accipere
3061 3172 3184 3213 cum
3230 3157 3415 3216 liberae

1833 3236 1945 3294 ﬁlio
1970 3239 2119 3296 Isaac
2143 3238 2283 3314 (Gal.
2314 3242 2410 3317 tv).
2442 3243 2634 3302 Sermo
2653 3248 2851 3320 quippe
2878 3258 2933 3305 et
2961 3251 3227 3322 sapientia
3250 3261 3308 3308 et
3325 3253 3416 3310 do-
3452 3262 3457 3267 ‘

1830 3331 2030 3398 ctrina,
2059 3348 2165 3404 qua
2211 3332 2363 3391 Titus
2393 3334 2594 3393 Christi
2640 3338 2900 3395 ecclesias
2942 3341 3263 3406 instruebat,
3302 3343 3415 3398 elli-

1830 3422 2048 3480 cicbant
2092 3440 2213 3482 eum
2242 3429 2521 3499 proprium
2563 3430 2804 3500 Apostoli
2847 3432 3041 3501 ﬁlium,
3071 3442 3129 3492 et
3170 3436 3241 3493 ab
3264 3438 3415 3494 omni

1834 3514 2066 3572 aliorum
2111 3519 2386 3576 consortio
2437 3531 2766 3592 separatum.
2810 3525 3103 3584 Videamus
3130 3536 3255 3598 post
3296 3528 3416 3585 haec

1832 3612 1975 3682 quod
2024 3614 2287 3684 sequitur,
2329 3634 2349 3668 ι
2401 3616 2696 3673 secundum
2747 3633 3092 3676 communem
3143 3620 3307 3679 ﬁdem
3335 3663 3351 3688 ,
3388 3644 3408 3676 ι

1831 3707 2138 3757 utrumnam
2179 3703 2420 3759 omnium
2445 3705 2537 3776 qui
2583 3706 2637 3761 in
2663 3705 2879 3765 Christe
2915 3710 3229 3777 credebant,
3259 3728 3411 3769 com-

1831 3807 2049 3848 munem
2077 3792 2272 3848 dixerit
2302 3794 2499 3850 ﬁdem:
2534 3812 2600 3850 an
2632 3812 2972 3855 communem
3008 3815 3160 3856 suam
3202 3808 3421 3861 tantum.
3492 3842 3503 3849 -

1831 3889 1888 3937 et
1915 3882 2057 3937 Titi?
2082 3883 2234 3950 Quod
2263 3884 2478 3954 quidem
2525 3886 2656 3941 mibi
2702 3888 2893 3944 melius
2932 3890 3148 3946 videtur
3180 3892 3412 3962 apostoli

1830 3970 1983 4026 Pauli
2005 3981 2059 4026 et
2084 3973 2192 4029 Titi
2218 3972 2376 4029 ﬁdem
2403 3973 2570 4032 fuisse
2596 3993 2958 4047 communem,
2983 3997 3144 4052 quam
3168 3984 3413 4039 omnium

1830 4063 2198 4130 credentium;
2246 4066 2298 4120 in
2329 4067 2524 4137 quibus
2550 4084 2647 4139 pro
2678 4071 2941 4127 varietate
2982 4074 3245 4128 mentium
3282 4073 3416 4131 ﬁdes

1831 4169 2046 4225 quoque
2074 4158 2376 4213 communis
2404 4174 2523 4215 esse
2556 4175 2661 4215 non
2690 4170 2928 4231 poterat,
2951 4166 3044 4221 sed
3074 4166 3306 4223 diversa.
3331 4167 3415 4225 Ad

1831 4256 2159 4315 extremum,
2184 4248 2426 4319 praefatio
2456 4252 2707 4323 Epistolas
2733 4262 2783 4311 et
2815 4256 3065 4315 salutatio
3083 4259 3416 4331 praefationis

1830 4339 2073 4410 Apostoli
2120 4342 2187 4396 ad
2216 4341 2395 4397 Titum
2425 4344 2518 4401 tali
2566 4346 2673 4402 ﬁne
2700 4350 3036 4421 completur:
3072 4374 3092 4406 ‹
3129 4355 3315 4412 Gratia
3360 4365 3417 4413 et

1830 4444 1933 4500 pax
1962 4444 1991 4483 a
2020 4430 2131 4485 Deo
2156 4430 2316 4487 Patre
2343 4442 2397 4488 et
2425 4433 2639 4494 Christo
2665 4437 2790 4496 Jesu
2841 4440 3121 4500 Salvatore
3145 4456 3351 4503 nostro.
3388 4467 3410 4501 ι

145 4530 247 4577 aut
277 4521 327 4577 si
360 4520 599 4577 nondum
633 4520 837 4577 factum
867 4529 971 4587 εει,
1008 4531 1405 4594 exspectamus.
1444 4525 1585 4582 Ante
1613 4527 1730 4583 haec
1760 4541 1809 4604 ι)
1833 4518 1961 4575 Sive
1980 4521 2123 4591 quod
2142 4531 2197 4578 θι
2220 4525 2392 4595 gratia
2420 4535 2473 4581 et
2493 4542 2597 4598 pax
2624 4538 2731 4586 tam
2764 4547 2795 4587 a
2824 4532 2934 4589 Deo
2958 4533 3118 4591 Patre
3143 4538 3213 4592 sit
3251 4554 3418 4608 quam

149 4613 325 4685 igitur
353 4612 539 4668 mundi
568 4620 832 4683 tempora,
861 4615 1216 4671 aeternitatem
1245 4618 1534 4687 quamdam
1566 4633 1735 4675 saecu-

148 4704 339 4760 lorum
366 4700 535 4759 fnisse
580 4704 915 4760 credendum
963 4715 1069 4771 est,
1111 4708 1308 4777 quibus
1357 4724 1574 4781 semper
1610 4726 1734 4767 cum

145 4800 298 4857 Filio
319 4809 378 4856 et
408 4797 611 4871 Spiritu
648 4810 841 4858 sancto
866 4801 1030 4858 fuerit
1048 4801 1226 4864 Pater.
1254 4812 1310 4860 et
1330 4813 1390 4860 ut
1424 4805 1499 4861 ita
1529 4806 1732 4875 dicam,

147 4907 327 4947 unum
352 4899 567 4962 tempus
596 4891 691 4948 Dei
717 4900 802 4949 est
819 4895 996 4950 omnis
1014 4894 1289 4952 aeternitas
1315 4914 1329 4949 :
1354 4894 1466 4951 imo
1494 4896 1739 4955 innume-

146 4983 354 5039 rabilia
380 4992 623 5055 tempora
652 4993 797 5050 sunt,
823 5000 946 5041 cum
971 4985 1212 5043 inﬁnitus
1242 4988 1312 5043 sit
1350 4988 1466 5059 ipse
1488 4989 1579 5061 qui
1610 4998 1738 5047 ante

150 5085 405 5146 tempora
434 5089 599 5131 omne
637 5083 852 5147 tempus
889 5078 1122 5133 excedit.
1170 5077 1277 5134 Sex
1327 5078 1474 5136 mille
1507 5081 1737 5138 necdum

148 5167 339 5223 nostri
363 5167 512 5223 orbis
557 5166 851 5238 implentur
878 5168 1003 5224 anni
1033 5187 1047 5224 :
1069 5178 1125 5226 et
1149 5180 1382 5241 quantas
1405 5172 1559 5244 prius
1583 5183 1742 5231 teter-

150 5258 384 5324 nitates,
410 5264 611 5328 quanta
653 5265 921 5329 tempora,
949 5270 1178 5332 quantas
1214 5263 1533 5319 saeculorum
1574 5265 1742 5338 origi-

150 5364 259 5406 nes
285 5347 456 5405 fuisse
483 5349 857 5407 arbitrandum
882 5359 999 5417 est,
1024 5353 1078 5407 in
1099 5352 1296 5423 quibus
1315 5355 1511 5425 angeli,
1535 5355 1738 5424 throni,

151 5438 581 5507 dominationes,
629 5447 945 5512 exterasque
986 5442 1216 5497 virtutes
1265 5444 1553 5500 servierint
1593 5445 1738 5513 Deo,

150 5536 219 5586 et
258 5529 468 5601 absque
492 5537 795 5602 temporum
835 5533 1041 5589 vicibus
1082 5543 1245 5604 atque
1292 5536 1590 5603 mensuris,
1630 5536 1743 5594 Deo

144 5620 409 5692 iubente,
459 5622 835 5680 substiterint!
871 5625 1012 5682 Ante
1040 5627 1156 5682 haec
1178 5627 1360 5697 itaque
1399 5629 1580 5684 omnia
1606 5638 1743 5685 tem-

150 5728 322 5785 pora,
354 5730 476 5786 quae
501 5732 606 5774 nec
642 5733 823 5775 sermo
842 5719 1044 5790 eloqui,
1075 5735 1175 5774 nec
1198 5736 1351 5777 mens
1383 5723 1744 5792 comprehen-

154 5803 318 5873 dele,
356 5820 461 5864 nec
487 5809 746 5883 cogitatio
770 5810 931 5867 tacita
980 5812 1140 5868 audet
1169 5812 1465 5885 attingere,
1494 5815 1748 5884 promisit

1836 4628 1881 4714 ε.
1897 4610 2113 4669 Christo
2145 4613 2291 4681 Jesu,
2326 4626 2382 4673 et
2421 4626 2710 4692 utrumque
2734 4625 2802 4679 ab
2826 4633 3054 4697 utroque
3081 4628 3265 4684 datum
3285 4644 3416 4700 pos-

1837 4886 2080 4955 estquod
2098 4887 2418 4957 quibusdam
2438 4890 2725 4962 Apostolus
2744 4895 3072 4968 imprecatus
3095 4911 3199 4970 est,
3242 4912 3304 4959 ut
3334 4906 3417 4964 eis

1837 4980 2011 5051 gratia
2037 4988 2093 5036 et
2115 4995 2222 5051 pax
2254 4982 2775 5055 multiplicarentur:
2812 5006 2957 5047 nunc
2977 5008 3108 5050 vero
3136 4994 3203 5052 ad
3232 4994 3416 5055 Titum

1837 5086 1943 5142 pax
1963 5081 2021 5128 et
2044 5075 2217 5146 gratia
2263 5075 2382 5131 sine
2428 5077 2871 5148 multiplicatione
2912 5083 3024 5140 sint
3050 5087 3260 5156 positae.
3300 5088 3415 5146 Noe

1838 5163 1923 5218 vir
1942 5161 2122 5231 justus
2145 5174 2202 5221 et
2240 5181 2273 5223 e
2317 5167 2580 5241 naufrago
2624 5173 2757 5256 orbe
2798 5175 2946 5232 solus
2987 5189 3256 5250 servatus,
3303 5200 3415 5242 non

1841 5253 2038 5312 dicitur
2076 5256 2260 5328 plures
2309 5261 2549 5331 gratias,
2608 5253 2704 5321 scd
2772 5282 2934 5324 unam
2985 5273 3214 5343 gratiam
3267 5277 3419 5333 inve-

1842 5344 1990 5400 nisse
2016 5344 2074 5427 in
2097 5356 2390 5417 conspectu
2415 5347 2532 5406 Dei.
2566 5350 2633 5407 Et
2661 5352 2835 5412 Moses
2863 5357 2935 5413 ad
2962 5358 3274 5431 Dominum,
3308 5384 3328 5419 ι
3368 5367 3418 5422 si

1845 5439 2047 5505 inveni,
2109 5441 2305 5512 inquit,
2361 5446 2592 5516 gratiam
2655 5450 2795 5521 apud
2848 5458 2921 5508 te.
2969 5473 2991 5508 ι
3044 5454 3417 5517 Perlectorum

1845 5534 2042 5604 quippe
2073 5542 2158 5590 est
2199 5551 2362 5592 uuam
2411 5541 2760 5612 margaritam
2802 5553 2859 5600 et
2890 5560 3058 5602 unum
3097 5553 3416 5606 thesaurum

1845 5625 2096 5682 omnibus
2122 5629 2428 5699 margaritis
2455 5639 2510 5685 et
2558 5633 2721 5691 totius
2747 5636 3060 5694 substantiae
3097 5655 3210 5696 suae
3236 5655 3419 5697 emere

1847 5719 2204 5776 commercio:
2226 5721 2595 5792 incipientium
2619 5736 2745 5780 vero
2764 5734 2823 5781 et
2841 5727 3016 5784 adhuc
3031 5730 3085 5785 in
3100 5730 3296 5786 itinere
3316 5744 3419 5801 po-

1848 5814 2095 5883 sitorum,
2125 5814 2320 5870 nedum
2348 5830 2512 5871 unam
2563 5825 2619 5872 et
2656 5817 2826 5874 solam
2848 5820 3068 5886 habere.
3095 5824 3190 5880 sed
3210 5823 3418 5883 plures.
