3992 6338
547 410 709 467 659-

1217 403 1277 460 B.
1318 401 1572 459 RABANI
1613 398 1830 457 unum
1867 394 2185 454 ARCHIEP.
2226 392 2536 451 uocum.
2577 390 2864 450 eranum
2898 360 3210 487 causai];

3914 328 3926 339 ο

623 546 642 577 ι
706 520 878 593 Hujus
926 521 1005 579 rei
1047 520 1224 593 gratia
1270 518 1463 589 reliqui
1521 506 1574 571 te
1633 514 1830 581 Cretae,
1884 534 1904 567 ι
1957 521 2019 569 ut
2062 526 2127 566 ea
2152 509 2506 572 Amunionis
2534 510 2762 578 implere
2785 508 3044 564 cilicium.
3077 507 3193 564 Hoc
3219 523 3354 565 vero
3382 509 3621 580 implere
3666 522 3831 583 pote-

542 630 664 686 quai
708 615 939 671 deerant
985 611 1309 682 corrigeres.
1356 608 1680 680 Apostolica:
1729 604 2009 677 dignitatis
2040 609 2127 658 est

541 705 798 762 Ecclesiae
841 703 1029 775 jacere
1071 702 1502 766 fundamentum,
1547 698 1692 769 quod
1745 712 1905 753 nemo
1948 703 2127 767 potest

542 812 784 869 ponere,
836 796 943 852 nisi
990 793 1343 850 architectus.
1396 810 1415 844 ι
1464 789 1892 847 Fundamentum
1938 795 2121 842 autem

542 905 651 947 non
675 898 761 946 est
783 887 925 944 aliud
946 894 1145 959 praeter
1157 883 1434 941 Christum
1458 880 1697 938 Jesumu
1719 880 1820 948 Qui
1837 878 2123 935 inferiores

542 982 780 1038 artifices
830 989 975 1045 sunt,
1028 979 1082 1035 hi
1127 984 1356 1049 possunt
1399 975 1542 1031 aedes
1572 988 1735 1045 super
1774 970 2124 1027 fundamenta

541 1080 876 1129 construere.
907 1069 1107 1124 Paulus
1135 1068 1320 1140 itaque
1357 1074 1417 1122 ut
1442 1066 1660 1136 sapiens
1690 1064 2039 1129 architectus,
2067 1069 2123 1118 et

542 1165 644 1219 hoc
673 1163 820 1218 omni
866 1162 1054 1217 labore
1079 1160 1429 1224 contendens,
1470 1172 1538 1213 ne
1566 1157 1619 1211 in
1666 1155 1981 1226 prmparatis
2009 1154 2123 1227 glo-

542 1255 797 1317 riaretur,
827 1254 920 1308 sed
946 1252 1037 1307 ubi
1067 1251 1301 1307 necdum
1341 1248 1594 1305 Christus
1620 1247 1799 1301 fuerat
1822 1246 2119 1300 annuntia-

544 1354 654 1411 tus,
702 1353 991 1416 postquam
1048 1343 1183 1397 dura
1231 1339 1571 1395 Cretensium
1605 1337 1674 1409 ad
1712 1335 1925 1393 Christi
1960 1334 2120 1389 ﬁdem

540 1436 704 1492 corda
730 1436 1020 1499 mollierat,
1073 1442 1130 1488 et
1162 1442 1270 1488 tam
1300 1446 1554 1488 sermone
1579 1445 1742 1501 quam
1791 1427 1963 1501 signis
1991 1428 2119 1483 edo-

539 1534 779 1590 muerat,
805 1534 862 1581 et
886 1525 1182 1581 edocuerat
1208 1538 1303 1578 eos
1333 1538 1439 1577 non
1464 1522 1517 1575 in
1533 1518 1878 1575 vernaculum
1894 1517 2116 1583 Jovem,

539 1620 631 1676 sed
654 1620 710 1674 in
736 1619 902 1673 Deum
928 1616 1242 1680 Patrem,et
1262 1615 1314 1669 in
1335 1612 1609 1669 Christum
1635 1611 1880 1677 credere,
1901 1609 2122 1680 reliquit

538 1711 719 1766 Titum
757 1710 1080 1780 discipulum
1119 1707 1334 1775 Cretae,
1392 1716 1456 1763 ut
1506 1706 1810 1785 rudimenta
1845 1704 2122 1761 nascentis

536 1804 790 1879 Ecclesia:
827 1802 1206 1879 confirmaret,
1247 1811 1303 1858 et
1334 1802 1381 1857 si
1419 1801 1550 1873 quid
1585 1800 1877 1857 videbatur.
1904 1801 2118 1866 deesse,

2229 611 2316 657 rat
2355 617 2426 658 ex
2453 602 2758 674 presbyteri
2804 602 3175 668 ordinatione,
3228 602 3323 671 qui
3367 603 3835 661 convenientibus

2226 695 2336 751 illis
2384 696 2664 767 disputare
2707 712 2773 752 ac
2819 697 3013 755 docere
3061 712 3158 752 eos
3194 705 3412 767 poterat
3440 694 3510 752 de
3561 698 3653 753 his
3706 714 3833 769 qua:

2226 787 2440 843 discere
2464 803 2561 844 eos
2591 788 2968 844 conveniebat.
3002 787 3157 844 Unde
3175 798 3233 843 et
3260 789 3317 843 in
3344 790 3605 859 praesenti
3624 790 3833 846 horum

2225 876 2561 935 solummodo
2606 887 2691 934 est
2716 886 3064 944 memoratus,
3094 895 3161 935 eo
3182 880 3329 950 quod
3370 879 3443 934 oh
3468 881 3615 939 hanc
3644 882 3828 951 ipsam

2224 986 2445 1027 causam
2474 971 2766 1042 plurimum
2796 971 3045 1027 utilitatis
3068 971 3120 1025 in
3146 972 3423 1027 communi
3450 972 3669 1043 possint
3700 987 3831 1027 con-

2224 1064 2393 1123 ferre.
2423 1065 2491 1120 Et
2534 1064 2752 1135 quidem
2798 1064 3022 1121 evidens
3068 1075 3177 1131 est,
3224 1065 3484 1136 quoniam
3527 1074 3584 1123 et
3637 1065 3833 1121 metui

2222 1164 2382 1215 erant
2426 1156 2742 1218 necessarii,
2791 1156 2883 1227 qui
2938 1156 3098 1211 simul
3155 1157 3206 1212 in
3256 1156 3446 1212 ordine
3492 1155 3832 1213 clericorum

2223 1266 2381 1306 suum
2432 1249 2666 1307 cilicium
2723 1250 3030 1320 implerent,
3061 1265 3159 1320 per
3183 1264 3322 1320 quos
3367 1250 3639 1321 explicari
3670 1260 3833 1320 pote-

2222 1351 2348 1396 rant
2392 1340 2481 1395 illa
2523 1357 2645 1412 qua:
2691 1340 2758 1395 ad
2799 1354 3142 1395 communem
3187 1340 3463 1409 pertinent
3500 1341 3829 1395 utilitatem.

2222 1435 2426 1490 Deinde
2456 1433 2616 1490 iterat
2642 1432 2773 1489 illud
2811 1432 2956 1504 quod
2986 1432 3220 1497 dixerat,
3261 1452 3280 1485 ι
3314 1432 3457 1489 sicut
3482 1449 3591 1504 ego
3612 1434 3827 1504 praci-

2220 1526 2311 1597 pio
2361 1526 2480 1592 tibi,
2512 1546 2531 1578 »
2567 1524 2769 1581 docens
2811 1524 3000 1596 quales
3046 1523 3277 1578 debeant
3320 1523 3627 1596 presbyteri
3682 1523 3835 1579 ordi-

2220 1617 2360 1672 nari.
2394 1636 2413 1668 ι
2450 1617 2505 1671 Si
2533 1617 2655 1686 quis
2683 1626 2863 1671 autem
2890 1616 3009 1673 sine
3034 1616 3264 1672 crimine
3295 1625 3404 1681 est,
3436 1634 3455 1667 ι
3483 1616 3581 1686 qui
3602 1632 3725 1671 non
3750 1630 3825 1672 ex

2220 1711 2448 1766 crimine
2473 1721 2844 1780 peccatorum,
2891 1710 2985 1765 sed
3014 1725 3083 1767 ex
3121 1709 3246 1765 vitae
3291 1724 3404 1766 suta:
3447 1711 3817 1781 cognoscitur

2222 1802 2559 1875 integritate,
2622 1803 2697 1858 ita
2750 1811 2811 1858 ut
2864 1803 2979 1872 ipsa
3010 1816 3138 1859 vera
3166 1801 3375 1857 ratione
3419 1802 3538 1857 sine
3580 1802 3828 1858 crimine

539 1897 873 1970 corrigeret,
914 1896 1030 1966 ipse
1056 1910 1286 1967 pergens
1313 1896 1381 1952 ad
1420 1896 1554 1950 alias
1591 1895 1877 1961 nationes,
1910 1903 1973 1950 ut
2000 1909 2126 1949 rur-
2153 1893 2202 1957 B
2230 1910 2351 1951 esse
2400 1903 2778 1967 cognoscatur,
2840 1909 3030 1951 omnes
3076 1893 3533 1950 calumniatorum
3596 1893 3835 1951 insidias

536 2004 655 2044 sum
727 2005 783 2044 in
845 1989 925 2044 eis
960 1989 1163 2045 Christi
1216 1988 1427 2059 jaceret
1476 1987 1907 2044 fundamentum.
1962 1986 2120 2054 Quod

537 2088 717 2135 autem
755 2080 853 2147 ait,
896 2099 914 2131 ι
950 2089 1010 2135 ιιι
1035 2096 1099 2136 ea
1129 2096 1250 2152 qua:
1284 2082 1511 2137 deerant
1530 2082 1857 2152 corrigeres,
1895 2099 1914 2132 ι
1940 2087 2121 2135 osten-

535 2171 615 2245 dit
643 2172 874 2227 necdum
906 2172 975 2227 ad
1021 2172 1236 2243 plenam
1266 2174 1478 2229 venisse
1506 2172 1790 2229 scientiam
1837 2173 2114 2229 veritatis:

534 2270 591 2316 et
616 2261 741 2317 licet
760 2264 828 2318 ab
842 2263 1105 2333 Apostolo
1129 2266 1363 2323 correcti
1384 2264 1610 2331 fuerint,
1632 2274 1813 2321 tamen
1832 2265 2013 2322 adhuc
2030 2267 2116 2322 in-
2148 2310 2155 2317 .

537 2353 718 2424 digere
741 2358 1098 2413 correctione.
1132 2358 1305 2414 Omne
1329 2368 1509 2414 autem
1537 2359 1681 2429 quod
1703 2359 1996 2430 corrigitur
2018 2359 2121 2413 im-

534 2444 835 2513 perfectum
857 2457 961 2503 est.
981 2449 1206 2522 (Ambr.)
1226 2450 1370 2506 Bene
1394 2451 1531 2505 dixit
1557 2470 1575 2502 ι
1594 2465 1714 2522 quae
1729 2449 1955 2507 desunt:
1978 2471 1997 2504 ι
2015 2450 2119 2506 nisi

536 2534 753 2606 pietatis
780 2539 919 2594 ratio
948 2540 1199 2597 omnibus
1227 2550 1348 2598 erat
1378 2542 1576 2597 tradita
1606 2542 1675 2597 ab
1701 2541 1960 2613 Apostolo
1978 2583 1995 2609 ,
2033 2558 2120 2598 re-

536 2628 718 2715 stabat
747 2637 806 2684 ut
833 2630 1166 2715 dispensatio
1198 2649 1327 2706 erga
1355 2634 1640 2691 credentes
1670 2635 2020 2706 impleretur,
2045 2635 2121 2690 ita

536 2714 599 2774 ut
631 2729 688 2776 et
728 2721 795 2776 ad
826 2714 1152 2782 consensum
1183 2729 1582 2784 instruerentur
1631 2744 1728 2799 per
1747 2729 2122 2787 ordinationes

535 2812 955 2883 ecclesiasticas,
988 2826 1044 2873 et
1089 2834 1210 2890 quae
1257 2820 1329 2876 sit
1351 2820 1620 2877 correctio
1656 2821 2120 2881 uecessariainsi-

536 2914 691 2961 nuat.
726 2928 745 2960 ι
782 2908 849 2965 Et
876 2910 1175 2967 constituas
1211 2927 1309 2983 per
1337 2912 1587 2969 civitates
1613 2914 1985 2986 presbyteros,
2006 2915 2117 2969 sic-

533 3004 595 3054 ut
642 3015 744 3072 ego
789 3002 884 3058 tibi
930 3003 1190 3074 disposui.
1218 3024 1263 3058 »ι
1316 3003 1521 3077 (Iliam)
1565 3004 1804 3061 Audiant
1854 3005 2117 3076 episcopi,

532 3090 626 3161 qui
669 3091 871 3149 habent
913 3095 1274 3151 constituendi
1302 3095 1654 3167 presbyteros
1683 3111 1782 3167 per
1805 3097 1973 3154 urbes
2007 3097 2120 3152 sin-

533 3182 686 3254 gulas
712 3192 1061 3254 potestatem,
1092 3186 1194 3241 sub
1232 3187 1379 3257 quali
1420 3187 1538 3258 lege
1577 3187 1960 3246 ecclesiastica;
1989 3203 2120 3244 con-

533 3275 833 3331 stitutionis
859 3275 993 3332 crdo
1022 3254 1311 3333 teneatur:
1341 3294 1444 3334 nec
1467 3254 1661 3350 putent
1694 3280 1925 3349 apostoli
1953 3279 2119 3336 verba
2143 3254 2192 3322 Ε

533 3382 675 3435 esse,
714 3368 806 3424 sed
836 3368 1061 3434 Christi,
1089 3370 1184 3441 qui
1230 3370 1297 3427 ad
1326 3370 1618 3442 discipulos
1646 3373 1725 3428 ait
1768 3390 1783 3428 :
1834 3392 1853 3426 ι
1887 3370 1991 3441 Qui
2022 3388 2121 3430 vos

532 3460 761 3530 spernit,
790 3476 877 3516 me
905 3462 1111 3533 spernit
1142 3480 1154 3516 :
1186 3462 1281 3533 qui
1321 3472 1501 3519 autem
1529 3480 1617 3521 me
1644 3465 1877 3537 spernit,
1908 3466 2121 3537 spernit

531 3564 658 3607 eum
698 3551 791 3623 qui
816 3566 903 3607 me
930 3552 1080 3608 misit
1103 3550 1253 3622 (Luc.
1278 3553 1356 3627 ι).
1387 3574 1407 3608 ι
1439 3553 1532 3611 Sic
1560 3563 1636 3622 et,
1668 3573 1687 3608 ι
1709 3556 1805 3628 qui
1825 3570 1921 3613 vos
1946 3557 2119 3624 audit,

537 3660 625 3702 me
670 3644 863 3701 audit:
911 3646 1003 3717 qui
1028 3657 1208 3704 autem
1240 3663 1328 3704 me
1358 3648 1527 3714 audit,
1563 3648 1716 3706 audit
1743 3665 1867 3706 eum
1896 3650 1992 3722 qui
2032 3666 2120 3707 me

531 3741 906 3817 misit(lbid.).
938 3765 958 3797 ι
992 3743 1073 3799 Ex
1101 3759 1210 3815 quo
1234 3744 1578 3801 manifestum
1605 3754 1690 3802 est
1716 3761 1810 3804 eos
1834 3746 1950 3817 qui,
1970 3746 2118 3819 Apo-

532 3832 655 3888 stoli
704 3833 821 3907 lege
868 3843 1202 3906 contempta,
1240 3835 1667 3893 ecclesiasticum
1719 3838 1947 3910 gradum
2010 3853 2121 3894 non

534 3925 736 3982 merito
762 3925 1035 3983 voluerint
1079 3927 1243 3984 alicui
1270 3926 1508 3994 deferre,
1550 3928 1647 3984 sed
1686 3928 1879 4001 gratia,
1926 3938 2116 3986 contra

531 4016 809 4075 Christum
854 4019 1057 4087 facere,
1101 4021 1195 4093 qui
1234 4020 1413 4094 qualis
1453 4022 1510 4077 in
1538 4021 1782 4079 Ecclesia
1829 4024 2120 4095 presbyter

530 4112 941 4168 constituendus
979 4112 1070 4177 sit,
1099 4128 1197 4184 per
1222 4112 1541 4185 Apostolum
1571 4129 1731 4170 suum
1759 4114 1815 4170 in
1843 4115 2121 4184 sequenti-

528 4200 631 4260 bus
683 4213 973 4260 exsecutus
1002 4212 1103 4260 est.
1133 4204 1308 4262 Moses
1336 4207 1545 4263 amicus
1588 4207 1707 4273 Dei,
1754 4208 1843 4264 cui
1874 4207 2011 4264 facie
2049 4209 2119 4265 ad

531 4293 726 4350 faciem
760 4295 902 4351 Deus
932 4294 1143 4353 locutus
1187 4306 1293 4364 est,
1334 4299 1512 4368 potuit
1538 4299 1726 4369 utique
1772 4314 2117 4358 successores

2219 2002 2497 2059 superans.

2301 2104 2319 2137 ι
2357 2083 2586 2154 Oportet
2638 2082 2786 2141 enim
2843 2082 3160 2153 episcopum
3214 2080 3332 2137 sine
3384 2079 3623 2135 crimine
3672 2095 3830 2148 esse,

2220 2185 2477 2248 tanquam
2507 2177 2605 2232 Dei
2633 2176 3084 2246 dispensatorem.
3108 2194 3127 2228 ι
3154 2173 3357 2246 (Hicin)
3380 2170 3528 2229 Idem
3563 2181 3655 2228 est
3700 2188 3831 2244 ergo

2218 2254 2502 2340 presbyter
2521 2268 2612 2339 qui
2627 2277 2682 2323 et
2704 2268 3010 2339 episcopus,
3025 2277 3080 2322 et
3097 2275 3388 2335 antequam
3403 2265 3609 2321 diaboli
3628 2265 3831 2320 iustin-

2221 2368 2311 2417 ctu
2343 2360 2523 2417 studia
2550 2360 2603 2415 in
2636 2360 2895 2430 religione
2930 2357 3143 2423 tierent,
3176 2366 3231 2413 et
3256 2358 3533 2413 diceretur
3564 2357 3620 2411 in
3660 2371 3831 2426 popu-

2221 2451 2289 2509 lis
2317 2471 2330 2506 :
2370 2472 2389 2504 ι
2422 2451 2535 2524 Ego
2557 2468 2675 2508 sum
2704 2451 2877 2514 Pauli,
2912 2466 3012 2521 ego
3034 2449 3246 2521 Apollo,
3274 2464 3375 2520 ego
3401 2458 3590 2504 autem
3622 2448 3829 2518 Cepha:

2222 2544 2294 2617 (1
2319 2544 2443 2601 Cor.
2470 2562 2488 2601 ι
2513 2544 2557 2617 ),
2596 2564 2614 2596 ι
2650 2544 2927 2601 communi
2970 2543 3407 2614 presbyterorum
3446 2541 3689 2598 consilio
3726 2541 3827 2596 Ec-

2222 2635 2399 2692 clesiae
2426 2635 2890 2708 gubernabantur.
2934 2632 3232 2704 Postquam
3274 2647 3403 2688 vero
3444 2633 3826 2703 unusquisque

2222 2743 2318 2787 eos
2341 2744 2477 2798 quos
2501 2726 2875 2797 baptizaverat
2899 2740 3027 2781 suos
3050 2738 3173 2780 esse
3196 2725 3441 2796 putabat,
3469 2740 3581 2779 non
3594 2723 3821 2785 Christi.

2223 2821 2279 2876 in
2315 2829 2430 2876 toto
2456 2820 2588 2874 orbe
2625 2820 2903 2876 decretum
2945 2829 3048 2883 est,
3097 2828 3157 2874 ut
3190 2832 3330 2874 unus
3370 2816 3440 2872 de
3484 2816 3825 2888 presbyteris

2222 2913 2428 2970 electus
2452 2921 2907 2984 superponeretur
2934 2910 3165 2974 caeteris,
3195 2910 3263 2966 ad
3299 2925 3462 2981 quem
3486 2908 3671 2965 omnis
3690 2921 3823 2963 cun

2223 3006 2481 3063 Ecclesia:
2507 3005 2825 3076 pertineret,
2853 3013 2908 3061 et
2936 3000 3292 3059 schismatum
3318 3002 3532 3059 semina
3561 3001 3821 3057 tolleres-

2223 3104 2331 3161 tur.
2357 3096 2517 3152 Putet
2560 3095 2756 3167 aliquis
2784 3110 2893 3151 non
2945 3092 3372 3164 Scripturarum,
3432 3094 3529 3149 sed
3570 3104 3822 3149 nostram

2220 3203 2345 3245 esse
2396 3188 2741 3253 sententiam,
2766 3186 3080 3258 episcopum
3107 3172 3163 3242 et
3210 3186 3598 3259 presbyterum
3650 3201 3821 3242 unum

2220 3295 2360 3346 esse,
2389 3288 2447 3336 et
2472 3279 2617 3334 aliud
2642 3278 2838 3343 aetatis,
2870 3278 3013 3333 aliud
3044 3293 3167 3337 esse
3211 3293 3408 3335 nomen
3430 3276 3611 3334 .ollicii
3641 3296 3656 3331 :
3684 3276 3821 3335 mle-

2219 3380 2311 3446 gat
2341 3371 2583 3442 Apostoli
2610 3370 2677 3426 ad
2708 3369 3078 3441 Philippenses
3106 3368 3270 3427 verba
3299 3368 3535 3425 dicentis
3560 3387 3579 3423 :
3613 3386 3633 3420 ι
3673 3364 3819 3422 Pau-

2219 3464 2304 3520 lus
2332 3472 2387 3519 et
2414 3462 2729 3519 Timotheus
2751 3461 2894 3517 servi
2921 3460 3123 3517 Christi
3149 3458 3298 3527 Jesu,
3326 3461 3586 3517 omnibus
3612 3470 3817 3515 sanctas

2218 3557 2275 3615 in
2298 3555 2515 3613 Christo
2535 3555 2661 3613 Jesu
2676 3556 2769 3627 qui
2782 3564 2911 3611 sunt
2930 3554 3190 3626 Philippis
3200 3570 3326 3612 cum
3344 3556 3621 3626 episcopis
3638 3556 3818 3612 etdia-

2219 3649 2392 3705 conis.
2434 3647 2623 3705 Gratia
2666 3648 2819 3704 vobis
2843 3656 2898 3705 et
2925 3663 3050 3718 pax,
3090 3668 3110 3701 ι
3162 3648 3463 3720 etreliqua.
3495 3646 3725 3720 (Philip.
3754 3648 3812 3717 ι.)

2220 3737 2486 3810 Philippis
2533 3756 2641 3795 una
2678 3749 2765 3795 est
2798 3740 2928 3795 urbs
2958 3738 3311 3805 Macedoniae,
3338 3748 3396 3795 et
3416 3749 3571 3797 certe
3617 3740 3673 3794 in
3702 3753 3806 3793 una

2218 3835 2439 3893 civitate
2479 3833 2683 3908 plures,
2729 3842 2791 3889 ut
2834 3842 3235 3906 nuncupantur,
3264 3833 3505 3904 episcopi
3554 3848 3680 3889 esse
3710 3847 3813 3887 non

2218 3936 2494 4002 poterant.
2531 3926 2639 3983 Sed
2668 3926 2799 3998 quia
2845 3929 3065 3985 eosdem
3112 3927 3400 3998 episcopos
3443 3926 3538 3981 illo
3572 3936 3813 3998 tempore

2220 4035 2357 4092 quos
2370 4027 2427 4075 et
2437 4019 2792 4091 presbyteros
2801 4017 3175 4089 appellabant:
3190 4027 3485 4089 propterea
3500 4017 3812 4074 indifferen-

2220 4121 2305 4170 ter
2330 4111 2397 4168 de
2422 4110 2691 4183 episcopis
2714 4110 2870 4182 quasi
2898 4109 3229 4184 presbyteris
3248 4119 3333 4167 est
3356 4110 3600 4166 locutus.
3626 4109 3813 4167 Adhuc

2222 4205 2383 4261 alicui
2408 4205 2512 4260 hoc
2534 4203 2783 4259 videatur
2805 4202 3139 4275 ambiguum,
3168 4202 3272 4257 nisi
3296 4201 3473 4258 altero
3496 4203 3810 4258 testimonio

2222 4296 2622 4367 comprobetur.
2678 4292 2737 4349 In
2777 4294 3003 4350 Actibus
3030 4293 3400 4365 apostolorum
3432 4294 3703 4367 scriptam
3732 4302 3811 4347 at

2221 4384 2360 4457 (Act.
2388 4384 2504 4457 xx),
2529 4386 2673 4455 quod
2693 4400 2820 4440 cum
2859 4385 3100 4441 venisset
3124 4386 3404 4456 apostolus
3424 4385 3633 4443 Paulus
3671 4385 3811 4442 Hilo-

2220 4492 2355 4547 tum,
2379 4480 2588 4534 miserit
2610 4479 2882 4550 Ephesum
2905 4488 2962 4534 et
2979 4480 3261 4535 vocaverit
3282 4479 3641 4551 presbyteros
3670 4478 3808 4547 ejus-

532 4570 753 4645 eligitur
787 4569 966 4640 Jcsus,
997 4582 1057 4628 ut
1102 4572 1368 4630 sciremus
1409 4574 1775 4647 principatum
1808 4577 1861 4632 in
1889 4576 2114 4647 populos

2223 4572 2341 4627 dem
2376 4570 2649 4633 Ecclesiae,
2686 4571 2884 4641 quibus
2917 4580 3107 4642 postea
3145 4571 3287 4627 inter
3316 4579 3514 4627 casura
3548 4571 3629 4627 sit
3664 4571 3807 4626 locu-

525 4680 635 4731 non
682 4668 931 4739 sanguini
976 4666 1326 4724 deferendum
1372 4683 1514 4735 esse,
1542 4669 1639 4725 sed
1664 4669 1809 4725 vita}.
1858 4669 1930 4724 At
1968 4684 2114 4725 nunc
2139 4661 2192 4696 ν
2220 4671 2306 4719 tus
2336 4681 2350 4718 :
2393 4681 2412 4714 ι
2448 4663 2727 4718 Attendite
2762 4661 2916 4719 vobis
2954 4672 3014 4719 et
3049 4664 3197 4720 omni
3248 4665 3399 4736 gregi
3454 4664 3513 4720 in
3559 4680 3679 4736 quo
3716 4680 3809 4720 vos

526 4759 801 4815 cernimus
829 4760 1093 4831 plurimos
1119 4762 1259 4829 hanc
1288 4776 1403 4818 rem
1452 4762 1777 4821 beneficium
1806 4762 2007 4829 facere,
2056 4772 2117 4820 ut

2223 4774 2240 4807 ι
2287 4754 2523 4825 Spiritus
2562 4763 2783 4810 sanctus
2819 4756 3003 4826 posuit
3035 4757 3317 4828 episcopos
3352 4771 3587 4827 pascere
3620 4758 3805 4814 Eccle-

526 4863 635 4906 non
675 4856 920 4920 quaarant
960 4866 1056 4907 eos
1107 4852 1201 4922 qui
1250 4860 1478 4923 possunt
1526 4852 1783 4909 Ecclesia:
1827 4853 1945 4923 plus
1990 4868 2117 4924 pro.
2223 4868 2243 4902 ί
2286 4850 2425 4905 siam
2486 4849 2699 4905 Domini
2722 4891 2739 4915 ν
2779 4865 2945 4922 quam
2982 4852 3271 4923 acquisivit
3320 4867 3421 4923 per
3481 4856 3803 4925 sanguine.

526 4940 716 5006 desse,
745 4938 801 4994 in
839 4940 1097 5023 Ecclesite
1136 4943 1347 5015 erigere
1377 4944 1680 5011 columnas,
1714 4944 1808 5002 sed
1848 4961 1988 5016 quos
2028 4946 2114 5003 vel
2224 4960 2246 4994 ι
2288 4957 2465 4999 suum.
2501 4962 2520 4995 ι
2574 4941 2643 4997 Et
2676 4943 2766 4999 llic
2811 4944 3122 5016 diligentius
3172 4950 3487 5011 observate,
3536 4947 3810 5018 quamde

524 5032 627 5104 ipsi
662 5042 869 5100 amant,
903 5034 986 5089 vel
1013 5050 1243 5109 quorum
1278 5045 1406 5092 sunt
1434 5038 1713 5109 obsequiis
1740 5038 1983 5093 deliniti:
2027 5038 2113 5096 vel
2216 5033 2378 5090 unius
2421 5032 2659 5088 CiVilaiiS
2708 5032 2904 5105 Εριιεεί
2948 5038 3297 5107 presbyteros
3342 5052 3570 5103 Vm.
3624 5049 3810 5109 Ραεια

530 5140 632 5196 pro
659 5125 858 5196 quibus
883 5126 1147 5196 majorum
1174 5130 1447 5200 quispiam
1473 5130 1767 5200 rogaverit,
1783 5139 1859 5195 et,
1876 5138 1937 5185 ut
1961 5131 2111 5189 dete-
2213 5127 2433 5184 eosdem
2462 5128 2746 5198 episcopos
2768 5129 2984 5183 dixerit.
3029 5129 3087 5184 Si
3112 5130 3236 5200 quis
3256 5129 3371 5185 vult
3412 5131 3669 5201 recipere
3690 5146 3807 5188 ea.

524 5218 669 5272 riora
709 5224 940 5283 taceam,
978 5219 1073 5290 qui
1111 5227 1170 5274 ut
1202 5219 1387 5276 clerici
1434 5220 1628 5275 ﬁerent
1659 5220 1976 5277 muneribus
2015 5222 2111 5277 im-
2212 5219 2509 5290 Epistolam
2540 5235 2662 5291 qua:
2688 5221 2789 5277 sub
2815 5221 3035 5279 nomine
3058 5221 3209 5281 Pauli
3232 5222 3299 5277 ad
3323 5221 3587 5281 Hebraea
3610 5224 3809 5291 scripta

520 5316 825 5379 petrarunt.
864 5308 1158 5382 Diligenter
1184 5310 1428 5381 Apostoli
1465 5310 1808 5368 attendamus
1833 5312 1998 5371 verba
2035 5313 2114 5369 di-
2213 5320 2321 5387 est,
2345 5322 2402 5369 et
2423 5313 2496 5368 ibi
2520 5313 2803 5382 aaqrnaliter
2828 5313 2972 5368 inter
2983 5313 3164 5385 plures
3185 5314 3439 5373 Ecclesia
3460 5332 3599 5372 cura
3620 5316 3807 5372 dividi-

521 5403 696 5460 centis
726 5421 740 5457 :
778 5420 798 5455 ι
830 5402 905 5460 Ut
926 5401 1229 5461 constituas
1270 5417 1366 5471 per
1406 5401 1654 5458 civitates
1682 5402 2048 5475 presbyteros.
2084 5424 2105 5458 ι
2216 5413 2324 5461 tur.
2345 5404 2634 5475 Siquidem
2652 5405 2719 5460 ad
2734 5403 2947 5475 plebem
2962 5407 3182 5462 scribit:
3202 5425 3223 5459 ι
3246 5406 3443 5467 Parete
3464 5408 3805 5480 principibus

521 5493 752 5570 (Αηιὺν.)
782 5493 937 5551 Sicut
960 5503 1141 5550 autem
1175 5491 1486 5548 errantibus
1510 5491 1729 5562 pietatis
1761 5494 2003 5566 cognitio
2022 5504 2111 5551 est
2221 5516 2243 5549 ι
2287 5497 2486 5553 vestris
2521 5505 2579 5552 et
2614 5497 2842 5568 subjecti
2880 5506 3099 5554 estote:
3128 5498 3231 5569 ipsi
3267 5498 3417 5554 enim
3451 5508 3583 5557 sunt
3606 5499 3702 5569 qui
3727 5497 3805 5555 vi-

519 5591 852 5655 necessaria,
896 5590 977 5645 sic
1002 5596 1059 5644 et
1106 5586 1213 5642 illis
1258 5587 1352 5658 qui
1392 5587 1741 5643 crediderunt
1800 5590 2108 5645 necessaria
2217 5608 2237 5642 ι
2279 5589 2455 5662 gilant
2483 5604 2585 5660 pro
2619 5589 2906 5645 animabus
2942 5592 3164 5657 vestris,
3190 5592 3349 5663 quasi
3387 5592 3665 5651 rationem
3690 5588 3805 5647 rod-

516 5700 640 5742 esse
688 5684 906 5740 videtur
937 5680 1292 5738 commonitio
1320 5681 1562 5752 pietatis,
1593 5679 1740 5751 quod
1791 5697 1897 5737 non
1944 5682 2107 5740 aliter
2214 5700 2234 5732 ι
2281 5683 2493 5745 dentes,
2536 5698 2605 5736 ne
2635 5680 2974 5750 suspirantes
3000 5684 3104 5738 hoc
3137 5683 3362 5749 faciant,
3404 5684 3678 5755 siquidem
3702 5683 3803 5737 hoc

519 5774 639 5832 ﬁeri
664 5784 863 5847 potest,
891 5773 999 5829 nisi
1021 5788 1213 5829 omnes
1241 5774 1295 5828 in
1329 5788 1496 5827 unum
1522 5775 1869 5840 conveniant,
1885 5776 2105 5848 sintque
2211 5793 2232 5827 ι
2276 5773 2409 5829 utile
2442 5773 2597 5828 vobis
2630 5782 2734 5828 est.
2769 5792 2787 5825 ι
2832 5774 2900 5828 Et
2951 5773 3169 5840 Petrus,
3209 5776 3302 5846 qui
3339 5791 3406 5832 ex
3446 5774 3573 5831 ﬁdei
3632 5772 3801 5835 ﬁrmi—

522 5872 594 5923 ad
637 5868 742 5927 hoc
763 5864 903 5924 certi
942 5863 1125 5936 electi,
1162 5863 1256 5938 qui
1283 5862 1496 5939 possint
1532 5878 1635 5927 sua
1662 5861 1914 5930 doctrina
1953 5881 2100 5931 com-
2202 5874 2320 5934 ταῖς
2351 5880 2568 5942 ,uomen
2604 5864 2851 5950 accepit,
2879 5865 2940 5929 in
2986 5865 3233 5943 Epistula
3286 5882 3385 5927 sua
3434 5866 3683 5945 loqmtur
3716 5862 3799 5927 tie

531 4384 891 4457 principatus,
930 4385 1072 4442 ﬁlios
1105 4401 1233 4443 suos
1265 4388 1469 4455 facere,
1496 4398 1553 4445 et
1570 4391 1803 4461 posteris
1839 4391 2115 4461 propriam

532 4476 843 4549 relinquere
873 4477 1225 4551 dignitatem;
1263 4481 1361 4535 sed
1400 4488 1694 4537 extrahens
1733 4483 1799 4537 de
1839 4483 1945 4537 alia
1973 4482 2116 4537 tribu
