3992 6338
206 411 321 468 661

752 376 1292 465 ΕΝᾸΒΕΑΤΙΟΝΙΙΜ
1326 409 1395 465 lN
1433 410 1579 466 EPP.
1622 410 1795 465 PAUL

1894 409 1989 469 ΑΒ,
2040 411 2205 466 XXV.
2244 440 2314 449 —-
2352 406 2414 464 IN
2452 406 2665 463 EPlST.
2704 407 2795 461 AD
2830 406 2964 461 TlT.

3361 404 3465 469 662

204 540 396 584 cens:
428 542 449 577 ι
473 524 828 597 Presbyteros
852 506 979 596 ergo
1001 523 1057 579 in
1102 525 1252 579 vobis
1277 526 1500 582 obsecro
1525 541 1794 597 compres—
1818 524 1946 593 Ala
1997 528 2202 597 peccati
2248 526 2575 583 conscientia
2622 523 2952 580 mordeatur.
2998 523 3276 591 Quomodo
3321 526 3464 582 enim

204 617 382 688 hyter
399 625 456 673 et
484 616 638 671 testis
660 616 858 670 Christi
884 616 1217 686 passionum,
1245 616 1337 685 qui
1363 626 1416 673 et
1442 615 1555 684 ejus
1580 617 1786 686 gloriae,

206 722 340 777 qua:
372 709 426 763 in
464 706 705 763 futurum
743 707 1028 763 revelanda
1071 718 1155 763 est
1188 708 1365 763 socius
1406 723 1547 775 sum,
1581 708 1790 778 pascite

204 813 340 853 eum
371 801 463 868 qui
496 799 547 853 in
569 800 721 854 vobis
742 808 825 854 est
848 814 1060 870 gregem
1088 799 1315 864 Domini,
1346 814 1451 859 non
1490 800 1643 871 quasi
1664 815 1789 857 cum

206 892 560 957 necessitate,
589 893 682 947 sed
733 891 1030 947 voluntarie
1074 890 1122 963 (Ι
1149 889 1292 945 Patr.
1325 892 1401 964 v).
1432 911 1450 943 ι
1485 891 1609 947 Haec
1658 908 1787 962 pro-

202 993 425 1050 pterea,
460 991 518 1036 ut
545 983 953 1038 ostenderemus
980 985 1119 1053 apud
1144 992 1352 1039 veteres
1376 984 1592 1039 eosdem
1622 984 1789 1039 fuisse

201 1073 564 1143 presbyteros
585 1088 722 1142 quos
743 1083 797 1128 et
820 1094 835 1123 ε
850 1073 1096 1143 piscopos
1122 1092 1136 1129 ε
1160 1074 1414 1144 paulatim
1442 1090 1570 1129 vero
1598 1083 1657 1129 ut
1675 1075 1785 1128 dis-

203 1162 523 1217 sensionum
561 1163 827 1231 plantaria
874 1162 1225 1228 venerentur,
1277 1165 1343 1218 ad
1380 1179 1543 1235 unum
1573 1178 1786 1218 omnem

202 1253 628 1309 sollicitudinem
675 1269 794 1311 esse
838 1254 1089 1309 delatam.
1124 1254 1275 1311 Sicut
1312 1271 1439 1328 ergo
1488 1238 1787 1327 presbyteri

200 1347 393 1400 sciunt
418 1361 477 1400 se
499 1361 565 1400 ex
601 1345 854 1403 Ecclesiae
895 1348 1282 1403 consuetudine
1305 1348 1356 1403 ei
1384 1349 1476 1419 qui
1521 1349 1622 1407 sibi
1650 1366 1789 1420 prae-

196 1440 422 1509 positus
450 1438 611 1494 fuerit
663 1455 782 1496 esse
823 1440 1131 1510 subjectos:
1162 1443 1234 1497 ita
1273 1444 1504 1514 episcopi
1542 1444 1789 1499 noverint

198 1544 265 1584 se
294 1530 475 1611 magis
494 1532 901 1611 consuetudine,
926 1548 1089 1603 quam
1111 1534 1476 1603 dispositionis
1496 1535 1788 1593 Dominicze

200 1608 808 1691 veritate,presbyteris
857 1638 977 1677 esse
1024 1623 1274 1694 majores,
1302 1633 1357 1681 et
1402 1625 1456 1679 in
1503 1641 1787 1683 commune

198 1710 410 1765 debere
440 1710 734 1766 Lcclesiam
764 1727 971 1783 regere,
1002 1698 1272 1771 imitantes
1308 1714 1526 1781 Mosen,
1549 1716 1788 1787 quicum

201 1805 436 1860 haberet
485 1806 535 1858 in
582 1780 845 1874 potestate
899 1805 1042 1862 solus
1069 1822 1300 1878 prmesse
1352 1780 1785 1879 populo-Israel,
1824 1780 1829 1789 ⁸

1891 625 2067 688 potest
2112 632 2311 687 praases
2356 615 2609 671 Ecclesire
2656 614 2870 669 auferre
2922 612 3121 669 malum
3174 614 3240 669 de
3290 616 3466 671 medio

1890 713 2026 783 ejus,
2050 716 2141 784 qui
2164 716 2217 773 in
2241 714 2493 771 delictum
2526 711 2700 769 simile
2726 712 3030 769 corruerit?
3051 710 3157 764 Aut
3181 727 3285 780 qua
3306 710 3467 767 liber-

1889 814 2001 860 tate
2024 807 2298 877 corripere
2318 812 2651 875 peccantem,
2683 819 2806 859 cum
2860 803 3057 857 tacitus
3081 802 3182 856 sibi
3231 802 3343 871 ipse
3378 818 3467 856 re-

1890 897 2169 966 spondeat,
2200 898 2386 953 eadem
2419 912 2477 951 se
2497 895 2830 950 commisisse
2852 878 2979 964 qua:
2995 893 3256 962 corripit?
3284 892 3469 962 Itaque

1896 1004 1915 1038 ι
1947 988 2036 1057 qui
2065 988 2427 1058 episcopatum
2460 987 2748 1048 desiderat,
2791 976 2987 1039 bonum
3019 999 3153 1054 opus
3200 983 3470 1038 desiderat

1891 1079 1949 1151 (Ι,
1972 1079 2105 1133 Tim.
2152 1078 2253 1148 ιιι).
2280 1098 2297 1129 ι
2333 1077 2482 1146 Opus
2530 1076 2721 1145 inquit,
2768 1090 2873 1129 non
2920 1074 3201 1137 honorem,
3226 1089 3332 1127 non
3358 1071 3470 1143 glo-

1891 1175 2049 1228 riam.
2085 1193 2103 1223 ι
2137 1171 2359 1243 Oportet
2390 1180 2568 1225 autem
2607 1168 2753 1222 illum
2781 1178 2837 1223 et
2862 1166 3228 1221 testimonium
3270 1164 3470 1220 habere

1824 1320 1831 1329 ,
1888 1266 2091 1338 bonum
2118 1264 2185 1319 ab
2212 1264 2294 1319 bis
2349 1262 2439 1331 qui
2477 1260 2607 1316 foris
2633 1267 2779 1325 sunt,
2806 1267 2865 1312 ut
2890 1274 2996 1312 non
3025 1258 3080 1311 in
3121 1255 3462 1326 Opprobriuni

1890 1359 2200 1427 incidat,et
2247 1357 2300 1410 in
2346 1355 2599 1424 laqueum
2635 1351 2856 1407 diaboli.
2894 1371 2913 1404 ι
2948 1350 3100 1417 Quod
3128 1358 3306 1404 autem
3371 1348 3471 1415 ait,

1896 1466 1915 1499 ι
1949 1446 2107 1502 unius
2132 1445 2315 1501 uxoris
2342 1446 2424 1499 vir
2444 1484 2459 1511 ,
2490 1465 2510 1497 ι
2554 1444 2632 1498 sic
2660 1440 2958 1511 intelligere
2982 1441 3256 1505 debemus,
3283 1447 3343 1493 ut
3363 1454 3470 1494 non

1888 1553 2107 1597 omnem
2147 1550 2523 1608 monogamum
2564 1535 2778 1606 digamo
2821 1543 3069 1603 putemus
3119 1547 3239 1589 esse
3286 1532 3475 1589 melio-

1889 1645 2005 1684 rem
2041 1648 2053 1682 :
2084 1628 2176 1685 sed
2209 1629 2350 1699 quod
2374 1627 2420 1682 is
2450 1625 2622 1696 possit
2670 1625 2738 1679 ad
2778 1616 3192 1696 monogamiam.
3225 1632 3278 1677 et
3301 1623 3474 1679 conti-

1890 1719 2126 1775 nentiam
2160 1718 2451 1783 cohortari,
2501 1716 2594 1787 qui
2651 1715 2734 1771 sui
2781 1713 3083 1784 exemplum
3134 1713 3387 1784 przeferat
3416 1714 3470 1771 in

1892 1811 2150 1868 docendo.
2180 1810 2311 1864 Esto
2355 1808 2552 1879 Quippe
2597 1805 2826 1881 aliquem
2867 1803 3323 1860 adolescentulum
3346 1818 3475 1859 con-

200 1899 549 1970 septuaginta
600 1900 764 1970 elegit
810 1916 933 1956 cum
981 1901 1176 1971 quibus
1222 1901 1474 1973 populum
1520 1884 2068 1973 judicaretBjugem
2114 1900 2429 1970 perdidisse,
2461 1907 2518 1954 et
2563 1897 2743 1954 carnis
2798 1897 3117 1952 necessitate
3163 1903 3472 1965 superatum

200 1991 400 2063 (Nam.
451 1991 548 2064 xi).
602 1992 888 2075 Videamus
936 1993 1103 2067 igitur
1138 1990 1312 2067 qualis
1344 1996 1629 2069 presbyter
1674 1995 1790 2051 sive

198 2084 494 2157 episcopus
513 2085 845 2140 ordinandus
868 2086 963 2161 .sit.

280 2219 301 2252 ι
340 2198 399 2255 Si
430 2202 554 2271 quis
573 2209 657 2256 est
697 2201 814 2257 sine
841 2201 1068 2257 crimine
1096 2202 1255 2259 unius
1293 2202 1479 2261 uxoris
1520 2203 1623 2269 vir,
1648 2202 1790 2263 ﬁlios

202 2308 225 2342 ι
265 2290 472 2347 habens
493 2291 697 2355 ﬁdeles,
724 2307 827 2347 non
850 2292 904 2346 in
931 2293 1272 2349 accusatione
1293 2293 1538 2360 luxuriae,
1568 2302 1661 2350 aut
1681 2309 1789 2349 non

202 2400 227 2433 α
254 2383 521 2439 subditos.
546 2403 562 2435 ι
596 2381 797 2455 (Greg.)
815 2380 925 2438 Hoc
947 2384 1087 2439 inter
1105 2393 1384 2454 peccatum
1407 2385 1570 2440 distat
1589 2394 1644 2440 et
1684 2386 1791 2442 cri-

194 2492 356 2541 men,
385 2476 525 2547 quod
570 2491 731 2530 omne
757 2475 961 2531 crimen
1007 2485 1289 2545 peccatum
1320 2484 1425 2541 est,
1472 2491 1577 2532 non
1608 2485 1786 2532 tamen

150 2590 159 2611 ι
193 2582 369 2622 omne
392 2577 668 2638 peccauim
704 2566 949 2634 crimen;
993 2574 1047 2622 et
1081 2568 1137 2621 in
1183 2569 1286 2624 hac
1313 2568 1421 2623 vita
1467 2568 1623 2623 multi
1671 2568 1788 2625 sine

194 2661 453 2725 crimine,
480 2660 654 2716 nullus
690 2676 821 2715 vero
856 2674 977 2716 esse
1010 2661 1126 2716 sine
1161 2663 1404 2731 peccatis
1444 2660 1605 2716 valet.
1634 2661 1788 2717 Unde

194 2761 258 2809 et
308 2751 632 2821 praedicator
681 2759 901 2805 sanctus
942 2763 1066 2822 cum
1114 2749 1290 2804 virum
1343 2749 1563 2820 dignum
1601 2750 1789 2820 gratiae

196 2841 561 2911 sacerdOtalis
600 2841 951 2908 describeret,
998 2855 1340 2912 nequaquam
1389 2841 1546 2907 dixit,
1585 2838 1641 2895 Si
1665 2841 1788 2911 quis

195 2935 326 2990 sine
356 2941 595 3003 peccato,
630 2933 723 2988 sed
749 2951 769 2984 ι
802 2933 847 2987 si
888 2932 1009 3002 quis
1036 2932 1153 3006 sine
1176 2932 1425 2989 crimine.
1457 2950 1478 2987 ι
1504 2932 1636 3000 Quis
1659 2947 1789 2988 vero

196 3040 331 3081 esse
359 3026 477 3081 sine
504 3034 728 3096 peccato
753 3023 975 3080 valeat?
1019 3041 1141 3083 cum
1190 3022 1648 3081 Joannesdicat:
1675 3044 1695 3078 ι
1729 3024 1788 3081 Si

196 3117 525 3184 dixerimus,
569 3117 697 3187 quia
748 3124 1028 3188 peccatum
1067 3132 1175 3173 non
1211 3117 1492 3182 habemus,
1542 3118 1789 3188 nosipsos

196 3208 536 3271 seducimus,
563 3214 618 3263 et
656 3208 860 3263 veritas
886 3207 938 3261 in
968 3208 1124 3266 nobis
1148 3223 1256 3266 non
1285 3217 1370 3265 est
1408 3206 1461 3281 (1
1484 3205 1647 3263 Joan.
1669 3207 1733 3281 ι).
1761 3226 1781 3261 ι

196 3299 262 3355 lu
282 3314 393 3369 qua
418 3297 665 3356 videlicet
681 3309 1024 3371 peccatorum
1051 3310 1107 3355 et
1134 3300 1419 3358 criminum
1443 3300 1788 3357 distinctione

198 3392 543 3464 pensandum
584 3400 668 3447 est
715 3392 844 3463 quia
869 3392 1123 3447 nonnulla
1152 3401 1374 3463 peccata
1402 3393 1640 3447 animam
1667 3392 1787 3463 pol-

199 3484 385 3547 luunt.
415 3498 542 3540 nam
587 3482 813 3559 crimina
849 3482 1216 3552 exstinguunt.
1268 3480 1421 3538 Unde
1471 3482 1661 3539 beatus
1688 3479 1790 3538 Job

201 3577 419 3635 crimen
459 3573 686 3629 luxuriae
714 3572 975 3629 deﬁniens
1004 3573 1109 3628 ait:
1148 3590 1168 3624 ι
1196 3571 1338 3643 Ignis
1382 3579 1464 3628 est
1512 3584 1681 3642 usque
1721 3570 1791 3627 ad

200 3668 567 3741 perditionem
594 3666 858 3729 devorans
901 3662 1045 3736 (Job.
1091 3663 1284 3735 xxxi);
1317 3682 1337 3716 ι
1370 3663 1495 3735 quia
1535 3661 1790 3717 nimirum
1818 3704 1851 3719 ..

202 3767 396 3815 reatus
425 3756 684 3815 facinoris
728 3744 1059 3841 nouusque’
1077 3752 1147 3808 ad
1200 3752 1624 3823 inquinationem
1670 3765 1787 3806 ma-

202 3848 375 3914 culat,
404 3846 499 3903 sed
527 3860 700 3916 usque
724 3845 791 3898 ad
812 3840 1169 3914 perditionem
1195 3850 1368 3899 vorat.
1396 3841 1463 3897 Et
1489 3840 1613 3911 quia
1645 3855 1791 3911 qua:-

200 3941 343 3996 libet
372 3939 477 3994 alia
516 3936 720 3993 fuerint
744 3936 883 3993 bona
913 3949 1098 4005 opera,
1138 3932 1184 3991 si
1230 3932 1454 3991 luxui-ite
1485 3931 1661 3987 scelus
1685 3945 1791 3986 non
1816 3974 1823 3981 .

204 4032 473 4096 abluitur,
503 4027 867 4087 immensitate
894 4025 1053 4097 hujus
1079 4023 1323 4081 criminis
1358 4022 1681 4089 obruuntur,
1707 4037 1793 4078 se-

205 4134 371 4182 cutus
419 4121 686 4190 adjunxit,
725 4137 745 4171 ι
801 4125 858 4174 et
907 4117 1089 4173 omnia
1136 4115 1420 4173 eradicans
1470 4113 1732 4185 germina.
1764 4132 1785 4166 ι

204 4214 471 4273 Germina
499 4212 705 4291 quippe.
749 4219 875 4265 sunt
904 4208 1097 4263 anima:
1127 4205 1466 4277 operationes
1494 4204 1673 4271 home,
1704 4203 1791 4259 cui

208 4316 397 4363 tamen
420 4302 467 4359 si
496 4315 751 4373 perverso
776 4300 965 4357 ordine
995 4312 1123 4354 caro
1171 4295 1497 4363 dominatur,
1546 4296 1669 4366 igne
1712 4295 1792 4350 lu-

208 4397 385 4454 xuriat
430 4393 615 4450 omnia
662 4390 802 4447 bene
850 4390 1059 4461 prolata
1115 4398 1528 4461 concremantur
1572 4407 1586 4443 :
1647 4386 1791 4442 nulla

207 4491 415 4562 quippe
453 4497 578 4542 ante
607 4483 990 4555 omnipotentis
1035 4481 1134 4536 Dei
1169 4481 1353 4537 oculos
1374 4478 1597 4549 justitiae
1619 4479 1793 4552 pieta-

1892 1992 2167 2062 accepisse
2192 2004 2413 2045 uxorem
2442 1989 2754 2054 secundam,
2803 2003 2965 2058 quam
2996 1995 3052 2042 et
3086 1987 3258 2057 ipsam
3288 1984 3473 2041 statim

1890 2084 2090 2149 amisit,
2119 2089 2175 2138 et
2216 2080 2467 2151 deinceps
2496 2078 2692 2135 vixerit
2721 2080 3095 2146 continenter;
3138 2076 3304 2132 alium
3343 2090 3474 2133 vero

1890 2189 2063 2245 usque
2087 2174 2156 2228 ad
2187 2180 2461 2228 senectam
2488 2172 2742 2228 habuisse
2767 2171 3172 2226 matrimonium
3198 2178 3253 2226 et
3290 2169 3475 2225 uxoris

1890 2282 2048 2322 usum
2083 2273 2140 2319 ut
2169 2263 2415 2336 plerique
2453 2262 2728 2320 aestimant
2760 2260 3097 2329 felicitatem,
3138 2275 3416 2331 nunquam
3438 2275 3473 2316 a

1891 2359 2072 2433 carnis
2099 2371 2262 2430 opere
2297 2371 2539 2412 cessasse
2565 2350 2589 2409 τ’
2617 2355 2736 2426 quis
2772 2355 2926 2410 vobis
2963 2354 3179 2410 videtur
3204 2369 3235 2410 e
3268 2352 3475 2409 duobus

1890 2466 2012 2506 esse
2072 2449 2286 2537 m‘elior,
2329 2446 2642 2520 pudicitior,
2685 2440 3092 2502 continentior?
3140 2443 3337 2517 Utique
3386 2444 3475 2500 ille

1891 2546 1982 2617 qui
2012 2545 2192 2600 infelix
2215 2545 2378 2600 etiam
2414 2543 2468 2597 in
2508 2542 2742 2599 secundo
2781 2541 3124 2597 matrimonio
3150 2538 3268 2607 fuit,
3308 2550 3477 2613 etpo-

1892 2642 2005 2690 stea
2042 2633 2232 2714 pudice
2271 2624 2326 2687 et
2353 2624 2549 2687 sancte'
2566 2640 2916 2701 conversatus
2944 2640 3047 2698 est,
3078 2638 3133 2686 et
3161 2646 3267 2687 non
3310 2631 3357 2687 is
3384 2632 3477 2702 qui

1892 2726 1961 2783 ab
1989 2725 2173 2780 uxoris
2195 2722 2465 2795 amplexu,
2501 2738 2603 2779 nec
2639 2723 2793 2779 senili
2833 2732 2919 2779 est
2962 2717 3242 2794 separatus
3280 2722 3478 2779 aetate?

1890 2815 2011 2872 Non
2069 2816 2167 2872 sibi
2222 2829 2353 2889 ergo
2398 2815 2687 2886 applauaat
2733 2816 3041 2886 quicunque
3094 2816 3247 2887 quasi
3285 2830 3477 2872 mono-

1893 2923 2083 2980 gamus
2110 2907 2348 2979 eligitur,
2398 2906 2543 2978 quod
2572 2908 2719 2962 omni
2769 2904 2982 2978 digamo
3020 2907 3092 2962 sit
3120 2906 3330 2974 melior,
3355 2923 3477 2963 cum

1894 3001 1948 3056 in
1970 3015 2034 3056 eo
2059 2998 2231 3072 magis
2256 3000 2329 3055 sit
2353 2996 2527 3055 electa
2568 2996 2797 3052 felicitas
2846 3012 3008 3068 quam
3044 2997 3313 3053 voluntas.
3349 2996 3480 3065 Qui-

1895 3092 2019 3147 dam
2055 3089 2122 3145 de
2168 3090 2272 3147 hoc
2316 3086 2436 3145 loco
2476 3090 2553 3145 ita
2581 3089 2860 3144 sentiunt:
2899 3085 3155 3153 Iudaicae,
3202 3089 3474 3161 inquiunt,

1894 3174 2305 3238 consuetudinis
2348 3179 2483 3247 fuit,
2538 3177 2625 3235 vel
2677 3178 2834 3236 binas
2879 3182 3079 3235 risores
3125 3178 3343 3247 habere,
3393 3178 3479 3237 vei

1890 3268 2108 3345 plures:
2139 3270 2281 3343 quod
2303 3271 2467 3327 etiam
2496 3270 2551 3327 in
2586 3268 2758 3326 veteri
2776 3268 2896 3341 lege
2922 3268 2988 3325 de
3014 3268 3288 3325 Abraham
3315 3277 3370 3326 et
3391 3268 3481 3326 Ja-

1894 3365 1995 3423 cob
2022 3364 2277 3438 legimus:
2303 3372 2358 3419 et
2381 3352 2487 3418 hoc
2516 3375 2665 3417 nunc
2691 3358 2880 3415 volunt
2898 3350 3018 3416 esse
3038 3367 3389 3431 praeceptum,
3408 3372 3479 3416 ne

1895 3458 1945 3515 is
1970 3456 2063 3529 qui
2084 3436 2375 3527 episcopus
2401 3453 2676 3526 eligendus
2695 3460 2801 3519 est,
2837 3467 2944 3508 uno
2964 3460 3206 3521 tempore
3231 3436 3365 3507 duas
3385 3465 3482 3521 pa-

1895 3542 2028 3604 riter
2040 3548 2235 3603 habeat
2261 3560 2477 3601 uxores.
2498 3543 2650 3600 Multi
2664 3543 3091 3614 superstitiosius
3118 3543 3287 3615 magis
3313 3557 3475 3615 quam

1894 3624 2100 3708 verius,
2143 3638 2303 3697 etiam
2341 3651 2436 3692 eos
2464 3636 2703 3707 quicum
2732 3634 2958 3708 gentiles
2985 3633 3203 3699 fuerint,
3238 3640 3295 3689 et
3317 3648 3481 3688 unam

1895 3747 2119 3787 uxorem
2140 3728 2447 3795 habuerint,
2472 3740 2577 3808 qua
2600 3726 2821 3792 amissa,
2843 3734 2964 3796 post
2982 3724 3309 3795 baptismum
3329 3721 3486 3778 Chri-

1897 3824 1970 3880 sti
1997 3823 2221 3881 alteram
2247 3821 2518 3887 duxerint,
2558 3828 2749 3891 putant
2773 3818 2828 3873 in
2856 3814 3221 3873 sacerdutinm
3258 3830 3365 3871 non
3401 3815 3483 3873 le-

1898 3921 2104 3994 gendos
2130 3937 2145 3977 :
2167 3934 2291 3975 cum
2313 3919 2498 3989 utique
2520 3915 2566 3972 si
2593 3915 2697 3970 hoc
2720 3910 3114 3970 observandum
3141 3910 3235 3977 sit,
3268 3908 3344 3965 illi
3367 3923 3484 3964 ma-

1898 4013 1982 4091 gis
2028 4002 2095 4067 ab
2142 4009 2455 4080 episcopatu
2506 4005 2683 4062 arceri
2731 4003 2979 4067 debeant,
3017 4003 3111 4073 qui
3152 4012 3347 4072 vagam
3386 4014 3487 4071 per

1899 4101 2217 4159 meretrices
2241 4108 2369 4154 ante
2401 4098 2716 4153 exercentes
2734 4092 3034 4158 libidinem,
3072 4104 3235 4145 unam
3266 4098 3488 4161 regene-

1844 4182 1853 4195 ’
1900 4193 2005 4249 rati
2053 4204 2278 4246 uxorem
2328 4187 2760 4267 acceperintzet
2782 4183 2965 4267 multo
3000 4179 3369 4238 detestabilius
3416 4179 3487 4235 sit

1901 4283 2228 4367 fornicatum
2265 4294 2384 4336 esse
2413 4264 2825 4359 cumpfnribus,
2847 4286 3008 4345 quam
3031 4270 3301 4345 digamum
3328 4287 3485 4343 repe-

1903 4363 2030 4432 riri:
2058 4374 2184 4448 quia
2232 4374 2285 4431 in
2316 4372 2423 4430 alio
2450 4370 2742 4428 infelicitas
2768 4367 3101 4424 matrimonii
3150 4374 3256 4431 est,
3288 4364 3343 4420 in
3378 4363 3486 4419 alio

1903 4468 1969 4525 ad
2006 4468 2337 4541 peccandum
2358 4480 2527 4539 prona
2548 4462 2793 4520 lascivia.
2836 4458 3017 4533 (Aug.)
3054 4458 3208 4525 Quod
3230 4464 3315 4511 est
3337 4456 3487 4510 ribus

419 4588 546 4636 sunt
588 4547 778 4648 opera;
822 4592 942 4647 quae
969 4575 1330 4645 corruptionis
1357 4547 1606 4645 contagio
1620 4547 1791 4628 ἰιιοιι-
1814 4590 1875 4660 Β
1902 4560 1970 4617 ad
1999 4561 2226 4617 salutem
2255 4558 2521 4630 corporis,
2562 4554 2667 4611 hoc
2692 4565 2770 4611 est
2798 4552 3120 4660 concubitus
3150 4548 3217 4652 ad
3260 4547 3486 4604 salutem

210 4684 461 4735 strantur
514 4671 810 4749 immunda.
840 4666 979 4739 Quid
1007 4669 1151 4725 enim
1181 4668 1403 4740 prodest
1452 4668 1497 4723 si
1537 4668 1623 4737 pie
1650 4667 1796 4736 quis-

213 4770 361 4842 piam
392 4764 700 4822 necessitati
734 4762 1062 4831 compatitur
1093 4760 1344 4832 proximi,
1392 4758 1609 4829 quando
1636 4756 1800 4828 impie

212 4859 566 4930 semetipsum
588 4857 830 4913 destruet
854 4852 1239 4909 habitationem
1278 4851 1417 4930 Dei?
1453 4850 1512 4905 Si
1546 4864 1674 4919 ergo
1700 4864 1821 4921 per,

212 4926 430 5010 cordis-
449 4947 842 5005 immunditiam
868 4946 1106 5011 libidinis
1155 4926 1371 4998 ﬂamma
1416 4940 1797 5012 exstinguitur,

214 5045 496 5101 incassum
515 5038 767 5111 qumliimt
790 5039 1015 5092 virtutes
1038 5035 1305 5090 oriuntur.

220 5184 229 5189 -
294 5154 317 5188 α
354 5132 580 5206 Oportet
596 5130 743 5187 enim
771 5128 1083 5199 episcopum
1106 5125 1221 5181 sine
1258 5122 1483 5179 crimine
1508 5134 1647 5187 esse,
1678 5128 1825 5185 tan-,

220 5251 245 5284 ι
277 5244 443 5301 quam
470 5226 569 5283 Dei
599 5225 1050 5294 dispensatorem,
1085 5234 1192 5275 non
1220 5225 1679 5286 protervum,,non
1702 5213 1805 5269 ira-

222 5342 247 5376 ι
282 5321 546 5385 cundum,
576 5332 685 5373 non
720 5313 1073 5376 vinolentum,
1114 5325 1222 5367 non
1255 5322 1652 5380 percussorem,
1691 5320 1802 5360 non

218 5435 245 5470 ι
284 5413 463 5484 turpis
492 5410 628 5466 lucri
655 5407 1029 5479 appetitorem.
1051 5422 1070 5455 ›
1113 5400 1312 5475 (Ηὲεν.)
1349 5399 1590 5465 Primum
1622 5398 1804 5467 itaque

217 5507 344 5563 sine
362 5489 593 5560 crintine
611 5501 710 5556 sit:
735 5496 875 5568 quod
900 5502 1029 5567 puto
1057 5493 1165 5548 alio
1183 5492 1348 5548 verbo
1373 5490 1441 5546 ad
1461 5489 1803 5545 Timotheum

220 5616 249 5650 ι
278 5590 813 5665 irreprehensibilem
844 5608 863 5641 ι
900 5585 1388 5641 nominatummon
1423 5578 1565 5650 quod
1592 5593 1657 5634 eo
1680 5587 1804 5632 tan-

221 5696 347 5745 tum
374 5695 617 5757 tenipore
641 5697 749 5755 quo
769 5681 1048 5737 ordinatus
1067 5688 1171 5742 est,
1198 5675 1315 5729 sine
1343 5671 1450 5727 ullo
1468 5672 1539 5726 sit
1559 5670 1805 5737 crimine,

222 5788 285 5839 et
308 5777 613 5851 praeteritas
636 5772 874 5830 maculas
902 5784 1037 5825 nova
1066 5763 1473 5827 conversatione
1506 5759 1762 5816 deleverit
1790 5776 1805 5812 :

1903 4653 2121 4724 generis
2146 4668 2160 4704 :
2184 4660 2239 4706 et
2265 4658 2554 4720 utrumque
2579 4660 2683 4703 non
2710 4657 2795 4701 est
2820 4644 2938 4700 sine
2968 4641 3328 4698 delectatione
3366 4655 3487 4696 car-

1905 4744 2033 4807 nali,
2081 4743 2176 4799 sed
2221 4741 2433 4796 diversa
2476 4753 2637 4810 Opera
2686 4734 2907 4791 Patrum
2953 4748 3059 4788 non
3105 4730 3352 4796 faciebat,
3384 4731 3486 4787 nisi

1907 4834 2196 4890 diversitas
2217 4836 2540 4903 temporum.
2572 4828 2664 4883 Sic
2693 4834 2871 4881 autem
2896 4832 3118 4879 necesse
3142 4830 3260 4878 erat
3280 4830 3341 4876 ut
3363 4836 3486 4878 car-

1906 4924 2102 4981 naliter
2129 4925 2337 4981 coirent
2377 4920 2541 4979 etiam
2578 4934 2686 4975 non
2734 4912 2979 4973 carnales
3014 4915 3309 4986 prophetae,
3351 4903 3490 4971 sicut

1906 5035 2129 5075 necesse
2181 5027 2299 5075 erat
2342 5026 2401 5073 ut
2448 5016 2741 5073 carnaliter
2786 5020 3138 5069 vesoerentur
3179 5011 3340 5067 etiam
3380 5028 3488 5067 non

1903 5111 2153 5168 carnales
2184 5110 2412 5182 apostoli
2440 5106 2714 5164 Ecclesiae.
2743 5098 3178 5175 Dispensatorem
3201 5117 3305 5158 non
3326 5100 3491 5158 licere

1903 5186 2147 5261 ordinari
2197 5204 2299 5257 nisi
2360 5201 2523 5256 unius
2574 5199 2757 5255 uxoris
2804 5197 3016 5263 virum,
3056 5192 3282 5250 ‘acutius
3340 5192 3493 5248 intel-

1902 5286 2176 5361 lexerunt,
2206 5295 2295 5365 qui
2337 5309 2438 5349 nec
2485 5307 2607 5347 eum
2635 5290 2750 5361 qui,
2791 5289 3232 5351 catechumenus,
3261 5283 3349 5339 vel
3395 5297 3492 5352 pa-

1906 5404 2099 5460 ganus,
2144 5386 2396 5442 habuerit
2435 5382 2682 5448 alteram,
2724 5380 3080 5437 ordinandum
3104 5392 3226 5433 esse
3270 5386 3494 5431 censue-

1912 5486 2043 5535 runt
2067 5496 2081 5533 :
2110 5479 2176 5534 de
2218 5484 2558 5534 sacramento
2594 5475 2740 5530 enim
2769 5472 2965 5543 agitur,
3011 5486 3119 5526 non
3147 5470 3217 5525 de
3243 5473 3491 5538 peccato,

1916 5586 2042 5626 nam
2086 5571 2138 5625 in
2183 5569 2448 5641 baptismo
2498 5575 2715 5640 peccata
2762 5565 2945 5620 omnia
2990 5561 3352 5617 dimittuntur.
3385 5555 3497 5612 Sed

1918 5664 2011 5735 qui
2053 5663 2208 5730 dixit,
2259 5682 2278 5715 ι
2316 5663 2361 5718 si
2401 5660 2675 5731 acceperis
2694 5674 2920 5715 uxorem
2950 5672 3055 5711 non
3087 5650 3345 5725 peccasti,
3371 5648 3496 5705 etsi

1920 5756 2164 5828 nupserit
2187 5755 2340 5828 virgo
2381 5770 2487 5809 non
2531 5759 2742 5824 peccat,
2769 5749 2993 5821 etquod
3018 5742 3131 5801 vult
3170 5743 3356 5806 faciat,
3388 5754 3497 5796 non

222 5832 333 5941 sed
350 5832 797 5943 semianima,
822 5856 930 5940 duo
952 5863 1011 5925 in
1034 5861 1307 5923 Christum
1324 5864 1545 5917 renatus
1569 5862 1673 5927 est,
1692 5851 1865 5941 uel?”
1920 5855 2112 5925 peccat
2134 5847 2181 5911 si
2201 5848 2370 5907 nubat
2389 5846 2439 5923 (ι
2470 5846 2594 5906 Cor.
2616 5848 2737 5916 vn),
2768 5862 2787 5896 ι
2812 5843 2944 5899 satis
2961 5838 3254 5896 declaravit
3282 5832 3515 5907 nuptias.

2856 5980 3003 6020 --φτ
