3992 6338
580 327 686 386 665

1221 326 1280 383 Β.
1326 321 1580 380 ΒΛΒΑΝΙ
1617 324 1834 381 MAURI
1870 325 2153 381 ARCIIIEF

2173 365 2189 380 .
2229 323 2538 381 uocum.
2580 322 2876 381 eranum
2905 325 3083 384 mas
3117 324 3204 388 tu.
3671 342 3741 399 se;

577 438 782 492 nullum
825 452 946 494 esse
986 447 1288 508 peccatum.
1339 439 1566 510 Propter
1609 436 1931 491 sacramenti
1979 444 2159 489 autem
2188 442 2235 500 Α
2264 434 2709 490 incontinentiam
2757 436 2824 492 ab
2871 435 2974 492 hoc
3022 438 3187 509 gradu
3231 440 3437 495 arcendi
3474 443 3630 502 simus.
3663 451 3743 518 Qua

578 531 945 594 sanctitatem,
972 530 1112 584 sicut
1142 529 1341 584 femina
1382 527 1594 582 etiamsi
1639 525 2023 582 catechumena
2053 527 2166 580 fue-

578 623 649 675 rit
674 621 885 686 vitiata,
910 636 1017 674 non
1043 629 1218 691 potest
1256 630 1380 690 post
1417 620 1743 688 baptismum
1775 618 1916 672 inter
1937 618 2030 672 Dei
2051 621 2164 672 vir-

575 713 725 784 gines
767 713 1116 768 consecrari?
1149 712 1222 766 ita
1269 727 1374 766 non
1405 711 1637 765 absurde
1684 710 1858 764 visum
1909 720 1991 765 est
2040 728 2164 766 cum

577 806 668 878 qui
689 805 922 863 excessit
950 820 1180 860 uxorum
1223 817 1507 858 numerum
1536 802 1882 873 singularem,
1911 819 2012 858 non
2035 819 2165 873 pec-

576 904 758 949 catum
799 895 1013 964 aliquod
1066 893 1421 956 commisisse,
1455 892 1548 948 sed
1595 908 1839 948 normam
1875 896 2163 964 quamdam

576 987 898 1040 sacramenti
927 987 1188 1051 amisisse,
1221 1002 1324 1040 non
1352 987 1418 1040 ad
1443 986 1568 1040 vitae
1590 987 1743 1041 home
1772 986 2046 1052 meritum,
2072 988 2163 1042 sed

577 1080 642 1132 ad
695 1078 1049 1133 ordinationis
1099 1076 1492 1131 Ecclesiasticze
1539 1076 1872 1146 signaculum
1911 1092 2162 1132 necessa-

578 1170 760 1235 rium;
791 1186 853 1224 ac
883 1185 979 1239 per
1017 1171 1122 1224 hoc
1167 1169 1308 1224 sicut
1335 1168 1516 1237 plures
1559 1167 1908 1238 antiquorum
1945 1179 2162 1238 patrum

577 1277 774 1316 uxores
821 1261 1266 1331 signiﬁcaverunt
1306 1259 1516 1314 futuras
1563 1269 1777 1314 nostras
1805 1276 1872 1316 ex
1912 1263 2162 1317 omnibus

575 1353 826 1422 gentibus
864 1352 1123 1406 ecclesias
1153 1351 1245 1404 uni
1277 1351 1394 1404 viro
1421 1350 1665 1404 subditas
1693 1350 1925 1413 Christo,
1963 1351 2036 1405 ita
2065 1368 2163 1405 no-

574 1454 688 1499 ster
710 1446 934 1500 antistes
963 1446 1122 1499 unius
1160 1445 1346 1497 uxoris
1390 1444 1474 1497 vir
1515 1443 1784 1512 signiﬁcat
1813 1459 1880 1498 ex
1909 1444 2161 1498 munibus

573 1537 821 1606 gentibus
848 1538 1111 1592 unitatem
1139 1536 1232 1590 uni
1257 1537 1372 1590 viro
1397 1536 1666 1590 subditam
1711 1535 1948 1600 Christo,
1976 1551 2081 1605 qua
2107 1545 2162 1590 et

571 1644 718 1684 nunc
757 1630 1088 1700 perﬁcietur,
1133 1643 1255 1683 cum
1301 1627 1623 1681 revelaverit
1658 1629 1868 1683 occulta
1915 1629 2162 1683 tenebra-

570 1736 710 1787 rum,
737 1729 791 1774 et
820 1728 1050 1785 caetera;
1091 1736 1234 1775 nunc
1273 1729 1452 1774 autem
1487 1726 1612 1772 sunt
1669 1718 1987 1784 manifesta),
2033 1729 2159 1776 sunt

2267 527 2411 581 enim
2441 525 2690 581 libertate
2729 541 3014 596 possumus
3056 529 3262 585 alienos
3307 530 3436 587 ﬁlios
3457 539 3692 608 corripere,
3707 557 3744 602 et

2269 618 2462 672 docere
2513 631 2632 686 quae
2677 626 2825 672 recta
2871 626 3027 684 sunt,
3077 635 3201 674 cum
3247 622 3396 678 nobis
3436 627 3591 681 statim
3625 637 3744 700 possit

2266 709 2358 778 qui
2399 717 2680 777 correptus
2705 716 2789 763 est
2829 708 3076 778 ingerere
3103 725 3118 764 :
3165 710 3303 765 Ante
3330 712 3452 768 doce
3479 713 3597 772 ﬁlios
3631 725 3744 778 tuos!

2264 799 2373 854 Aut
2395 815 2500 871 qua
2531 799 2708 856 fronte
2726 809 3040 856 extraneum
3061 803 3295 872 corripio
3317 803 3642 875 fornicantem,
3660 829 3742 868 cum

2266 889 2400 944 mihi
2447 893 2781 946 conscientia
2841 907 2959 946 mea
2995 893 3108 963 ipsa
3151 896 3499 963 respondeat:
3529 899 3744 961 Exhereda

2264 993 2395 1051 ergo
2424 980 2593 1036 ﬁlium
2625 981 3001 1048 fornicantem,
3028 983 3200 1054 abjice
3243 985 3374 1041 ﬁlios
3406 995 3513 1043 tuos
3536 991 3652 1046 vitiis
3669 1009 3742 1049 ser-

2264 1073 2518 1128 vientes?
2566 1074 2700 1130 Cum
2749 1085 2928 1131 autem
2959 1091 3197 1146 nequam
3241 1077 3379 1134 ﬁlius
3423 1080 3472 1134 in
3516 1097 3602 1136 una
3625 1093 3743 1140 tecum

2265 1167 2555 1222 conveniat
2583 1167 2762 1234 domo,
2789 1179 2842 1224 tu
2874 1169 3039 1225 audes
3063 1171 3129 1225 de
3159 1171 3378 1227 alterius
3394 1171 3534 1228 oculo
3560 1174 3743 1233 festucam

2265 1259 2568 1324 detrahere,
2597 1261 2652 1314 in
2679 1268 2770 1315 tuo
2798 1263 3004 1317 trabem
3031 1279 3138 1317 non
3174 1263 3398 1318 videns?
3425 1264 3556 1336 (Luc.
3576 1271 3649 1337 vi.)
3670 1269 3744 1326 Non

2264 1351 2447 1420 itaque
2477 1353 2656 1421 justus
2681 1352 2940 1424 polluitur
2967 1369 3034 1408 ex
3057 1355 3206 1409 vitiis
3233 1356 3473 1422 ﬁliorum,
3497 1358 3575 1412 sed
3595 1359 3744 1415 libertas

2265 1443 2332 1496 ab
2362 1441 2618 1511 Apostolo
2663 1443 2920 1500 Ecclesiae
2957 1446 3193 1517 principi
3239 1456 3546 1513 reservatur,
3586 1459 3631 1502 ut
3665 1451 3744 1507 talis

2262 1531 2381 1596 ﬁat,
2415 1533 2505 1603 qui
2554 1549 2658 1589 non
2702 1535 2889 1590 timeat
2914 1546 3136 1606 propter
3161 1537 3287 1591 vitia
3339 1537 3596 1594 liberorum
3618 1551 3740 1594 extra-

2262 1640 2394 1681 neos
2419 1627 2836 1695 reprehendere.
2868 1627 3072 1682 Deinde
3117 1628 3281 1681 etiam
3310 1627 3430 1683 illud
3470 1639 3540 1683 est
3576 1629 3740 1684 inferen-

2263 1715 2388 1771 dum
2423 1719 2710 1773 adversum
2742 1733 2836 1774 eos
2883 1719 2976 1787 qui
3022 1720 3086 1772 de
3118 1720 3421 1790 episcopatu
3448 1722 3739 1780 intumescunt.

567 1811 797 1867 latentes
820 1813 1204 1877 dissensiones,
1234 1812 1397 1866 etiam
1416 1810 1563 1864 salva
1594 1810 1881 1876 charitate,
1907 1812 2046 1866 inter
2064 1828 2156 1868 eos
2185 1821 2233 1880 Β
2261 1819 2315 1864 et
2356 1817 2550 1879 putant
2599 1826 2658 1866 se
2696 1827 2805 1866 non
2847 1811 3306 1881 dispensationem
3343 1813 3544 1879 Christi,
3583 1815 3654 1869 sed
3676 1815 3741 1867 im-

567 1906 657 1975 qui
688 1921 853 1960 unum
898 1915 953 1960 et
983 1907 1034 1960 in
1067 1921 1233 1960 unum
1265 1905 1429 1960 futuri
1475 1913 1621 1970 sunt,
1653 1920 1773 1974 quce
1819 1915 1944 1959 tunc
1977 1906 2162 1976 utique

565 1997 724 2053 nullae
749 2006 930 2054 erunt.
965 1998 1150 2068 Itaque
1177 1997 1315 2052 sicut
1353 1993 1561 2051 duolms
1595 1995 1828 2050 dominis
1849 1995 2162 2066 pluribusve

567 2091 794 2156 servire,
842 2090 920 2145 sic
950 2105 978 2143 a
1026 2081 1149 2145 vivo
1181 2089 1295 2143 viro
1328 2089 1559 2143 transire
1600 2089 1654 2142 in
1685 2088 1906 2143 alterius
1950 2104 2157 2143 connu—

563 2183 710 2238 llium
742 2199 842 2239 nec
899 2192 1025 2239 tunc
1066 2182 1236 2244 licuit,
1274 2197 1373 2237 nec
1419 2197 1559 2236 lltlllc
1603 2181 1748 2245 licet,
1796 2197 1896 2236 nec
1920 2197 2156 2250 unquam

562 2276 786 2342 licebit;
819 2287 1122 2346 apostatare
1167 2277 1362 2346 quippe
1402 2277 1471 2330 ab
1497 2291 1603 2330 uno
1637 2276 1767 2339 Deo,
1793 2284 1849 2332 et
1880 2276 1957 2330 ire
2000 2277 2051 2329 in
2080 2276 2158 2329 al-

565 2368 736 2423 terius
766 2369 1124 2423 adulterinam
1176 2366 1642 2436 superstitionem,
1692 2379 1903 2435 semper
1929 2373 2012 2420 est
2041 2382 2156 2419 ma-

561 2459 695 2513 lum.
747 2458 858 2514 Nec
881 2474 1043 2514 causa
1092 2473 1223 2528 ergo
1257 2456 1644 2511 numerosioris
1696 2456 1863 2526 prolis
1908 2455 2155 2510 fecerunt

563 2551 738 2608 sancti
762 2552 934 2606 nostri
958 2551 1098 2621 quod
1131 2550 1265 2606 Cato
1311 2549 1508 2605 dicitur
1533 2547 1731 2604 fecisse
1772 2549 2065 2614 Romanus,
2094 2557 2154 2602 ut

559 2643 801 2698 traderet
830 2643 985 2697 vivus
1011 2657 1235 2696 uxorem
1261 2643 1425 2696 etiam
1472 2640 1526 2694 in
1564 2640 1791 2695 alterius
1818 2640 2056 2705 domum,
2096 2648 2151 2695 et

557 2733 639 2786 sic
669 2731 792 2787 ﬁliis
819 2731 1050 2802 impleta;
1079 2739 1203 2786 sunt
1229 2749 1243 2797 ;
1300 2733 1353 2787 in
1388 2740 1695 2787 nostrarum
1725 2732 1925 2803 quippe
1949 2731 2149 2802 nuptiis

471 2847 476 2850 ·
555 2825 680 2898 plus
733 2825 877 2882 valet
931 2827 1190 2882 sanctitas
1241 2826 1569 2881 sacramenti
1627 2837 1789 2895 quam
1847 2823 2149 2880 fecunditas

553 2919 716 2974 uteri.
759 2918 956 2992 (Ηὶεν.)
982 2919 1048 2974 Et
1081 2919 1302 2989 quidem
1338 2933 1459 2974 esse
1513 2919 1630 2974 sine
1679 2918 1907 2974 crimine
1939 2915 2148 2986 episco-

553 3029 704 3083 pum,
735 3013 850 3068 sive
877 3012 1280 3084 presbyterum,
1311 3020 1368 3066 et
1394 3026 1558 3066 unam
1585 3025 1810 3065 uxorem
1845 3010 2065 3074 habere,
2091 3007 2144 3061 in

557 3115 744 3160 nostra
781 3112 868 3159 est
894 3113 1184 3174 potestate.
1233 3102 1502 3159 Caeterum
1532 3101 1662 3156 illud
1688 3101 1832 3172 quod
1873 3100 2140 3171 sequitur,

2262 1901 2474 1970 perium
2522 1911 2864 1967 consecutos,
2919 1903 3044 1972 quia
3097 1920 3206 1960 non
3246 1906 3421 1960 statim
3465 1907 3664 1961 omnibus
3688 1907 3741 1961 his

2261 1994 2513 2050 meliores
2541 1996 2650 2049 sint
2703 1996 3011 2065 quicunque
3047 1999 3286 2067 episcopi
3331 2015 3433 2053 non
3458 1998 3623 2052 fuerint
3647 1998 3743 2052 ordi-

2259 2096 2394 2161 nati,
2430 2105 2485 2151 et
2506 2110 2574 2151 ex
2599 2112 2663 2151 eo
2691 2097 2834 2166 quod
2867 2097 2969 2167 ipsi
3015 2097 3177 2152 electi
3209 2108 3350 2163 sunt,
3378 2114 3432 2153 sc
3455 2100 3600 2169 magis
3619 2099 3742 2153 existi

2260 2196 2408 2244 ment
2430 2187 2828 2257 comprobatos.
2869 2187 2976 2242 Sed
3027 2189 3334 2260 intelligant
3371 2199 3615 2260 propterea
3638 2204 3742 2260 quos-

2259 2275 2381 2331 dam
2408 2295 2436 2332 a
2465 2280 2769 2334 sacerdotio
2797 2289 3054 2345 remotos,
3096 2280 3224 2350 quia
3267 2296 3358 2336 eos
3399 2281 3641 2336 liberorum
3661 2279 3742 2334 vitia

2256 2371 2620 2439 impedierint.
2657 2370 2715 2426 Si
2762 2380 2940 2424 autem
2979 2382 3212 2442 peccata
3256 2373 3474 2428 ﬁliorum
3514 2375 3570 2428 ab
3600 2373 3742 2441 cpisco-

2255 2471 2388 2532 patu
2424 2461 2630 2530 justum
2671 2462 2986 2532 prohibent,
3023 2473 3234 2534 quanto
3263 2465 3426 2535 magis
3449 2481 3501 2520 se
3535 2463 3740 2532 unusquis-

2253 2569 2358 2624 que
2381 2555 2757 2619 considerans,
2783 2563 2838 2609 et
2867 2556 3069 2623 sciens,
3093 2559 3225 2628 quia
3262 2577 3280 2608 ι
3316 2567 3538 2628 potentes
3570 2564 3742 2626 potenter

2254 2651 2520 2704 tormenta
2538 2650 2812 2718 patientur
2834 2670 2851 2702 ι
2871 2648 3023 2723 (Sap.
3047 2650 3152 2721 vr),
3176 2652 3414 2706 retrahet
3431 2664 3484 2705 se
3507 2649 3561 2702 ab
3581 2647 3657 2702 hoc
3672 2661 3738 2698 non

2252 2741 2592 2812 tamzhonore
2614 2758 2777 2814 quam
2807 2759 2995 2812 onere,
3011 2753 3066 2800 et
3091 2745 3326 2801 aliorum
3354 2745 3514 2800 locum
3538 2741 3612 2811 qui
3629 2737 3743 2809 magis

2249 2832 2395 2904 digni
2418 2842 2546 2888 sunt
2573 2851 2681 2890 non
2705 2837 2908 2891 ambiet
2931 2851 3209 2908 occupare
3233 2837 3245 2891 !
3277 2837 3355 2892 Ad
3375 2844 3654 2895 extremum,
3674 2829 3740 2883 hoc

2249 2923 2535 2981 dicendum
2560 2937 2642 2982 est
2663 2928 2714 2982 in
2739 2925 3037 2999 Scripturis
3061 2944 3163 2998 per
3189 2929 3328 2984 ﬁlios
3352 2926 3607 3002 λογισμούς.
3640 2921 3676 2976 id
3689 2911 3741 2975 ⁸⁵⁸

2248 3020 2622 3089 cogitationes;
2662 3037 2760 3092 per
2809 3021 2948 3077 ﬁlias
3000 3036 3158 3089 vero,
3197 3023 3416 3102 πράξεις,
3453 3018 3500 3074 id
3531 3025 3599 3072 es!
3623 3026 3738 3082 0P9"!

2248 3109 2495 3184 intelligi,
2521 3123 2576 3169 et
2603 3129 2726 3169 eum
2749 3131 2894 3171 nunc
2913 3116 3138 3187 praecipi
3159 3115 3352 3172 debere
3377 3115 3636 3185 episcopum
3648 3104 3741 3167 ﬁeri.

559 3214 578 3249 ι
616 3195 820 3250 habere
851 3194 988 3250 ﬁlios
1013 3194 1220 3261 ﬁdeles,
1248 3208 1355 3250 non
1401 3193 1456 3248 in
1500 3192 1848 3248 accusatione
1899 3191 2149 3257 luxuriae,
2177 3183 2226 3250 C
2257 3205 2349 3275 qui
2379 3183 2440 3261 θεέ
2461 3206 2815 3278 cogitationes
2856 3183 3100 3279 βείομαι-ᾇ
3127 3209 3183 3264 in
3208 3224 3302 3263 sua
3330 3183 3510 3263 habeat
3526 3204 3736 3274 potestate,

559 3299 624 3342 ac
671 3301 778 3341 non
827 3285 1094 3351 subditos,
1122 3303 1143 3338 ι
1184 3295 1340 3340 extra
1389 3292 1633 3339 nostram
1684 3291 1769 3338 est
1797 3281 2152 3346 voluntatem.

555 3379 688 3435 Esto
714 3378 912 3449 quippe
931 3386 1186 3448 parentes
1206 3377 1346 3432 bene
1366 3375 1668 3431 instituisse
1695 3373 1897 3430 liberos
1925 3389 2072 3440 suos,
2099 3382 2157 3430 et

554 3489 584 3527 a
610 3486 776 3544 parva
807 3479 964 3526 aetate
992 3485 1204 3540 semper
1237 3468 1532 3524 Dominicis
1557 3468 1800 3524 erudisse
1827 3468 2111 3539 praeceptis
2135 3483 2150 3520 :

557 3565 611 3620 hi
639 3564 683 3619 si
709 3570 897 3634 postea
921 3561 1150 3616 luxuriae
1172 3575 1230 3616 se
1252 3559 1502 3616 dederint
1522 3568 1576 3616 et
1604 3561 1841 3631 superati
1862 3561 2008 3616 vitiis
2034 3561 2155 3616 libi-

555 3657 665 3712 dini
717 3655 866 3711 frena
897 3653 1261 3725 permiserint,
1313 3653 1556 3722 nunquid
1593 3653 1749 3724 culpa
1790 3654 1858 3709 ad
1902 3662 2154 3724 parentes

555 3749 912 3812 redundabit,
955 3757 1012 3803 et
1052 3748 1398 3803 sanctitatem
1441 3747 1615 3818 patris
1645 3747 1737 3802 ﬁlii
1775 3756 2000 3818 peccata
2038 3765 2154 3804 ma-

555 3840 854 3898 culabunt?
886 3838 943 3894 Si
990 3838 1114 3909 quis
1144 3839 1285 3894 bene
1309 3837 1544 3894 erudivit
1591 3837 1732 3894 ﬁlios
1775 3854 1926 3906 suos,
1979 3839 2034 3894 in
2064 3839 2151 3895 his

551 3941 682 4004 puto
713 3931 880 3986 fuisse
907 3939 962 3985 et
997 3930 1171 3996 Isaac,
1209 3930 1301 4000 qui
1353 3931 1538 4000 utique
1585 3929 1728 3985 Esau
1774 3930 1944 3985 ﬁlium
1990 3946 2147 3987 suum

556 4027 700 4079 bene
734 4024 1036 4078 instituisse
1064 4021 1368 4078 credendus
1402 4031 1504 4077 est.
1551 4022 1746 4078 Verum
1795 4023 1936 4078 Esau
1983 4022 2152 4080 forni-

552 4117 732 4171 carius
757 4125 813 4170 et
855 4113 1112 4185 profanus
1145 4129 1244 4184 pro
1296 4128 1404 4168 una
1429 4128 1554 4169 esca
1598 4113 1840 4169 vendidit
1874 4113 2149 4185 primoge-

551 4210 666 4263 nita
697 4224 794 4263 sua
841 4207 993 4279 (Gen.
1016 4222 1148 4271 xxv,
1176 4206 1511 4282 xxvt,_seq.).
1545 4206 1764 4262 Samuel
1791 4222 2026 4276 quoque,
2055 4205 2149 4277 qui

554 4299 678 4353 talis
703 4298 806 4353 fuit
845 4306 902 4350 ut
939 4298 1219 4352 invocaret
1250 4297 1540 4353 Dominum
1588 4305 1645 4352 et
1689 4299 1950 4354 Dominus
1979 4313 2150 4353 exau-

553 4390 696 4445 diret
723 4403 867 4452 eum,
903 4398 960 4442 et
989 4389 1043 4442 in
1070 4397 1312 4459 tempore
1341 4389 1537 4443 messis
1562 4389 1800 4458 pluviam
1824 4391 2021 4446 hiemis
2047 4390 2150 4445 im-

552 4488 817 4554 petraret,
849 4481 1039 4536 habuit
1089 4481 1229 4537 ﬁlios
1266 4481 1359 4552 qui
1399 4481 1811 4537 declinaverunt
1856 4491 1978 4554 post
2019 4499 2150 4539 ava-

556 4577 758 4642 ritiam,
787 4583 844 4630 et
869 4575 1210 4647 accipiebant
1238 4589 1489 4642 munera,
1515 4582 1570 4630 et
1591 4582 1703 4629 tam
1735 4575 1906 4646 iniqui
1932 4575 2147 4646 judices

552 4668 900 4732 exstiterunt,
931 4675 989 4722 ut
1038 4667 1268 4738 populus
1315 4682 1658 4737 nequaquam
1697 4665 1902 4734 ferens,
1959 4683 2144 4741 regem

552 4762 656 4818 sibi
694 4762 748 4817 in
773 4761 1182 4818 similitudinem
1228 4769 1549 4818 czeterarum
1578 4762 1818 4833 gentium
1845 4761 2146 4831 postularet

553 4854 605 4926 (1
637 4853 763 4926 Reg.
787 4855 928 4928 vm).
961 4854 1105 4928 Ergo
1157 4855 1204 4911 si
1252 4855 1446 4912 electio
1494 4855 1649 4910 ﬁeret
1700 4855 2046 4910 sacerdotum
2089 4864 2148 4910 et

551 4945 702 5002 Isaac
733 4955 949 5016 propter
984 4945 1149 5014 Esau,
1201 4955 1258 5002 et
1300 4946 1519 5002 Samuel
1568 4953 1790 5017 propter
1827 4943 1967 5000 ﬁlios
1994 4959 2142 5013 suos,

553 5037 758 5108 indigni
799 5038 1102 5093 sacerdotio
1135 5047 1473 5110 putarentur.
1502 5036 1571 5092 Et
1610 5034 1738 5094 cum
1777 5044 2001 5108 peccata
2049 5052 2146 5108 pa-

553 5137 767 5194 rentum
808 5129 932 5184 ﬁliis
969 5147 1076 5185 non
1120 5133 1473 5202 imputentur,
1523 5146 1864 5202 nequaquam
1897 5130 2014 5202 jam
2053 5131 2146 5186 illa

550 5228 769 5299 vigente
797 5223 1105 5280 sententia:
1143 5242 1172 5275 ι.
1213 5232 1466 5292 parentes
1515 5237 1674 5277 uvam
1707 5223 1955 5278 acerbam
1985 5239 2144 5277 man-

553 5323 909 5381 ducaverunt,
937 5327 991 5373 et
1015 5318 1203 5372 dentes
1225 5315 1458 5370 ﬁliorum
1484 5317 1881 5385 obstupuerunt
1925 5315 2144 5387 (Ezech.

551 5414 730 5486 xvm),
770 5433 788 5466 ι
845 5411 1076 5466 ﬁliorum
1123 5407 1252 5461 vitia
1303 5405 1620 5476 parentibus
1675 5403 2144 5475 prtejudicalnmt?

553 5510 794 5564 Primum
827 5505 1008 5572 itaque
1036 5501 1319 5556 dicendum
1347 5507 1428 5550 est
1458 5497 1599 5566 quod
1633 5506 1740 5550 tam
1773 5507 2022 5552 sanctum
2049 5514 2146 5551 no-

551 5615 677 5654 men
701 5598 771 5651 sit
795 5593 1110 5657 sacerdotii,
1138 5601 1197 5644 ut
1239 5589 1395 5644 nobis
1435 5587 1598 5642 etiam
1622 5602 1684 5641 ea
1713 5601 1833 5655 quae
1859 5596 2013 5642 extra
2047 5604 2145 5643 nos

552 5697 679 5744 sunt
705 5687 904 5758 posita,
953 5690 1292 5756 reputentur,
1323 5696 1428 5736 non
1457 5678 1600 5749 quod
1647 5687 1871 5749 propter
1895 5678 2022 5732 vitia
2047 5695 2145 5734 no-

555 5789 668 5844 atra
703 5779 938 5852 episcopi
968 5795 1073 5835 non
1112 5776 1338 5832 ﬁamus:
1373 5774 1466 5831 sed
1493 5771 1636 5844 quod
1664 5779 1885 5843 propter
1912 5771 2143 5830 ﬁliorum

2257 3303 2314 3352 et
2344 3312 2475 3353 vere
2510 3298 2699 3354 credat
2723 3299 2778 3354 in
2813 3298 3055 3364 Christo,
3086 3307 3147 3354 et
3172 3298 3315 3355 nulla
3336 3291 3668 3367 subrepentium
3689 3285 3744 3338 vi-

2255 3387 2458 3442 tiorum
2493 3387 2614 3444 labe
2657 3390 2982 3446 maculetur.
3013 3409 3032 3443 ε
3081 3389 3313 3464 Oportet
3353 3390 3484 3446 enim
3518 3385 3741 3456 episcopum

2256 3480 2376 3536 sine
2425 3480 2652 3538 crimine
2701 3497 2842 3550 esse,
2891 3493 3158 3554 tanquam
3203 3484 3300 3540 Dei
3344 3483 3735 3553 dispensatorem:

2255 3570 2526 3638 Quaeritur
2549 3588 2680 3646 ergo
2710 3574 2855 3630 inter
2877 3576 3306 3647 dispensatores,
3337 3583 3396 3631 ut
3417 3571 3565 3628 ﬁdelis
3585 3567 3672 3638 quis
3689 3563 3740 3618 in“

2252 3664 2506 3720 veniatur
2534 3675 2589 3722 et
2639 3683 2745 3723 non
2778 3669 3068 3724 comedens
3095 3679 3153 3726 et
3207 3671 3393 3726 bibens
3418 3681 3525 3723 cum
3566 3656 3736 3720 ebriosis.

2251 3757 2521 3824 percutiat
2572 3773 2760 3814 servos
2801 3768 2857 3814 et
2898 3761 3148 3828 ancillas,
3191 3763 3281 3818 sed
3323 3763 3556 3816 incertum
3590 3743 3737 3806 Domini

2253 3857 2534 3918 exspectet
2555 3850 2867 3916 adventum,
2891 3859 2947 3906 et
2986 3852 3076 3907 det
3109 3852 3388 3907 conservis
3416 3850 3463 3904 in
3491 3833 3738 3913 temporeci'

2253 3938 2428 3995 baria.
2462 3940 2624 4002 inter
2656 3941 2894 3996 villicum
2928 3953 3106 3998 autem
3165 3952 3221 4000 et
3267 3942 3506 3998 familiam
3547 3938 3634 3991 haec
3666 3926 3737 3984 50h

2253 4031 2507 4087 distantia
2531 4043 2615 4089 est
2634 4034 2776 4105 quod
2803 4049 3100 4091 conservus
3121 4035 3436 4106 praepositus
3455 4039 3524 4087 est
3547 4018 3737 4106 conservis

2251 4123 2382 4177 suis.
2412 4123 2639 4194 (Ambr.)
2671 4124 2787 4179 Duo
2817 4125 2919 4180 hoc
2964 4124 3018 4178 in
3060 4123 3184 4180 loco
3226 4105 3452 4180 ostendit
3471 4133 3572 4190 qua:
3596 4105 3737 4167 anobis

2244 4212 2357 4283 jam
2380 4215 2521 4269 dicta
2551 4225 2678 4269 sunt
2699 4215 2750 4269 in
2784 4217 2956 4284 prima
2997 4215 3238 4286 Epistola
3269 4210 3536 4275 Timothei,
3561 4201 3736 4277 quoniam

2251 4304 2372 4360 illos
2400 4307 2493 4375 qui
2524 4320 2670 4361 nunc
2715 4309 3062 4361 nominantur
3092 4305 3411 4378 presbyteri,
3457 4315 3546 4356 non
3589 4291 3738 4378 ΡῖθξδΫ

2251 4403 2400 4452 teros
2427 4396 2622 4464 solum,
2665 4399 2760 4454 sed
2799 4407 2854 4452 et
2896 4377 3182 4468 episcopos
3226 4377 3352 4452 tunc
3397 4391 3622 4448 dicebant.
3647 4377 3736 4434 Nam

2252 4488 2381 4544 dum
2403 4488 2558 4558 dicit,
2586 4508 2606 4542 ί
2636 4498 2695 4546 ut
2717 4490 3015 4546 constituas
3042 4503 3142 4561 per
3163 4489 3404 4544 civitates
3423 4480 3734 4561 presbytero?

2172 4549 2228 4610 Β
2252 4587 2308 4635 et
2337 4579 2404 4635 de
2449 4549 2786 4652 presbyteris
2831 4549 3114 4650 disputans
3143 4579 3327 4650 adjicit
3352 4595 3365 4632 :
3393 4549 3738 4643 «Ὀροηειαιίω

2251 4668 2562 4740 episcopum
2609 4669 3140 4739 irreprchensibilem
3166 4685 3306 4735 esse,
3337 4667 3469 4722 sicut
3491 4659 3570 4717 Dei
3593 4654 3739 4720 dispen-

2253 4770 2488 4816 satorem
2515 4779 2530 4829 ;
2554 4781 2573 4814 ›
2603 4770 2658 4817 et
2686 4761 2830 4832 quod
2868 4761 3079 4816 dixerat
3099 4777 3199 4833 per
3225 4761 3460 4817 civitates
3485 4748 3739 4825 ρι’θεδῐιεωε

2251 4851 2452 4908 debere
2503 4852 2782 4918 constitui,
2827 4853 2918 4924 qui
2968 4853 3319 4910 ecclesiarum
3368 4848 3554 4922 possint
3585 4833 3738 4930 illlP'f’f

2254 4943 2743 5014 dispensationem,
2785 4917 3097 5014 provincias
3141 4943 3339 5001 etenim
3369 4917 3589 5007 integras
3617 4927 3658 4981 in
3689 4917 3740 4973 id“

2255 5034 2436 5104 ipsum
2465 5035 2877 5090 committebant
2901 5034 3030 5101 illis,
3053 5035 3248 5106 quibus
3272 5025 3533 5089 ordinandi

2247 5135 2358 5184 tem
2388 5128 2716 5199 praebebant,
2751 5129 2841 5198 qui
2876 5128 3124 5185 civitates
3151 5131 3502 5199 peragrantes,
3527 5115 3740 5201 sicutelll'

2249 5225 2396 5294 scopi
2427 5225 2674 5294 regiones
2696 5239 2846 5289 suas,
2881 5239 2976 5280 eos
3002 5225 3092 5294 qui
3123 5224 3174 5278 in
3207 5214 3538 5274 ministerium
3559 5197 3738 5294 Εαῖιεειξ

2249 5291 2427 5370 minus
2449 5291 2568 5369 esse
2591 5315 2933 5379 videbantur,
2955 5291 3296 5373 ordinabant,
3326 5319 3378 5363 et
3419 5291 3738 5390 docebant

2251 5421 2346 5462 eos
2385 5404 2565 5460 facere
2595 5406 2969 5470 conveniebat,
3023 5405 3336 5460 ordinantes
3375 5391 3606 5457 simuldne

2253 5505 2462 5551 tuentes
2493 5497 2753 5566 singulos,
2781 5498 2920 5552 sicut
2958 5496 3210 5566 expedire
3246 5482 3608 5576 existimabant-

2247 5605 2378 5644 vero
2409 5591 2495 5645 isti
2520 5591 2618 5660 ipsi
2645 5590 2736 5660 qui
2763 5591 3088 5644 ordinationi
3131 5591 3385 5660 praeerant
3414 5567 3604 5647 ³Ρ⁰⁵⁸⁰¹ί
3635 5559 3735 5660 (hic:

2248 5651 2573 5745 bantur,con
2581 5651 2775 5752 templa
2784 5682 2929 5736 tione
2942 5651 3156 5750 quidem
3177 5670 3472 5734 reverentiae
3482 5665 3568 5718 hoc
3581 5651 3734 5752 notati:8

2251 5785 2310 5828 se
2358 5743 2541 5828 vocari
2593 5743 2755 5846 grave
2784 5743 3178 5838 existimantes,
3215 5743 3732 5840 praeelegerunbmse‘
