3992 6338
242 333 360 390 665

759 322 1312 383 ENARRATIONUM
1351 321 1419 380 IN
1456 318 1604 379 EPP.
1644 319 1848 379 mum
1887 321 2014 378 LIB.
2057 321 2223 379 xxv.
2262 353 2330 364 —
2367 323 2434 379 IN
2474 277 2704 381 EPIST.‘
2733 327 2825 380 AD
2859 326 2990 382 TIT.

3411 327 3514 382 666

243 446 490 506 cundum
536 441 982 500 consuetudinem
1033 454 1154 510 quae
1204 439 1271 495 ad
1300 453 1539 508 praesens
1589 438 1842 504 habetur,
1870 441 1921 500 A
1947 453 2067 509 quae
2098 439 2236 494 solet
2263 455 2328 494 ex
2355 440 2593 495 vinaceis
2641 440 2778 504 ﬁeri,
2805 439 3043 508 potione,
3070 440 3324 510 omnique
3345 440 3518 500 sicera

241 539 635 610 episcoporum
687 534 790 592 sibi
838 530 1100 587 vocabula
1156 530 1528 586 vindicarent:
1587 543 1652 583 eo
1700 529 1847 598 quod

247 631 624 701 apostolorum
678 623 898 680 nomine
942 638 1012 677 se.
1039 621 1223 676 vocari
1265 622 1349 676 sui
1375 620 1552 675 meriti
1583 618 1845 689 majorem

245 737 378 778 esse
408 719 728 776 censebant.
763 714 822 770 Si
873 722 1057 770 autem
1087 729 1194 768 non
1243 713 1346 767 hoc
1378 712 1450 766 ita
1495 726 1554 766 se
1597 709 1844 788 haberet,

250 828 367 867 non
395 810 583 880 utique
606 808 842 864 diceret:
868 813 926 860 ut
955 805 1256 860 constituas
1285 816 1383 874 per
1405 801 1679 856 civitatem
1724 815 1848 871 pre-

249 905 527 976 sbyteros,
542 900 638 955 sed
663 899 898 954 diceret:
929 903 990 951 ut
1009 895 1306 950 constituas
1325 909 1422 963 per
1441 892 1710 948 civitatem
1726 891 1843 961 epi-

251 1012 506 1067 scopum,
535 994 629 1064 qui
654 993 945 1048 ordinatus
975 997 1167 1044 cuncta
1194 1003 1316 1058 quae
1343 987 1434 1041 illo
1465 986 1643 1040 minus
1683 985 1849 1040 habe-

249 1092 461 1146 bantur
486 1095 698 1160 poterat
734 1083 1046 1154 adimplere.
1091 1080 1292 1154 (Ηὶεν.)
1342 1078 1494 1135 Sciat
1528 1080 1710 1147 itaque
1735 1077 1847 1148 cpi-

251 1198 458 1255 scopus
497 1190 553 1237 et
590 1179 872 1250 presbyter
922 1174 1026 1231 sibi
1071 1173 1326 1245 populum
1350 1167 1671 1227 conservum
1702 1183 1844 1232 esse,

260 1291 377 1330 non
421 1287 662 1329 servum.
696 1269 901 1326 Caetera
933 1282 1062 1323 vero
1103 1282 1223 1336 quae
1271 1274 1572 1335 sequuntur
1603 1263 1655 1316 in
1689 1260 1847 1316 nobis

250 1366 436 1436 posita
482 1372 627 1418 sunt.
649 1381 666 1412 ι
716 1360 832 1416 Νοη
860 1367 1193 1431 protervum,
1221 1377 1240 1409 ι
1274 1357 1326 1412 id
1355 1366 1458 1422 est,
1493 1371 1597 1410 non
1637 1361 1848 1410 tumen-

253 1470 372 1514 tem
396 1467 455 1514 et
478 1457 782 1527 placentem
814 1453 917 1509 sibi
947 1452 1091 1523 quod
1117 1451 1402 1521 episc0pus
1425 1450 1516 1514 sit,
1549 1449 1666 1514 sed,
1692 1445 1848 1517 quasi

252 1552 460 1608 bonum
492 1549 754 1613 villicum,
797 1548 850 1602 id
879 1547 1246 1616 requirentem
1279 1545 1419 1614 quod
1453 1542 1696 1612 pluribus
1723 1556 1848 1610 pro-

255 1646 352 1699 sit.
378 1663 396 1695 ι
434 1641 549 1696 Non
603 1640 944 1696 iracundum.
979 1659 996 1690 ι
1032 1637 1328 1695 Iracundus
1376 1645 1459 1691 est
1501 1635 1590 1704 qui
1633 1648 1848 1703 semper

254 1737 540 1801 irascitur,
589 1743 646 1790 et
691 1734 759 1788 ad
808 1733 980 1787 levem
1030 1729 1398 1800 responsionis
1451 1742 1635 1781 auram
1683 1734 1847 1793 atque

1949 545 2069 600 quae
2107 539 2343 585 mentem
2393 532 2459 584 ab
2498 531 2705 600 integra
2761 530 2992 584 sanitate
3041 531 3316 600 pervertit.
3366 531 3522 588 Dicat

1949 623 2178 691 quisque
2207 622 2348 690 quod
2370 621 2542 676 volet:
2577 637 2676 692 ego
2701 621 2891 690 loquor
2917 620 3302 676 conscientiam
3323 637 3518 677 meam.
3596 669 3611 684 .

1952 712 2079 768 Scio
2107 713 2238 766 mihi
2266 712 2646 766 abstinentiam
2683 721 2736 766 et
2761 712 3006 767 nocuisse
3055 711 3440 779 intermissam,
3467 722 3523 768 et

1948 803 2214 875 profuisse
2264 803 2568 873 repetitam.
2633 802 2762 856 Post
2811 803 3160 857 vinolentiam
3210 804 3373 858 etiam
3422 805 3526 860 hoc

1948 899 2226 968 praecepit,
2259 912 2327 952 ne
2353 911 2642 966 percussor
2665 897 2770 951 sit:
2794 896 2938 966 quod
2967 896 3183 966 quidem
3212 897 3526 966 simpliciter

1949 991 2278 1046 intellectum
2323 988 2554 1046 aediﬁcat
2602 990 2927 1053 audientem,
2981 1005 3050 1046 ne
3103 989 3260 1044 facile
3307 1005 3523 1044 manum

1948 1082 2189 1152 porrigat
2216 1082 2283 1135 ad
2310 1081 2645 1145 caedendum,
2681 1095 2748 1134 ne
2777 1078 2831 1132 in
2871 1094 2934 1134 os
2979 1078 3203 1133 alterius
3232 1079 3527 1133 verberan-

1949 1175 2077 1228 dum
2107 1173 2330 1228 insanus
2377 1181 2644 1240 erumpat.
2694 1171 2884 1226 Melius
2927 1184 3104 1226 autem
3151 1179 3256 1235 est,
3308 1178 3368 1222 ut
3415 1184 3524 1224 non

1949 1279 2326 1335 percussorem
2352 1264 2500 1318 illum
2535 1277 2655 1318 esse
2704 1263 2966 1326 dicamus,
3015 1263 3104 1331 qui
3137 1269 3450 1316 mansuetus
3473 1271 3529 1315 et

1947 1357 2178 1426 patiens,
2211 1357 2316 1411 scit
2343 1356 2395 1408 in
2424 1365 2662 1425 tempore
2691 1355 2818 1424 quid
2849 1355 3173 1424 loquendum
3203 1355 3292 1420 sit,
3329 1353 3526 1422 quidve

1953 1449 2258 1512 tacendum,
2313 1462 2411 1501 nec
2452 1460 2700 1501 sermone
2738 1446 2912 1500 inutili
2964 1446 3346 1501 conscientiam
3400 1459 3525 1512 per-

1951 1542 2085 1596 cutit
2145 1539 2501 1593 inﬁrmorum.
2563 1537 2678 1593 Non
2735 1537 2879 1592 enim
2935 1536 3225 1606 Apostolus
3275 1532 3526 1589 Ecclesiae

1947 1633 2244 1704 principem
2279 1630 2537 1696 formans,
2566 1638 2715 1685 vetat
2760 1644 2880 1684 esse
2918 1628 3151 1699 pugilem
3201 1635 3256 1682 et
3293 1640 3524 1696 pancra-

1953 1723 2166 1786 tiasten,
2197 1721 2338 1791 quod
2372 1721 2535 1773 etiam
2586 1720 2638 1773 in
2669 1719 2878 1788 plebeio
2903 1727 2956 1773 et
3000 1730 3318 1787 quocunque
3343 1711 3529 1785 gentili

251 1829 489 1899 peccati,
519 1826 671 1896 quasi
703 1841 732 1878 a
763 1832 926 1878 vento
957 1821 1143 1877 folium
1186 1827 1575 1894 commovetur.
1605 1817 1671 1870 Et
1721 1830 1848 1870 vere
1875 1813 1922 1872 B
1951 1814 1994 1867 si
2027 1811 2211 1875 fuerit,
2236 1808 2680 1880 reprehenditur:
2715 1809 2806 1863 sed
2843 1808 2968 1873 hoc,
2997 1815 3054 1860 ut
3085 1805 3216 1870 dixi,
3245 1820 3315 1859 ne
3343 1811 3531 1859 contu-

249 1919 392 1974 nibil
421 1927 505 1974 est
534 1916 730 1972 foedius
751 1921 1082 1986 praeceptore
1107 1910 1334 1973 furioso,
1366 1909 1457 1980 qui
1491 1923 1611 1962 cum
1643 1907 1837 1961 debeat

247 2024 378 2064 esse
421 2015 756 2072 mansuetus,
809 2012 864 2060 et
913 2004 1208 2058 secundmn
1240 1979 1541 2070 illudquod
1587 1998 1846 2067 scriptum
1891 1979 1903 2006 ⁸

254 2109 421 2155 est”
449 2099 678 2154 Servum
711 2106 889 2151 autem
921 2094 1132 2148 Domini
1165 2109 1268 2147 non
1295 2100 1508 2159 oportet
1532 2090 1723 2155 rixari,
1753 2087 1846 2144 sed

250 2191 518 2248 humilem
544 2205 662 2244 esse
683 2187 750 2242 ad
773 2202 984 2251 omnes,
1001 2187 1300 2251 doctorem,
1316 2185 1608 2254 patientem
1629 2191 1682 2238 et
1703 2198 1848 2236 man-

251 2283 547 2338 suetudine
575 2280 909 2335 erudientem
956 2293 1050 2333 eos
1076 2277 1168 2348 qui
1197 2285 1382 2332 contra
1413 2276 1674 2330 veniunt:
1710 2293 1726 2325 ›
1759 2272 1847 2327 ille

250 2394 284 2434 e
339 2376 559 2431 diverso
609 2381 766 2429 torvo
809 2372 977 2436 vultu,
1026 2371 1380 2425 trementibus
1429 2369 1605 2432 labiis,
1659 2376 1847 2438 rugata

251 2471 458 2534 fronte,
492 2466 770 2522 eﬁ‘renatis
807 2465 1084 2530 conviciis,
1109 2461 1245 2518 facie
1293 2463 1433 2516 inter
1473 2461 1727 2531 pallorem
1759 2475 1848 2514 ru-

249 2567 554 2634 boremque
597 2561 824 2626 variata,
851 2560 1086 2615 clamore
1131 2565 1473 2628 perstrepat:
1504 2564 1560 2609 et
1603 2562 1848 2610 errantes

249 2675 365 2714 non
415 2668 523 2712 tam
564 2656 630 2710 ad
679 2655 877 2709 bonum
914 2652 1177 2715 retrahat,
1222 2665 1384 2719 quam
1413 2650 1478 2702 ad
1517 2647 1716 2702 malum
1751 2661 1848 2702 sua

249 2749 467 2806 saevitia
514 2746 848 2818 prmcipitet;
883 2743 1005 2797 inde
1034 2750 1118 2797 est
1169 2741 1312 2812 quod
1360 2749 1414 2794 et
1453 2738 1706 2794 Salomon
1737 2738 1845 2792 ait:

260 2864 280 2897 ι
319 2841 410 2898 lra
453 2840 632 2910 perdit
660 2837 823 2893 etiam
869 2835 1141 2906 sapientes
1190 2831 1378 2896 (Eccli.
1404 2833 1542 2902 vn);
1575 2838 1666 2886 et:
1714 2849 1732 2880 ‹
1766 2828 1848 2883 Ira

257 2935 370 2991 viri
414 2931 679 3002 justitiam
727 2928 821 2983 Dei
856 2942 964 2982 non
1010 2932 1264 2996 cperatur
1295 2921 1502 2995 (Jacob.
1525 2921 1587 2993 1).
1610 2940 1628 2973 ›
1667 2919 1852 2988 Neque

249 3042 390 3084 vero
426 3025 518 3096 qui
553 3021 840 3092 aliquando
867 3018 1124 3074 irascitur
1173 3016 1463 3072 iracundus
1491 3020 1596 3079 est,
1639 3011 1733 3067 sed
1764 3010 1853 3065 ὒΞο

253 3117 460 3173 dicitur
486 3111 798 3175 iracundus,
827 3107 915 3180 qui
940 3107 1132 3163 crebro
1152 3106 1254 3161 bac
1275 3104 1526 3176 passione
1545 3111 1848 3173 superatur.

1951 1902 2209 1957 meliosus
2235 1909 2289 1953 et
2318 1900 2566 1970 garrulus
2608 1900 2798 1968 perdat
2840 1914 2985 1964 eum,
3028 1913 3186 1968 quem
3217 1896 3390 1967 potuit
3417 1909 3532 1949 mo-

1953 1993 2122 2048 destia
2151 2001 2206 2046 et
2229 1992 2449 2046 lenitate
2479 1991 2768 2062 corrigere.
2799 1989 2994 2058 Turpis
3019 2003 3233 2060 quoque
3271 1986 3405 2041 lucri
3435 2001 3531 2055 ap-

1952 2088 2150 2158 petitus
2183 2087 2337 2140 abeo
2379 2085 2470 2154 qui
2520 2085 2800 2154 episcopus
2842 2083 3053 2136 futurus
3085 2088 3188 2144 est,
3220 2094 3341 2134 esse
3371 2079 3527 2132 debet

1952 2178 2178 2234 alienus.
2212 2176 2349 2232 Sunt
2371 2178 2514 2230 enim
2544 2175 2695 2230 multi
2718 2177 2973 2230 docentes
3005 2188 3122 2240 quae
3150 2187 3256 2226 non
3292 2177 3526 2239 Oportet,

1954 2269 2126 2338 turpis
2167 2266 2300 2321 lucri
2331 2265 2501 2338 gratia
2535 2282 2546 2318 :
2579 2265 2671 2335 qui
2707 2272 2848 2317 totas
2888 2264 3075 2317 domos
3113 2261 3448 2322 subvertunt,
3479 2265 3534 2308 rt

1950 2367 2141 2430 putant
2178 2366 2440 2427 qumstum
2486 2370 2607 2410 esse
2653 2355 2907 2424 pietatem
2955 2351 3007 2426 (Ι
3038 2352 3170 2406 Tim.
3201 2349 3300 2420 vt).
3350 2347 3534 2402 Melior

1951 2462 2130 2507 autem
2150 2459 2232 2506 est
2249 2451 2402 2521 juxta
2433 2447 2774 2504 Salomonem
2797 2445 2976 2518 (Prov.
3008 2445 3120 2517 xw)
3154 2463 3172 2494 ι
3204 2442 3412 2498 modica
3441 2454 3530 2493 ac-

1953 2544 2129 2614 ceptio
2157 2559 2280 2599 cum
2319 2542 2553 2610 justitia,
2584 2555 2744 2610 quam
2793 2539 2960 2593 multa
2989 2536 3256 2605 genimina
3284 2548 3406 2588 cum
3431 2531 3534 2585 ini-

1953 2637 2198 2708 quitatc;
2239 2655 2258 2688 ι
2295 2648 2350 2690 et
2377 2633 2548 2705 magis
2578 2631 2881 2703 eligendum
2911 2631 2964 2684 in
2992 2633 3308 2699 paupertate
3334 2635 3528 2678 nomen

1952 2729 2155 2784 bonum
2209 2739 2370 2795 quam
2419 2725 2471 2778 in
2527 2723 2728 2778 divitiis
2784 2735 2978 2776 nomen
3033 2717 3326 2788 pessimum
3357 2711 3532 2786 (Psal.

1955 2817 2162 2888 xxxvi).
2198 2815 2494 2884 Episcopus
2529 2813 2621 2882 qui
2657 2812 2896 2864 imitator
2935 2824 3056 2864 esse
3102 2803 3340 2877 Apostoli
3365 2802 3535 2871 cupit,

1955 2908 2158 2964 habens
2207 2907 2408 2960 victum
2437 2912 2492 2958 et
2534 2902 2811 2965 vestitum,
2869 2901 2952 2954 his
2984 2906 3187 2954 tantum
3238 2896 3396 2952 debet
3415 2907 3536 2948 esse

1955 3007 2237 3074 contentus
2262 2995 2311 3067 (1
2337 2995 2469 3049 Tim.
2495 2996 2590 3065 vr}.
2622 2993 2722 3060 Qui
2747 2991 2938 3046 altario
2965 2989 3223 3052 serviunt,
3251 2985 3318 3040 de
3341 2983 3536 3038 altario

1953 3093 2139 3147 vivant
2194 3087 2530 3162 (ICor.1x);
2573 3087 2781 3150 vivant,
2837 3083 3029 3154 inquit,
3077 3089 3134 3136 et
3186 3093 3294 3133 non
3341 3077 3537 3131 divites

250 3205 520 3263 Prohibet
542 3214 760 3272 quoque
785 3173 1097 3269 episcOpum
1125 3210 1248 3252 esse
1275 3173 1297 3246 ξ
1333 3194 1682 3250 vinolentum.
1714 3213 1732 3246 ι
1774 3192 1851 3248 De
1880 3174 1925 3237 Ο
1958 3182 2109 3237 ﬁant.
2143 3180 2294 3237 Unde
2337 3188 2392 3233 et
2419 3193 2494 3232 aes
2538 3175 2692 3230 nobis
2742 3173 3017 3230 excutitur
3052 3186 3118 3226 ex
3148 3183 3303 3232 zona,
3336 3173 3392 3222 et
3427 3179 3535 3220 una

255 3315 369 3370 quo
393 3297 461 3352 ad
491 3294 836 3351 Timotheum
876 3289 1160 3348 scribitur:
1205 3309 1224 3342 ι
1259 3287 1378 3344 Non
1406 3287 1576 3343 multo
1603 3287 1729 3341 vino
1758 3285 1850 3341 de-

254 3391 456 3447 ditum.
489 3407 508 3441 ›
534 3385 706 3455 Quale
745 3393 829 3442 est
851 3392 1028 3439 autem
1057 3383 1365 3454 episcopum
1402 3382 1588 3436 videre
1612 3379 1854 3436 vinolen-

261 3493 402 3548 tum,
450 3491 511 3536 ut
559 3483 720 3536 sensu
771 3485 1034 3549 occupato
1077 3475 1163 3531 vel
1199 3475 1398 3531 exaltet
1449 3475 1614 3530 risum
1663 3483 1854 3530 contra

260 3573 549 3646 gravitatis
581 3571 852 3634 decorem,
897 3579 953 3625 et
997 3567 1156 3623 labiis
1201 3566 1475 3623 dissolutis
1519 3567 1850 3634 cacbimet;

259 3667 352 3722 vel
377 3666 422 3721 si
453 3663 723 3735 paululum
757 3663 930 3718 tristis
985 3658 1262 3730 cujusdam
1290 3660 1368 3715 rei
1417 3660 1582 3715 fuerit
1605 3661 1856 3715 recorda-

265 3771 374 3826 tus,
405 3759 548 3814 inter
571 3756 762 3828 pocula
800 3757 854 3811 in
903 3753 1167 3826 singultus
1219 3761 1535 3823 prorumpat
1581 3761 1636 3806 et
1683 3751 1856 3822 lacry-

259 3868 406 3910 mas.
450 3850 694 3920 Longum
735 3855 818 3903 est
845 3847 922 3902 ire
960 3861 1058 3917 per
1101 3843 1332 3914 singula,
1379 3851 1433 3898 et
1458 3843 1693 3898 insanias
1721 3857 1857 3911 quas

259 3946 514 4004 ebrietas
543 3941 782 4014 suggerit
834 3939 1123 4010 explicare.
1169 3937 1366 3992 Videas
1402 3935 1534 3989 alios
1581 3933 1770 4004 pocula
1801 3933 1857 3988 in

263 4039 376 4095 tela
403 4043 697 4102 vertentes,
746 4034 1008 4104 scyphum
1039 4031 1093 4086 in
1127 4029 1319 4085 faciem
1361 4029 1543 4099 jacere
1577 4027 1856 4091 conviva};

260 4132 438 4187 alium
483 4128 671 4184 scissis
697 4126 938 4182 vestibus
984 4125 1039 4179 in
1082 4123 1304 4178 vulnera
1356 4121 1530 4177 aliena
1556 4135 1858 4192 proruere;

265 4226 406 4281 alios
453 4223 723 4288 clamare,
769 4220 903 4276 alios
946 4219 1276 4284 dormitare;
1323 4217 1416 4288 qui
1469 4215 1591 4288 plus
1640 4215 1857 4279 biberit,

264 4315 470 4371 fortior
494 4321 857 4384 computatur,
881 4309 1241 4366 accusationis
1260 4309 1474 4364 occasio
1501 4317 1606 4374 est,
1637 4306 1860 4375 adjura-

271 4417 390 4462 tum
424 4420 525 4476 per
550 4417 753 4475 regem,
782 4399 1116 4473 frequentius
1146 4416 1250 4456 non
1287 4400 1506 4455 bibisse.
1539 4399 1776 4456 Vomunt
1805 4404 1865 4452 ut

265 4499 484 4563 bibant,
508 4497 700 4551 bibunt
721 4503 775 4550 ut
803 4501 1040 4549 vomant.
1073 4491 1309 4563 Digestio
1337 4491 1542 4546 ventris
1580 4498 1636 4544 et
1679 4496 1864 4559 guttur

273 4607 392 4647 uno
430 4595 765 4659 occupantur
791 4585 988 4641 olIicio.
1029 4585 1142 4640 Hoc
1171 4599 1316 4639 nunc
1362 4583 1563 4638 dixisse
1614 4579 1864 4645 suliiciat,

267 4685 421 4756 quod
453 4679 746 4738 secundum
784 4677 1098 4750 Apostolum
1127 4675 1341 4747 (Ephes.
1366 4673 1444 4746 v),
1472 4674 1525 4727 in
1556 4672 1683 4726 vino
1707 4671 1867 4726 luxu-

268 4778 360 4834 ria
384 4783 470 4832 est
486 4789 502 4828 :
521 4782 576 4829 et
596 4773 903 4840 ubicunque
919 4767 1175 4824 saturitas
1201 4775 1362 4834 atque
1379 4763 1615 4819 ebrietas
1645 4761 1865 4826 fuerint,

272 4869 358 4926 ibi
411 4864 576 4921 libido
611 4863 934 4918 dominetur.
988 4857 1181 4928 Specta
1213 4864 1456 4910 ventrem
1503 4862 1559 4907 et
1586 4849 1864 4922 genitalia,

272 4977 382 5035 pro
422 4957 684 5029 qualitate
705 4955 958 5010 vitiorum
1006 4960 1089 5006 est
1117 4949 1252 5005 ordo
1281 4947 1667 5002 membrorum.
1714 4941 1866 4996 Nun-

269 5068 446 5126 quam
499 5064 602 5120 ego
625 5046 836 5103 ebrium
865 5053 1073 5100 castum
1095 5041 1316 5112 putabo,
1341 5038 1431 5108 qui
1471 5036 1569 5091 etsi
1597 5036 1722 5090 vino
1742 5047 1872 5088 con-

274 5123 494 5212 scpitus
521 5135 822 5202 dormierit,
858 5143 1038 5188 tamen
1081 5130 1256 5202 potuit
1283 5141 1510 5198 peccare
1537 5141 1635 5196 per
1662 5123 1868 5177 vinum.

276 5233 549 5290 Miramur
577 5237 761 5283 autem
787 5223 1105 5296 Apostolum
1127 5221 1181 5275 in
1211 5217 1500 5289 episcopis,
1522 5231 1633 5270 Slve
1653 5213 1874 5285 presby-

279 5325 419 5379 teris
447 5322 734 5376 damnasse
763 5315 1133 5377 vinolentiam,
1167 5326 1288 5365 cum
1320 5307 1487 5363 veteri
1523 5319 1735 5376 quoque
1761 5302 1876 5374 lege

279 5422 616 5488 praeceptum
647 5411 717 5464 sit
764 5407 948 5480 (Leuit.
971 5420 1042 5472 x;
1079 5403 1242 5457 Num.
1268 5400 1366 5471 Vl),
1416 5399 1725 5454 sacerdotes
1751 5409 1876 5450 cum

282 5507 666 5580 ingrediuntur
695 5500 948 5570 templum
992 5496 1302 5551 ministrare
1331 5491 1466 5556 Deo,
1497 5490 1681 5543 vinum
1706 5487 1880 5542 omni-

284 5618 362 5659 no
386 5617 494 5654 non
520 5599 728 5661 bibere;
751 5604 805 5648 et
825 5592 1120 5646 Nazareum
1151 5585 1383 5656 quandin
1409 5591 1647 5638 sanctam
1670 5594 1877 5636 comam

287 5693 520 5754 nutriat,
546 5700 600 5745 et
626 5687 756 5742 nihil
780 5683 1228 5740 contaminatum,
1250 5677 1380 5732 nihil
1416 5675 1643 5729 mortale
1672 5672 1884 5740 conspi-

289 5790 426 5854 ciat,
443 5793 499 5841 et
515 5800 544 5844 a
561 5784 685 5838 vino
697 5781 996 5843 abstinere,
1011 5785 1066 5834 et
1086 5776 1154 5832 ab
1171 5790 1272 5830 uva
1297 5787 1451 5845 passa
1462 5810 1477 5838 ,
1493 5777 1546 5826 et
1567 5782 1598 5822 a
1611 5766 1881 5831 dilutiore,

1955 3285 2164 3332 tantum
2187 3272 2366 3327 tunica
2397 3269 2687 3332 induimur,
2713 3280 2813 3322 nec
2837 3266 2904 3320 de
2949 3263 3186 3320 crastino
3231 3259 3538 3332 cogitamus

1958 3367 2153 3442 (Marc.
2176 3364 2274 3437 vi).
2319 3362 2514 3432 Turpis
2559 3359 2694 3416 lucri
2725 3357 2980 3428 appetitio
3011 3363 3095 3410 est
3137 3353 3258 3423 plus
3281 3365 3441 3422 quam
3470 3349 3538 3404 de

1955 3465 2310 3539 praesentibus
2338 3461 2597 3533 cogitare.
2625 3457 2913 3526 ﬂuensque
2939 3453 3066 3525 quid
3094 3466 3198 3507 non
3219 3450 3414 3506 debeat
3439 3447 3536 3502 ba-

1954 3561 2086 3616 bere
2129 3557 2432 3628 episcopus,
2483 3551 2596 3608 sive
2641 3548 2946 3619 presbyter,
2998 3542 3240 3614 Apostoli
3289 3552 3540 3596 sermone

1954 3636 2278 3724 praeceptum
2305 3655 2386 3702 est
2409 3663 2423 3701 :
2448 3660 2589 3700 nunc
2618 3658 2648 3699 e
2669 3640 2939 3697 contrario
2967 3637 3096 3708 quid
3120 3635 3324 3691 habere
3347 3632 3542 3689 debeat

1957 3741 2275 3813 explicatur.

2034 3855 2052 3886 (
2091 3833 2198 3888 Sed
2242 3829 2582 3902 hospitalem,
2643 3827 2907 3882 bonorum
2955 3826 3268 3880 amatorem,
3310 3824 3538 3877 castum,

1966 3944 1984 3978 ι
2012 3924 2238 3994 justum,
2265 3930 2532 3984 sanctum,
2567 3917 2954 3978 continentem,
2991 3911 3373 3972 abstinentem,
3403 3905 3544 3960 obti-

1967 4037 1986 4072 ‹
2021 4004 2235 4072 ιιθηὶεηι
2265 4029 2385 4069 eum
2419 4013 2508 4082 qui
2539 4010 2832 4065 secundum
2873 4005 3174 4060 doctrinam
3218 4009 3305 4056 est
3329 3998 3541 4052 ﬁdelem

1966 4130 1984 4162 ι
2017 4121 2340 4170 sermonem,
2364 4113 2422 4158 ut
2440 4111 2631 4175 potens
2655 4101 2726 4156 sit
2744 4097 3008 4154 consolari
3034 4097 3086 4151 in
3110 4095 3354 4150 doctrina
3379 4106 3506 4146 sana
3523 4131 3538 4156 ,

1969 4221 1986 4253 ‹
2022 4209 2075 4256 et
2123 4197 2556 4255 contradicentes
2587 4206 2830 4263 arguere.
2876 4209 2894 4241 ›
2928 4185 3154 4260 (Arnim)
3191 4182 3540 4255 HOSpitalem,

1961 4292 2156 4362 inquit,
2188 4291 2290 4345 hoc
2315 4297 2418 4351 est,
2451 4301 2545 4340 eos
2571 4282 2886 4354 peregrinos
2905 4280 2995 4351 qui
3026 4278 3130 4334 ﬁde
3152 4277 3253 4334 sibi
3276 4283 3401 4331 sunt
3424 4273 3546 4342 jun-

1963 4385 2035 4442 cti
2069 4383 2299 4438 libenter
2325 4378 2693 4447 recipientem.
2729 4393 2746 4424 ι
2786 4372 3106 4442 Benignum,
3134 4387 3154 4421 ι
3187 4376 3247 4422 ut
3275 4379 3400 4438 erga
3449 4365 3546 4419 bo-

1969 4479 2190 4533 nitatem
2240 4476 2309 4529 sit
2343 4473 2634 4528 studiosus.
2663 4489 2681 4520 ‹
2721 4466 3004 4530 Pudicum,
3031 4483 3049 4515 ι
3085 4470 3143 4516 ut
3185 4463 3252 4516 ab
3291 4458 3436 4514 onmi
3471 4457 3544 4510 la-

1969 4570 2136 4627 scivia
2158 4582 2275 4624 sese
2296 4565 2626 4634 superiorem
2651 4561 2946 4616 contineat.
2970 4574 2988 4607 (
3011 4553 3246 4616 Justum,
3271 4571 3289 4602 ι
3316 4559 3374 4604 ut
3387 4547 3546 4616 justi-

1971 4661 2058 4716 tiae
2082 4659 2314 4714 studeat.
2341 4674 2358 4706 α
2391 4655 2670 4719 Sanctum,
2704 4671 2722 4702 ι
2767 4659 2828 4704 ut
2852 4650 2919 4704 ab
2954 4646 3101 4704 omni
3130 4659 3189 4700 se
3223 4641 3364 4698 malo
3389 4655 3546 4710 supe-

1969 4754 2167 4807 riorem
2213 4755 2472 4804 reservet.
2495 4765 2513 4797 ε
2549 4743 2944 4804 Continentem,
2977 4758 2995 4790 ι
3049 4735 3139 4806 qui
3167 4750 3274 4790 non
3302 4731 3545 4800 volupta-

1972 4847 2112 4902 tibus
2139 4842 2454 4899 delectetur.
2489 4857 2506 4889 α
2535 4836 2962 4906 Amplectentem
2986 4831 3039 4885 id
3060 4828 3202 4900 quod
3241 4825 3536 4882 secundum

1969 4939 2270 4994 doctrinam
2314 4933 2471 4989 ﬁdele
2497 4931 2742 4994 verbum,
2776 4947 2793 4980 ι
2831 4927 2934 4981 hoc
2957 4933 3055 4988 est,
3080 4922 3388 4992 diligentem
3419 4935 3546 4990 erga

1973 5029 2269 5086 doctrinam
2322 5024 2540 5096 pietatis
2570 5064 2584 5087 ,
2639 5028 2694 5076 et
2743 5034 2863 5088 qua:
2920 5016 3052 5071 nihil
3103 5014 3318 5086 prosit,
3373 5013 3416 5067 si
3478 5011 3550 5066 sit

1973 5121 2201 5191 diligens
2247 5133 2374 5188 erga
2422 5113 2741 5175 doctrinam,
2782 5110 2826 5165 si
2873 5123 2977 5162 non
3017 5107 3178 5162 etiam
3223 5112 3277 5160 et
3319 5102 3550 5174 possibi-

1975 5211 2125 5266 litate
2154 5208 2322 5277 ipsius
2370 5203 2626 5259 doctrinm
2665 5200 2829 5255 fuerit
2871 5197 3125 5268 przeditus
3157 5213 3172 5264 ;
3219 5215 3238 5247 ‹
3278 5203 3337 5248 ut
3360 5201 3551 5264 potens

1980 5305 2049 5360 sit
2091 5299 2359 5357 consolari
2411 5299 2461 5352 in
2521 5295 2763 5351 doctrina
2819 5309 2971 5358 sana,
3028 5301 3082 5346 et
3134 5305 3228 5345 eos
3272 5289 3364 5359 qui
3419 5303 3549 5342 con-

1981 5393 2251 5448 tradicunt
2282 5404 2527 5461 arguere.
2576 5408 2594 5440 ι
2639 5386 2862 5456 Oportet
2902 5392 3081 5438 autem
3137 5384 3326 5438 adesse
3364 5381 3414 5433 ei
3444 5379 3553 5432 vir-

1981 5495 2172 5549 tutem,
2203 5491 2388 5536 utnon
2419 5480 2589 5534 sohnn
2621 5480 2813 5534 docere
2843 5477 3056 5547 copiose
3087 5475 3257 5544 possit
3293 5474 3548 5542 pietatem

1984 5580 2118 5650 pios,
2147 5576 2238 5629 sed
2263 5585 2320 5627 nt
2348 5582 2401 5627 et
2433 5579 2622 5642 potens
2650 5570 2713 5623 sit
2765 5582 2990 5639 arguere
3018 5581 3110 5620 eos
3147 5566 3236 5634 qui
3274 5565 3551 5630 resistunt,

1986 5671 2294 5740 dogmatum
2327 5663 2488 5718 fultus
2531 5663 2779 5716 veritate.
2829 5658 3028 5729 (Ηίεν.)
3077 5658 3214 5712 Ante
3239 5656 3417 5710 omnia
3451 5656 3550 5711 ho-

1988 5759 2254 5834 spitulitas
2296 5756 2474 5812 futuro
2503 5755 2756 5826 episcopo
2779 5751 3144 5808 denuntiatur.
3169 5748 3226 5804 Si
3265 5762 3411 5803 enim
3436 5760 3554 5803 omn
