3992 6338
541 302 651 362 087

1184 292 1265 357 Β(
1287 298 1543 357 ΒᾹΒΑΝΙ
1576 296 1798 356 MAURI
1833 292 2153 353 ARCHIEP.

2240 290 2503 350 [οσυΝτ.
2540 288 2827 347 OPERUM
2864 288 3045 346 PARS
3078 289 3168 346 ill.
3653 303 3730 364 σω

547 430 645 474 nes
666 408 803 475 ttlu‘a
823 419 892 471 de
916 413 1210 486 Evangelia
1238 413 1428 469 audire
1467 412 1781 467 desiderant
1813 426 1827 464 :
1869 428 1888 461 ι
1924 406 2136 478 Hospes
2162 409 2214 472 Α
2240 403 2517 459 unmundo
2546 402 2838 469 abstineat,
2867 403 2963 458 sed
2997 402 3161 457 etiam
3192 416 3221 456 a
3241 402 3383 474 iactu
3406 407 3531 463 oculi
3552 414 3598 466 ei
3627 429 3733 489 ωμ.

546 504 648 570 fui,
679 510 736 559 et
767 502 1083 573 suscepistis
1108 518 1196 559 me
1222 502 1439 575 (Matth.
1466 502 1620 574 xxv),
1652 520 1670 552 ι
1716 508 1922 572 quanto
1963 498 2141 569 magis

478 640 499 663 ,
547 595 854 665 episcopus,
885 593 1042 662 cujus
1066 594 1259 649 domus
1281 593 1525 648 omnium
1553 606 1841 647 commune
1870 604 1994 647 esse
2039 589 2138 644 de-

548 686 640 742 bet
678 685 1005 755 hospitium!
1051 683 1249 741 Laicns
1284 685 1429 739 enim
1480 700 1667 748 unum,
1704 690 1800 738 aut
1848 683 2009 747 duos,
2046 687 2141 736 aut

492 852 501 857 _
549 793 754 850 paucos
812 778 1101 850 recipiens,
1144 777 1389 848 implebit
1444 775 1830 847 hospitalitatis
1876 774 2135 839 cilicium.

554 867 855 940 Episcopus
892 869 997 923 nisi
1023 883 1215 924 omnes
1233 867 1497 937 receperit
1537 867 1863 922 inhumanus
1896 873 2002 921 est.
2031 863 2140 919 Sed

552 976 747 1017 vereor
786 975 855 1016 ne
895 962 1166 1030 quomodo
1198 960 1388 1032 regina
1414 959 1598 1014 Austri
1631 960 1853 1014 veniens
1880 974 1917 1017 a
1945 956 2143 1012 ﬁnibus

553 1062 713 1110 terrae
760 1053 951 1109 audire
985 1054 1304 1124 sapientiam
1352 1053 1679 1117 Salomonis,
1723 1051 2030 1121 iudicatura
2059 1058 2145 1105 est

553 1147 800 1203 homines
826 1148 1088 1217 temporis
1134 1147 1258 1210 sui;
1291 1156 1348 1201 et
1384 1147 1484 1200 viri
1508 1145 1767 1200 Ninivita:
1817 1156 1940 1199 actu
1968 1143 2144 1215 poeni-

555 1240 725 1294 tentia
771 1241 839 1293 ad
875 1240 1316 1310 praedimuonem
1360 1237 1511 1294 Jonae
1559 1238 2000 1294 condemnahunt
2049 1250 2144 1291 eos

555 1331 647 1401 qui
679 1330 939 1399 majorem
966 1330 1102 1385 Jona
1126 1330 1463 1385 Salvatorem
1487 1330 1675 1384 audire
1699 1327 2146 1397 comtempscrint

554 1421 771 1494 (Matth.
804 1421 936 1492 ut);
969 1422 1049 1477 sic
1074 1421 1293 1492 plurimi
1324 1421 1376 1475 in
1424 1421 1636 1491 populis
1675 1420 1963 1490 episcopos
2001 1417 2149 1488 judia

551 1524 680 1571 cent
728 1516 1110 1571 subtrahentes
1145 1530 1205 1570 se
1253 1516 1322 1570 ah
1358 1513 1727 1569 ecclesiastico
1773 1513 1964 1584 gradu,
1999 1519 2055 1566 et
2080 1525 2145 1565 ea

553 1620 675 1676 quae
702 1606 959 1675 episcopo
987 1602 1091 1660 nun
1117 1609 1446 1660 conveniunt
1470 1615 1822 1670 exercentes;
1857 1606 1923 1660 de
1945 1602 2146 1673 quibus

554 1710 685 1769 puto
714 1708 770 1754 et
802 1697 1069 1755 Joannem
1097 1699 1165 1754 ad
1189 1699 1384 1755 Gaium
1415 1700 1656 1754 scribere
1683 1718 1696 1753 :
1727 1718 1745 1750 ι
1786 1698 2142 1761 Charissime,

2240 497 2462 553 talionis
2486 511 2674 551 errore
2712 511 2868 550 mens
2918 492 3119 550 Christi
3167 510 3358 565 corpus
3394 498 3653 563 confectura
3680 510 3732 566 sit

2240 588 2430 645 libera.
2459 588 2650 644 Justus
2688 601 2903 658 quoque
2946 587 3230 657 episcopus
3271 602 3386 644 esse
3420 589 3558 646 debet
3582 605 3731 654 ctsan-

2241 694 2381 751 ctus,
2412 694 2471 739 ut
2510 683 2778 755 justitiam
2834 678 2887 736 in
2917 679 3151 752 populis,
3183 679 3373 750 quibus
3400 694 3588 750 praeest,
3622 701 3732 743 exet.

2241 785 2383 841 ceat,
2417 776 2647 830 reddens
2675 775 2966 845 unicuique
2992 772 3133 844 quod
3167 782 3419 837 meretur,
3461 788 3547 829 nec
3567 779 3732 847 accipiat

2241 884 2530 939 personam
2568 869 2620 922 in
2660 868 2887 939 judicio.
2934 866 3075 921 Inter
3126 864 3248 920 laici
3286 875 3453 921 autem
3485 876 3533 922 et
3562 872 3732 943 episcopi

2236 961 2499 1031 justitiam
2528 963 2633 1017 hoc
2662 961 2913 1024 in'erest,
2956 957 3098 1027 quod
3140 956 3310 1011 laicus
3346 967 3507 1028 potest
3543 975 3733 1030 apparere

2236 1053 2417 1124 justus
2444 1055 2495 1109 in
2522 1038 2727 1125 paucis.
2750 1053 3040 1123 cpiscopus
3063 1064 3193 1104 vero
3208 1052 3259 1104 in
3291 1059 3367 1104 tot
3382 1066 3605 1107 exercere
3619 1054 3733 1124 justi-

2246 1151 2374 1204 tiam
2405 1160 2602 1219 potest,
2639 1157 2773 1219 quot
2804 1159 2857 1202 et
2885 1145 3130 1201 subditos
3154 1146 3335 1199 habet;
3366 1143 3571 1200 Sanctus
3591 1159 3733 1215 autem,

2244 1245 2386 1313 quod
2422 1243 2608 1299 Graece
2635 1242 2773 1304 ὅσιος
2822 1241 3050 1304 dicitur,
3082 1238 3254 1309 magis
3289 1238 3337 1290 id
3374 1237 3624 1308 signiﬁcat,
3651 1255 3733 1293 cum

2246 1337 2361 1408 ipsa
2394 1337 2654 1392 sanctitas
2683 1343 2766 1389 est
2798 1335 2957 1388 mista
2980 1330 3188 1402 pietati,
3216 1339 3271 1385 et
3294 1328 3361 1384 ad
3389 1329 3536 1383 Deum
3552 1330 3734 1395 refertur;

2247 1445 2406 1499 quem
2428 1428 2572 1483 enim
2599 1443 2694 1482 nos
2712 1436 2979 1488 sanctum,
2995 1422 3170 1478 Gncci
3185 1422 3327 1495 ἅγιον
3340 1430 3535 1474 vocant:
3557 1420 3737 1490 quemilli

2252 1522 2413 1587 ὅσιον,
2459 1537 2557 1576 nos
2588 1521 2732 1590 pimn
2784 1521 2841 1574 in
2890 1520 3060 1573 Deum
3090 1528 3371 1587 possumus
3410 1513 3650 1584 appellare.
3685 1511 3739 1568 Sit

2248 1629 2462 1685 quoque
2495 1614 2778 1682 episcopus
2804 1620 2859 1666 et
2886 1610 3199 1665 abstinens:
3228 1624 3332 1663 non
3363 1616 3569 1670 tantum,
3592 1615 3635 1659 ut
3658 1605 3737 1675 qui-
3777 1608 3785 1618 ‘

2250 1708 2372 1761 dam
2411 1716 2625 1777 putant,
2664 1722 2695 1760 a
2726 1705 2944 1759 libidine
2972 1713 3021 1758 ct
3058 1703 3127 1757 ab
3141 1702 3325 1757 uxoris
3353 1700 3589 1770 amplexu,
3609 1699 3738 1755 sedsit

556 1790 787 1845 ﬁdeliter
812 1788 948 1844 facis
1002 1791 1364 1859 quodcunque
1392 1791 1636 1859 operaris
1668 1792 1721 1843 in
1771 1789 2051 1853 fratribus,
2093 1796 2149 1843 et

2253 1799 2506 1855 omnibus
2532 1799 2695 1853 animi
2735 1795 3265 1869 perturbationibus;
3298 1812 3362 1850 ne
3387 1797 3448 1849 ad
3484 1792 3735 1847 iracundiam

554 1885 658 1940 hoc
684 1884 989 1954 peregrinis
1022 1885 1115 1955 qui
1156 1885 1524 1938 testimonium
1556 1885 1823 1939 dederunt
1874 1882 2149 1937 ..ilectionl

557 1983 663 2031 tua:
691 1990 875 2031 coram
900 1974 1145 2031 Ecclesia
1164 1993 1178 2029 :
1197 1990 1334 2047 quos
1356 1975 1560 2046 optime
1588 1974 1719 2030 facis
1749 1975 1794 2030 si
1817 1972 2152 2045 prtemiseris

558 2067 670 2123 Deo
694 2068 888 2140 digne;
931 2082 1029 2140 pro
1054 2068 1272 2124 nomine
1296 2070 1440 2123 enim
1468 2069 1676 2123 Domini
1708 2068 1983 2131 exierunt,
2015 2065 2152 2121 nihil

563 2158 898 2228 accipientes
954 2176 983 2213 a
1035 2159 1326 2231 gentilibus
1369 2158 1506 2230 (III
1549 2160 1710 2213 Joan.
1762 2158 1817 2223 5,
1862 2159 1960 2230 7).
2014 2177 2033 2211 ι
2088 2156 2154 2212 Et

557 2269 684 2309 vere
710 2263 900 2309 sancto
924 2254 1126 2323 Spiritu
1154 2254 1206 2308 in
1232 2268 1290 2308 se
1318 2252 1574 2322 loquente
1598 2252 1741 2320 quod
1768 2250 2009 2304 futurum
2033 2254 2154 2304 erat

558 2345 839 2412 ecclesiis,
881 2344 994 2414 jam
1042 2357 1169 2402 tunc
1206 2346 1554 2416 reprehendit
1606 2344 1832 2397 dicens:
1877 2361 1895 2394 ι
1944 2342 2153 2411 Scripsi

558 2437 721 2492 etiam
754 2436 1040 2491 Ecclesize:
1063 2437 1158 2491 sed
1188 2436 1280 2505 qui
1310 2436 1576 2505 primatus
1605 2449 1766 2504 agere
1792 2433 1940 2502 cupit
1962 2446 2151 2486 eorum

567 2530 863 2601 Dioprepes
905 2546 1010 2585 non
1043 2531 1238 2602 recipit
1288 2547 1405 2586 nos.
1440 2530 1734 2600 Propterea
1779 2544 1901 2583 cum
1952 2541 2154 2583 venero

562 2618 825 2678 amovebo
873 2621 990 2689 eius
1034 2638 1199 2693 opt-ra
1229 2638 1349 2692 quae
1388 2621 1520 2676 facit
1558 2621 1714 2676 malis
1755 2620 1935 2674 verbis
1972 2619 2156 2673 detra-

562 2716 697 2771 hens
726 2717 792 2771 de
821 2715 980 2771 nobis
1007 2732 1022 2770 :
1049 2726 1104 2771 et
1130 2732 1234 2771 non
1259 2716 1455 2771 suﬂicit
1486 2716 1534 2770 ei
1560 2716 1701 2786 quod
1731 2715 1846 2785 ipse
1872 2730 1975 2769 non
2011 2713 2153 2768 reci-

558 2806 639 2877 pit
675 2806 891 2873 fratres,
921 2809 1015 2863 sed
1044 2817 1098 2863 et
1124 2809 1367 2863 volentes
1400 2806 1676 2877 prohibet,
1722 2815 1777 2861 et
1806 2807 1871 2860 de
1912 2804 2155 2859 Ecclesia

561 2892 730 2969 ejicit.
772 2918 790 2951 ι
824 2898 965 2956 Vere
992 2914 1136 2955 nunc
1181 2908 1264 2954 est
1296 2913 1523 2954 cernere
1547 2896 1691 2967 quod
1715 2894 2032 2966 praedictum
2072 2901 2157 2949 est

561 2992 616 3049 in
647 2980 916 3063 plerisque
964 2991 1188 3048 urbibus
1224 2992 1510 3063 episcopos
1540 2991 1656 3045 sive
1696 2991 2068 3060 presbyteros,
2104 2986 2151 3042 si

562 3086 730 3143 laicos
760 3086 994 3142 viderint
1018 3082 1334 3155 hOSpitalcs,
1379 3094 1655 3139 amatores
1687 3083 1984 3144 bonorum;
2018 3079 2157 3135 invi-

2254 1893 2576 1958 c0ncitctur,
2607 1908 2673 1947 ne
2708 1891 2856 1946 illum
2886 1890 3105 1945 tristitia
3138 1887 3372 1958 dejiciat,
3410 1901 3470 1941 ne
3494 1894 3634 1940 terror
3653 1896 3738 1937 exa-

2253 1986 2406 2059 gitet,
2455 1998 2520 2039 ne
2565 1983 2750 2038 laetitia
2792 1982 3153 2037 immoderata
3194 1977 3449 2035 sustollat.
3491 1972 3742 2029 AbStineatit

2255 2087 2434 2133 autem
2482 2077 2534 2130 in
2577 2076 2841 2130 fructibus
2888 2075 3114 2145 spiritus
3155 2074 3224 2126 ab
3256 2069 3495 2141 Apostolo
3528 2072 3741 2120 memorata

2254 2179 2357 2225 est.
2406 2169 2472 2224 Et
2512 2168 2557 2223 si
2597 2167 2834 2238 exigitur
2880 2167 2948 2219 ab
2992 2165 3268 2227 otltnibus,
3319 2170 3505 2232 quanto
3548 2153 3741 2223 magisab

2256 2260 2548 2331 episeopo?
2580 2259 2669 2328 qni
2712 2259 2924 2328 patiens
2946 2266 2999 2310 et
3019 2262 3336 2310 mansuetus
3367 2252 3511 2307 debet
3528 2248 3631 2301 vitia
3652 2244 3742 2297 ferre

2256 2353 2617 2423 peccantium,
2654 2349 2921 2405 consolari
2951 2346 3345 2417 pusillanimes,
3371 2348 3632 2398 sustentare
3650 2332 3743 2423 inﬁr-

2258 2421 2395 2507 mos,
2431 2440 2559 2496 nulli
2590 2440 2789 2495 malum
2826 2455 2924 2510 pro
2962 2438 3108 2492 ntalo
3136 2436 3379 2499 reddere,
3415 2432 3498 2487 sed
3520 2430 3685 2481 vincere
3708 2421 3741 2474 it

2256 2537 2401 2592 bono
2433 2535 2654 2590 malum.
2689 2534 2767 2588 Ad
2818 2542 3145 2593 extremum,
3189 2530 3423 2585 obtineat
3459 2538 3565 2580 eum
3592 2519 3661 2590 qui
3686 2531 3740 2571 se-

2257 2630 2495 2684 cundum
2532 2627 2834 2683 doctrinam
2872 2636 2959 2680 est
3008 2624 3223 2682 ﬁdelem
3266 2633 3560 2678 sermonem,
3583 2622 3631 2667 ut
3654 2625 3742 2681 quo-

2258 2723 2419 2778 modo
2447 2738 2628 2777 sermo
2664 2723 2758 2777 Dei
2796 2722 2968 2777 ﬁdelis
2996 2728 3100 2777 est.
3145 2731 3203 2776 et
3238 2718 3381 2773 omni
3423 2703 3743 2781 acception

2260 2830 2398 2887 gnus
2440 2814 2491 2887 (1
2541 2813 2674 2869 Tim.
2716 2813 2779 2883 l),
2823 2814 2904 2869 sic
2946 2823 3000 2869 et
3042 2813 3136 2868 ille
3190 2811 3348 2867 talem
3378 2824 3433 2863 se
3472 2804 3673 2876 praebeat.
3709 2802 3744 2849 ιη

2259 2924 2420 2965 omne
2471 2910 2614 2979 quod
2668 2907 2906 2979 loquitur
2952 2908 3057 2964 ﬁde
3117 2909 3333 2979 dignum
3375 2901 3676 2960 existimetur,
3708 2896 3743 2943 tt

2260 3006 2425 3059 verba
2478 2996 2648 3074 ipsius
2688 3004 2798 3058 sint
2841 3000 3029 3073 regula
3068 2998 3338 3056 veritatis.
3388 2994 3564 3049 Potens
3601 2991 3744 3057 quoque

2262 3096 2332 3151 sit
2359 3112 2475 3162 eos,
2500 3097 2591 3166 qui
2619 3095 2798 3152 szeculi
2827 3095 2983 3150 istius
3010 3092 3317 3150 turbinibus
3339 3085 3746 3156 exagitantur,con-

562 3164 713 3246 dere,
754 3176 1008 3245 fremere,
1043 3177 1541 3239 excommunicare,
1582 3175 1649 3230 de
1685 3174 1930 3229 Ecclesia
1970 3171 2158 3243 expel-
2186 3183 2233 3248 (ς
2264 3180 2450 3255 solari,
2480 3164 2534 3245 εί
2558 3206 2657 3260 ρει.
2680 3190 2868 3245 sanam
2893 3186 3203 3244 doctrinam
3233 3182 3439 3239 inﬁrma
3458 3179 3670 3249 pmepu
3689 3166 3746 3219 dc-

562 3269 699 3337 Zere,
736 3272 893 3343 quasi
938 3287 1045 3326 non
1092 3271 1256 3328 liccat
1295 3269 1474 3325 facere
1528 3267 1673 3338 quod
1724 3268 2012 3339 episcopus
2050 3278 2156 3322 non

564 3362 734 3419 faciat
760 3383 772 3417 :
805 3373 860 3420 et
889 3364 1025 3419 tales
1051 3379 1170 3418 esse
1195 3362 1366 3418 laicus
1394 3360 1671 3417 damnatio
1695 3360 2039 3416 sacerdotum
2065 3358 2158 3414 sit.

567 3452 773 3510 Graves
799 3453 984 3525 itaque
1024 3468 1118 3509 eos
1164 3455 1369 3509 habent
1398 3466 1453 3508 et
1499 3452 1656 3523 quasi
1697 3451 2001 3507 cervicibus
2046 3451 2160 3506 suis

567 3534 955 3616 impositos,'ut
985 3562 1016 3601 a
1043 3544 1186 3601 bono
1212 3545 1495 3617 abducant
1515 3560 1679 3616 opere
1711 3543 1878 3599 variis
1908 3557 2163 3614 persecu-

570 3638 813 3695 tlonibus
843 3622 1167 3710 inquietant.
1204 3637 1286 3695 Sit
1315 3648 1496 3694 autem
1533 3641 1823 3709 episcopus
1855 3647 1911 3692 et
1932 3635 2162 3707 pudicus

568 3747 734 3804 quem
780 3732 954 3790 Grzeci
1005 3737 1244 3809 σῶφρονα
1285 3741 1487 3788 vocant
1530 3751 1542 3788 :
1592 3742 1648 3788 et
1702 3731 1931 3787 Latinus
1995 3729 2161 3786 inter-

566 3839 696 3898 pres
718 3810 872 3881 verbi
912 3826 1267 3898 ambiguitate
1306 3826 1585 3898 deceptus,
1622 3842 1722 3897 pro
1766 3826 1980 3897 pudico,
2030 3841 2163 3896 pru-

570 3920 787 3976 dentem
846 3908 1142 3974 transtnlit.
1193 3917 1252 3975 Si
1300 3928 1480 3974 autem
1526 3917 1681 3974 laicis
1730 3918 2055 3988 imperatur,
2103 3926 2164 3972 ut

566 4018 789 4083 propter
818 4008 1122 4067 orationem
1168 4010 1478 4067 abstineant
1520 4024 1578 4064 se
1622 4009 1690 4063 ab
1715 4022 1945 4063 uxorum
1988 4008 2160 4074 coitu,

567 4101 695 4173 quid
730 4102 798 4158 de
830 4104 1087 4173 episcopo
1134 4102 1475 4162 secticndum
1519 4108 1624 4163 est,
1657 4100 1747 4169 qui
1793 4099 2036 4171 quotidie
2062 4100 2162 4170 pro

567 4195 683 4251 Suis
721 4194 1015 4266 populique
1059 4195 1298 4264 peccatis
1342 4193 1578 4248 illibatas
1609 4192 1720 4247 Deo
1764 4191 2044 4247 oblaturus
2079 4198 2165 4247 est

569 4278 858 4343 victimas?
900 4286 1224 4359 Relegamus
1256 4282 1564 4358 Regnorum
1600 4284 1791 4351 libros,
1817 4293 1873 4340 et
1920 4286 2162 4340 invenie-

574 4394 696 4435 mus
719 4377 1055 4433 Sacerdotem
1081 4377 1397 4432 Abimelech
1427 4378 1493 4433 de
1514 4377 1744 4448 panibus
1772 4377 2163 4447 propositionis

572 4473 808 4529 noluisse
836 4473 988 4546 prius
1017 4474 1148 4527 dare
1175 4472 1341 4527 David
1365 4480 1420 4526 et
1446 4471 1630 4542 pueris
1660 4471 1798 4541 ejns,
1847 4470 1951 4524 nisi
1985 4470 2158 4525 inter-

2262 3291 2494 3338 struere.
2542 3256 2687 3337 Sana
2726 3288 2904 3335 autem
2944 3279 3198 3336 doctrina
3227 3275 3418 3333 dicitur
3447 3268 3506 3325 ad
3531 3256 3746 3321 distinctio-

2263 3389 2387 3429 nem
2432 3368 2701 3445 languidae
2746 3372 3085 3449 inﬁrmusque
3132 3364 3409 3427 doctrinae.
3453 3358 3747 3449 Talis‘quoqne

2262 3466 2352 3532 Sit,
2380 3477 2439 3521 ut
2465 3444 2899 3522 contradicentes
2949 3444 3147 3536 arguat
3176 3456 3450 3519 haereticos
3470 3452 3568 3508 sive
3585 3444 3745 3502 ιιιάευς,

2262 3567 2317 3613 et
2345 3558 2525 3614 seculi
2558 3558 2716 3614 istius
2739 3558 3033 3628 sapientes.
3068 3552 3141 3612 Et
3170 3552 3440 3626 superiora
3472 3540 3649 3639 quidem
3671 3540 3748 3639 ηιξ

2260 3652 2319 3707 in
2364 3650 2602 3725 episcopi
2656 3626 2946 3707 virtutibus
2984 3651 3203 3722 posuit,
3245 3646 3310 3702 ad
3348 3642 3501 3699 vitam
3540 3626 3746 3727 pertineat.

2262 3719 2582 3809 Ποῦ-νεώ.
2628 3744 2773 3817 quod
2823 3744 2923 3809 ait,
2962 3719 3083 3799 t—ut
3130 3744 3320 3816 potens
3367 3735 3434 3792 sit
3473 3719 3748 3817 οοηωιξπίξυ

2264 3836 2511 3892 doctrina
2543 3806 2673 3892 sana
2704 3847 2761 3891 et
2789 3806 3228 3890 contradicentes
3265 3835 3501 3898 arguere.
3538 3834 3553 3867 ³
3582 3806 3748 3898 “item

2262 3928 2389 3983 dum
2411 3938 2496 3985 est
2518 3930 2586 3985 ad
2608 3928 2914 3984 scientiam.
2946 3925 3083 3994 Quia
3107 3925 3154 3981 si
3181 3914 3413 3994 episclli’i
3434 3916 3609 3966 ί³¹¹¹¹¹¹¹¹

2260 4012 2332 4077 sit
2361 4023 2493 4087 vita,
2527 4022 2627 4078 sibi
2660 4028 2840 4092 potest
2883 3988 3146 4091 prodesse
3171 3988 3249 4074 sic
3280 4013 3471 4067 vivens.
3498 4000 3637 4057 Porro
3655 3988 3746 4092 ἐίξξ

2260 4084 2511 4172 doctrina
2538 4125 2595 4171 et
2638 4084 2899 4171 sermone-
2921 4112 3087 4169 fuerit
3116 4109 3377 4168 eruditus,
3421 4084 3748 4167 Wm‘wwm

2264 4222 2478 4277 quoque
2508 4207 2777 4262 instruere
2802 4246 2817 4272 ,
2845 4213 2901 4260 et
2928 4220 3035 4260 non
3071 4204 3246 4260 solum
3276 4198 3527 4281 instruere
3552 4188 3599 4281 εξ

2268 4254 2477 4277 Ί”ν“ι’·ν
2508 4254 2775 4262 πψτη-η-
2802 4254 2817 4272 ν
2850 4254 2901 4260 ν-
2928 4254 3035 4260 -----
3072 4254 3227 4260 ww-
3584 4266 3633 4281 _,

2266 4314 2416 4366 suos,
2454 4298 2550 4355 sed
2576 4308 2631 4355 et
2660 4299 3006 4355 adversarios
3046 4301 3408 4368 repercutere,
3447 4276 3527 4350 qui
3552 4254 3751 4371 ηιεξ

2260 4392 2361 4447 tati
2411 4391 2613 4447 fuerint
2670 4402 2833 4463 atque
2873 4348 3138 4456 convicti:
3172 4383 3330 4442 Γθοίιθ
3377 4374 3562 4447 (meum

2264 4487 2407 4541 cium
2437 4487 2601 4541 corda
2638 4494 2972 4557 pervertere.
3006 4483 3107 4539 llic
3146 4483 3294 4538 locus
3322 4443 3752 4557 adversus

570 4576 790 4639 rogaret
832 4544 1015 4623 utrum
1071 4566 1257 4622 mundi
1310 4573 1492 4620 essent
1535 4552 1689 4636 pueri
1740 4580 1771 4618 a
1841 4562 2159 4619 mulieribus
2186 4548 2239 4611 Ῐ)
2265 4579 2355 4649 (μιῇ
2392 4577 2603 4633 inertia,
2637 4544 2695 4632 ξε
2720 4586 2776 4632 ει
2798 4577 2897 4632 om
2934 4576 3149 4633 somnio
3178 4574 3393 4630 dantes,
3428 4556 3592 4649 putant

570 4658 621 4733 (Ι
644 4659 768 4731 Reg.
801 4661 950 4735 xxr);
982 4677 1089 4717 non
1140 4661 1324 4730 utique
1351 4656 1567 4729 alienis,
1598 4659 1691 4715 sed
1722 4658 2075 4730 conjugibus;
2105 4665 2161 4712 et

571 4753 674 4809 nisi
701 4769 794 4810 eos
831 4755 1073 4811 audisset
1107 4753 1175 4809 ab
1202 4754 1318 4809 heri
1342 4764 1395 4811 et
1423 4748 1814 4810 nudiustertius
1844 4767 2066 4808 vacasse
2089 4751 2159 4805 ab

570 4861 736 4918 Opere
762 4844 1053 4919 coniugali,
1077 4866 1417 4922 nequaquam
1443 4866 1612 4922 panes
1650 4865 1787 4919 quos
1812 4848 1964 4919 prius
2004 4862 2161 4917 nega-

570 4946 728 4995 verat
748 4942 1129 4999 conceSsisset.
1169 4938 1439 5011 Quantum
1466 4943 1693 4997 interest
1735 4940 1878 4995 inter
1911 4938 2159 5010 proposi-

573 5030 737 5087 tionis
783 5047 950 5103 panes
1004 5044 1061 5090 et
1127 5050 1324 5106 corpus
1370 5035 1620 5091 Christi?
1682 5044 1803 5104 qum
1847 5030 2156 5087 differentia

572 5121 716 5176 inter
749 5120 996 5177 umbram
1025 5133 1079 5179 et
1100 5140 1348 5196 corpora,
1390 5126 1532 5180 inter
1556 5124 1846 5195 imaginem
1873 5130 1927 5178 et
1958 5108 2160 5179 verita-

574 5220 713 5277 tem,
742 5210 883 5267 inter
902 5213 1231 5285 evemplaria
1257 5214 1582 5282 futurorum,
1606 5222 1663 5269 et
1689 5230 1750 5269 ea
1784 5215 1895 5283 ipsa
1918 5229 2038 5284 quae
2061 5228 2160 5284 per

571 5294 901 5374 exemplaria
933 5304 1451 5376 przeﬁgurabantnr?
1478 5305 1757 5374 Quomodo
1789 5304 1972 5375 itaque
2004 5318 2160 5359 man-

571 5397 818 5465 suetudo,
848 5392 1128 5467 patientia,
1151 5398 1438 5464 sobrietas,
1471 5416 1561 5454 mo
1583 5398 1793 5461 leratio,
1826 5397 2156 5452 abstinentia

570 5484 728 5557 lucri,
779 5490 1123 5561 hospitalitas
1173 5507 1388 5562 quoque
1430 5499 1484 5547 el.
1534 5490 1839 5564 benignitas
1890 5492 2160 5560 przrciptte

570 5582 694 5637 csse
742 5581 939 5637 debent
982 5582 1036 5637 in
1082 5583 1360 5653 episcopo.
1417 5590 1472 5637 ct
1527 5584 1671 5637 inter
1716 5592 1940 5638 cunctos
1992 5582 2160 5638 laicus

571 5673 887 5741 eminentia,
918 5674 997 5730 sic
1020 5686 1076 5730 et
1111 5674 1332 5729 castitas
1359 5676 1573 5746 proin-ia
1604 5686 1681 5739 et,
1706 5686 1762 5728 nt
1793 5675 1867 5729 ita
1902 5675 2151 5739 dixerim,

570 5764 833 5842 pudicitia
871 5771 1248 5844 sacerdotalis,
1294 5781 1352 5831 ut
1388 5789 1499 5832 non
1548 5773 1725 5833 solum
1766 5775 1836 5833 ab
1882 5791 2049 5849 opere
2094 5792 2157 5835 se

2267 4624 2355 4649 γη
2394 4624 2602 4633 --η---νν
2637 4624 2694 4632 -νν
2723 4624 2776 4632 ν-
2802 4624 2897 4632 νπ-
2938 4624 3145 4633 νν--η--ν
3381 4624 3389 4630 -
3429 4624 3442 4630 -
3572 4636 3583 4650 .
3619 4633 3629 4645 .

2266 4680 2378 4726 tum
2410 4684 2550 4735 esse,
2589 4669 2637 4724 si
2670 4669 2984 4739 Scriptores
3026 4666 3289 4739 legerint;
3318 4666 3373 4714 et
3397 4664 3485 4708 eos
3506 4655 3584 4714 qm

2264 4762 2479 4818 Domini
2507 4723 2838 4816 meditanttir
2861 4762 2948 4817 die
2976 4777 3041 4816 ac
3066 4723 3226 4816 nocte
3255 4750 3423 4826 (Pam.
3452 4738 3507 4845 liv
3533 4723 3756 4849 gfx;

2262 4854 2413 4909 rulos
2449 4852 2776 4923 inutilesque
2807 4862 3167 4908 contemnunt
3195 4866 3208 4902 :
3251 4854 3354 4900 non
3388 4833 3518 4923 θηίφ

2261 4945 2579 5018 Apostolum
2608 4906 2730 5017 post
2772 4944 3078 5013 eatalogum
3121 4921 3532 5000 conversationis
3563 4906 3753 4980 θΡί⁵⁰⁰¹³¹’

2264 5040 2426 5095 etiam
2461 5039 2764 5094 doctrinam
2795 5037 3050 5093 similiter
3076 5030 3413 5125 ρτποερῗξῗίῖ·
3466 5082 3674 5125 ﬁmum;
3720 5076 3755 5125 εί

2344 5148 2362 5180 ι
2408 5127 2546 5183 Sunt
2596 5128 2740 5183 enim
2791 5126 2943 5182 multi
2969 5134 3025 5181 et
3072 5140 3179 5181 non
3209 5113 3421 5217 ειιῖιάῖίξν

2273 5240 2291 5275 ‹
2340 5223 2603 5277 mentium
2642 5222 3003 5292 deceptores:
3046 5219 3282 5275 maxime
3319 5204 3407 5280 qni
3452 5196 3511 5307 δεῖ
3544 5182 3752 5307 ﬁgam];

2272 5332 2289 5365 ‹
2331 5315 2483 5369 sione
2514 5322 2659 5379 sunt,
2706 5273 2903 5383 quibus
2941 5316 3153 5382 oportet
3212 5275 3654 5403 ilentium‘lnﬂig’
3680 5273 3751 5403 :1:

2273 5425 2291 5457 α
2338 5406 2619 5460 universas
2653 5373 2842 5459 domos
2891 5373 3232 5464 subvertnnt,
3274 5387 3515 5448 ἀοοθηίθθ
3680 5373 3751 5445 ll.”

2475 5506 2487 5513 .
2532 5504 2589 5513 ..
2776 5495 2791 5513 ι
2848 5495 3074 5513 ,,,-_,_.s
3170 5436 3752 5513 ,InmhrlﬂtlilIJmim"

3496 5480 3593 5517 ΙΙΙιΙν

2274 5516 2291 5548 ‹
2336 5506 2549 5568 oportet
2577 5496 2749 5566 turpis
2776 5495 2912 5550 lucri
2938 5495 3131 5566 gratia.
3164 5512 3183 5544 ›
3211 5464 3751 5578 (Διώνδμῗηίλὶῗζίζ

3364 5538 3533 5625 ctrina:
3575 5538 3720 5601 η⁰¹ί¹⁰ι
3738 5538 3751 5573 ³

3862 3144 3865 3352 1
