3992 6338
814 348 1368 410 ENARRATIONUM
1401 352 1473 409 IN
1503 354 1650 412 EPP.
1689 356 1895 415 PAULI
1929 359 2056 418 LIB.
2098 363 2266 419 XXV.
2304 396 2371 405 —
2402 364 2470 419 IN
2507 364 2723 422 EPIST.
2762 368 2855 425 AD
2892 371 3024 427 TlT.

3378 395 3383 401 '
3456 375 3562 434 670

310 462 522 527 cisione
545 474 693 565 sunt,
724 461 816 565 qui
846 460 1037 565 volunt
1071 462 1205 565 legis
1230 465 1532 565 doctrinam
1559 465 1894 525 Christiano-
1923 470 1970 536 Α
2006 490 2023 523 ι
2071 482 2182 529 tres
2210 475 2368 546 pigri.
2394 474 2783 533 Testimonium
2809 479 2913 536 hoc
2961 498 3147 539 verum
3183 494 3286 542 est.
3314 487 3513 565 (Hier;
3546 512 3567 547 ι

312 566 439 609 rum
480 549 930 607 subintrodueere
967 552 1224 623 dogmati.
1268 553 1420 610 Unde
1455 570 1676 611 necesse
1716 567 1800 612 est
1833 566 1892 613 ut

310 642 689 703 vehementius
723 652 1042 714 arguantur,
1093 654 1152 700 ut
1190 656 1315 716 pote
1362 656 1550 702 contra
1579 650 1886 718 aequitatem

311 736 589 795 docentes,
624 734 698 789 ita
725 742 785 788 ut
810 734 878 789 ab
902 748 1091 790 eorum
1119 737 1433 793 seductione
1458 739 1730 809 simplices
1762 740 1892 796 libe-

310 834 523 883 rentur.
562 824 673 881 Nec
698 836 881 881 autem
910 826 1162 898 possibile
1189 839 1273 885 est
1303 846 1397 886 eos
1426 831 1587 886 aliter
1614 849 1643 887 a
1680 850 1777 888 sua
1805 851 1889 889 se-

310 919 495 992 parari
530 920 819 985 dementia,
847 918 936 989 qui
965 936 1127 976 omne
1152 938 1287 992 opus
1322 924 1651 993 expendunt,
1690 934 1891 982 utver-

308 1010 505 1064 borum
530 1024 751 1064 suorum
772 1010 1014 1066 vanitate
1038 1012 1319 1067 universas
1340 1014 1531 1069 domus
1552 1014 1885 1082 subvertant,

309 1108 370 1154 et
409 1100 463 1157 in
497 1100 737 1155 deterius
764 1101 1062 1156 deducant:
1094 1093 1237 1171 quod
1269 1104 1505 1159 maxime
1551 1105 1639 1160 illa
1682 1105 1891 1161 faciunt

310 1191 542 1257 ratione,
587 1200 645 1247 ut
691 1193 1039 1263 cupiditatem
1076 1198 1318 1265 pecuniae
1367 1198 1641 1269 expleant,
1686 1208 1739 1255 et
1794 1201 1885 1255 tali

312 1284 525 1338 ratione
583 1284 866 1354 acquirere
912 1285 1125 1354 possint
1175 1289 1456 1356 pecunias.
1526 1288 1726 1361 (Πὶεν.)
1786 1290 1887 1358 Qui

310 1374 571 1430 Ecclesia:
616 1374 827 1429 futurus
870 1385 957 1431 est
1001 1377 1253 1449 princeps
1297 1380 1497 1433 habeat
1526 1381 1887 1451 eloquentiam

308 1482 435 1520 cum
464 1465 589 1521 vitae
619 1464 926 1538 integritate
952 1468 1234 1533 sociatam,
1260 1484 1327 1524 ne
1350 1484 1515 1539 opera
1544 1473 1749 1541 absque
1774 1487 1889 1526 ser-

306 1571 470 1610 mone
498 1556 606 1613 siat
642 1556 825 1620 tacita,
876 1565 930 1613 et
967 1558 1112 1613 dicta
1159 1558 1316 1615 factis
1354 1558 1729 1617 deficientibus
1764 1576 1890 1616 eru-

305 1648 558 1704 bescant.
602 1648 836 1706 Maxime
878 1664 1002 1706 eum
1031 1650 1141 1707 siut
1187 1668 1293 1707 non
1329 1654 1508 1724 pauci,
1540 1654 1634 1723 sed
1678 1655 1885 1725 plures,

305 1756 410 1797 nec
439 1741 660 1807 subditi,
690 1743 783 1799 sed
807 1744 1063 1812 protervi,
1093 1744 1183 1813 qui
1221 1760 1327 1799 non
1355 1753 1548 1801 curent
1582 1744 1711 1800 illud
1733 1745 1885 1800 Psal-

1994 562 2265 651 Quantum
2296 566 2363 620 ad
2412 574 2616 622 textum
2668 572 2937 627 sermonis
2968 580 3022 627 et
3068 575 3136 630 ad
3186 562 3515 636 continentia

1990 654 2091 710 loci
2118 658 2372 727 pertinet,
2424 658 2527 714 hoc
2572 662 2716 730 quod
2748 663 2841 729 ait,
2885 683 2903 714 ι
2948 666 3095 720 Dixit
3122 652 3341 737 quidam
3365 686 3432 726 ex
3469 652 3575 731 illis

1989 749 2238 817 proprius
2273 763 2461 804 eorum
2498 754 2780 822 propheta,
2815 774 2836 808 ι
2864 756 3078 813 videtur
3115 760 3183 813 ad
3213 775 3309 816 eos
3345 762 3571 832 referri,

1990 842 2055 898 de
2084 844 2278 911 quibus
2300 846 2546 916 superius
2573 856 2658 902 est
2680 849 2912 917 locutus,
2944 872 2961 902 ι
2991 853 3225 909 maxime
3250 854 3342 925 qui
3371 856 3437 911 de
3463 858 3572 912 eir-

1989 929 2322 994 euiucisione
2356 951 2516 994 sunt:
2549 958 2685 1012 quos
2730 954 2943 1014 oportet
2982 944 3284 1015 refrenari,
3334 949 3427 1018 qui
3455 951 3574 1006 uni-

1988 1044 2175 1103 versas
2205 1031 2393 1088 domos
2424 1035 2763 1103 subvertunt,
2804 1040 3057 1094 docentes
3083 1055 3202 1109 qua:
3249 1057 3354 1101 non
3409 1057 3570 1113 opor-

1988 1125 2065 1174 tet
2115 1121 2287 1192 turpis
2328 1121 2463 1178 lucri
2496 1126 2686 1194 gratia,
2728 1146 2746 1178 ι
2782 1136 2843 1182 ιιι
2889 1123 3170 1199 sequatur,
3215 1149 3233 1185 ι
3267 1132 3407 1188 dixit
3438 1135 3565 1202 qui-

1991 1209 2114 1263 dam
2145 1226 2211 1264 ex
2243 1211 2345 1266 illis
2375 1215 2626 1284 prOprius
2664 1232 2850 1271 eorum
2900 1219 3180 1290 prepheta.
3211 1239 3229 1271 ι
3266 1219 3402 1289 Quia
3438 1237 3566 1278 vero

1991 1300 2044 1355 in
2093 1302 2238 1357 nullo
2288 1306 2712 1374 prophetarum,
2763 1308 2853 1377 qui
2896 1284 3034 1379 apud
3087 1294 3329 1369 Judzram
3384 1311 3572 1369 vatici~

1989 1391 2101 1444 nati
2138 1404 2284 1455 sunt,
2313 1393 2404 1449 hic
2434 1394 2746 1450 hexameter
2770 1397 3069 1454 versiculus
3108 1401 3396 1470 reperitur,
3428 1402 3574 1457 vide-

1990 1490 2081 1536 tur
2131 1484 2262 1538 mihi
2302 1485 2590 1556 dupliciter
2640 1487 2946 1559 legendum,
2995 1499 3054 1543 ut
3100 1490 3203 1545 hoc
3240 1491 3381 1561 quod
3435 1492 3512 1546 ait
3555 1509 3569 1546 :

1995 1590 2013 1623 ι
2044 1572 2190 1627 Dixit
2232 1576 2451 1645 quidam
2489 1591 2554 1630 ex
2598 1575 2705 1632 illis
2730 1579 2980 1648 proprius
3011 1594 3196 1634 eorum
3227 1580 3511 1651 propheta,
3548 1601 3568 1635 ι

1989 1680 2110 1719 cum
2138 1666 2505 1736 superioribus
2532 1664 2836 1737 copuletur,
2872 1689 2889 1720 ι
2928 1668 3096 1740 Hujus
3126 1670 3201 1725 rei
3233 1671 3407 1741 gratia
3450 1672 3575 1726 reli-

1991 1759 2082 1826 qui
2135 1768 2187 1813 te
2214 1759 2406 1823 Cretre,
2463 1768 2521 1814 ut
2568 1777 2633 1817 ea
2673 1779 2791 1833 qua:
2843 1764 3069 1818 deerant
3122 1765 3386 1836 corrigas,
3441 1784 3461 1818 ι
3519 1774 3576 1821 ct

304 1836 483 1926 arista:
502 1836 684 1892 dicere
714 1854 727 1889 :
768 1856 786 1890 ι
820 1836 1007 1893 Nonne
1032 1839 1143 1894 Deo
1166 1838 1405 1909 subjecta
1427 1850 1510 1894 est
1530 1840 1709 1893 anima
1734 1840 1889 1895 mea?
1916 1828 1961 1887 Β
1991 1856 2267 1919 sequatur,
2328 1869 2346 1900 ι
2391 1851 2527 1906 dixit
2569 1828 2787 1922 quidam
2833 1870 2898 1908 ex
2942 1852 3047 1910 illis
3085 1828 3336 1926 proprius
3371 1828 3566 1925 :eorum

305 1923 485 1998 (Psal.
520 1927 652 1999 LXI).
687 1946 711 1981 θ
750 1926 857 1983 Sed
892 1928 1089 1985 bonam
1130 1930 1391 1985 mentium
1424 1941 1720 1987 sementem
1768 1940 1917 2002 qum‘

305 2019 631 2073 naturaliter
650 2020 1070 2075 habetnotitiam
1094 2021 1212 2086 Dei,
1228 2022 1373 2077 inani
1394 2025 1745 2093 persuasione
1768 2039 1888 2095 per-

300 2118 541 2165 vertant.
557 2109 668 2166 Hoc
688 2112 886 2182 quippe
902 2113 1030 2167 mihi
1056 2112 1254 2169 Paulus
1268 2115 1477 2169 videtur
1491 2116 1747 2181 sensisse,
1763 2132 1887 2171 cum

301 2202 460 2267 dicit,
476 2206 794 2280 φρεναπάται
810 2221 824 2258 :
844 2204 1364 2276 non,utsimplieiter
1374 2205 1601 2261 Latinus
1621 2206 1888 2277 interpres

305 2294 606 2360 transtulit,
649 2295 988 2366 deceptores,
1012 2296 1105 2352 sed
1158 2297 1417 2351 mentium
1450 2298 1785 2367 deeeptores.
1822 2298 1888 2353 Et

302 2389 523 2459 quidem
544 2389 663 2446 sine
684 2387 1086 2459 Scripturarum
1114 2391 1436 2455 auctoritate
1462 2391 1753 2461 garrulitas
1777 2406 1884 2445 non

304 2483 537 2538 haberet
567 2481 751 2546 iidem,
781 2482 883 2537 nisi
910 2482 1223 2537 viderentur
1241 2474 1551 2554 perversam
1584 2480 1886 2537 doctrinam

303 2574 476 2629 e'iam
502 2573 699 2634 divinis
740 2574 1066 2630 testimoniis
1114 2574 1390 2630 robor-are.
1424 2576 1489 2630 lli
1528 2586 1651 2631 sum
1685 2576 1752 2631 de
1781 2576 1888 2630 cir-

303 2665 643 2721 cumcisione
689 2664 1025 2738 Judaei,,qui
1085 2674 1212 2723 tunc
1266 2669 1523 2739 temporis
1577 2679 1887 2724 nascentem

302 2758 511 2815 Christi
534 2759 831 2816 Ecclesiam
859 2760 1176 2817 subvertere
1201 2762 1526 2826 nitebantur,
1548 2770 1603 2817 et
1638 2761 1888 2817 introdu-

304 2865 437 2905 cere
468 2856 737 2920 prtecepta
762 2849 953 2921 Iegalia
979 2869 992 2905 τ
1033 2851 1102 2906 de
1122 2850 1316 2920 quibus
1340 2852 1405 2906 ad
1431 2851 1704 2906 Romanos
1738 2859 1793 2905 et
1821 2851 1888 2906 ad

303 2940 529 2997 Galatas
554 2941 765 3011 plenius
798 2941 994 2997 Paulus
1022 2942 1359 3013 exsequitur.
1395 2943 1459 2997 Et
1481 2952 1580 2998 nos
1608 2950 1733 2996 ante
1759 2956 1891 3013 pau-
1918 2952 1927 2965 ‘

309 3047 403 3087 eos
443 3046 678 3095 menses.
720 3033 825 3089 tria
855 3032 1127 3087 volumina
1173 3033 1229 3088 in
1274 3034 1530 3103 Epistolas
1566 3033 1634 3087 ad
1669 3032 1888 3090 Galatas

302 3123 690 3194 explanatione
748 3124 1089 3180 dictavimus.
1162 3124 1319 3180 Tales
1386 3125 1637 3183 homines
1693 3126 1883 3183 doctor

303 3191 588 3283 Ecclesiae,
614 3216 701 3271 cui
730 3216 925 3272 animae
946 3216 1261 3287 populorum
1298 3219 1517 3274 credita:
1545 3230 1693 3286 sunt,
1731 3220 1882 3275 Seri-
1909 3191 1955 3254 (ἶ

1990 1940 2276 2012 propheta,
2310 1960 2328 1994 ι
2367 1940 2421 1997 id
2453 1950 2555 2007 est,
2600 1941 2962 1999 Cretensium.
3006 1944 3114 2001 Sed
3154 1946 3280 2016 quia
3320 1951 3488 2002 multa
3514 1946 3571 2002 in

1988 2033 2166 2088 medio
2197 2041 2343 2097 sunt,
2374 2040 2430 2088 et
2455 2035 2557 2090 hoc
2579 2036 2870 2092 absurdum
2901 2037 3134 2103 videtur,
3164 2048 3219 2093 et
3250 2038 3387 2094 forte
3412 2054 3572 2095 nemo

1990 2126 2253 2196 recipiat:
2294 2137 2577 2197 prepterca
2620 2145 2743 2183 cum
2792 2130 3179 2200 superioribus,
3230 2147 3351 2202 qme
3399 2130 3570 2201 magis

1988 2220 2163 2303 vicina
2188 2229 2333 2284 sunt,
2366 2220 2519 2275 aliter
2548 2222 2839 2289 aptandtun
2870 2231 2971 2287 est,
3003 2232 3061 2277 ut
3085 2222 3351 2293 legamus:
3385 2242 3403 2275 ι
3435 2221 3575 2277 Sunt

1987 2314 2131 2368 enim
2160 2313 2310 2367 multi
2343 2322 2398 2368 et
2422 2330 2527 2367 non
2556 2314 2777 2377 subditi,
2804 2315 3071 2386 vaniloqui
3102 2324 3157 2372 et
3185 2304 3444 2383 mentium
3473 2316 3572 2371 de-

1989 2413 2257 2473 ceptores,
2292 2404 2527 2459 maxime
2554 2412 2732 2459 autem
2756 2406 2848 2475 qui
2878 2406 2944 2461 de
2973 2406 3385 2461 circumcisione
3416 2414 3565 2462 sunt.

1990 2495 2135 2563 Quos
2160 2492 2357 2550 multos
2383 2506 2437 2551 et
2460 2513 2566 2550 non
2592 2497 2858 2562 subditos,
2885 2497 3201 2568 vaniloquos
3232 2506 3286 2552 et
3308 2495 3568 2551 mentium

1990 2586 2339 2655 deceptores,
2384 2602 2505 2642 cum
2553 2588 2637 2644 his
2689 2588 2779 2659 qui
2826 2589 2894 2643 de
2946 2589 3363 2644 circumcisione
3402 2596 3567 2653 sunt,

1990 2685 2203 2746 oportet
2229 2676 2527 2742 refrenari,
2558 2679 2651 2747 qui
2694 2678 2979 2733 universas
3006 2679 3195 2734 domos
3230 2679 3570 2744 subvertuut,

1992 2768 2250 2821 docentes
2296 2782 2416 2836 quae
2443 2782 2546 2820 non
2583 2774 2817 2835 oportet,
2846 2769 3017 2837 turpis
3040 2766 3173 2821 lucri
3202 2768 3397 2839 gratia.
3425 2767 3569 2821 Dixit

1992 2859 2208 2927 quidam
2259 2874 2326 2914 ex
2373 2859 2477 2913 illis
2508 2859 2756 2929 proprius
2806 2873 2992 2912 eorum
3038 2859 3331 2930 propheta;
3360 2861 3397 2911 ἰ
3429 2868 3487 2911 ιιι
3517 2857 3571 2912 id

1992 2951 2135 3021 quod
2158 2951 2254 3016 ait,
2293 2970 2311 3003 ι
2354 2951 2602 3021 preprius
2631 2965 2816 3005 eorum
2846 2951 3125 3021 propheta,
3156 2971 3175 3002 ι
3220 2968 3325 3006 non
3358 2951 3572 3022 specia-

1992 3043 2119 3099 liter
2149 3044 2214 3099 ad
2237 3044 2470 3109 Judaeos,
2502 3053 2555 3097 et
2580 3058 2674 3098 eos
2699 3044 2931 3097 maxime
2953 3043 3044 3114 qui
3069 3042 3134 3098 de
3161 3043 3571 3099 circumcisione

1993 3144 2134 3199 sunt,
2180 3137 2273 3191 sed
2303 3133 2369 3190 ad
2397 3135 2592 3191 multos
2620 3133 2905 3200 referatur,
2933 3135 3023 3205 qui
3055 3152 3159 3190 non
3192 3135 3394 3190 subditi
3419 3144 3564 3203 sunt,

1986 3237 2041 3285 et
2078 3226 2349 3296 vaniloqui
2392 3236 2452 3282 et
2496 3216 2751 3282 mentium
2806 3227 3158 3297 deceptores,
3207 3225 3299 3297 qui
3360 3227 3567 3297 utique,

302 3320 591 3382 pturarum
624 3311 784 3369 debet
829 3312 1037 3367 ratione
1076 3326 1356 3382 superare,
1389 3320 1445 3368 et
1472 3313 1746 3368 silentium
1783 3310 1928 3369 illis’
1984 3320 2111 3392 quia
2165 3319 2219 3374 in
2271 3317 2429 3374 Creta
2483 3328 2662 3381 erant,
2720 3318 3003 3375 Cretenses
3079 3317 3257 3395 fuisse,
3314 3316 3571 3375 credendi

306 3405 739 3462 testimoniorum
766 3405 1001 3476 pondere
1028 3406 1331 3476 imponere:
1358 3408 1451 3479 qui
1474 3424 1579 3464 non
1611 3420 1771 3464 unam
1796 3418 1888 3465 aut

304 3512 511 3568 paucas
534 3497 740 3558 domos,
770 3497 865 3553 sed
890 3497 1175 3553 universas
1210 3512 1334 3554 eum
1375 3499 1606 3555 dominis
1637 3499 1890 3556 familiis-

304 3606 417 3661 que
452 3591 803 3657 subvertunt,
849 3591 1106 3647 docentes
1146 3592 1213 3647 de
1256 3593 1503 3648 ciborum
1547 3590 1886 3659 dilferentiis,

307 3685 377 3741 de
427 3682 638 3738 sabbati
671 3680 784 3752 jam
828 3681 959 3741 olim
992 3683 1305 3748 abolitione,
1354 3684 1420 3739 de
1461 3684 1889 3740 circumcisionis
1924 3676 1929 3681 ’

307 3772 538 3843 injuria;
565 3783 729 3845 atque
761 3774 965 3830 utinam
996 3776 1099 3830 hoe
1126 3776 1301 3846 ipsum
1331 3775 1448 3830 zelo
1474 3775 1594 3829 fidei
1620 3774 1886 3837 facerent,

305 3884 377 3924 ex
408 3876 565 3939 parte
602 3867 780 3938 aliqua
830 3876 1010 3938 posset
1057 3867 1284 3939 ignosci,
1329 3867 1543 3923 dicente
1580 3866 1841 3937 Apostolo
1871 3880 1886 3920 :

314 3979 334 4011 ι
372 3959 673 4024 Confiteor,
726 3957 899 4015 zelum
929 3957 1021 4013 Dei
1051 3958 1271 4021 habent,
1320 3958 1415 4013 sed
1450 3973 1557 4012 non
1592 3958 1889 4013 secundum

306 4050 599 4106 scientiam
624 4048 799 4120 (Rom.
838 4048 916 4119 ιι).
962 4067 981 4101 ι
1029 4048 1226 4105 Verum
1270 4064 1411 4103 nunc
1448 4049 1501 4103 id
1532 4048 1738 4103 faciunt
1764 4049 1904 4119 quia'

312 4143 457 4197 Deus
480 4152 565 4198 est
578 4150 764 4198 venter
792 4143 1029 4212 ipsorum
1052 4141 1273 4212 (Philip.
1298 4141 1406 4211 ιιι),
1424 4142 1593 4212 turpis
1613 4142 1745 4198 lucri
1771 4158 1892 4214 gra-

310 4234 389 4289 tia
436 4232 624 4288 volunt
655 4233 903 4303 proprios
936 4231 1117 4288 facere
1144 4232 1457 4303 discipulos,
1485 4240 1546 4286 ut
1583 4232 1736 4301 quasi
1777 4247 1893 4286 ma-

311 4325 471 4396 gistri
511 4340 543 4380 a
572 4323 933 4382 sectatoribus
971 4325 1084 4380 suis
1110 4323 1345 4379 alantur.
1391 4322 1685 4379 Possumus
1707 4307 1891 4378 autem

1986 3420 2131 3469 sunt.
2180 3411 2385 3467 Dicitur
2433 3419 2611 3466 autem
2653 3412 2753 3466 iste
2802 3411 3104 3467 versiculus
3147 3411 3201 3466 in
3242 3406 3573 3482 Epimenidis

1987 3504 2262 3561 Cretensis
2294 3513 2466 3573 poetae
2494 3504 2728 3560 oraculis
2760 3504 3020 3583 reperiri;
3048 3520 3207 3575 quem
3234 3504 3291 3561 in
3338 3504 3576 3575 prasen-

1988 3596 2185 3652 tiarum
2217 3596 2330 3651 sive
2352 3584 2594 3651 alludeus
2628 3596 2948 3667 prophetam
2981 3596 3213 3661 vocavit,
3246 3596 3391 3667 quod
3427 3595 3571 3651 scili-

1989 3682 2075 3744 cet
2100 3688 2234 3743 tales
2254 3687 2568 3752 Christiani,
2600 3688 2733 3743 tales
2770 3697 3081 3744 mereantur
3107 3688 3308 3744 habere
3342 3686 3572 3758 prophe-

1991 3787 2093 3841 tas,
2123 3777 2393 3849 quomodo
2429 3786 2483 3832 et
2518 3779 2792 3847 prophetae
2832 3784 2987 3832 erant
3026 3776 3187 3842 Baal,
3228 3786 3281 3833 et
3318 3778 3577 3849 propheta

1989 3869 2349 3934 confusionis,
2385 3878 2439 3925 et
2471 3868 2560 3925 alii
2588 3852 2975 3935 offensionum,
3008 3879 3065 3925 et
3102 3883 3451 3939 quoscunque
3492 3868 3576 3923 vi-

1991 3963 2159 4018 tiosos
2181 3970 2495 4031 prop..etas,
2533 3961 2803 4031 scriptura
2833 3969 3240 4016 commemorat.
3270 3958 3397 4017 Sive
3422 3974 3571 4025 vere,

1991 4052 2117 4124 quia
2158 4052 2222 4107 de
2250 4051 2483 4106 oraculis
2535 4052 2820 4122 scripserit
2872 4060 3036 4123 atque
3066 4055 3356 4122 responsis,
3385 4068 3504 4123 qua:
3524 4061 3580 4108 et

1996 4144 2111 4215 ipsa
2166 4142 2345 4197 futura
2393 4142 2768 4214 pronuntient,
2815 4152 2869 4199 et
2916 4160 2979 4200 ea
3022 4161 3142 4217 quae
3191 4154 3420 4201 ventura
3452 4153 3580 4199 sunt

1991 4234 2163 4291 multo
2194 4243 2317 4289 ante
2365 4234 2695 4303 praidieant.’
2727 4232 2967 4304 Denique
2998 4236 3114 4306 ipse
3142 4228 3281 4290 liber
3307 4232 3570 4291 Oraculo'

1992 4341 2111 4380 rum
2160 4324 2315 4380 titulo
2346 4332 2712 4394 prmnotatur:
2750 4341 2909 4397 quem
2955 4327 3079 4398 quia
3123 4326 3408 4381 videbatur
3441 4324 3580 4380 divi-

310 4427 369 4475 et
403 4416 561 4473 aliter
591 4416 933 4489 interpretari
962 4416 1067 4471 hoe
1110 4416 1253 4486 quod
1284 4415 1486 4471 dictum
1513 4422 1618 4479 εει,
1666 4434 1683 4466 ι
1722 4415 1894 4485 turpis
1994 4432 2122 4473 num
2152 4417 2352 4487 aliquid
2383 4418 2778 4488 repromittere,
2815 4428 3102 4490 preptcrea
3142 4418 3455 4489 Apustolum
3483 4434 3574 4472 ar-

312 4508 453 4564 lucri
475 4509 673 4580 gratia,
702 4530 720 4562 »
751 4516 808 4564 ut
826 4520 1078 4579 putemus
1098 4506 1411 4577 Apostolum
1434 4507 1702 4561 communi
1726 4509 1894 4561 verbo
1997 4504 2173 4565 hitror
2202 4508 2519 4579 inSpexisse,
2544 4514 2601 4561 ut
2624 4509 2831 4563 videret
2866 4508 2991 4579 quid
3016 4508 3292 4581 gentilium
3312 4508 3573 4563 divinatio

312 4615 513 4666 usum,
568 4614 678 4671 quo
726 4614 915 4655 ouuies
976 4598 1217 4654 hairetici
1283 4610 1405 4652 eum
1474 4610 1729 4664 perversa
1795 4597 1894 4652 do-
1921 4597 1963 4604 “’
1998 4600 2383 4672 polliceretur:
2418 4610 2471 4655 et
2509 4603 2562 4654 in
2598 4609 2837 4669 tempore
2878 4602 3104 4655 abusum
3134 4614 3252 4654 esse
3279 4599 3574 4666 versiculo,

314 4697 467 4755 cent,
495 4704 555 4745 se
587 4688 864 4745 hominum
898 4688 1074 4744 solent
1121 4701 1367 4745 asserere
1404 4685 1725 4751 luctatores,
1768 4690 1894 4742 'cum
1994 4690 2317 4746 scribentem
2353 4691 2419 4745 ad
2458 4688 2637 4745 Titum
2666 4691 2756 4761 qui
2778 4700 2894 4746 erat
2922 4690 3097 4745 Cretae
3128 4705 3141 4745 :
3173 4696 3234 4744 ut
3263 4688 3429 4745 falsos
3451 4688 3582 4746 Cre-

314 4797 429 4838 non
450 4780 660 4837 lucrum
686 4781 778 4845 sit,
816 4780 909 4837 sed
935 4780 1191 4850 perditio,
1218 4780 1430 4835 animas
1469 4778 1774 4833 interﬁcere
1804 4779 1898 4835 de-

315 4885 623 4948 ceptorum.
683 4872 887 4930 Contra
946 4873 1041 4944 qui
1098 4881 1371 4929 errantem
1445 4872 1668 4927 fratrem
1738 4887 1897 4927 suum

310 4966 471 5039 juxta
516 4964 859 5036 Evangelium
886 4963 1229 5034 corripuerit,
1276 4964 1321 5019 si
1352 4962 1515 5017 fuerit
1558 4963 1646 5018 ille
1670 4978 1897 5018 conver-

318 5074 438 5124 sus,
469 5058 708 5114 lucratus
736 5065 821 5113 est
850 5072 994 5111 eum.
1023 5055 1173 5124 Quod
1201 5057 1345 5111 enim
1376 5054 1548 5124 majus
1570 5054 1777 5110 lucrum
1800 5068 1897 5123 po-
1938 5076 1943 5083 -

322 5156 432 5205 test
462 5161 601 5211 esse,
653 5155 750 5203 aut
794 5147 925 5216 quid
956 5146 1270 5215 pretiosius,
1311 5162 1474 5217 quam
1524 5145 1569 5201 si
1603 5146 1894 5200 humanam

320 5240 560 5295 animam
592 5239 717 5311 quis
761 5239 1041 5294 lucretur?
1081 5237 1269 5293 Omnis
1306 5239 1469 5307 igitur
1493 5237 1684 5293 doctor
1708 5236 1894 5292 Eccle-

321 5335 443 5399 siae,
473 5333 565 5404 qui
609 5333 679 5389 ad
718 5331 917 5389 Christi
948 5330 1109 5386 fidem
1158 5339 1303 5385 recta
1334 5331 1543 5386 ratione
1586 5329 1892 5400 persuadet,

322 5428 586 5485 honestus
615 5427 855 5483 lucrator
880 5432 964 5482 est
993 5442 1008 5480 :
1032 5434 1089 5480 et
1130 5425 1309 5480 cumis
1341 5424 1625 5479 haereticus
1663 5425 1754 5494 qui
1782 5424 1903 5493 qui-

325 5519 554 5576 busdam
577 5517 865 5590 praestigiis
892 5517 1139 5572 homines
1170 5515 1381 5570 fallitet
1409 5515 1629 5581 fallitur,
1666 5514 1905 5585 loquitur

325 5626 452 5685 quae
483 5625 591 5666 nou
619 5618 833 5682 oportet
860 5610 1031 5679 turpis
1060 5608 1191 5663 lucri
1220 5608 1413 5678 gratia.

405 5724 428 5759 ι
474 5705 620 5761 Dixit
651 5705 871 5775 quidam
896 5720 963 5760 ex
992 5704 1098 5759 illis
1126 5703 1374 5773 proprius
1399 5717 1583 5755 eorum
1611 5702 1899 5772 propheta:

335 5816 360 5858 ι
402 5797 694 5859 Cretenses
736 5812 950 5871 semper
989 5796 1296 5866 mendaces,
1344 5792 1499 5851 malae
1533 5792 1741 5862 bestiae,
1778 5808 1907 5851 vcn-

1996 4784 2230 4839 tensium
2263 4783 2514 4838 doctores
2542 4784 2763 4853 proprio
2794 4781 2981 4837 insula:
3000 4790 3224 4857 auctore
3249 4784 3574 4837 contereret.

1997 4874 2111 4931 Hoc
2148 4884 2326 4930 autem
2355 4870 2551 4929 Paulus
2577 4886 2685 4928 non
2712 4872 2885 4928 solum
2913 4873 2965 4927 i'n
3003 4860 3104 4928 hoc
3136 4872 3272 4939 loco,
3298 4871 3392 4927 sed
3415 4872 3579 4929 etiam

1998 4971 2051 5025 in
2090 4969 2209 5024 aliis
2270 4968 2462 5023 fecisse
2512 4964 2949 5036 deprehenditur.
3002 4956 3057 5019 lu
3106 4963 3332 5019 Actibus
3382 4964 3581 5035 quippe

2000 5060 2385 5131 apostolorum,
2428 5073 2548 5113 eum
2586 5056 2999 5112 conciouaretur
3036 5056 3102 5112 ad
3135 5056 3412 5128 pepulum,
3442 5064 3497 5111 et
3522 5055 3577 5110 'm

2002 5153 2304 5222 Areopago,
2337 5166 2456 5220 qua:
2496 5158 2581 5205 est
2606 5149 2754 5204 curia
2800 5148 3232 5214 Atheniensium,
3258 5148 3578 5219 disputaret,

2003 5246 2148 5301 inter
2174 5253 2369 5300 caetera
2405 5243 2521 5298 ait:
2554 5263 2571 5294 ι
2611 5241 2763 5297 Sicut
2786 5246 2841 5312 et
2866 5240 3088 5313 quidam
3129 5243 3195 5298 de
3223 5241 3420 5298 vestris
3461 5256 3584 5312 poe-

2006 5340 2075 5394 tis
2096 5338 2382 5393 dixerunt:
2406 5335 2578 5405 ipsius
2598 5335 2740 5390 enim
2768 5344 2819 5390 et
2834 5320 3002 5405 genus
3030 5351 3215 5391 sumus
3231 5333 3367 5407 (Act.
3386 5334 3576 5405 xvn).i

2008 5428 2161 5498 Quod
2199 5428 2601 5483 hemistichium
2639 5427 2692 5482 in
2738 5426 3117 5485 Pllzenomenis
3164 5426 3316 5483 Arati
3364 5427 3578 5499 legitur,

2007 5502 2165 5589 quem
2204 5519 2394 5573 Cicero
2438 5518 2491 5572 in
2532 5517 2782 5573 Latinum
2837 5535 3143 5575 sermonem
3190 5518 3479 5583 transtulit,
3526 5526 3583 5573 et

2007 5605 2361 5663 Germanicus
2387 5604 2568 5660 Caesar
2592 5615 2645 5659 et
2680 5621 2852 5674 nuper
2890 5604 3129 5660 Avienus
3155 5613 3208 5659 et
3239 5604 3410 5667 multi,
3443 5618 3579 5672 quos

2009 5713 2325 5753 enumerare
2380 5697 2691 5766 perlongum
2729 5702 2833 5751 est.
2882 5696 2959 5751 Ad
2994 5696 3303 5751 Corinthios
3344 5706 3576 5763 quoque,

2011 5791 2102 5865 qui
2132 5797 2189 5846 et
2214 5789 2315 5865 ipsi
2348 5789 2527 5845 Attica
2553 5787 2802 5845 facundia
2838 5778 3083 5863 expuliti,
3114 5794 3165 5843 et
3201 5795 3420 5860 propter
3444 5784 3584 5849 loco-
