3992 6338
291 377 400 433 675

793 377 1347 437 ENARRATIONUM
1381 378 1451 435 1N
1489 379 1638 434 EPP.
1681 378 1885 436 PAULI

1990 383 2054 437 .B.
2095 365 2372 437 xxv.“‘—"-
2404 382 2473 440 IN
2508 383 2726 442 EPIST.
2766 385 2860 443 AD
2885 347 3030 443 'TlT.

3451 390 3558 448 674

291 490 398 547 Ubi
425 497 605 544 autem
649 501 732 544 est
768 492 971 546 veritas
998 502 1050 546 et
1088 493 1174 547 lex
1205 492 1482 564 spiritalis,
1516 493 1586 547 ibi
1611 492 1874 561 justiﬁca-
1901 499 1949 558 Α
1978 494 2084 549 Sed
2106 511 2232 550 ecce
2246 496 2536 566 Apostolus
2561 500 2811 554 omnibus
2832 516 2952 570 qua:
2980 516 3235 571 perversa
3257 512 3384 560 sunt
3405 505 3564 564 factis

290 583 472 635 tiones
503 581 675 645 home,
708 590 762 634 et
785 592 1055 651 praecepta
1085 593 1208 638 sunt
1244 585 1446 652 optima
1473 600 1486 638 :
1517 599 1636 652 qua:
1664 584 1756 653 qui
1793 582 1875 638 fe-

289 672 449 735 cerit,
489 671 636 724 vivet
664 671 716 723 in
744 672 823 725 eis
849 672 1066 742 (Ezech.
1102 672 1216 744 xx).

369 783 387 816 ι
419 764 608 819 Omnia
635 765 832 819 munda
862 765 1098 830 mundis,
1122 765 1480 836 coinquinatis
1507 773 1686 819 autem
1717 774 1772 819 et
1797 781 1878 820 tn-

295 874 317 905 (
356 854 608 909 ﬁdelibus
637 854 770 908 nihil
801 858 1080 920 mundum,
1131 856 1226 911 sed
1249 855 1448 925 polluta
1477 864 1564 922 est
1592 870 1780 910 eorum
1824 867 1880 912 et

293 966 314 998 ι
355 955 599 1010 ηιεηερθι
611 945 961 1000 conscientia.
986 966 1003 998 ι
1023 945 1228 1018 (Αιῐὼ.)
1247 947 1320 1000 Eo
1333 947 1476 1017 quod
1490 963 1618 1018 erga
1633 963 1876 1002 escarum

287 1039 714 1110 insumptionem
741 1039 1055 1110 scrupulose
1077 1055 1238 1112 agere
1270 1040 1614 1106 videbantur,
1637 1056 1668 1095 e
1683 1040 1878 1110 quibus

276 1130 442 1200 juxta
470 1133 601 1203 .egis
617 1131 817 1188 dudum
841 1132 962 1187 latae
983 1141 1224 1187 tenorem
1239 1131 1342 1186 alia
1363 1133 1578 1202 quidem
1605 1133 1876 1188 deb‘eban-

282 1234 382 1281 tur
422 1227 639 1290 insumi,
693 1227 798 1282 alia
840 1242 971 1282 vero
1002 1227 1227 1298 repelli;
1277 1227 1386 1291 illa,
1419 1227 1614 1296 inquit,
1645 1243 1766 1296 qua:
1809 1227 1879 1282 ad

283 1332 470 1373 escam
501 1317 644 1372 facta
673 1326 816 1384 sunt,
861 1318 996 1373 nihil
1029 1319 1083 1373 in
1121 1335 1181 1374 se
1207 1319 1542 1374 immundum
1579 1319 1798 1385 habent,
1831 1317 1880 1374 si

283 1417 474 1462 tamen
515 1408 638 1478 quis
665 1423 788 1462 cum
841 1410 1038 1464 munda
1085 1410 1418 1465 conscientia
1462 1409 1591 1464 velit
1633 1424 1696 1464 ea
1733 1410 1880 1465 insu-

281 1516 477 1566 mere;
509 1503 554 1556 si
582 1502 702 1572 quis
743 1517 870 1556 vero
918 1517 1016 1574 per
1062 1519 1212 1558 suam
1260 1503 1688 1558 incredulitatem
1717 1503 1882 1557 habet

281 1593 676 1648 conscientiam
705 1594 1109 1664 coinquinalam
1132 1635 1146 1659 ,
1195 1593 1330 1648 nihil
1357 1595 1615 1648 mundum
1641 1608 1760 1648 esse
1785 1607 1881 1663 po-

281 1685 415 1740 terit
443 1685 542 1752 illi,
575 1686 665 1756 qui
696 1685 819 1740 talis
858 1694 960 1740 est.
1001 1685 1238 1741 Nocetur
1290 1694 1470 1740 autem
1517 1683 1765 1739 similiter
1811 1697 1880 1738 ex

279 1777 537 1832 omnibus
587 1777 691 1832 illis
739 1792 834 1831 sua
862 1776 1108 1846 perﬁdia.
1147 1776 1348 1848 (Hier.)
1398 1776 1645 1830 Adventu
1676 1773 1878 1830 Christi

1979 587 2149 641 Deum
2198 590 2391 642 asserit
2432 589 2707 661 denegari.
2755 591 3004 648 Christus
3047 595 3308 664 sapientia
3353 606 3454 662 est,
3477 599 3566 669 ju-

1977 678 2144 743 stitia,
2188 679 2410 745 veritas,
2449 682 2744 747 sanctitas,
2770 683 3050 740 fortitudo.
3089 685 3329 757 Negatur
3357 704 3456 759 per
3483 691 3567 744 in-

1979 769 2286 837 sipientiam
2323 771 2608 840 sapientia,
2666 789 2762 843 per
2815 775 3155 844 iniquitatem
3181 775 3413 845 justitia,
3468 795 3568 849 per

1979 860 2320 916 mendatium
2348 867 2566 929 veritas,
2613 880 2711 935 per
2739 865 3123 936 turpitudinem
3152 869 3432 936 sanctitas,
3468 886 3568 942 per

1979 954 2406 1009 imbecillitatem
2467 955 2636 1010 animi
2691 954 2970 1014 fortitudo.
3026 957 3093 1012 Et
3139 960 3568 1032 quotiescunque

1978 1046 2250 1100 vincimur
2296 1046 2446 1101 vitiis
2481 1056 2640 1116 atque
2680 1049 2951 1118 peccatis,
2984 1050 3146 1106 toties
3183 1050 3352 1106 Deum
3399 1067 3564 1124 nega-

1980 1151 2143 1204 mus;
2217 1147 2273 1193 et
2323 1141 2632 1196 econtrario
2697 1142 2908 1210 quoties
2961 1143 3100 1199 bene
3152 1143 3283 1213 quid
3334 1144 3565 1216 agimus,

1979 1229 2149 1285 Deum
2182 1231 2520 1286 conﬁtemur.
2558 1231 2669 1288 Nec
2701 1234 3072 1290 arbitraudum
3101 1244 3184 1291 est
3212 1236 3268 1291 in
3297 1236 3384 1292 die
3420 1236 3568 1306 judi-

1979 1321 2048 1376 cii
2094 1321 2213 1376 illos
2244 1330 2448 1376 tantum
2479 1337 2508 1376 a
2537 1323 2632 1377 Dei
2661 1323 2798 1378 Filio
2822 1325 3181 1396 denegandos,
3212 1327 3308 1396 qui
3347 1327 3401 1381 in
3428 1342 3570 1382 mar-

1979 1413 2120 1484 tyrio
2147 1412 2426 1469 Christum
2457 1423 2757 1482 negarunt:
2793 1416 2887 1470 sed
2917 1431 3016 1486 per
3033 1417 3213 1472 omnia
3241 1430 3421 1488 opera,
3457 1433 3572 1473 ser-

1979 1518 2168 1559 mones
2193 1544 2207 1569 ,
2261 1505 2637 1575 cogitationes,
2660 1503 2939 1570 Christus,
2981 1506 3067 1562 vel
3118 1515 3341 1579 negatus
3383 1516 3566 1580 negat,

1978 1594 2064 1648 vel
2092 1594 2372 1650 confessus
2397 1595 2704 1650 conﬁtetur.
2750 1597 2827 1651 De
2869 1597 2973 1651 hac
2997 1605 3130 1667 puto
3152 1597 3492 1656 confessione
3514 1608 3571 1656 et

1980 1683 2260 1754 discipulis
2311 1685 2559 1755 praecipit
2591 1686 2816 1741 dicens:
2882 1705 2901 1737 ι
2931 1686 3096 1742 Eritis
3139 1689 3272 1742 mihi
3321 1697 3484 1745 testes
3512 1689 3569 1746 in

1980 1774 2334 1845 Hierusalem,
2365 1785 2421 1831 et
2447 1776 2502 1830 in
2528 1778 2675 1831 omni
2704 1776 2908 1842 Iudaea,
2933 1786 2990 1834 et
3019 1777 3290 1846 Samaria,
3317 1788 3373 1834 et
3398 1795 3570 1850 usque

277 1877 513 1939 purgata
538 1876 664 1924 sunt
689 1869 874 1923 omnia
901 1885 914 1922 :
939 1883 1061 1939 quae
1088 1867 1176 1923 ille
1199 1868 1498 1933 mundavit,
1517 1881 1614 1922 nos
1635 1856 1877 1922 cemmu-
1904 1868 1951 1928 B
1979 1869 2047 1922 ad
2075 1876 2379 1923 extremum
2411 1878 2567 1924 terra:
2599 1868 2735 1940 (Act.
2774 1869 2813 1942 ι)
2841 1887 2854 1936 ;
2900 1890 2918 1922 ι
2955 1879 3014 1926 ut
3047 1871 3101 1924 in
3127 1871 3378 1928 omnibus
3412 1873 3570 1930 bonis

277 1959 467 2014 nicare
501 1974 608 2014 non
645 1974 951 2030 possumus.
1008 1958 1114 2014 Sed
1150 1959 1600 2014 considerandum
1645 1972 1714 2012 ne
1769 1955 1876 2010 ista

280 2059 581 2107 tractantes
609 2052 952 2107 occasionem
997 2050 1072 2106 illi
1110 2051 1303 2106 hmresi
1331 2051 1541 2112 demus,
1569 2065 1689 2119 quae
1722 2045 1876 2116 juxta

279 2139 646 2213 Apocalypsin
695 2149 750 2197 et
802 2143 976 2212 ipsum
1025 2157 1239 2212 quoque
1294 2141 1608 2211 Apostolum
1652 2138 1876 2193 Paulum

279 2235 611 2290 scribentem
632 2234 700 2288 ad
727 2233 1060 2300 Corinthios,
1099 2243 1256 2305 putat
1298 2235 1365 2288 de
1414 2232 1729 2304 idolothytis
1753 2246 1876 2288 esse

278 2326 615 2381 vescendum
665 2343 678 2380 :
740 2325 867 2395 quia
933 2324 1115 2379 omnia
1178 2325 1378 2378 munda
1448 2334 1575 2378 sunt
1637 2323 1873 2378 mundis.

280 2414 440 2472 Nunc
489 2415 633 2470 enim
682 2413 948 2484 Apostolo
1010 2428 1118 2468 non
1163 2412 1264 2467 fuit
1307 2413 1643 2483 propositum
1680 2413 1745 2467 de
1779 2411 1876 2466 .his

281 2523 407 2580 quae
436 2506 784 2562 immolantur
829 2505 1163 2560 daamonibus
1194 2504 1474 2575 disputare
1495 2543 1510 2568 ,
1559 2503 1656 2557 sed
1682 2502 1875 2557 advera-

281 2615 406 2655 sum
432 2597 667 2666 Iudaeos,
689 2598 781 2668 qui
801 2598 1094 2653 secundum
1139 2596 1274 2668 legis
1307 2595 1518 2652 abolitae
1538 2594 1881 2665 disciplinam

282 2693 535 2764 quaedam
576 2693 814 2762 munda,
848 2691 1092 2762 quaedam
1121 2689 1530 2746 arbitrabantur
1574 2689 1876 2743 immunda.

282 2786 407 2844 Non
441 2786 608 2852 enim,
649 2785 843 2856 inquit,
883 2798 1175 2856 possumus
1225 2797 1424 2838 mensae
1452 2781 1665 2836 Domini
1713 2779 1882 2850 parti-

287 2879 496 2948 cipare,
534 2885 590 2932 et
633 2891 836 2932 mensa:
861 2874 1249 2931 daemoniorum
1281 2890 1296 2929 :
1327 2888 1428 2928 nec
1453 2871 1696 2927 valemus
1722 2870 1882 2926 simul

282 2973 477 3030 bibere
500 2973 566 3028 de
588 2971 755 3027 calice
776 2960 1099 3038 Domini,_;et
1125 2967 1294 3024 calice
1320 2967 1727 3022 daemoniorum.
1768 2985 1788 3018 ι
1822 2965 1882 3021 In

283 3065 447 3120 nobis
467 3064 651 3135 itaque
670 3070 756 3119 est
775 3061 861 3117 vel
883 3061 1082 3116 munda
1123 3059 1408 3116 comedere
1451 3059 1534 3114 vel
1581 3057 1878 3112 immunda.

286 3157 349 3214 Si
380 3157 522 3214 enim
569 3155 755 3212 mundi
795 3170 1002 3221 sumus,
1053 3153 1254 3208 munda
1286 3153 1442 3208 nobis
1489 3161 1573 3207 est
1607 3159 1877 3206 creatura.

1974 1959 2228 2030 operibus
2257 1968 2419 2031 atque
2448 1962 2790 2018 sermonibus
2825 1975 2980 2019 mens
3000 1961 3216 2020 Christo
3249 1964 3429 2020 dedita
3465 1964 3568 2036 ipsi

1976 2055 2319 2110 confiteatur.
2367 2056 2464 2110 Est
2507 2065 2564 2111 et
2593 2057 2839 2126 quaedam
2885 2057 3155 2113 laudanda
3202 2058 3457 2127 negatio,
3503 2058 3571 2114 de

1979 2160 2085 2216 qua
2111 2156 2166 2200 et
2193 2146 2308 2216 ipse
2329 2145 2618 2216 Apostolus
2655 2148 2730 2201 ait
2759 2147 2888 2219 (Tit.
2940 2148 3001 2210 ιι)
3031 2165 3046 2204 :
3087 2167 3108 2202 ‹
3140 2148 3215 2205 Ut
3237 2150 3570 2220 abnegantes
3617 2219 3624 2227 η

1978 2237 2310 2309 impietatem
2338 2247 2395 2294 et
2423 2239 2702 2294 saecularia
2732 2239 3022 2307 desideria,
3063 2248 3214 2296 caste
3255 2248 3309 2296 et
3346 2239 3491 2312 juste
3514 2248 3572 2297 et

1978 2328 2066 2399 pie
2080 2330 2324 2385 vivamus
2355 2333 2409 2384 in
2435 2330 2539 2386 hoc
2561 2331 2758 2386 saeculo
2781 2339 3159 2400 exspectantes
3185 2333 3396 2387 beatam
3419 2346 3570 2402 spem

1981 2433 2032 2474 e.
2062 2421 2350 2476 adventum
2391 2420 2681 2478 salvatoris
2706 2423 2879 2478 nostri
2905 2422 3022 2478 Dei.
3053 2441 3073 2474 ι
3131 2422 3306 2490 Quam
3331 2423 3573 2492 negatio-

1979 2524 2105 2564 nem
2145 2512 2238 2581 qui
2284 2513 2586 2584 negaverit,
2652 2523 2710 2568 et
2762 2513 2916 2584 sequi
2960 2512 3194 2569 voluerit
3235 2512 3572 2571 Salvatorem

1981 2599 2289 2671 loquentem
2315 2617 2330 2656 :
2371 2622 2388 2654 ‹
2418 2604 2737 2674 Quicunque
2762 2603 3001 2660 voluerit
3028 2605 3215 2660 venire
3255 2603 3324 2660 ad
3349 2620 3455 2672 me,
3478 2603 3573 2662 ab-

1981 2703 2143 2764 neget
2187 2695 2537 2766 semetipsum
2574 2696 2792 2768 (Matth.
2843 2696 2980 2770 XVI),
3019 2716 3039 2750 ›
3092 2704 3288 2753 exutus
3333 2705 3574 2755 veterem

1984 2784 2259 2840 hominem
2306 2801 2429 2840 cum
2453 2788 2708 2856 operibus
2736 2785 2874 2857 ejus,
2905 2797 2961 2844 et
2988 2787 3211 2843 indutus
3237 2803 3458 2854 novum,
3489 2801 3574 2846 se-

1985 2883 2184 2945 quetur
2222 2876 2510 2931 Dominum
2548 2893 2706 2933 suum
2757 2878 2974 2950 (Ephes.
3024 2878 3123 2950 tv).
3172 2875 3452 2945 Quomodo
3481 2892 3577 2932 au-

1983 2974 2096 3022 tem
2120 2966 2243 3036 quis
2284 2981 2345 3022 se
2395 2967 2630 3040 abneget
2657 2966 3135 3039 contemplandum
3177 2973 3285 3022 est.
3340 2965 3576 3022 Pudicus

1985 3053 2370 3113 fornicatorem
2385 3057 2529 3128 quod
2551 3057 2704 3128 prius
2723 3057 2900 3113 fuerat
2924 3067 3108 3131 negat,
3132 3057 3350 3128 sapiens
3372 3057 3579 3128 impru-

1987 3149 2242 3216 dentem,
2286 3149 2466 3218 justus
2507 3149 2786 3220 injustum,
2825 3148 2985 3204 fortis
3029 3148 3344 3216 inﬁrmum;
3386 3156 3476 3216 et,
3508 3155 3570 3203 ut

286 3247 387 3304 Sin
411 3255 592 3303 autem
629 3244 892 3302 immundi
915 3254 970 3300 et
989 3242 1255 3309 inﬁdeles,
1285 3242 1420 3297 ﬁunt
1442 3241 1596 3297 nobis
1625 3242 1883 3298 universa
1909 3236 1956 3300 C
1987 3243 2041 3298 in
2080 3259 2368 3299 commune
2397 3243 2464 3298 de
2499 3244 2750 3299 omnibus
2792 3242 3008 3312 loquar,
3061 3241 3223 3299 toties
3271 3258 3374 3300 nos
3421 3258 3580 3314 nega-

285 3340 624 3406 communia,
666 3339 780 3394 sive
823 3351 922 3407 per
957 3337 1350 3391 inhabitantem
1403 3335 1457 3390 in
1487 3334 1741 3390 cordibus
1781 3349 1880 3390 no-

288 3436 419 3490 stris
463 3431 716 3497 haeresin,
773 3431 888 3487 sive
948 3445 1048 3502 per
1099 3429 1486 3486 conscientiam
1540 3427 1881 3484 delictorum.

287 3525 463 3582 Porro
493 3527 540 3582 si
562 3524 894 3582 conscientia
937 3532 1120 3578 nostra
1170 3537 1269 3578 nos
1316 3537 1420 3576 non
1451 3521 1883 3591 reprehenderit,

290 3629 348 3675 et
369 3621 719 3674 habuerimus
749 3618 999 3674 ﬁduciam
1024 3617 1245 3688 pietatis
1271 3616 1337 3671 ad
1365 3615 1674 3681 Dominum,
1706 3613 1888 3670 orabi-

291 3728 416 3767 mus
457 3711 668 3782 spiritu,
695 3712 970 3767 orabimus
997 3718 1051 3765 et
1087 3720 1307 3776 mente;
1342 3709 1636 3781 psallemus
1671 3708 1886 3780 spiritu,

289 3805 588 3875 psallemus
611 3813 666 3859 et
691 3814 873 3858 mente
907 3802 962 3874 (I
992 3799 1116 3856 Cor.
1165 3800 1314 3874 xiv),
1366 3809 1420 3856 et
1461 3799 1649 3871 procul
1683 3799 1889 3877 erimus

293 3898 364 3953 ab
377 3897 466 3952 his
480 3897 545 3952 de
561 3896 756 3967 quibus
768 3910 912 3950 nunc
937 3893 1224 3950 scribitur:
1259 3912 1276 3944 ι
1297 3892 1505 3948 Polluta
1529 3900 1612 3948 est
1634 3906 1820 3947 eorum
1835 3897 1891 3946 et

292 4006 474 4054 mens,
489 3998 547 4046 et
559 3989 908 4046 conscientia.
934 4008 952 4041 ι
972 4018 1043 4028 —-
1059 4007 1078 4040 ‹
1100 3987 1271 4042 Deum
1284 3985 1610 4042 conﬁtentur
1629 3999 1688 4040 se
1706 3999 1888 4053 nosse,

299 4102 317 4135 ι
349 4082 510 4138 factis
529 4089 710 4136 autem
731 4088 952 4152 negant,
968 4078 1334 4134 exsecrabiles
1355 4085 1411 4132 et
1429 4076 1818 4142 inobedientes,
1835 4085 1891 4131 et

299 4197 316 4228 ‹
361 4177 432 4231 ad
463 4190 622 4230 omne
649 4190 785 4246 opus
819 4175 1018 4229 bonum
1067 4172 1300 4242 reprobi.
1338 4192 1356 4224 ι
1401 4171 1466 4225 Hi
1495 4186 1727 4241 quorum
1772 4170 1888 4240 pol-

293 4268 410 4322 luta
446 4275 530 4321 est
567 4281 720 4321 mens
753 4273 808 4321 et
854 4265 1208 4329 conscientia,
1261 4263 1426 4317 Deum
1453 4277 1612 4318 nosse
1640 4277 1698 4316 se
1727 4260 1893 4316 conﬁ-

297 4370 504 4427 tentur,
535 4358 696 4432 factis
723 4367 905 4413 autem
928 4363 1147 4427 negant,
1183 4356 1476 4410 secundum
1508 4353 1639 4409 illud
1668 4353 1810 4423 quod
1835 4352 1890 4406 in

297 4454 439 4510 Isaia
469 4453 666 4508 dicitur
691 4471 706 4507 :
759 4469 779 4503 ε
812 4449 1046 4522 Populus
1073 4449 1162 4504 hic
1202 4449 1360 4504 labiis
1389 4464 1477 4504 me
1506 4448 1761 4512 honorat,
1795 4461 1891 4502 cor

300 4555 485 4601 autem
516 4559 704 4600 eorum
730 4543 888 4614 longe
913 4550 998 4597 est
1024 4556 1054 4595 a
1073 4557 1159 4595 me
1177 4528 1293 4611 (Ιεα
1320 4555 1477 4605 xxxx;
1514 4538 1702 4593 Matth.
1728 4537 1841 4608 xv).
1869 4556 1888 4589 ι

300 4636 586 4704 Quomodo
621 4635 783 4705 igitur
813 4609 970 4687 labiis
1007 4631 1128 4702 quis
1167 4609 1399 4685 honorat
1426 4635 1482 4683 et
1516 4627 1680 4682 corde
1708 4625 1896 4697 procul
1922 4609 1974 4669 Ῑ)

301 4728 531 4792 recedit,
573 4726 645 4781 ita
679 4727 844 4781 Deum
879 4736 1129 4779 sermone
1155 4721 1277 4791 quis
1325 4718 1611 4783 conﬁtens,
1639 4717 1897 4786 operibus

301 4828 486 4892 negat.
529 4819 758 4888 (Ambr.)
795 4816 1027 4887 Negant,
1055 4815 1251 4885 inquit,
1295 4827 1519 4884 operum
1560 4811 1676 4881 ejus
1704 4809 1894 4880 cogni-

303 4915 534 4977 tionem,
577 4910 706 4965 dum
750 4910 956 4980 legibus
985 4909 1102 4979 ejus
1149 4905 1339 4960 nolunt
1366 4902 1762 4972 obtemperare,
1796 4915 1896 4955 ne-

303 5021 413 5076 que
459 5003 660 5075 aliquid
701 5003 768 5059 de
805 5002 912 5058 illis
962 5015 1082 5070 qua:
1125 4998 1452 5055 conveniunt
1483 5009 1664 5066 agere.
1697 4991 1896 5065 (Hier.)

306 5100 525 5173 Negans
563 5107 744 5154 autem
773 5097 1027 5168 operibus
1049 5095 1240 5159 Deum,
1283 5091 1618 5148 confessione
1645 5087 1898 5143 simulata

307 5199 465 5247 recte
511 5189 865 5246 exsecrabilis
888 5195 944 5243 et
968 5186 1229 5258 profanus
1253 5192 1336 5240 est
1359 5198 1374 5237 ε
1400 5190 1456 5237 et
1484 5180 1627 5236 nulla
1652 5179 1900 5234 veritatis

307 5282 520 5339 ratione
543 5295 854 5352 persuasus,
882 5277 1198 5334 inobediens
1242 5283 1297 5330 et
1320 5273 1631 5330 incredulus
1658 5269 1897 5342 appella-

312 5387 422 5432 tur.
456 5375 606 5433 Unde
631 5375 812 5430 evenit
851 5381 911 5428 ut
950 5371 1015 5426 ad
1043 5385 1204 5426 omne
1245 5383 1380 5438 opus
1411 5367 1612 5422 bonum
1637 5363 1901 5434 reprobus

309 5472 383 5526 sit
406 5487 419 5524 :
454 5470 597 5540 quod
628 5469 834 5524 scilicet
855 5468 1020 5522 etiam
1044 5481 1109 5519 ea
1137 5479 1256 5534 quae
1279 5461 1511 5516 naturali
1541 5459 1782 5514 bonitate
1807 5473 1896 5511 su-

306 5572 539 5633 peratus
566 5560 704 5616 forte
724 5560 862 5614 bona
885 5557 1097 5622 fecerit,
1128 5571 1233 5611 non
1274 5555 1382 5609 sint
1411 5555 1570 5617 bona,
1597 5551 1724 5605 dum
1752 5565 1902 5605 men-

313 5657 386 5711 tis
413 5655 772 5727 perversitate
811 5662 934 5708 sunt
958 5650 1206 5721 reproba.
1250 5648 1544 5703 [Estimant
1587 5645 1804 5714 quidem
1847 5641 1902 5696 in

310 5763 380 5805 eo
420 5756 628 5803 tantum
659 5748 826 5801 Deum
862 5745 1064 5816 negari,
1117 5743 1162 5798 si
1213 5743 1263 5796 iu
1297 5739 1675 5810 persecutione
1725 5736 1847 5805 quis
1875 5749 1905 5789 a

314 5838 567 5906 gentibus
617 5837 1068 5904 comprehensus,
1117 5849 1175 5890 se
1224 5830 1464 5887 rcuuerit
1514 5827 1904 5882 Christianum.

1985 3354 2128 3404 mus,
2169 3338 2384 3408 quoties
2429 3337 2557 3392 vitia
2597 3337 2780 3408 priora
2808 3337 3084 3392 calcantes
3114 3335 3412 3393 desinimus
3457 3350 3580 3394 esse

1985 3431 2130 3502 quod
2155 3430 2376 3496 fuimus,
2390 3439 2446 3485 et
2460 3430 2752 3501 incipimus
2773 3443 2895 3486 esse
2918 3430 3063 3502 quod
3079 3438 3206 3487 ante
3219 3444 3328 3486 non
3355 3428 3577 3488 fuimus.

2613 3544 2842 3603 CAPUT
2873 3545 2938 3601 ll.

1989 3637 2138 3694 Titus
2170 3639 2456 3694 instruitur
2499 3638 2569 3692 ad
2618 3637 3018 3708 informandum
3061 3653 3234 3706 senes,
3270 3636 3491 3708 juvenes
3532 3642 3583 3692 α

2693 3725 2886 3764 δενυοε.

2065 3822 2085 3854 ι
2125 3801 2195 3856 l‘u
2218 3817 2348 3857 vero
2373 3817 2597 3872 loquere
2623 3816 2745 3872 quae
2771 3803 2928 3857 decet
2972 3816 3162 3857 sanam
3197 3801 3521 3857 doctrinam.
3554 3818 3575 3854 ι

1991 3894 2192 3967 (Ηίεν.)
2237 3895 2396 3951 Aliud
2428 3902 2511 3950 est
2552 3909 2742 3950 sanam
2767 3893 3070 3948 doctrinam
3115 3892 3282 3964 loqui,
3332 3892 3477 3948 aliud
3517 3906 3584 3949 ea

1961 3976 2111 4061 'quae
2136 4003 2281 4044 sanae
2327 3987 2655 4042 conveniunt
2706 3986 2901 4041 docere
2937 3985 3235 4041 doctrinae:
3269 3984 3397 4054 qula
3426 3983 3481 4038 in
3507 3981 3584 4038 alc

1993 4089 2111 4136 tero
2139 4079 2364 4150 simplex
2393 4087 2602 4134 tantum
2633 4078 2899 4134 institutio
2927 4086 3039 4134 est.
3080 4078 3134 4132 in
3162 4077 3335 4134 altero
3363 4091 3485 4132 cum
3517 4091 3584 4134 eo

1994 4172 2139 4241 quod
2160 4172 2377 4236 doceas,
2411 4171 2537 4225 vitae
2561 4185 2776 4240 quoque
2805 4169 3074 4226 correctio
3101 4176 3206 4224 est.
3242 4187 3260 4219 Ι
3289 4167 3392 4236 Qui
3440 4166 3586 4222 enim

1995 4264 2217 4319 solverit
2244 4279 2410 4318 unum
2437 4264 2504 4319 de
2531 4263 2799 4317 mandatis
2831 4262 2949 4318 istis
2971 4261 3234 4327 minimis,
3265 4268 3320 4316 et
3346 4258 3590 4315 docuerit

1997 4363 2075 4418 sic
2104 4361 2374 4426 homines,
2417 4360 2675 4415 minimus
2707 4358 2990 4414 vocabitur
3017 4358 3072 4412 in
3108 4371 3276 4428 regno
3327 4353 3589 4411 ctnlorum

1998 4455 2214 4527 (Matth.
2248 4453 2323 4526 v).
2360 4472 2378 4505 ι
2410 4453 2662 4524 Legimus
2699 4451 3034 4508 Salvatorem
3080 4449 3480 4519 praecipientem
3510 4445 3597 4500 di--

1999 4548 2220 4618 scipulis
2248 4563 2357 4602 non
2389 4545 2562 4601 solum
2603 4547 2658 4600 in
2688 4544 3039 4600 meditatione
3065 4540 3468 4608 Scripturarum
3497 4551 3591 4594 eos

1999 4642 2247 4698 laborare
2290 4641 2511 4705 debere,
2550 4645 2612 4692 ut
2652 4652 2773 4708 quae
2806 4636 3007 4705 scripta
3043 4640 3170 4688 sunt
3213 4630 3492 4702 replicent,
3537 4637 3593 4685 ei.

1999 4733 2236 4790 condant
2267 4732 2321 4785 in
2362 4727 2639 4785 memoriae
2690 4727 2946 4782 thesauro
2977 4765 2992 4790 ,
3050 4725 3145 4778 sed
3191 4721 3343 4792 prius
3392 4719 3594 4776 faciant

2001 4841 2121 4897 qum
2148 4832 2418 4896 praecepta
2443 4830 2606 4877 sunt:
2643 4838 2662 4871 ι
2693 4819 3011 4886 Quicunque
3037 4829 3164 4871 vero
3193 4814 3385 4870 fecerit
3420 4823 3476 4868 et
3502 4814 3581 4871 do-

2001 4915 2216 4981 cuerit,
2269 4913 2358 4968 ille
2413 4911 2694 4967 vocabitur
2743 4922 2972 4978 magnus
3017 4907 3071 4961 in
3123 4920 3290 4978 regno
3330 4903 3594 4960 caelorum

2004 5005 2213 5078 (Ibid.).
2250 5025 2270 5059 ι
2306 5004 2418 5060 Nisi
2447 5003 2592 5059 enim
2616 5014 2966 5072 supergressa
2989 4997 3152 5053 fuerit
3181 5006 3364 5053 nostra
3381 4995 3595 5066 iustitia

2008 5099 2323 5155 Scribarum
2347 5095 2613 5165 justitiam
2641 5102 2696 5149 et
2721 5091 3141 5156 Pharisaeorum,
3174 5105 3283 5145 non
3308 5103 3596 5160 possumus

2007 5194 2216 5266 ingredi
2249 5205 2411 5262 regna
2451 5187 2733 5244 caelorum.
2767 5184 2870 5252 Qui
2907 5198 3068 5255 supra
3107 5181 3241 5238 Mosi
3281 5178 3596 5236 cathedram

2007 5287 2279 5349 sedentes,
2298 5283 2482 5338 dicunt
2507 5287 2563 5334 et
2589 5294 2696 5333 non
2727 5275 2952 5342 faciunt,
2980 5282 3036 5330 et
3055 5273 3280 5346 alligant
3306 5285 3472 5326 onera
3495 5269 3597 5323 im-

2005 5377 2314 5450 portabilia,
2363 5390 2484 5444 quae
2531 5371 2836 5428 cervicibus
2861 5369 3140 5425 hominum
3185 5369 3491 5439 imponunt,
3541 5374 3599 5419 et

2006 5471 2110 5542 ipsi
2168 5471 2393 5524 minimo
2446 5467 2613 5537 digito
2665 5480 2728 5519 ea
2787 5461 2975 5518 nolunt
3025 5459 3339 5531 contingere
3375 5454 3594 5527 (Matth.

2009 5561 2190 5636 χχιιι).
2243 5560 2356 5615 Hoc
2391 5559 2552 5629 igitur
2583 5570 2726 5611 nunc
2777 5551 3065 5624 Apostolus
3110 5549 3291 5605 Titum
3323 5544 3492 5600 ﬁlium
3538 5543 3596 5599 in

2009 5659 2226 5715 Christo
2270 5665 2326 5710 et
2365 5652 2687 5723 discipulum
2733 5664 2889 5705 suum
2921 5647 3098 5711 docet,
3141 5653 3201 5698 ut
3241 5655 3306 5697 ea
3345 5639 3597 5708 loquatur

2013 5765 2133 5822 quae
2165 5763 2310 5804 sana:
2348 5744 2670 5802 conveniant
2697 5741 2988 5802 doctrinae,
3025 5735 3152 5805 quia
3179 5741 3309 5822 tunc
3336 5727 3599 5822 doctrinas

2015 5815 2085 5898 sit
2127 5840 2351 5900 sanitas.
2400 5853 2523 5893 cum
2577 5834 2812 5892 doctoris
2863 5827 3106 5886 doctrina
3154 5821 3360 5895 pariter
3401 5827 3459 5874 et
3483 5815 3595 5873 vita
