  <div class='ocr_page' id='page_1' title='image "/cluster/home/n/w/nwhite01/storage/ocr_20150623/112/hvd.32044015685407/343.png"; bbox 0 0 3992 6338; ppageno 0'>
   <div class='ocr_carea' id='block_1_1' title="bbox 492 280 3713 371">
    <p class='ocr_par' dir='ltr' id='par_1_1' title="bbox 492 280 3713 371">
     <span class='ocr_line' id='line_1_1' title="bbox 492 280 3713 371; baseline -0.013 -2"><span class='ocrx_word' id='word_1_1' title='bbox 492 312 597 370; x_wconf 76' lang='lat'><strong>675</strong></span> <span class='ocrx_word' id='word_1_2' title='bbox 1123 302 1189 359; x_wconf 91' lang='lat' dir='ltr'><strong>B.</strong></span> <span class='ocrx_word' id='word_1_3' title='bbox 1228 297 1486 358; x_wconf 69' lang='lat' dir='ltr'><strong>mam</strong></span> <span class='ocrx_word' id='word_1_4' title='bbox 1520 291 1742 352; x_wconf 79' lang='lat' dir='ltr'><strong>MAURI</strong></span> <span class='ocrx_word' id='word_1_5' title='bbox 1778 287 2098 348; x_wconf 80' lang='lat' dir='ltr'><strong>ARCHlEP.</strong></span> <span class='ocrx_word' id='word_1_6' title='bbox 2137 285 2447 346; x_wconf 71' lang='lat' dir='ltr'><strong>uocum.</strong></span> <span class='ocrx_word' id='word_1_7' title='bbox 2465 287 2755 371; x_wconf 65' lang='lat' dir='ltr'><strong>orntum</strong></span> <span class='ocrx_word' id='word_1_8' title='bbox 2789 285 2973 344; x_wconf 59' lang='lat' dir='ltr'><strong>rans</strong></span> <span class='ocrx_word' id='word_1_9' title='bbox 3003 285 3095 345; x_wconf 92' lang='grc' dir='ltr'><strong>ιιι.</strong></span> <span class='ocrx_word' id='word_1_10' title='bbox 3620 280 3713 356; x_wconf 59' lang='grc' dir='ltr'><strong>ιη,</strong></span> 
     </span>
    </p>
   </div>
   <div class='ocr_carea' id='block_1_2' title="bbox 490 400 3714 484">
    <p class='ocr_par' dir='ltr' id='par_1_2' title="bbox 490 400 3714 484">
     <span class='ocr_line' id='line_1_2' title="bbox 490 400 3714 484; baseline -0.008 -2"><span class='ocrx_word' id='word_1_11' title='bbox 490 423 855 484; x_wconf 87' lang='lat' dir='ltr'><strong>consentiunt.</strong></span> <span class='ocrx_word' id='word_1_12' title='bbox 910 436 930 472; x_wconf 80' lang='grc' dir='ltr'><strong>ι</strong></span> <span class='ocrx_word' id='word_1_13' title='bbox 961 415 1133 473; x_wconf 90' lang='lat' dir='ltr'><strong>Senes</strong></span> <span class='ocrx_word' id='word_1_14' title='bbox 1176 414 1387 470; x_wconf 91' lang='lat' dir='ltr'><strong>sobrios</strong></span> <span class='ocrx_word' id='word_1_15' title='bbox 1419 422 1560 473; x_wconf 89' lang='lat' dir='ltr'><strong>esse,</strong></span> <span class='ocrx_word' id='word_1_16' title='bbox 1600 408 1873 467; x_wconf 86' lang='lat' dir='ltr'><strong>honestos,</strong></span> <span class='ocrx_word' id='word_1_17' title='bbox 1917 400 2076 471; x_wconf 87' lang='lat' dir='ltr'><strong>pudi-</strong></span> <span class='ocrx_word' id='word_1_18' title='bbox 2108 410 2154 466; x_wconf 80' lang='grc' dir='ltr'>Α</span> <span class='ocrx_word' id='word_1_19' title='bbox 2182 401 2284 455; x_wconf 89' lang='lat' dir='ltr'><strong>bus</strong></span> <span class='ocrx_word' id='word_1_20' title='bbox 2310 408 2505 462; x_wconf 85' lang='lat' dir='ltr'><strong>onusta</strong></span> <span class='ocrx_word' id='word_1_21' title='bbox 2533 400 2686 454; x_wconf 85' lang='lat' dir='ltr'><strong>navis</strong></span> <span class='ocrx_word' id='word_1_22' title='bbox 2701 408 2804 467; x_wconf 81' lang='lat' dir='ltr'><strong>est,</strong></span> <span class='ocrx_word' id='word_1_23' title='bbox 2823 400 2876 454; x_wconf 92' lang='lat' dir='ltr'><strong>in</strong></span> <span class='ocrx_word' id='word_1_24' title='bbox 2900 405 3231 470; x_wconf 76' lang='lat' dir='ltr'><strong>tempestate</strong></span> <span class='ocrx_word' id='word_1_25' title='bbox 3252 408 3714 479; x_wconf 60' lang='lat' dir='ltr'><strong>serventur,etper.</strong></span> 
     </span>
    </p>
   </div>
   <div class='ocr_carea' id='block_1_3' title="bbox 496 492 3716 581">
    <p class='ocr_par' dir='ltr' id='par_1_3' title="bbox 496 492 3716 581">
     <span class='ocr_line' id='line_1_3' title="bbox 496 492 3716 581; baseline -0.01 -8"><span class='ocrx_word' id='word_1_26' title='bbox 496 537 518 572; x_wconf 74' lang='grc' dir='ltr'><strong>ι</strong></span> <span class='ocrx_word' id='word_1_27' title='bbox 550 532 665 581; x_wconf 83' lang='lat' dir='ltr'><strong>eos,</strong></span> <span class='ocrx_word' id='word_1_28' title='bbox 711 526 875 569; x_wconf 87' lang='lat' dir='ltr'><strong>sanos</strong></span> <span class='ocrx_word' id='word_1_29' title='bbox 924 511 978 564; x_wconf 89' lang='lat' dir='ltr'><strong>in</strong></span> <span class='ocrx_word' id='word_1_30' title='bbox 1030 509 1155 571; x_wconf 74' lang='lat' dir='ltr'><strong>ﬁde,</strong></span> <span class='ocrx_word' id='word_1_31' title='bbox 1200 514 1259 560; x_wconf 87' lang='lat' dir='ltr'><strong>et</strong></span> <span class='ocrx_word' id='word_1_32' title='bbox 1303 503 1591 565; x_wconf 85' lang='lat' dir='ltr'><strong>charitate,</strong></span> <span class='ocrx_word' id='word_1_33' title='bbox 1641 506 1697 553; x_wconf 91' lang='lat' dir='ltr'><strong>et</strong></span> <span class='ocrx_word' id='word_1_34' title='bbox 1733 494 2014 566; x_wconf 73' lang='lat' dir='ltr'><strong>patientia.</strong></span> <span class='ocrx_word' id='word_1_35' title='bbox 2052 513 2071 546; x_wconf 76' lang='grc' dir='ltr'><strong>ι</strong></span> <span class='ocrx_word' id='word_1_36' title='bbox 2185 492 2440 548; x_wconf 81' lang='lat' dir='ltr'><strong>ﬂantibus</strong></span> <span class='ocrx_word' id='word_1_37' title='bbox 2480 493 2607 547; x_wconf 89' lang='lat' dir='ltr'><strong>hinc</strong></span> <span class='ocrx_word' id='word_1_38' title='bbox 2640 493 2764 547; x_wconf 85' lang='lat' dir='ltr'><strong>inde</strong></span> <span class='ocrx_word' id='word_1_39' title='bbox 2788 494 2964 549; x_wconf 90' lang='lat' dir='ltr'><strong>ventis</strong></span> <span class='ocrx_word' id='word_1_40' title='bbox 2996 494 3208 565; x_wconf 83' lang='lat' dir='ltr'><strong>absque</strong></span> <span class='ocrx_word' id='word_1_41' title='bbox 3245 494 3513 568; x_wconf 84' lang='lat' dir='ltr'><strong>naufragio</strong></span> <span class='ocrx_word' id='word_1_42' title='bbox 3541 513 3598 553; x_wconf 79' lang='lat' dir='ltr'><strong>ea</strong></span> <span class='ocrx_word' id='word_1_43' title='bbox 3623 518 3716 572; x_wconf 55' lang='lat' dir='ltr'><strong>qm</strong></span> 
     </span>
    </p>
   </div>
   <div class='ocr_carea' id='block_1_4' title="bbox 494 584 3717 684">
    <p class='ocr_par' dir='ltr' id='par_1_4' title="bbox 494 584 3717 684">
     <span class='ocr_line' id='line_1_4' title="bbox 494 584 3717 684; baseline -0.003 -26"><span class='ocrx_word' id='word_1_44' title='bbox 494 610 516 684; x_wconf 90' lang='lat'><strong>(</strong></span> <span class='ocrx_word' id='word_1_45' title='bbox 546 604 778 677; x_wconf 68' lang='lat' dir='ltr'><strong>Amor.)</strong></span> <span class='ocrx_word' id='word_1_46' title='bbox 835 602 1037 665; x_wconf 85' lang='lat' dir='ltr'><strong>Deest,</strong></span> <span class='ocrx_word' id='word_1_47' title='bbox 1090 601 1244 654; x_wconf 88' lang='lat' dir='ltr'><strong>doce.</strong></span> <span class='ocrx_word' id='word_1_48' title='bbox 1292 594 1420 649; x_wconf 82' lang='lat' dir='ltr'><strong>Vult</strong></span> <span class='ocrx_word' id='word_1_49' title='bbox 1478 592 1623 647; x_wconf 90' lang='lat' dir='ltr'><strong>enim</strong></span> <span class='ocrx_word' id='word_1_50' title='bbox 1684 589 1863 644; x_wconf 82' lang='lat' dir='ltr'><strong>dicere</strong></span> <span class='ocrx_word' id='word_1_51' title='bbox 1918 604 1933 641; x_wconf 82' lang='lat'>;</span> <span class='ocrx_word' id='word_1_52' title='bbox 1991 601 2079 684; x_wconf 80' lang='lat' dir='ltr'><strong>se-</strong></span> <span class='ocrx_word' id='word_1_53' title='bbox 2181 584 2490 656; x_wconf 88' lang='lat' dir='ltr'><strong>beneparta</strong></span> <span class='ocrx_word' id='word_1_54' title='bbox 2516 584 3028 684; x_wconf 63' lang='lat' dir='ltr'><strong>suntlibercnturu</strong></span> <span class='ocrx_word' id='word_1_55' title='bbox 3060 584 3162 653; x_wconf 86' lang='lat' dir='ltr'><strong>Qui</strong></span> <span class='ocrx_word' id='word_1_56' title='bbox 3183 586 3328 684; x_wconf 71' lang='lat' dir='ltr'><strong>epim</strong></span> <span class='ocrx_word' id='word_1_57' title='bbox 3354 595 3717 659; x_wconf 81' lang='lat' dir='ltr'><strong>perseveraverit</strong></span> 
     </span>
    </p>
   </div>
   <div class='ocr_carea' id='block_1_5' title="bbox 492 676 3714 758">
    <p class='ocr_par' dir='ltr' id='par_1_5' title="bbox 492 676 3714 758">
     <span class='ocr_line' id='line_1_5' title="bbox 492 676 3714 758; baseline -0.005 -2"><span class='ocrx_word' id='word_1_58' title='bbox 492 676 678 756; x_wconf 74' lang='lat' dir='ltr'><strong>mores</strong></span> <span class='ocrx_word' id='word_1_59' title='bbox 735 676 902 758; x_wconf 89' lang='lat' dir='ltr'><strong>doce,</strong></span> <span class='ocrx_word' id='word_1_60' title='bbox 957 699 1017 745; x_wconf 89' lang='lat' dir='ltr'><strong>ut</strong></span> <span class='ocrx_word' id='word_1_61' title='bbox 1065 689 1212 745; x_wconf 88' lang='lat' dir='ltr'><strong>dicat</strong></span> <span class='ocrx_word' id='word_1_62' title='bbox 1259 701 1353 741; x_wconf 90' lang='lat' dir='ltr'><strong>eos</strong></span> <span class='ocrx_word' id='word_1_63' title='bbox 1402 683 1493 753; x_wconf 87' lang='lat' dir='ltr'><strong>qui</strong></span> <span class='ocrx_word' id='word_1_64' title='bbox 1531 683 1584 736; x_wconf 91' lang='lat' dir='ltr'><strong>in</strong></span> <span class='ocrx_word' id='word_1_65' title='bbox 1640 679 1883 735; x_wconf 75' lang='lat' dir='ltr'><strong>Ectlesia</strong></span> <span class='ocrx_word' id='word_1_66' title='bbox 1945 676 2085 730; x_wconf 84' lang='lat' dir='ltr'><strong>anti—</strong></span> <span class='ocrx_word' id='word_1_67' title='bbox 2185 693 2355 748; x_wconf 90' lang='lat' dir='ltr'><strong>usque</strong></span> <span class='ocrx_word' id='word_1_68' title='bbox 2384 678 2437 731; x_wconf 91' lang='lat' dir='ltr'><strong>in</strong></span> <span class='ocrx_word' id='word_1_69' title='bbox 2470 678 2652 741; x_wconf 86' lang='lat' dir='ltr'><strong>linem,</strong></span> <span class='ocrx_word' id='word_1_70' title='bbox 2698 677 2786 732; x_wconf 90' lang='lat' dir='ltr'><strong>hic</strong></span> <span class='ocrx_word' id='word_1_71' title='bbox 2812 677 2994 733; x_wconf 88' lang='lat' dir='ltr'><strong>salvus</strong></span> <span class='ocrx_word' id='word_1_72' title='bbox 3022 676 3372 749; x_wconf 76' lang='lat' dir='ltr'><strong>erit(Mauh.</strong></span> <span class='ocrx_word' id='word_1_73' title='bbox 3404 696 3437 735; x_wconf 73' lang='grc' dir='ltr'><strong>ι</strong></span> <span class='ocrx_word' id='word_1_74' title='bbox 3469 692 3512 736; x_wconf 81' lang='lat' dir='ltr'><strong>et</strong></span> <span class='ocrx_word' id='word_1_75' title='bbox 3539 686 3714 756; x_wconf 73' lang='lat' dir='ltr'><strong>ntv).i</strong></span> 
     </span>
    </p>
   </div>
   <div class='ocr_carea' id='block_1_6' title="bbox 495 767 3720 861">
    <p class='ocr_par' dir='ltr' id='par_1_6' title="bbox 495 767 3720 861">
     <span class='ocr_line' id='line_1_6' title="bbox 495 767 3720 861; baseline -0.005 -17"><span class='ocrx_word' id='word_1_76' title='bbox 495 789 704 861; x_wconf 85' lang='lat' dir='ltr'><strong>quioris</strong></span> <span class='ocrx_word' id='word_1_77' title='bbox 748 790 878 841; x_wconf 89' lang='lat' dir='ltr'><strong>sunt</strong></span> <span class='ocrx_word' id='word_1_78' title='bbox 913 781 1110 847; x_wconf 67' lang='lat' dir='ltr'><strong>aetatis,</strong></span> <span class='ocrx_word' id='word_1_79' title='bbox 1164 779 1237 833; x_wconf 91' lang='lat' dir='ltr'><strong>ita</strong></span> <span class='ocrx_word' id='word_1_80' title='bbox 1280 782 1339 831; x_wconf 88' lang='lat' dir='ltr'><strong>ut</strong></span> <span class='ocrx_word' id='word_1_81' title='bbox 1382 774 1552 833; x_wconf 85' lang='lat' dir='ltr'><strong>sobrii</strong></span> <span class='ocrx_word' id='word_1_82' title='bbox 1604 774 1715 828; x_wconf 91' lang='lat' dir='ltr'><strong>sint</strong></span> <span class='ocrx_word' id='word_1_83' title='bbox 1752 781 1807 827; x_wconf 91' lang='lat' dir='ltr'><strong>et</strong></span> <span class='ocrx_word' id='word_1_84' title='bbox 1838 786 1964 842; x_wconf 89' lang='lat' dir='ltr'><strong>erga</strong></span> <span class='ocrx_word' id='word_1_85' title='bbox 1996 767 2085 861; x_wconf 76' lang='lat' dir='ltr'><strong>illa</strong></span> <span class='ocrx_word' id='word_1_86' title='bbox 2264 789 2282 821; x_wconf 81' lang='grc' dir='ltr'><strong>ι</strong></span> <span class='ocrx_word' id='word_1_87' title='bbox 2322 770 2475 825; x_wconf 84' lang='lat' dir='ltr'><strong>Anus</strong></span> <span class='ocrx_word' id='word_1_88' title='bbox 2504 769 2753 826; x_wconf 85' lang='lat' dir='ltr'><strong>similiter</strong></span> <span class='ocrx_word' id='word_1_89' title='bbox 2802 770 2856 824; x_wconf 92' lang='lat' dir='ltr'><strong>in</strong></span> <span class='ocrx_word' id='word_1_90' title='bbox 2887 770 3075 826; x_wconf 88' lang='lat' dir='ltr'><strong>habitu</strong></span> <span class='ocrx_word' id='word_1_91' title='bbox 3124 781 3352 836; x_wconf 84' lang='lat' dir='ltr'><strong>sancto,</strong></span> <span class='ocrx_word' id='word_1_92' title='bbox 3387 788 3487 828; x_wconf 88' lang='lat' dir='ltr'><strong>non</strong></span> <span class='ocrx_word' id='word_1_93' title='bbox 3514 774 3720 837; x_wconf 65' lang='lat' dir='ltr'><strong>incanui-</strong></span> 
     </span>
    </p>
   </div>
   <div class='ocr_carea' id='block_1_7' title="bbox 496 852 3720 947">
    <p class='ocr_par' dir='ltr' id='par_1_7' title="bbox 496 852 3720 947">
     <span class='ocr_line' id='line_1_7' title="bbox 496 852 3720 947; baseline -0.003 -10"><span class='ocrx_word' id='word_1_94' title='bbox 496 852 609 938; x_wconf 63' lang='lat' dir='ltr'><strong>biut</strong></span> <span class='ocrx_word' id='word_1_95' title='bbox 633 878 874 937; x_wconf 88' lang='lat' dir='ltr'><strong>solliciti,</strong></span> <span class='ocrx_word' id='word_1_96' title='bbox 908 890 1029 947; x_wconf 72' lang='lat' dir='ltr'><strong>quae</strong></span> <span class='ocrx_word' id='word_1_97' title='bbox 1074 872 1189 928; x_wconf 90' lang='lat' dir='ltr'><strong>ﬁeri</strong></span> <span class='ocrx_word' id='word_1_98' title='bbox 1228 870 1560 926; x_wconf 89' lang='lat' dir='ltr'><strong>conveniunt</strong></span> <span class='ocrx_word' id='word_1_99' title='bbox 1612 864 1883 937; x_wconf 70' lang='lat' dir='ltr'><strong>pudicitiae</strong></span> <span class='ocrx_word' id='word_1_100' title='bbox 1926 852 2087 919; x_wconf 84' lang='lat' dir='ltr'><strong>simul</strong></span> <span class='ocrx_word' id='word_1_101' title='bbox 2194 882 2214 914; x_wconf 74' lang='grc' dir='ltr'><strong>ι</strong></span> <span class='ocrx_word' id='word_1_102' title='bbox 2245 878 2345 919; x_wconf 85' lang='lat' dir='ltr'><strong>ces</strong></span> <span class='ocrx_word' id='word_1_103' title='bbox 2394 879 2498 916; x_wconf 84' lang='lat' dir='ltr'><strong>non</strong></span> <span class='ocrx_word' id='word_1_104' title='bbox 2524 862 2648 917; x_wconf 91' lang='lat' dir='ltr'><strong>vino</strong></span> <span class='ocrx_word' id='word_1_105' title='bbox 2680 861 2849 918; x_wconf 91' lang='lat' dir='ltr'><strong>multo</strong></span> <span class='ocrx_word' id='word_1_106' title='bbox 2879 863 3200 924; x_wconf 76' lang='lat' dir='ltr'><strong>servientes,</strong></span> <span class='ocrx_word' id='word_1_107' title='bbox 3255 865 3389 920; x_wconf 84' lang='lat' dir='ltr'><strong>bene</strong></span> <span class='ocrx_word' id='word_1_108' title='bbox 3416 866 3720 936; x_wconf 75' lang='lat' dir='ltr'><strong>docentes,ut</strong></span> 
     </span>
    </p>
   </div>
   <div class='ocr_carea' id='block_1_8' title="bbox 499 951 3724 1028">
    <p class='ocr_par' dir='ltr' id='par_1_8' title="bbox 499 951 3724 1028">
     <span class='ocr_line' id='line_1_8' title="bbox 499 951 3724 1028; baseline -0.003 0"><span class='ocrx_word' id='word_1_109' title='bbox 499 980 556 1028; x_wconf 87' lang='lat' dir='ltr'><strong>et</strong></span> <span class='ocrx_word' id='word_1_110' title='bbox 576 967 836 1026; x_wconf 82' lang='lat' dir='ltr'><strong>castitati.</strong></span> <span class='ocrx_word' id='word_1_111' title='bbox 867 967 1041 1021; x_wconf 82' lang='lat' dir='ltr'><strong>Sanos</strong></span> <span class='ocrx_word' id='word_1_112' title='bbox 1065 965 1117 1018; x_wconf 92' lang='lat' dir='ltr'><strong>in</strong></span> <span class='ocrx_word' id='word_1_113' title='bbox 1148 963 1253 1017; x_wconf 90' lang='lat' dir='ltr'><strong>ﬁde</strong></span> <span class='ocrx_word' id='word_1_114' title='bbox 1281 968 1336 1015; x_wconf 90' lang='lat' dir='ltr'><strong>et</strong></span> <span class='ocrx_word' id='word_1_115' title='bbox 1370 959 1660 1021; x_wconf 87' lang='lat' dir='ltr'><strong>charitate,</strong></span> <span class='ocrx_word' id='word_1_116' title='bbox 1690 956 1986 1010; x_wconf 83' lang='lat' dir='ltr'><strong>secundum</strong></span> <span class='ocrx_word' id='word_1_117' title='bbox 2021 951 2087 1007; x_wconf 92' lang='lat' dir='ltr'><strong>il-</strong></span> <span class='ocrx_word' id='word_1_118' title='bbox 2196 974 2215 1008; x_wconf 78' lang='grc' dir='ltr'><strong>ι</strong></span> <span class='ocrx_word' id='word_1_119' title='bbox 2254 954 2319 1010; x_wconf 87' lang='lat' dir='ltr'><strong>ad</strong></span> <span class='ocrx_word' id='word_1_120' title='bbox 2349 954 2659 1009; x_wconf 76' lang='lat' dir='ltr'><strong>castitatem</strong></span> <span class='ocrx_word' id='word_1_121' title='bbox 2700 955 2983 1008; x_wconf 84' lang='lat' dir='ltr'><strong>erudiant:</strong></span> <span class='ocrx_word' id='word_1_122' title='bbox 3027 955 3489 1023; x_wconf 67' lang='lat' dir='ltr'><strong>adolescentulus,</strong></span> <span class='ocrx_word' id='word_1_123' title='bbox 3511 970 3565 1015; x_wconf 90' lang='lat' dir='ltr'><strong>ut</strong></span> <span class='ocrx_word' id='word_1_124' title='bbox 3585 973 3724 1017; x_wconf 75' lang='lat' dir='ltr'><strong>autent</strong></span> 
     </span>
    </p>
   </div>
   <div class='ocr_carea' id='block_1_9' title="bbox 501 1044 3723 1126">
    <p class='ocr_par' dir='ltr' id='par_1_9' title="bbox 501 1044 3723 1126">
     <span class='ocr_line' id='line_1_9' title="bbox 501 1044 3723 1126; baseline -0.004 -12"><span class='ocrx_word' id='word_1_125' title='bbox 501 1062 608 1119; x_wconf 81' lang='lat' dir='ltr'><strong>lam</strong></span> <span class='ocrx_word' id='word_1_126' title='bbox 637 1060 949 1114; x_wconf 84' lang='lat' dir='ltr'><strong>ﬁrmitatem</strong></span> <span class='ocrx_word' id='word_1_127' title='bbox 977 1071 1141 1126; x_wconf 87' lang='lat' dir='ltr'><strong>quam</strong></span> <span class='ocrx_word' id='word_1_128' title='bbox 1175 1070 1367 1109; x_wconf 89' lang='lat' dir='ltr'><strong>omnes</strong></span> <span class='ocrx_word' id='word_1_129' title='bbox 1397 1053 1593 1106; x_wconf 87' lang='lat' dir='ltr'><strong>habere</strong></span> <span class='ocrx_word' id='word_1_130' title='bbox 1620 1058 1851 1120; x_wconf 86' lang='lat' dir='ltr'><strong>oportet.</strong></span> <span class='ocrx_word' id='word_1_131' title='bbox 1887 1046 2088 1119; x_wconf 59' lang='lat' dir='ltr'><strong>(Hiera)</strong></span> <span class='ocrx_word' id='word_1_132' title='bbox 2198 1065 2218 1099; x_wconf 79' lang='grc' dir='ltr'><strong>ι</strong></span> <span class='ocrx_word' id='word_1_133' title='bbox 2249 1047 2394 1101; x_wconf 84' lang='lat' dir='ltr'><strong>viros</strong></span> <span class='ocrx_word' id='word_1_134' title='bbox 2417 1062 2563 1110; x_wconf 91' lang='lat' dir='ltr'><strong>suos,</strong></span> <span class='ocrx_word' id='word_1_135' title='bbox 2590 1054 2650 1099; x_wconf 92' lang='lat' dir='ltr'><strong>ut</strong></span> <span class='ocrx_word' id='word_1_136' title='bbox 2671 1055 2852 1100; x_wconf 89' lang='lat' dir='ltr'><strong>ament</strong></span> <span class='ocrx_word' id='word_1_137' title='bbox 2874 1044 3035 1109; x_wconf 84' lang='lat' dir='ltr'><strong>ﬁlios,</strong></span> <span class='ocrx_word' id='word_1_138' title='bbox 3069 1044 3319 1116; x_wconf 83' lang='lat' dir='ltr'><strong>pudicas,</strong></span> <span class='ocrx_word' id='word_1_139' title='bbox 3348 1057 3537 1115; x_wconf 79' lang='lat' dir='ltr'><strong>castas,</strong></span> <span class='ocrx_word' id='word_1_140' title='bbox 3570 1050 3723 1110; x_wconf 75' lang='lat' dir='ltr'><strong>haben-</strong></span> 
     </span>
    </p>
   </div>
   <div class='ocr_carea' id='block_1_10' title="bbox 502 1137 3726 1214">
    <p class='ocr_par' dir='ltr' id='par_1_10' title="bbox 502 1137 3726 1214">
     <span class='ocr_line' id='line_1_10' title="bbox 502 1137 3726 1214; baseline -0.003 -6"><span class='ocrx_word' id='word_1_141' title='bbox 502 1149 843 1209; x_wconf 68' lang='lat' dir='ltr'><strong>Generaliter</strong></span> <span class='ocrx_word' id='word_1_142' title='bbox 884 1148 1007 1202; x_wconf 82' lang='lat' dir='ltr'><strong>Tito</strong></span> <span class='ocrx_word' id='word_1_143' title='bbox 1047 1156 1175 1200; x_wconf 87' lang='lat' dir='ltr'><strong>ante</strong></span> <span class='ocrx_word' id='word_1_144' title='bbox 1218 1144 1538 1214; x_wconf 66' lang='lat' dir='ltr'><strong>praecipiens</strong></span> <span class='ocrx_word' id='word_1_145' title='bbox 1591 1142 1721 1211; x_wconf 89' lang='lat' dir='ltr'><strong>quid</strong></span> <span class='ocrx_word' id='word_1_146' title='bbox 1776 1140 1890 1209; x_wconf 91' lang='lat' dir='ltr'><strong>ipse</strong></span> <span class='ocrx_word' id='word_1_147' title='bbox 1944 1137 2089 1207; x_wconf 88' lang='lat' dir='ltr'><strong>loqui</strong></span> <span class='ocrx_word' id='word_1_148' title='bbox 2200 1156 2220 1190; x_wconf 77' lang='grc' dir='ltr'><strong>ι</strong></span> <span class='ocrx_word' id='word_1_149' title='bbox 2258 1147 2337 1192; x_wconf 85' lang='lat' dir='ltr'><strong>tes</strong></span> <span class='ocrx_word' id='word_1_150' title='bbox 2359 1152 2543 1192; x_wconf 86' lang='lat' dir='ltr'><strong>curam</strong></span> <span class='ocrx_word' id='word_1_151' title='bbox 2571 1137 2787 1203; x_wconf 90' lang='lat' dir='ltr'><strong>domus,</strong></span> <span class='ocrx_word' id='word_1_152' title='bbox 2828 1137 3111 1206; x_wconf 84' lang='lat' dir='ltr'><strong>benignas,</strong></span> <span class='ocrx_word' id='word_1_153' title='bbox 3145 1137 3392 1197; x_wconf 87' lang='lat' dir='ltr'><strong>subditas</strong></span> <span class='ocrx_word' id='word_1_154' title='bbox 3413 1141 3533 1197; x_wconf 83' lang='lat' dir='ltr'><strong>viris</strong></span> <span class='ocrx_word' id='word_1_155' title='bbox 3559 1144 3666 1209; x_wconf 83' lang='lat' dir='ltr'><strong>suis,</strong></span> <span class='ocrx_word' id='word_1_156' title='bbox 3683 1155 3726 1200; x_wconf 85' lang='lat' dir='ltr'><strong>ut</strong></span> 
     </span>
    </p>
   </div>
   <div class='ocr_carea' id='block_1_11' title="bbox 503 1225 3725 1305">
    <p class='ocr_par' dir='ltr' id='par_1_11' title="bbox 503 1225 3725 1305">
     <span class='ocr_line' id='line_1_11' title="bbox 503 1225 3725 1305; baseline -0.004 -8"><span class='ocrx_word' id='word_1_157' title='bbox 503 1243 725 1299; x_wconf 84' lang='lat' dir='ltr'><strong>deberet</strong></span> <span class='ocrx_word' id='word_1_158' title='bbox 766 1241 833 1294; x_wconf 90' lang='lat' dir='ltr'><strong>ad</strong></span> <span class='ocrx_word' id='word_1_159' title='bbox 862 1238 1203 1304; x_wconf 81' lang='lat' dir='ltr'><strong>cunctos,-in</strong></span> <span class='ocrx_word' id='word_1_160' title='bbox 1231 1251 1299 1291; x_wconf 89' lang='lat' dir='ltr'><strong>eo</strong></span> <span class='ocrx_word' id='word_1_161' title='bbox 1335 1235 1480 1305; x_wconf 90' lang='lat' dir='ltr'><strong>quod</strong></span> <span class='ocrx_word' id='word_1_162' title='bbox 1525 1234 1602 1287; x_wconf 87' lang='lat' dir='ltr'><strong>ait</strong></span> <span class='ocrx_word' id='word_1_163' title='bbox 1633 1251 1646 1285; x_wconf 92' lang='lat'><strong>:</strong></span> <span class='ocrx_word' id='word_1_164' title='bbox 1697 1250 1715 1282; x_wconf 82' lang='grc' dir='ltr'><strong>ι</strong></span> <span class='ocrx_word' id='word_1_165' title='bbox 1747 1230 1825 1285; x_wconf 89' lang='lat' dir='ltr'><strong>Tu</strong></span> <span class='ocrx_word' id='word_1_166' title='bbox 1860 1245 1989 1284; x_wconf 89' lang='lat' dir='ltr'><strong>vero</strong></span> <span class='ocrx_word' id='word_1_167' title='bbox 2019 1229 2094 1283; x_wconf 93' lang='lat' dir='ltr'><strong>lo-</strong></span> <span class='ocrx_word' id='word_1_168' title='bbox 2202 1246 2222 1278; x_wconf 76' lang='grc' dir='ltr'><strong>ι</strong></span> <span class='ocrx_word' id='word_1_169' title='bbox 2260 1225 2482 1280; x_wconf 78' lang='lat' dir='ltr'><strong>verbum</strong></span> <span class='ocrx_word' id='word_1_170' title='bbox 2537 1225 2631 1281; x_wconf 87' lang='lat' dir='ltr'><strong>Dei</strong></span> <span class='ocrx_word' id='word_1_171' title='bbox 2670 1243 2775 1281; x_wconf 90' lang='lat' dir='ltr'><strong>non</strong></span> <span class='ocrx_word' id='word_1_172' title='bbox 2821 1226 3253 1298; x_wconf 85' lang='lat' dir='ltr'><strong>blasphcmetur.</strong></span> <span class='ocrx_word' id='word_1_173' title='bbox 3287 1249 3305 1282; x_wconf 72' lang='grc' dir='ltr'><strong>ι</strong></span> <span class='ocrx_word' id='word_1_174' title='bbox 3360 1228 3572 1303; x_wconf 72' lang='grc' dir='ltr'><strong>(Αιιιὺν.)</strong></span> <span class='ocrx_word' id='word_1_175' title='bbox 3615 1233 3725 1291; x_wconf 78' lang='lat' dir='ltr'><strong>Anus</strong></span> 
     </span>
    </p>
   </div>
   <div class='ocr_carea' id='block_1_12' title="bbox 504 1318 3726 1405">
    <p class='ocr_par' dir='ltr' id='par_1_12' title="bbox 504 1318 3726 1405">
     <span class='ocr_line' id='line_1_12' title="bbox 504 1318 3726 1405; baseline -0.002 -17"><span class='ocrx_word' id='word_1_176' title='bbox 504 1348 673 1405; x_wconf 86' lang='lat' dir='ltr'><strong>qnere</strong></span> <span class='ocrx_word' id='word_1_177' title='bbox 700 1346 821 1402; x_wconf 63' lang='lat' dir='ltr'><strong>qua:</strong></span> <span class='ocrx_word' id='word_1_178' title='bbox 845 1331 1001 1385; x_wconf 87' lang='lat' dir='ltr'><strong>decet</strong></span> <span class='ocrx_word' id='word_1_179' title='bbox 1027 1344 1211 1383; x_wconf 85' lang='lat' dir='ltr'><strong>sanam</strong></span> <span class='ocrx_word' id='word_1_180' title='bbox 1242 1327 1544 1380; x_wconf 88' lang='lat' dir='ltr'><strong>doctrinam</strong></span> <span class='ocrx_word' id='word_1_181' title='bbox 1574 1364 1588 1389; x_wconf 89' lang='lat'><strong>,</strong></span> <span class='ocrx_word' id='word_1_182' title='bbox 1622 1342 1640 1375; x_wconf 79' lang='grc' dir='ltr'><strong>ι</strong></span> <span class='ocrx_word' id='word_1_183' title='bbox 1685 1338 1827 1377; x_wconf 91' lang='lat' dir='ltr'><strong>nunc</strong></span> <span class='ocrx_word' id='word_1_184' title='bbox 1853 1337 1950 1392; x_wconf 79' lang='lat' dir='ltr'><strong>per</strong></span> <span class='ocrx_word' id='word_1_185' title='bbox 1979 1321 2094 1399; x_wconf 43' lang='lat' dir='ltr'><strong>sine</strong></span> <span class='ocrx_word' id='word_1_186' title='bbox 2196 1328 2378 1374; x_wconf 80' lang='lat' dir='ltr'><strong>autem</strong></span> <span class='ocrx_word' id='word_1_187' title='bbox 2408 1318 2537 1374; x_wconf 80' lang='lat' dir='ltr'><strong>illas</strong></span> <span class='ocrx_word' id='word_1_188' title='bbox 2563 1319 2713 1384; x_wconf 87' lang='lat' dir='ltr'><strong>dicit,</strong></span> <span class='ocrx_word' id='word_1_189' title='bbox 2756 1335 2876 1389; x_wconf 69' lang='lat' dir='ltr'><strong>quae</strong></span> <span class='ocrx_word' id='word_1_190' title='bbox 2898 1329 3058 1401; x_wconf 74' lang='lat' dir='ltr'><strong>actate</strong></span> <span class='ocrx_word' id='word_1_191' title='bbox 3084 1329 3216 1375; x_wconf 89' lang='lat' dir='ltr'><strong>sunt</strong></span> <span class='ocrx_word' id='word_1_192' title='bbox 3238 1334 3517 1391; x_wconf 69' lang='lat' dir='ltr'><strong>provectae,</strong></span> <span class='ocrx_word' id='word_1_193' title='bbox 3542 1324 3669 1380; x_wconf 85' lang='lat' dir='ltr'><strong>sicuti</strong></span> <span class='ocrx_word' id='word_1_194' title='bbox 3688 1334 3726 1381; x_wconf 82' lang='lat' dir='ltr'><strong>et</strong></span> 
     </span>
    </p>
   </div>
   <div class='ocr_carea' id='block_1_13' title="bbox 506 1410 3725 1496">
    <p class='ocr_par' dir='ltr' id='par_1_13' title="bbox 506 1410 3725 1496">
     <span class='ocr_line' id='line_1_13' title="bbox 506 1410 3725 1496; baseline -0.002 -19"><span class='ocrx_word' id='word_1_195' title='bbox 506 1425 658 1496; x_wconf 85' lang='lat' dir='ltr'><strong>gulas</strong></span> <span class='ocrx_word' id='word_1_196' title='bbox 708 1423 917 1493; x_wconf 85' lang='lat' dir='ltr'><strong>species</strong></span> <span class='ocrx_word' id='word_1_197' title='bbox 966 1420 1095 1491; x_wconf 89' lang='lat' dir='ltr'><strong>quid</strong></span> <span class='ocrx_word' id='word_1_198' title='bbox 1134 1432 1573 1487; x_wconf 80' lang='lat' dir='ltr'><strong>unamquamque</strong></span> <span class='ocrx_word' id='word_1_199' title='bbox 1620 1424 1836 1469; x_wconf 61' lang='lat' dir='ltr'><strong>aetatem</strong></span> <span class='ocrx_word' id='word_1_200' title='bbox 1887 1414 2096 1477; x_wconf 62' lang='lat' dir='ltr'><strong>deceat,</strong></span> <span class='ocrx_word' id='word_1_201' title='bbox 2196 1410 2267 1465; x_wconf 79' lang='lat' dir='ltr'><strong>de</strong></span> <span class='ocrx_word' id='word_1_202' title='bbox 2333 1411 2639 1465; x_wconf 85' lang='lat' dir='ltr'><strong>senioribus</strong></span> <span class='ocrx_word' id='word_1_203' title='bbox 2692 1413 2943 1481; x_wconf 84' lang='lat' dir='ltr'><strong>superius</strong></span> <span class='ocrx_word' id='word_1_204' title='bbox 2986 1412 3167 1479; x_wconf 78' lang='lat' dir='ltr'><strong>dixit;</strong></span> <span class='ocrx_word' id='word_1_205' title='bbox 3227 1428 3355 1479; x_wconf 81' lang='lat' dir='ltr'><strong>non,</strong></span> <span class='ocrx_word' id='word_1_206' title='bbox 3385 1414 3516 1470; x_wconf 90' lang='lat' dir='ltr'><strong>sicut</strong></span> <span class='ocrx_word' id='word_1_207' title='bbox 3560 1417 3725 1486; x_wconf 81' lang='lat' dir='ltr'><strong>quidam</strong></span> 
     </span>
    </p>
   </div>
   <div class='ocr_carea' id='block_1_14' title="bbox 507 1500 3726 1589">
    <p class='ocr_par' dir='ltr' id='par_1_14' title="bbox 507 1500 3726 1589">
     <span class='ocr_line' id='line_1_14' title="bbox 507 1500 3726 1589; baseline -0.005 -18"><span class='ocrx_word' id='word_1_208' title='bbox 507 1516 750 1589; x_wconf 74' lang='lat' dir='ltr'><strong>exponit.</strong></span> <span class='ocrx_word' id='word_1_209' title='bbox 799 1513 1040 1569; x_wconf 83' lang='lat' dir='ltr'><strong>Primum</strong></span> <span class='ocrx_word' id='word_1_210' title='bbox 1066 1511 1285 1567; x_wconf 84' lang='lat' dir='ltr'><strong>senibus</strong></span> <span class='ocrx_word' id='word_1_211' title='bbox 1308 1510 1439 1564; x_wconf 89' lang='lat' dir='ltr'><strong>viris</strong></span> <span class='ocrx_word' id='word_1_212' title='bbox 1463 1506 1859 1572; x_wconf 80' lang='lat' dir='ltr'><strong>coavenientia,</strong></span> <span class='ocrx_word' id='word_1_213' title='bbox 1907 1505 2100 1559; x_wconf 87' lang='lat' dir='ltr'><strong>deinde</strong></span> <span class='ocrx_word' id='word_1_214' title='bbox 2203 1508 2390 1555; x_wconf 84' lang='lat' dir='ltr'><strong>errant</strong></span> <span class='ocrx_word' id='word_1_215' title='bbox 2418 1500 2472 1553; x_wconf 93' lang='lat' dir='ltr'><strong>in</strong></span> <span class='ocrx_word' id='word_1_216' title='bbox 2507 1500 2749 1555; x_wconf 75' lang='lat' dir='ltr'><strong>Ecclesia</strong></span> <span class='ocrx_word' id='word_1_217' title='bbox 2769 1540 2785 1566; x_wconf 92' lang='lat'><strong>,</strong></span> <span class='ocrx_word' id='word_1_218' title='bbox 2808 1510 2869 1557; x_wconf 88' lang='lat' dir='ltr'><strong>ut</strong></span> <span class='ocrx_word' id='word_1_219' title='bbox 2897 1500 3179 1568; x_wconf 88' lang='lat' dir='ltr'><strong>mulieres,</strong></span> <span class='ocrx_word' id='word_1_220' title='bbox 3216 1519 3337 1574; x_wconf 71' lang='lat' dir='ltr'><strong>qua:</strong></span> <span class='ocrx_word' id='word_1_221' title='bbox 3378 1514 3616 1575; x_wconf 63' lang='lat' dir='ltr'><strong>provecta</strong></span> <span class='ocrx_word' id='word_1_222' title='bbox 3636 1518 3726 1563; x_wconf 70' lang='lat' dir='ltr'><strong>sunt</strong></span> 
     </span>
    </p>
   </div>
   <div class='ocr_carea' id='block_1_15' title="bbox 509 1590 3725 1679">
    <p class='ocr_par' dir='ltr' id='par_1_15' title="bbox 509 1590 3725 1679">
     <span class='ocr_line' id='line_1_15' title="bbox 509 1590 3725 1679; baseline -0.002 -17"><span class='ocrx_word' id='word_1_223' title='bbox 509 1624 644 1664; x_wconf 87' lang='lat' dir='ltr'><strong>anus</strong></span> <span class='ocrx_word' id='word_1_224' title='bbox 676 1607 807 1679; x_wconf 86' lang='lat' dir='ltr'><strong>quid</strong></span> <span class='ocrx_word' id='word_1_225' title='bbox 847 1606 1073 1669; x_wconf 85' lang='lat' dir='ltr'><strong>deceat;</strong></span> <span class='ocrx_word' id='word_1_226' title='bbox 1114 1603 1294 1667; x_wconf 89' lang='lat' dir='ltr'><strong>tertio,</strong></span> <span class='ocrx_word' id='word_1_227' title='bbox 1347 1617 1466 1670; x_wconf 80' lang='lat' dir='ltr'><strong>quae</strong></span> <span class='ocrx_word' id='word_1_228' title='bbox 1508 1598 1940 1665; x_wconf 87' lang='lat' dir='ltr'><strong>adolescentibus</strong></span> <span class='ocrx_word' id='word_1_229' title='bbox 1975 1606 2102 1679; x_wconf 78' lang='lat' dir='ltr'><strong>apta</strong></span> <span class='ocrx_word' id='word_1_230' title='bbox 2204 1597 2384 1653; x_wconf 63' lang='lat' dir='ltr'><strong>aetate,</strong></span> <span class='ocrx_word' id='word_1_231' title='bbox 2420 1590 2486 1644; x_wconf 93' lang='lat' dir='ltr'><strong>ad</strong></span> <span class='ocrx_word' id='word_1_232' title='bbox 2518 1590 2691 1645; x_wconf 91' lang='lat' dir='ltr'><strong>instar</strong></span> <span class='ocrx_word' id='word_1_233' title='bbox 2718 1593 2980 1657; x_wconf 88' lang='lat' dir='ltr'><strong>virorum,</strong></span> <span class='ocrx_word' id='word_1_234' title='bbox 3010 1593 3341 1667; x_wconf 80' lang='lat' dir='ltr'><strong>presbyterii</strong></span> <span class='ocrx_word' id='word_1_235' title='bbox 3368 1593 3585 1652; x_wconf 84' lang='lat' dir='ltr'><strong>ofﬁcium</strong></span> <span class='ocrx_word' id='word_1_236' title='bbox 3607 1599 3725 1654; x_wconf 87' lang='lat' dir='ltr'><strong>sorti-</strong></span> 
     </span>
    </p>
   </div>
   <div class='ocr_carea' id='block_1_16' title="bbox 512 1678 3722 1769">
    <p class='ocr_par' dir='ltr' id='par_1_16' title="bbox 512 1678 3722 1769">
     <span class='ocr_line' id='line_1_16' title="bbox 512 1678 3722 1769; baseline 0.001 -19"><span class='ocrx_word' id='word_1_237' title='bbox 512 1697 624 1750; x_wconf 84' lang='lat' dir='ltr'><strong>sint</strong></span> <span class='ocrx_word' id='word_1_238' title='bbox 649 1737 663 1760; x_wconf 93' lang='lat'><strong>,</strong></span> <span class='ocrx_word' id='word_1_239' title='bbox 698 1678 807 1751; x_wconf 86' lang='lat' dir='ltr'><strong>tam</strong></span> <span class='ocrx_word' id='word_1_240' title='bbox 834 1695 1076 1749; x_wconf 85' lang='lat' dir='ltr'><strong>maribus</strong></span> <span class='ocrx_word' id='word_1_241' title='bbox 1107 1693 1375 1756; x_wconf 82' lang='lat' dir='ltr'><strong>videlicet,</strong></span> <span class='ocrx_word' id='word_1_242' title='bbox 1408 1706 1572 1761; x_wconf 87' lang='lat' dir='ltr'><strong>quam</strong></span> <span class='ocrx_word' id='word_1_243' title='bbox 1605 1689 1855 1755; x_wconf 87' lang='lat' dir='ltr'><strong>feminis;</strong></span> <span class='ocrx_word' id='word_1_244' title='bbox 1897 1689 2021 1744; x_wconf 90' lang='lat' dir='ltr'><strong>licet</strong></span> <span class='ocrx_word' id='word_1_245' title='bbox 2047 1678 2101 1743; x_wconf 79' lang='lat' dir='ltr'><strong>in</strong></span> <span class='ocrx_word' id='word_1_246' title='bbox 2202 1692 2433 1769; x_wconf 46' lang='lat' dir='ltr'><strong>tentur:</strong></span> <span class='ocrx_word' id='word_1_247' title='bbox 2471 1683 2574 1739; x_wconf 85' lang='lat' dir='ltr'><strong>hoc</strong></span> <span class='ocrx_word' id='word_1_248' title='bbox 2612 1684 2758 1739; x_wconf 86' lang='lat' dir='ltr'><strong>enim</strong></span> <span class='ocrx_word' id='word_1_249' title='bbox 2788 1684 3008 1740; x_wconf 89' lang='lat' dir='ltr'><strong>instruit</strong></span> <span class='ocrx_word' id='word_1_250' title='bbox 3035 1684 3167 1757; x_wconf 82' lang='lat' dir='ltr'><strong>dum</strong></span> <span class='ocrx_word' id='word_1_251' title='bbox 3195 1686 3354 1757; x_wconf 85' lang='lat' dir='ltr'><strong>dicit,</strong></span> <span class='ocrx_word' id='word_1_252' title='bbox 3395 1707 3413 1739; x_wconf 81' lang='grc' dir='ltr'><strong>ι</strong></span> <span class='ocrx_word' id='word_1_253' title='bbox 3448 1688 3722 1755; x_wconf 62' lang='grc' dir='ltr'><strong>εἱιιιίιιιειμ</strong></span> 
     </span>
    </p>
   </div>
   <div class='ocr_carea' id='block_1_17' title="bbox 511 1771 3726 1859">
    <p class='ocr_par' dir='ltr' id='par_1_17' title="bbox 511 1771 3726 1859">
     <span class='ocr_line' id='line_1_17' title="bbox 511 1771 3726 1859; baseline -0.002 -16"><span class='ocrx_word' id='word_1_254' title='bbox 511 1798 778 1859; x_wconf 61' lang='lat' dir='ltr'><strong>praecepto</strong></span> <span class='ocrx_word' id='word_1_255' title='bbox 832 1785 1119 1841; x_wconf 86' lang='lat' dir='ltr'><strong>mulierum</strong></span> <span class='ocrx_word' id='word_1_256' title='bbox 1172 1784 1473 1838; x_wconf 87' lang='lat' dir='ltr'><strong>vetularum</strong></span> <span class='ocrx_word' id='word_1_257' title='bbox 1538 1782 1606 1836; x_wconf 90' lang='lat' dir='ltr'><strong>de</strong></span> <span class='ocrx_word' id='word_1_258' title='bbox 1670 1781 2103 1836; x_wconf 87' lang='lat' dir='ltr'><strong>adolescentibus</strong></span> <span class='ocrx_word' id='word_1_259' title='bbox 2134 1771 2179 1831; x_wconf 87' lang='grc' dir='ltr'><strong><em>Β</em></strong></span> <span class='ocrx_word' id='word_1_260' title='bbox 2206 1777 2320 1832; x_wconf 91' lang='lat' dir='ltr'><strong>vult</strong></span> <span class='ocrx_word' id='word_1_261' title='bbox 2345 1778 2489 1832; x_wconf 91' lang='lat' dir='ltr'><strong>enim</strong></span> <span class='ocrx_word' id='word_1_262' title='bbox 2515 1778 2695 1833; x_wconf 83' lang='lat' dir='ltr'><strong>dicere</strong></span> <span class='ocrx_word' id='word_1_263' title='bbox 2725 1787 2853 1832; x_wconf 90' lang='lat' dir='ltr'><strong>utet</strong></span> <span class='ocrx_word' id='word_1_264' title='bbox 2888 1778 3169 1853; x_wconf 89' lang='lat' dir='ltr'><strong>mulieres,</strong></span> <span class='ocrx_word' id='word_1_265' title='bbox 3196 1795 3316 1851; x_wconf 78' lang='lat' dir='ltr'><strong>quae</strong></span> <span class='ocrx_word' id='word_1_266' title='bbox 3343 1788 3496 1836; x_wconf 70' lang='lat' dir='ltr'><strong>aetate</strong></span> <span class='ocrx_word' id='word_1_267' title='bbox 3518 1794 3726 1853; x_wconf 85' lang='lat' dir='ltr'><strong>suntpro-</strong></span> 
     </span>
    </p>
   </div>
   <div class='ocr_carea' id='block_1_18' title="bbox 512 1863 3727 1953">
    <p class='ocr_par' dir='ltr' id='par_1_18' title="bbox 512 1863 3727 1953">
     <span class='ocr_line' id='line_1_18' title="bbox 512 1863 3727 1953; baseline -0.001 -20"><span class='ocrx_word' id='word_1_268' title='bbox 512 1878 729 1934; x_wconf 82' lang='lat' dir='ltr'><strong>feminis</strong></span> <span class='ocrx_word' id='word_1_269' title='bbox 770 1875 1024 1931; x_wconf 88' lang='lat' dir='ltr'><strong>mandata</strong></span> <span class='ocrx_word' id='word_1_270' title='bbox 1059 1874 1372 1942; x_wconf 73' lang='lat' dir='ltr'><strong>subjecerit,</strong></span> <span class='ocrx_word' id='word_1_271' title='bbox 1401 1880 1585 1927; x_wconf 91' lang='lat' dir='ltr'><strong>utnon</strong></span> <span class='ocrx_word' id='word_1_272' title='bbox 1617 1880 1726 1926; x_wconf 90' lang='lat' dir='ltr'><strong>tam</strong></span> <span class='ocrx_word' id='word_1_273' title='bbox 1750 1872 1864 1953; x_wconf 88' lang='lat' dir='ltr'><strong>ipse</strong></span> <span class='ocrx_word' id='word_1_274' title='bbox 1885 1871 2106 1927; x_wconf 88' lang='lat' dir='ltr'><strong>doceret</strong></span> <span class='ocrx_word' id='word_1_275' title='bbox 2205 1878 2394 1935; x_wconf 77' lang='lat' dir='ltr'><strong>vectae,</strong></span> <span class='ocrx_word' id='word_1_276' title='bbox 2428 1868 2615 1924; x_wconf 88' lang='lat' dir='ltr'><strong>habitu</strong></span> <span class='ocrx_word' id='word_1_277' title='bbox 2641 1871 2752 1926; x_wconf 90' lang='lat' dir='ltr'><strong>sint</strong></span> <span class='ocrx_word' id='word_1_278' title='bbox 2776 1866 2986 1926; x_wconf 83' lang='lat' dir='ltr'><strong>decenti</strong></span> <span class='ocrx_word' id='word_1_279' title='bbox 3011 1863 3247 1939; x_wconf 59' lang='lat' dir='ltr'><strong>ornata),</strong></span> <span class='ocrx_word' id='word_1_280' title='bbox 3280 1872 3331 1928; x_wconf 91' lang='lat' dir='ltr'><strong>id</strong></span> <span class='ocrx_word' id='word_1_281' title='bbox 3355 1881 3649 1944; x_wconf 49' lang='lat' dir='ltr'><strong>es,t,uterga</strong></span> <span class='ocrx_word' id='word_1_282' title='bbox 3669 1890 3727 1929; x_wconf 84' lang='lat' dir='ltr'><strong>re-</strong></span> 
     </span>
    </p>
   </div>
   <div class='ocr_carea' id='block_1_19' title="bbox 513 1961 3728 2043">
    <p class='ocr_par' dir='ltr' id='par_1_19' title="bbox 513 1961 3728 2043">
     <span class='ocr_line' id='line_1_19' title="bbox 513 1961 3728 2043; baseline -0.001 -17"><span class='ocrx_word' id='word_1_283' title='bbox 513 1969 964 2034; x_wconf 83' lang='lat' dir='ltr'><strong>adoleseentulas,</strong></span> <span class='ocrx_word' id='word_1_284' title='bbox 1005 1984 1165 2038; x_wconf 88' lang='lat' dir='ltr'><strong>quam</strong></span> <span class='ocrx_word' id='word_1_285' title='bbox 1194 1968 1327 2037; x_wconf 90' lang='lat' dir='ltr'><strong>quid</strong></span> <span class='ocrx_word' id='word_1_286' title='bbox 1372 1983 1401 2020; x_wconf 88' lang='lat' dir='ltr'><strong>a</strong></span> <span class='ocrx_word' id='word_1_287' title='bbox 1431 1965 1628 2022; x_wconf 85' lang='lat' dir='ltr'><strong>vetulis</strong></span> <span class='ocrx_word' id='word_1_288' title='bbox 1653 1966 1981 2022; x_wconf 89' lang='lat' dir='ltr'><strong>docerentur</strong></span> <span class='ocrx_word' id='word_1_289' title='bbox 2007 1982 2104 2021; x_wconf 81' lang='lat' dir='ltr'><strong>ex-</strong></span> <span class='ocrx_word' id='word_1_290' title='bbox 2205 1961 2507 2043; x_wconf 74' lang='lat' dir='ltr'><strong>verentiam</strong></span> <span class='ocrx_word' id='word_1_291' title='bbox 2546 1972 2603 2016; x_wconf 91' lang='lat' dir='ltr'><strong>et</strong></span> <span class='ocrx_word' id='word_1_292' title='bbox 2639 1963 3023 2018; x_wconf 84' lang='lat' dir='ltr'><strong>verecundiam</strong></span> <span class='ocrx_word' id='word_1_293' title='bbox 3059 1964 3175 2019; x_wconf 89' lang='lat' dir='ltr'><strong>sint</strong></span> <span class='ocrx_word' id='word_1_294' title='bbox 3200 1976 3465 2036; x_wconf 54' lang='lat' dir='ltr'><strong>provecta).</strong></span> <span class='ocrx_word' id='word_1_295' title='bbox 3486 2005 3501 2031; x_wconf 90' lang='lat'><strong>,</strong></span> <span class='ocrx_word' id='word_1_296' title='bbox 3527 1980 3610 2022; x_wconf 87' lang='lat' dir='ltr'><strong>nec</strong></span> <span class='ocrx_word' id='word_1_297' title='bbox 3639 1967 3728 2022; x_wconf 84' lang='lat' dir='ltr'><strong>vino</strong></span> 
     </span>
    </p>
   </div>
   <div class='ocr_carea' id='block_1_20' title="bbox 514 2056 3726 2136">
    <p class='ocr_par' dir='ltr' id='par_1_20' title="bbox 514 2056 3726 2136">
     <span class='ocr_line' id='line_1_20' title="bbox 514 2056 3726 2136; baseline -0.001 -20"><span class='ocrx_word' id='word_1_298' title='bbox 514 2069 779 2136; x_wconf 77' lang='lat' dir='ltr'><strong>poneret;</strong></span> <span class='ocrx_word' id='word_1_299' title='bbox 810 2059 999 2115; x_wconf 91' lang='lat' dir='ltr'><strong>ultimo</strong></span> <span class='ocrx_word' id='word_1_300' title='bbox 1026 2058 1097 2115; x_wconf 89' lang='lat' dir='ltr'><strong>de</strong></span> <span class='ocrx_word' id='word_1_301' title='bbox 1124 2057 1295 2114; x_wconf 83' lang='lat' dir='ltr'><strong>servis</strong></span> <span class='ocrx_word' id='word_1_302' title='bbox 1318 2066 1376 2113; x_wconf 90' lang='lat' dir='ltr'><strong>et</strong></span> <span class='ocrx_word' id='word_1_303' title='bbox 1408 2074 1505 2129; x_wconf 86' lang='lat' dir='ltr'><strong>per</strong></span> <span class='ocrx_word' id='word_1_304' title='bbox 1544 2057 1786 2130; x_wconf 86' lang='lat' dir='ltr'><strong>singulas</strong></span> <span class='ocrx_word' id='word_1_305' title='bbox 1833 2066 2024 2113; x_wconf 72' lang='lat' dir='ltr'><strong>aatates</strong></span> <span class='ocrx_word' id='word_1_306' title='bbox 2053 2066 2108 2113; x_wconf 91' lang='lat' dir='ltr'><strong>et</strong></span> <span class='ocrx_word' id='word_1_307' title='bbox 2207 2056 2493 2115; x_wconf 85' lang='lat' dir='ltr'><strong>intendant</strong></span> <span class='ocrx_word' id='word_1_308' title='bbox 2542 2057 2743 2126; x_wconf 91' lang='lat' dir='ltr'><strong>multo,</strong></span> <span class='ocrx_word' id='word_1_309' title='bbox 2790 2067 2885 2115; x_wconf 91' lang='lat' dir='ltr'><strong>aut</strong></span> <span class='ocrx_word' id='word_1_310' title='bbox 2937 2059 3215 2117; x_wconf 88' lang='lat' dir='ltr'><strong>ebrietati.</strong></span> <span class='ocrx_word' id='word_1_311' title='bbox 3272 2057 3380 2117; x_wconf 87' lang='lat' dir='ltr'><strong>Sed</strong></span> <span class='ocrx_word' id='word_1_312' title='bbox 3427 2075 3517 2116; x_wconf 87' lang='lat' dir='ltr'><strong>nec</strong></span> <span class='ocrx_word' id='word_1_313' title='bbox 3558 2059 3726 2116; x_wconf 79' lang='lat' dir='ltr'><strong>istorum</strong></span> 
     </span>
    </p>
   </div>
   <div class='ocr_carea' id='block_1_21' title="bbox 514 2148 3725 2227">
    <p class='ocr_par' dir='ltr' id='par_1_21' title="bbox 514 2148 3725 2227">
     <span class='ocr_line' id='line_1_21' title="bbox 514 2148 3725 2227; baseline -0.001 -17"><span class='ocrx_word' id='word_1_314' title='bbox 514 2152 848 2210; x_wconf 78' lang='lat' dir='ltr'><strong>conditiones</strong></span> <span class='ocrx_word' id='word_1_315' title='bbox 871 2150 952 2206; x_wconf 87' lang='lat' dir='ltr'><strong>sic</strong></span> <span class='ocrx_word' id='word_1_316' title='bbox 973 2151 1230 2207; x_wconf 86' lang='lat' dir='ltr'><strong>decenter</strong></span> <span class='ocrx_word' id='word_1_317' title='bbox 1247 2159 1513 2227; x_wconf 60' lang='lat' dir='ltr'><strong>praecepta</strong></span> <span class='ocrx_word' id='word_1_318' title='bbox 1529 2148 1905 2217; x_wconf 89' lang='lat' dir='ltr'><strong>constituit,ut</strong></span> <span class='ocrx_word' id='word_1_319' title='bbox 1927 2165 2109 2207; x_wconf 85' lang='lat' dir='ltr'><strong>sermo</strong></span> <span class='ocrx_word' id='word_1_320' title='bbox 2208 2149 2374 2206; x_wconf 87' lang='lat' dir='ltr'><strong>verba</strong></span> <span class='ocrx_word' id='word_1_321' title='bbox 2401 2148 2470 2205; x_wconf 91' lang='lat' dir='ltr'><strong>ad</strong></span> <span class='ocrx_word' id='word_1_322' title='bbox 2514 2148 2653 2217; x_wconf 92' lang='lat' dir='ltr'><strong>illos,</strong></span> <span class='ocrx_word' id='word_1_323' title='bbox 2685 2164 2787 2205; x_wconf 89' lang='lat' dir='ltr'><strong>nec</strong></span> <span class='ocrx_word' id='word_1_324' title='bbox 2828 2149 3043 2206; x_wconf 90' lang='lat' dir='ltr'><strong>illorum</strong></span> <span class='ocrx_word' id='word_1_325' title='bbox 3070 2149 3326 2207; x_wconf 87' lang='lat' dir='ltr'><strong>deferant</strong></span> <span class='ocrx_word' id='word_1_326' title='bbox 3364 2150 3430 2211; x_wconf 89' lang='lat' dir='ltr'><strong>ad</strong></span> <span class='ocrx_word' id='word_1_327' title='bbox 3456 2152 3590 2207; x_wconf 89' lang='lat' dir='ltr'><strong>istos.</strong></span> <span class='ocrx_word' id='word_1_328' title='bbox 3625 2149 3725 2205; x_wconf 80' lang='lat' dir='ltr'><strong>Bona</strong></span> 
     </span>
    </p>
   </div>
   <div class='ocr_carea' id='block_1_22' title="bbox 516 2236 3727 2321">
    <p class='ocr_par' dir='ltr' id='par_1_22' title="bbox 516 2236 3727 2321">
     <span class='ocr_line' id='line_1_22' title="bbox 516 2236 3727 2321; baseline -0.002 -20"><span class='ocrx_word' id='word_1_329' title='bbox 516 2245 639 2316; x_wconf 82' lang='lat' dir='ltr'><strong>ejus</strong></span> <span class='ocrx_word' id='word_1_330' title='bbox 678 2245 806 2301; x_wconf 55' lang='lat' dir='ltr'><strong>vita).</strong></span> <span class='ocrx_word' id='word_1_331' title='bbox 835 2256 1158 2315; x_wconf 88' lang='lat' dir='ltr'><strong>morumque</strong></span> <span class='ocrx_word' id='word_1_332' title='bbox 1201 2244 1275 2300; x_wconf 88' lang='lat' dir='ltr'><strong>sit</strong></span> <span class='ocrx_word' id='word_1_333' title='bbox 1310 2245 1514 2316; x_wconf 86' lang='lat' dir='ltr'><strong>regula.</strong></span> <span class='ocrx_word' id='word_1_334' title='bbox 1563 2244 1733 2300; x_wconf 89' lang='lat' dir='ltr'><strong>Senes</strong></span> <span class='ocrx_word' id='word_1_335' title='bbox 1780 2244 1946 2315; x_wconf 80' lang='lat' dir='ltr'><strong>igitur</strong></span> <span class='ocrx_word' id='word_1_336' title='bbox 1995 2243 2111 2298; x_wconf 82' lang='lat' dir='ltr'><strong>vult</strong></span> <span class='ocrx_word' id='word_1_337' title='bbox 2211 2244 2489 2310; x_wconf 86' lang='lat' dir='ltr'><strong>docentes,</strong></span> <span class='ocrx_word' id='word_1_338' title='bbox 2535 2236 2787 2315; x_wconf 26' lang='lat' dir='ltr'><strong>quae‘non</strong></span> <span class='ocrx_word' id='word_1_339' title='bbox 2819 2243 2983 2299; x_wconf 86' lang='lat' dir='ltr'><strong>modo</strong></span> <span class='ocrx_word' id='word_1_340' title='bbox 3021 2243 3361 2317; x_wconf 79' lang='lat' dir='ltr'><strong>diligentiam</strong></span> <span class='ocrx_word' id='word_1_341' title='bbox 3394 2242 3602 2321; x_wconf 82' lang='lat' dir='ltr'><strong>poterint</strong></span> <span class='ocrx_word' id='word_1_342' title='bbox 3620 2241 3727 2297; x_wconf 55' lang='lat' dir='ltr'><strong>aditi.</strong></span> 
     </span>
    </p>
   </div>
   <div class='ocr_carea' id='block_1_23' title="bbox 496 2334 3724 2415">
    <p class='ocr_par' dir='ltr' id='par_1_23' title="bbox 496 2334 3724 2415">
     <span class='ocr_line' id='line_1_23' title="bbox 496 2334 3724 2415; baseline -0.002 -22"><span class='ocrx_word' id='word_1_343' title='bbox 496 2337 729 2393; x_wconf 58' lang='lat' dir='ltr'><strong>sobrios</strong></span> <span class='ocrx_word' id='word_1_344' title='bbox 744 2349 867 2393; x_wconf 85' lang='lat' dir='ltr'><strong>esse</strong></span> <span class='ocrx_word' id='word_1_345' title='bbox 888 2338 1002 2392; x_wconf 86' lang='lat' dir='ltr'><strong>sive</strong></span> <span class='ocrx_word' id='word_1_346' title='bbox 1022 2337 1329 2409; x_wconf 79' lang='lat' dir='ltr'><strong>vigilantes,</strong></span> <span class='ocrx_word' id='word_1_347' title='bbox 1350 2338 1474 2407; x_wconf 90' lang='lat' dir='ltr'><strong>quia</strong></span> <span class='ocrx_word' id='word_1_348' title='bbox 1489 2340 1718 2413; x_wconf 74' lang='grc' dir='ltr'><strong>νηφάλιοι</strong></span> <span class='ocrx_word' id='word_1_349' title='bbox 1734 2338 1874 2407; x_wconf 89' lang='lat' dir='ltr'><strong>apud</strong></span> <span class='ocrx_word' id='word_1_350' title='bbox 1890 2337 2110 2392; x_wconf 79' lang='lat' dir='ltr'><strong>Graecos</strong></span> <span class='ocrx_word' id='word_1_351' title='bbox 2210 2334 2341 2394; x_wconf 90' lang='lat' dir='ltr'><strong>bere</strong></span> <span class='ocrx_word' id='word_1_352' title='bbox 2364 2337 2614 2401; x_wconf 88' lang='lat' dir='ltr'><strong>bonitati,</strong></span> <span class='ocrx_word' id='word_1_353' title='bbox 2653 2336 2748 2392; x_wconf 91' lang='lat' dir='ltr'><strong>sed</strong></span> <span class='ocrx_word' id='word_1_354' title='bbox 2789 2347 2845 2392; x_wconf 89' lang='lat' dir='ltr'><strong>et</strong></span> <span class='ocrx_word' id='word_1_355' title='bbox 2886 2337 3085 2415; x_wconf 83' lang='lat' dir='ltr'><strong>docere</strong></span> <span class='ocrx_word' id='word_1_356' title='bbox 3114 2336 3207 2395; x_wconf 86' lang='lat' dir='ltr'><strong>illa</strong></span> <span class='ocrx_word' id='word_1_357' title='bbox 3254 2352 3393 2413; x_wconf 62' lang='lat' dir='ltr'><strong>quae</strong></span> <span class='ocrx_word' id='word_1_358' title='bbox 3418 2343 3534 2391; x_wconf 86' lang='lat' dir='ltr'><strong>sunt</strong></span> <span class='ocrx_word' id='word_1_359' title='bbox 3555 2335 3724 2406; x_wconf 78' lang='lat' dir='ltr'><strong>optima.</strong></span> 
     </span>
    </p>
   </div>
   <div class='ocr_carea' id='block_1_24' title="bbox 516 2424 3726 2505">
    <p class='ocr_par' dir='ltr' id='par_1_24' title="bbox 516 2424 3726 2505">
     <span class='ocr_line' id='line_1_24' title="bbox 516 2424 3726 2505; baseline -0.002 -20"><span class='ocrx_word' id='word_1_360' title='bbox 516 2438 810 2498; x_wconf 86' lang='lat' dir='ltr'><strong>utrumque</strong></span> <span class='ocrx_word' id='word_1_361' title='bbox 837 2438 1023 2495; x_wconf 89' lang='lat' dir='ltr'><strong>sonat;</strong></span> <span class='ocrx_word' id='word_1_362' title='bbox 1052 2430 1328 2496; x_wconf 87' lang='lat' dir='ltr'><strong>honestos,</strong></span> <span class='ocrx_word' id='word_1_363' title='bbox 1366 2438 1424 2483; x_wconf 90' lang='lat' dir='ltr'><strong>ut</strong></span> <span class='ocrx_word' id='word_1_364' title='bbox 1449 2432 1626 2485; x_wconf 82' lang='lat' dir='ltr'><strong>aetatis</strong></span> <span class='ocrx_word' id='word_1_365' title='bbox 1646 2430 1969 2502; x_wconf 80' lang='lat' dir='ltr'><strong>gravitatem</strong></span> <span class='ocrx_word' id='word_1_366' title='bbox 1998 2445 2111 2485; x_wconf 79' lang='lat' dir='ltr'><strong>mo-</strong></span> <span class='ocrx_word' id='word_1_367' title='bbox 2214 2427 2415 2505; x_wconf 70' lang='grc' dir='ltr'><strong>(Ηὶετ.)</strong></span> <span class='ocrx_word' id='word_1_368' title='bbox 2463 2428 2703 2487; x_wconf 90' lang='lat' dir='ltr'><strong>Tametsi</strong></span> <span class='ocrx_word' id='word_1_369' title='bbox 2726 2427 3001 2500; x_wconf 85' lang='lat' dir='ltr'><strong>apostolus</strong></span> <span class='ocrx_word' id='word_1_370' title='bbox 3042 2428 3246 2489; x_wconf 90' lang='lat' dir='ltr'><strong>Petrus</strong></span> <span class='ocrx_word' id='word_1_371' title='bbox 3270 2426 3565 2501; x_wconf 61' lang='lat' dir='ltr'><strong>praeceperit</strong></span> <span class='ocrx_word' id='word_1_372' title='bbox 3588 2435 3636 2481; x_wconf 90' lang='lat' dir='ltr'><strong>ut</strong></span> <span class='ocrx_word' id='word_1_373' title='bbox 3655 2424 3726 2483; x_wconf 86' lang='lat' dir='ltr'><strong>viri</strong></span> 
     </span>
    </p>
   </div>
   <div class='ocr_carea' id='block_1_25' title="bbox 521 2516 3727 2590">
    <p class='ocr_par' dir='ltr' id='par_1_25' title="bbox 521 2516 3727 2590">
     <span class='ocr_line' id='line_1_25' title="bbox 521 2516 3727 2590; baseline -0.002 -15"><span class='ocrx_word' id='word_1_374' title='bbox 521 2532 645 2575; x_wconf 83' lang='lat' dir='ltr'><strong>rum</strong></span> <span class='ocrx_word' id='word_1_375' title='bbox 671 2520 911 2590; x_wconf 77' lang='lat' dir='ltr'><strong>gravitas</strong></span> <span class='ocrx_word' id='word_1_376' title='bbox 955 2520 1212 2586; x_wconf 80' lang='lat' dir='ltr'><strong>decoret;</strong></span> <span class='ocrx_word' id='word_1_377' title='bbox 1260 2522 1507 2590; x_wconf 89' lang='lat' dir='ltr'><strong>pudicos,</strong></span> <span class='ocrx_word' id='word_1_378' title='bbox 1553 2538 1622 2578; x_wconf 91' lang='lat' dir='ltr'><strong>ne</strong></span> <span class='ocrx_word' id='word_1_379' title='bbox 1662 2524 1718 2578; x_wconf 91' lang='lat' dir='ltr'><strong>in</strong></span> <span class='ocrx_word' id='word_1_380' title='bbox 1750 2523 1925 2578; x_wconf 90' lang='lat' dir='ltr'><strong>aliena</strong></span> <span class='ocrx_word' id='word_1_381' title='bbox 1952 2532 2114 2580; x_wconf 83' lang='lat' dir='ltr'><strong>aetate</strong></span> <span class='ocrx_word' id='word_1_382' title='bbox 2212 2520 2471 2577; x_wconf 81' lang='lat' dir='ltr'><strong>uxoribus</strong></span> <span class='ocrx_word' id='word_1_383' title='bbox 2517 2516 2631 2577; x_wconf 87' lang='lat' dir='ltr'><strong>suis</strong></span> <span class='ocrx_word' id='word_1_384' title='bbox 2672 2528 2929 2590; x_wconf 89' lang='lat' dir='ltr'><strong>tanquam</strong></span> <span class='ocrx_word' id='word_1_385' title='bbox 2961 2519 3255 2575; x_wconf 88' lang='lat' dir='ltr'><strong>inﬁrmiori</strong></span> <span class='ocrx_word' id='word_1_386' title='bbox 3303 2517 3510 2577; x_wconf 87' lang='lat' dir='ltr'><strong>vasculo</strong></span> <span class='ocrx_word' id='word_1_387' title='bbox 3531 2517 3727 2573; x_wconf 80' lang='lat' dir='ltr'><strong>honorem</strong></span> 
     </span>
    </p>
   </div>
   <div class='ocr_carea' id='block_1_26' title="bbox 521 2608 3724 2695">
    <p class='ocr_par' dir='ltr' id='par_1_26' title="bbox 521 2608 3724 2695">
     <span class='ocr_line' id='line_1_26' title="bbox 521 2608 3724 2695; baseline 0.002 -30"><span class='ocrx_word' id='word_1_388' title='bbox 521 2609 797 2666; x_wconf 78' lang='lat' dir='ltr'><strong>luxurient</strong></span> <span class='ocrx_word' id='word_1_389' title='bbox 823 2650 862 2693; x_wconf 25' lang='grc' dir='ltr'><strong>,ν</strong></span> <span class='ocrx_word' id='word_1_390' title='bbox 889 2625 957 2665; x_wconf 92' lang='lat' dir='ltr'><strong>ne</strong></span> <span class='ocrx_word' id='word_1_391' title='bbox 1000 2611 1114 2683; x_wconf 74' lang='lat' dir='ltr'><strong>jam</strong></span> <span class='ocrx_word' id='word_1_392' title='bbox 1161 2608 1359 2683; x_wconf 87' lang='lat' dir='ltr'><strong>frigido</strong></span> <span class='ocrx_word' id='word_1_393' title='bbox 1402 2614 1469 2668; x_wconf 89' lang='lat' dir='ltr'><strong>ad</strong></span> <span class='ocrx_word' id='word_1_394' title='bbox 1520 2612 1798 2669; x_wconf 89' lang='lat' dir='ltr'><strong>libidinem</strong></span> <span class='ocrx_word' id='word_1_395' title='bbox 1827 2616 2111 2687; x_wconf 85' lang='lat' dir='ltr'><strong>sanguine,</strong></span> <span class='ocrx_word' id='word_1_396' title='bbox 2215 2613 2455 2668; x_wconf 88' lang='lat' dir='ltr'><strong>tribuant</strong></span> <span class='ocrx_word' id='word_1_397' title='bbox 2502 2611 2554 2685; x_wconf 88' lang='grc'><strong>(1</strong></span> <span class='ocrx_word' id='word_1_398' title='bbox 2593 2611 2741 2671; x_wconf 85' lang='lat' dir='ltr'><strong>Petr.</strong></span> <span class='ocrx_word' id='word_1_399' title='bbox 2785 2611 2893 2695; x_wconf 82' lang='grc' dir='ltr'><strong>ιιι),</strong></span> <span class='ocrx_word' id='word_1_400' title='bbox 2929 2627 3038 2671; x_wconf 87' lang='lat' dir='ltr'><strong>non</strong></span> <span class='ocrx_word' id='word_1_401' title='bbox 3078 2620 3264 2687; x_wconf 86' lang='lat' dir='ltr'><strong>tamen</strong></span> <span class='ocrx_word' id='word_1_402' title='bbox 3307 2611 3724 2695; x_wconf 72' lang='lat' dir='ltr'><strong>arbitmndutnesl.</strong></span> 
     </span>
    </p>
   </div>
   <div class='ocr_carea' id='block_1_27' title="bbox 521 2688 3724 2787">
    <p class='ocr_par' dir='ltr' id='par_1_27' title="bbox 521 2688 3724 2787">
     <span class='ocr_line' id='line_1_27' title="bbox 521 2688 3724 2787; baseline 0.001 -27"><span class='ocrx_word' id='word_1_403' title='bbox 521 2704 770 2775; x_wconf 79' lang='lat' dir='ltr'><strong>exemplo</strong></span> <span class='ocrx_word' id='word_1_404' title='bbox 818 2688 927 2760; x_wconf 86' lang='lat' dir='ltr'><strong>sint</strong></span> <span class='ocrx_word' id='word_1_405' title='bbox 977 2705 1406 2762; x_wconf 87' lang='lat' dir='ltr'><strong>adolescentibus</strong></span> <span class='ocrx_word' id='word_1_406' title='bbox 1434 2707 1502 2763; x_wconf 90' lang='lat' dir='ltr'><strong>ad</strong></span> <span class='ocrx_word' id='word_1_407' title='bbox 1548 2708 1791 2774; x_wconf 89' lang='lat' dir='ltr'><strong>ruinam;</strong></span> <span class='ocrx_word' id='word_1_408' title='bbox 1845 2710 2007 2764; x_wconf 76' lang='lat' dir='ltr'><strong>sanes</strong></span> <span class='ocrx_word' id='word_1_409' title='bbox 2059 2706 2114 2765; x_wconf 81' lang='lat' dir='ltr'><strong>in</strong></span> <span class='ocrx_word' id='word_1_410' title='bbox 2216 2696 2531 2787; x_wconf 34' lang='lat' dir='ltr'><strong>Quodluxor</strong></span> <span class='ocrx_word' id='word_1_411' title='bbox 2567 2720 2688 2787; x_wconf 73' lang='lat' dir='ltr'><strong>qua:</strong></span> <span class='ocrx_word' id='word_1_412' title='bbox 2716 2688 2963 2787; x_wconf 83' lang='lat' dir='ltr'><strong>corporis</strong></span> <span class='ocrx_word' id='word_1_413' title='bbox 2998 2706 3284 2763; x_wconf 87' lang='lat' dir='ltr'><strong>vasculum</strong></span> <span class='ocrx_word' id='word_1_414' title='bbox 3310 2688 3466 2785; x_wconf 65' lang='lat' dir='ltr'><strong>habet</strong></span> <span class='ocrx_word' id='word_1_415' title='bbox 3504 2702 3724 2767; x_wconf 65' lang='lat' dir='ltr'><strong>inﬁrmum,</strong></span> 
     </span>
    </p>
   </div>
   <div class='ocr_carea' id='block_1_28' title="bbox 525 2784 3725 2877">
    <p class='ocr_par' dir='ltr' id='par_1_28' title="bbox 525 2784 3725 2877">
     <span class='ocr_line' id='line_1_28' title="bbox 525 2784 3725 2877; baseline -0.001 -24"><span class='ocrx_word' id='word_1_416' title='bbox 525 2794 652 2865; x_wconf 77' lang='lat' dir='ltr'><strong>ﬁde,</strong></span> <span class='ocrx_word' id='word_1_417' title='bbox 681 2796 751 2852; x_wconf 90' lang='lat' dir='ltr'><strong>de</strong></span> <span class='ocrx_word' id='word_1_418' title='bbox 778 2812 885 2869; x_wconf 84' lang='lat' dir='ltr'><strong>qua</strong></span> <span class='ocrx_word' id='word_1_419' title='bbox 928 2794 1053 2853; x_wconf 85' lang='lat' dir='ltr'><strong>ﬁdei</strong></span> <span class='ocrx_word' id='word_1_420' title='bbox 1088 2800 1325 2855; x_wconf 86' lang='lat' dir='ltr'><strong>sanitate</strong></span> <span class='ocrx_word' id='word_1_421' title='bbox 1351 2814 1511 2870; x_wconf 90' lang='lat' dir='ltr'><strong>supra</strong></span> <span class='ocrx_word' id='word_1_422' title='bbox 1540 2799 1793 2856; x_wconf 79' lang='lat' dir='ltr'><strong>diximus.</strong></span> <span class='ocrx_word' id='word_1_423' title='bbox 1823 2798 1999 2859; x_wconf 87' lang='lat' dir='ltr'><strong>Sanos</strong></span> <span class='ocrx_word' id='word_1_424' title='bbox 2020 2817 2116 2857; x_wconf 82' lang='lat' dir='ltr'><strong>au—</strong></span> <span class='ocrx_word' id='word_1_425' title='bbox 2217 2784 2405 2857; x_wconf 76' lang='lat' dir='ltr'><strong>statim</strong></span> <span class='ocrx_word' id='word_1_426' title='bbox 2454 2805 2510 2853; x_wconf 89' lang='lat' dir='ltr'><strong>et</strong></span> <span class='ocrx_word' id='word_1_427' title='bbox 2544 2786 2725 2859; x_wconf 81' lang='lat' dir='ltr'><strong>animo</strong></span> <span class='ocrx_word' id='word_1_428' title='bbox 2764 2784 2943 2857; x_wconf 80' lang='lat' dir='ltr'><strong>cadat.</strong></span> <span class='ocrx_word' id='word_1_429' title='bbox 2993 2797 3148 2869; x_wconf 67' lang='lat' dir='ltr'><strong>Unde</strong></span> <span class='ocrx_word' id='word_1_430' title='bbox 3192 2814 3335 2877; x_wconf 73' lang='lat' dir='ltr'><strong>nunc</strong></span> <span class='ocrx_word' id='word_1_431' title='bbox 3377 2796 3641 2871; x_wconf 56' lang='lat' dir='ltr'><strong>praecipitur</strong></span> <span class='ocrx_word' id='word_1_432' title='bbox 3656 2793 3725 2856; x_wconf 74' lang='lat' dir='ltr'><strong>eis,</strong></span> 
     </span>
    </p>
   </div>
   <div class='ocr_carea' id='block_1_29' title="bbox 523 2882 3727 2969">
    <p class='ocr_par' dir='ltr' id='par_1_29' title="bbox 523 2882 3727 2969">
     <span class='ocr_line' id='line_1_29' title="bbox 523 2882 3727 2969; baseline -0.002 -22"><span class='ocrx_word' id='word_1_433' title='bbox 523 2898 634 2947; x_wconf 86' lang='lat' dir='ltr'><strong>tem</strong></span> <span class='ocrx_word' id='word_1_434' title='bbox 669 2904 776 2945; x_wconf 86' lang='lat' dir='ltr'><strong>non</strong></span> <span class='ocrx_word' id='word_1_435' title='bbox 806 2895 1021 2946; x_wconf 77' lang='lat' dir='ltr'><strong>tantum</strong></span> <span class='ocrx_word' id='word_1_436' title='bbox 1044 2889 1100 2945; x_wconf 90' lang='lat' dir='ltr'><strong>in</strong></span> <span class='ocrx_word' id='word_1_437' title='bbox 1128 2888 1255 2956; x_wconf 80' lang='lat' dir='ltr'><strong>ﬁde,</strong></span> <span class='ocrx_word' id='word_1_438' title='bbox 1292 2905 1478 2947; x_wconf 88' lang='lat' dir='ltr'><strong>verum</strong></span> <span class='ocrx_word' id='word_1_439' title='bbox 1501 2892 1665 2947; x_wconf 88' lang='lat' dir='ltr'><strong>etiam</strong></span> <span class='ocrx_word' id='word_1_440' title='bbox 1697 2910 1716 2944; x_wconf 83' lang='grc' dir='ltr'><strong>ι</strong></span> <span class='ocrx_word' id='word_1_441' title='bbox 1745 2892 1799 2947; x_wconf 89' lang='lat' dir='ltr'><strong>iu</strong></span> <span class='ocrx_word' id='word_1_442' title='bbox 1824 2891 2115 2961; x_wconf 87' lang='lat' dir='ltr'><strong>charitate,</strong></span> <span class='ocrx_word' id='word_1_443' title='bbox 2216 2896 2279 2947; x_wconf 89' lang='lat' dir='ltr'><strong>ut</strong></span> <span class='ocrx_word' id='word_1_444' title='bbox 2302 2889 2357 2944; x_wconf 89' lang='lat' dir='ltr'><strong>in</strong></span> <span class='ocrx_word' id='word_1_445' title='bbox 2384 2888 2514 2960; x_wconf 90' lang='lat' dir='ltr'><strong>ipsis</strong></span> <span class='ocrx_word' id='word_1_446' title='bbox 2534 2904 2749 2963; x_wconf 90' lang='lat' dir='ltr'><strong>quoque</strong></span> <span class='ocrx_word' id='word_1_447' title='bbox 2784 2888 2916 2947; x_wconf 89' lang='lat' dir='ltr'><strong>illud</strong></span> <span class='ocrx_word' id='word_1_448' title='bbox 2935 2889 3186 2969; x_wconf 71' lang='lat' dir='ltr'><strong>Apostoli</strong></span> <span class='ocrx_word' id='word_1_449' title='bbox 3217 2888 3532 2962; x_wconf 80' lang='lat' dir='ltr'><strong>compleatur</strong></span> <span class='ocrx_word' id='word_1_450' title='bbox 3559 2906 3570 2941; x_wconf 89' lang='lat'>:</span> <span class='ocrx_word' id='word_1_451' title='bbox 3613 2882 3727 2941; x_wconf 67' lang='lat' dir='ltr'><strong>«Vir-</strong></span> 
     </span>
    </p>
   </div>
   <div class='ocr_carea' id='block_1_30' title="bbox 524 2976 3724 3059">
    <p class='ocr_par' dir='ltr' id='par_1_30' title="bbox 524 2976 3724 3059">
     <span class='ocr_line' id='line_1_30' title="bbox 524 2976 3724 3059; baseline -0 -19"><span class='ocrx_word' id='word_1_452' title='bbox 524 2985 656 3041; x_wconf 87' lang='lat' dir='ltr'><strong>etin</strong></span> <span class='ocrx_word' id='word_1_453' title='bbox 682 2982 966 3055; x_wconf 86' lang='lat' dir='ltr'><strong>patientia,</strong></span> <span class='ocrx_word' id='word_1_454' title='bbox 1002 3002 1022 3039; x_wconf 76' lang='grc' dir='ltr'><strong>ι</strong></span> <span class='ocrx_word' id='word_1_455' title='bbox 1061 2993 1120 3040; x_wconf 88' lang='grc' dir='ltr'><strong>ιιι</strong></span> <span class='ocrx_word' id='word_1_456' title='bbox 1146 3001 1272 3042; x_wconf 90' lang='lat' dir='ltr'><strong>cum</strong></span> <span class='ocrx_word' id='word_1_457' title='bbox 1300 2988 1531 3057; x_wconf 87' lang='lat' dir='ltr'><strong>primam</strong></span> <span class='ocrx_word' id='word_1_458' title='bbox 1571 2986 1695 3045; x_wconf 88' lang='lat' dir='ltr'><strong>ﬁdei</strong></span> <span class='ocrx_word' id='word_1_459' title='bbox 1723 2989 2010 3043; x_wconf 81' lang='lat' dir='ltr'><strong>habuerint</strong></span> <span class='ocrx_word' id='word_1_460' title='bbox 2034 2982 2118 3045; x_wconf 43' lang='lat' dir='ltr'><strong>sa;</strong></span> <span class='ocrx_word' id='word_1_461' title='bbox 2220 2980 2381 3055; x_wconf 82' lang='lat' dir='ltr'><strong>tusin</strong></span> <span class='ocrx_word' id='word_1_462' title='bbox 2413 2982 2729 3037; x_wconf 88' lang='lat' dir='ltr'><strong>inﬁrmitate</strong></span> <span class='ocrx_word' id='word_1_463' title='bbox 2757 2980 3145 3054; x_wconf 65' lang='lat' dir='ltr'><strong>perﬁcitur“!</strong></span> <span class='ocrx_word' id='word_1_464' title='bbox 3177 2981 3299 3038; x_wconf 84' lang='lat' dir='ltr'><strong>Cor.</strong></span> <span class='ocrx_word' id='word_1_465' title='bbox 3324 2980 3437 3059; x_wconf 65' lang='lat' dir='ltr'><strong>xit),</strong></span> <span class='ocrx_word' id='word_1_466' title='bbox 3467 2985 3550 3035; x_wconf 66' lang='lat' dir='ltr'><strong>tet</strong></span> <span class='ocrx_word' id='word_1_467' title='bbox 3571 2976 3724 3039; x_wconf 60' lang='lat' dir='ltr'><strong>dicitur.</strong></span> 
     </span>
    </p>
   </div>
   <div class='ocr_carea' id='block_1_31' title="bbox 526 3062 3726 3147">
    <p class='ocr_par' dir='ltr' id='par_1_31' title="bbox 526 3062 3726 3147">
     <span class='ocr_line' id='line_1_31' title="bbox 526 3062 3726 3147; baseline -0.001 -19"><span class='ocrx_word' id='word_1_468' title='bbox 526 3074 772 3142; x_wconf 84' lang='lat' dir='ltr'><strong>nitatem,</strong></span> <span class='ocrx_word' id='word_1_469' title='bbox 796 3074 1020 3131; x_wconf 78' lang='lat' dir='ltr'><strong>audiant</strong></span> <span class='ocrx_word' id='word_1_470' title='bbox 1044 3091 1074 3130; x_wconf 90' lang='lat' dir='ltr'><strong>a</strong></span> <span class='ocrx_word' id='word_1_471' title='bbox 1101 3076 1383 3132; x_wconf 87' lang='lat' dir='ltr'><strong>Salvatore</strong></span> <span class='ocrx_word' id='word_1_472' title='bbox 1407 3090 1421 3130; x_wconf 90' lang='lat'><strong>:</strong></span> <span class='ocrx_word' id='word_1_473' title='bbox 1458 3096 1475 3128; x_wconf 77' lang='grc' dir='ltr'><strong>ι</strong></span> <span class='ocrx_word' id='word_1_474' title='bbox 1508 3077 1668 3133; x_wconf 88' lang='lat' dir='ltr'><strong>Fides</strong></span> <span class='ocrx_word' id='word_1_475' title='bbox 1704 3087 1795 3132; x_wconf 89' lang='lat' dir='ltr'><strong>tua</strong></span> <span class='ocrx_word' id='word_1_476' title='bbox 1826 3087 1878 3134; x_wconf 90' lang='lat' dir='ltr'><strong>te</strong></span> <span class='ocrx_word' id='word_1_477' title='bbox 1907 3079 2116 3135; x_wconf 76' lang='lat' dir='ltr'><strong>salvum</strong></span> <span class='ocrx_word' id='word_1_478' title='bbox 2155 3138 2191 3147; x_wconf 81' lang='lat'>_</span> <span class='ocrx_word' id='word_1_479' title='bbox 2221 3086 2283 3129; x_wconf 90' lang='lat' dir='ltr'><strong>ut</strong></span> <span class='ocrx_word' id='word_1_480' title='bbox 2306 3083 2361 3129; x_wconf 88' lang='lat' dir='ltr'><strong>et</strong></span> <span class='ocrx_word' id='word_1_481' title='bbox 2384 3062 2566 3130; x_wconf 80' lang='lat' dir='ltr'><strong>omnia</strong></span> <span class='ocrx_word' id='word_1_482' title='bbox 2593 3074 2864 3143; x_wconf 84' lang='lat' dir='ltr'><strong>habeant,</strong></span> <span class='ocrx_word' id='word_1_483' title='bbox 2906 3091 3027 3147; x_wconf 53' lang='lat' dir='ltr'><strong>quae</strong></span> <span class='ocrx_word' id='word_1_484' title='bbox 3050 3074 3277 3133; x_wconf 89' lang='lat' dir='ltr'><strong>senibus</strong></span> <span class='ocrx_word' id='word_1_485' title='bbox 3302 3074 3430 3129; x_wconf 88' lang='lat' dir='ltr'><strong>viris</strong></span> <span class='ocrx_word' id='word_1_486' title='bbox 3454 3079 3726 3141; x_wconf 69' lang='lat' dir='ltr'><strong>suntprw-</strong></span> 
     </span>
    </p>
   </div>
   <div class='ocr_carea' id='block_1_32' title="bbox 529 3138 3725 3249">
    <p class='ocr_par' dir='ltr' id='par_1_32' title="bbox 529 3138 3725 3249">
     <span class='ocr_line' id='line_1_32' title="bbox 529 3138 3725 3249; baseline -0.001 -27"><span class='ocrx_word' id='word_1_487' title='bbox 529 3162 655 3222; x_wconf 73' lang='lat' dir='ltr'><strong>fecit</strong></span> <span class='ocrx_word' id='word_1_488' title='bbox 679 3138 894 3236; x_wconf 64' lang='lat' dir='ltr'><strong>(Matth.</strong></span> <span class='ocrx_word' id='word_1_489' title='bbox 918 3167 1019 3239; x_wconf 77' lang='grc' dir='ltr'><strong>ιιι).</strong></span> <span class='ocrx_word' id='word_1_490' title='bbox 1044 3185 1063 3218; x_wconf 72' lang='grc' dir='ltr'><strong>ι</strong></span> <span class='ocrx_word' id='word_1_491' title='bbox 1105 3166 1292 3223; x_wconf 85' lang='lat' dir='ltr'><strong>Calida</strong></span> <span class='ocrx_word' id='word_1_492' title='bbox 1318 3168 1515 3238; x_wconf 86' lang='lat' dir='ltr'><strong>quippe</strong></span> <span class='ocrx_word' id='word_1_493' title='bbox 1544 3179 1627 3223; x_wconf 90' lang='lat' dir='ltr'><strong>est</strong></span> <span class='ocrx_word' id='word_1_494' title='bbox 1658 3169 1900 3224; x_wconf 89' lang='lat' dir='ltr'><strong>charitas</strong></span> <span class='ocrx_word' id='word_1_495' title='bbox 1928 3170 1984 3224; x_wconf 82' lang='lat' dir='ltr'><strong>in</strong></span> <span class='ocrx_word' id='word_1_496' title='bbox 2031 3171 2117 3226; x_wconf 86' lang='lat' dir='ltr'><strong>bis</strong></span> <span class='ocrx_word' id='word_1_497' title='bbox 2222 3174 2313 3239; x_wconf 88' lang='lat' dir='ltr'><strong>pta</strong></span> <span class='ocrx_word' id='word_1_498' title='bbox 2365 3148 2725 3222; x_wconf 84' lang='lat' dir='ltr'><strong>communiter</strong></span> <span class='ocrx_word' id='word_1_499' title='bbox 2749 3207 2765 3234; x_wconf 97' lang='lat'><strong>,</strong></span> <span class='ocrx_word' id='word_1_500' title='bbox 2819 3138 2876 3222; x_wconf 83' lang='lat' dir='ltr'><strong>in</strong></span> <span class='ocrx_word' id='word_1_501' title='bbox 3029 3168 3246 3249; x_wconf 79' lang='lat' dir='ltr'><strong>scilicet</strong></span> <span class='ocrx_word' id='word_1_502' title='bbox 3282 3167 3416 3245; x_wconf 76' lang='lat' dir='ltr'><strong>quod</strong></span> <span class='ocrx_word' id='word_1_503' title='bbox 3460 3165 3553 3231; x_wconf 89' lang='lat' dir='ltr'><strong>ait,</strong></span> <span class='ocrx_word' id='word_1_504' title='bbox 3580 3138 3608 3215; x_wconf 49' lang='grc' dir='ltr'><strong>-ι</strong></span> <span class='ocrx_word' id='word_1_505' title='bbox 3633 3172 3725 3216; x_wconf 75' lang='lat' dir='ltr'><strong>aunt</strong></span> 
     </span>
    </p>
   </div>
   <div class='ocr_carea' id='block_1_33' title="bbox 529 3250 3726 3339">
    <p class='ocr_par' dir='ltr' id='par_1_33' title="bbox 529 3250 3726 3339">
     <span class='ocr_line' id='line_1_33' title="bbox 529 3250 3726 3339; baseline 0.002 -25"><span class='ocrx_word' id='word_1_506' title='bbox 529 3261 620 3332; x_wconf 84' lang='lat' dir='ltr'><strong>qui</strong></span> <span class='ocrx_word' id='word_1_507' title='bbox 646 3259 856 3337; x_wconf 82' lang='lat' dir='ltr'><strong>fervent</strong></span> <span class='ocrx_word' id='word_1_508' title='bbox 879 3262 1072 3339; x_wconf 77' lang='lat' dir='ltr'><strong>spiritu</strong></span> <span class='ocrx_word' id='word_1_509' title='bbox 1098 3250 1347 3335; x_wconf 37' lang='lat' dir='ltr'><strong>:‘frigens</strong></span> <span class='ocrx_word' id='word_1_510' title='bbox 1370 3270 1551 3317; x_wconf 89' lang='lat' dir='ltr'><strong>autem</strong></span> <span class='ocrx_word' id='word_1_511' title='bbox 1579 3270 1635 3317; x_wconf 88' lang='lat' dir='ltr'><strong>et</strong></span> <span class='ocrx_word' id='word_1_512' title='bbox 1655 3262 1895 3337; x_wconf 78' lang='lat' dir='ltr'><strong>glacialis</strong></span> <span class='ocrx_word' id='word_1_513' title='bbox 1934 3271 1989 3318; x_wconf 91' lang='lat' dir='ltr'><strong>et</strong></span> <span class='ocrx_word' id='word_1_514' title='bbox 2023 3260 2117 3336; x_wconf 54' lang='lat' dir='ltr'><strong>geé</strong></span> <span class='ocrx_word' id='word_1_515' title='bbox 2223 3259 2496 3339; x_wconf 65' lang='lat' dir='ltr'><strong>similiter,</strong></span> <span class='ocrx_word' id='word_1_516' title='bbox 2532 3279 2551 3325; x_wconf 63' lang='grc' dir='ltr'><strong>ι</strong></span> <span class='ocrx_word' id='word_1_517' title='bbox 2582 3261 2688 3339; x_wconf 71' lang='lat' dir='ltr'><strong>hoc</strong></span> <span class='ocrx_word' id='word_1_518' title='bbox 2713 3268 2816 3325; x_wconf 75' lang='lat' dir='ltr'><strong>est.</strong></span> <span class='ocrx_word' id='word_1_519' title='bbox 2844 3258 2919 3315; x_wconf 76' lang='lat' dir='ltr'><strong>ita</strong></span> <span class='ocrx_word' id='word_1_520' title='bbox 2949 3269 3011 3315; x_wconf 81' lang='grc' dir='ltr'><strong>ιιι</strong></span> <span class='ocrx_word' id='word_1_521' title='bbox 3038 3261 3148 3319; x_wconf 73' lang='lat' dir='ltr'><strong>Viri</strong></span> <span class='ocrx_word' id='word_1_522' title='bbox 3167 3276 3347 3337; x_wconf 51' lang='lat' dir='ltr'><strong>senes,</strong></span> <span class='ocrx_word' id='word_1_523' title='bbox 3373 3260 3427 3323; x_wconf 79' lang='lat' dir='ltr'><strong>in</strong></span> <span class='ocrx_word' id='word_1_524' title='bbox 3448 3255 3726 3327; x_wconf 56' lang='lat' dir='ltr'><strong>omnibus»</strong></span> 
     </span>
    </p>
   </div>
   <div class='ocr_carea' id='block_1_34' title="bbox 528 3334 3727 3429">
    <p class='ocr_par' dir='ltr' id='par_1_34' title="bbox 528 3334 3727 3429">
     <span class='ocr_line' id='line_1_34' title="bbox 528 3334 3727 3429; baseline -0.003 -23"><span class='ocrx_word' id='word_1_525' title='bbox 528 3350 635 3407; x_wconf 79' lang='lat' dir='ltr'><strong>lida</strong></span> <span class='ocrx_word' id='word_1_526' title='bbox 659 3353 712 3406; x_wconf 93' lang='lat' dir='ltr'><strong>in</strong></span> <span class='ocrx_word' id='word_1_527' title='bbox 744 3334 833 3407; x_wconf 83' lang='lat' dir='ltr'><strong>bis</strong></span> <span class='ocrx_word' id='word_1_528' title='bbox 856 3334 946 3423; x_wconf 82' lang='lat' dir='ltr'><strong>qui</strong></span> <span class='ocrx_word' id='word_1_529' title='bbox 978 3351 1140 3406; x_wconf 85' lang='lat' dir='ltr'><strong>ﬂatus</strong></span> <span class='ocrx_word' id='word_1_530' title='bbox 1160 3334 1429 3420; x_wconf 88' lang='lat' dir='ltr'><strong>aquilonis</strong></span> <span class='ocrx_word' id='word_1_531' title='bbox 1455 3334 1777 3410; x_wconf 87' lang='lat' dir='ltr'><strong>durissimos</strong></span> <span class='ocrx_word' id='word_1_532' title='bbox 1806 3334 2116 3425; x_wconf 80' lang='lat' dir='ltr'><strong>suscepere.</strong></span> <span class='ocrx_word' id='word_1_533' title='bbox 2223 3334 2377 3419; x_wconf 81' lang='lat' dir='ltr'><strong>briae,</strong></span> <span class='ocrx_word' id='word_1_534' title='bbox 2412 3334 2675 3429; x_wconf 46' lang='lat' dir='ltr'><strong>honestae,</strong></span> <span class='ocrx_word' id='word_1_535' title='bbox 2708 3352 2934 3425; x_wconf 64' lang='lat' dir='ltr'><strong>pudicae,</strong></span> <span class='ocrx_word' id='word_1_536' title='bbox 2963 3368 3115 3429; x_wconf 70' lang='lat' dir='ltr'><strong>sana:</strong></span> <span class='ocrx_word' id='word_1_537' title='bbox 3156 3334 3213 3409; x_wconf 84' lang='lat' dir='ltr'><strong>in</strong></span> <span class='ocrx_word' id='word_1_538' title='bbox 3243 3352 3346 3429; x_wconf 74' lang='lat' dir='ltr'><strong>ﬁde</strong></span> <span class='ocrx_word' id='word_1_539' title='bbox 3373 3360 3426 3407; x_wconf 88' lang='lat' dir='ltr'><strong>et</strong></span> <span class='ocrx_word' id='word_1_540' title='bbox 3457 3348 3670 3406; x_wconf 83' lang='lat' dir='ltr'><strong>charitate</strong></span> <span class='ocrx_word' id='word_1_541' title='bbox 3689 3348 3727 3396; x_wconf 81' lang='lat' dir='ltr'><strong>et</strong></span> 
     </span>
    </p>
   </div>
   <div class='ocr_carea' id='block_1_35' title="bbox 536 3424 3725 3516">
    <p class='ocr_par' dir='ltr' id='par_1_35' title="bbox 536 3424 3725 3516">
     <span class='ocr_line' id='line_1_35' title="bbox 536 3424 3725 3516; baseline -0.001 -21"><span class='ocrx_word' id='word_1_542' title='bbox 536 3462 559 3495; x_wconf 76' lang='grc' dir='ltr'><strong>ι</strong></span> <span class='ocrx_word' id='word_1_543' title='bbox 585 3443 669 3498; x_wconf 79' lang='lat' dir='ltr'><strong>Ab</strong></span> <span class='ocrx_word' id='word_1_544' title='bbox 702 3442 953 3513; x_wconf 78' lang='lat' dir='ltr'><strong>aquilone</strong></span> <span class='ocrx_word' id='word_1_545' title='bbox 987 3442 1132 3497; x_wconf 88' lang='lat' dir='ltr'><strong>enim</strong></span> <span class='ocrx_word' id='word_1_546' title='bbox 1159 3444 1514 3499; x_wconf 78' lang='lat' dir='ltr'><strong>exardescent</strong></span> <span class='ocrx_word' id='word_1_547' title='bbox 1549 3444 1687 3499; x_wconf 87' lang='lat' dir='ltr'><strong>mala</strong></span> <span class='ocrx_word' id='word_1_548' title='bbox 1724 3460 1886 3516; x_wconf 90' lang='lat' dir='ltr'><strong>super</strong></span> <span class='ocrx_word' id='word_1_549' title='bbox 1929 3424 2122 3503; x_wconf 79' lang='lat' dir='ltr'><strong>omnes</strong></span> <span class='ocrx_word' id='word_1_550' title='bbox 2223 3444 2523 3516; x_wconf 86' lang='lat' dir='ltr'><strong>patientia;</strong></span> <span class='ocrx_word' id='word_1_551' title='bbox 2555 3424 2611 3498; x_wconf 79' lang='lat' dir='ltr'><strong>et</strong></span> <span class='ocrx_word' id='word_1_552' title='bbox 2630 3458 2730 3512; x_wconf 89' lang='lat' dir='ltr'><strong>pro</strong></span> <span class='ocrx_word' id='word_1_553' title='bbox 2757 3457 2888 3499; x_wconf 75' lang='lat' dir='ltr'><strong>sexu</strong></span> <span class='ocrx_word' id='word_1_554' title='bbox 2915 3424 3013 3499; x_wconf 91' lang='lat' dir='ltr'><strong>suo</strong></span> <span class='ocrx_word' id='word_1_555' title='bbox 3042 3445 3151 3500; x_wconf 88' lang='lat' dir='ltr'><strong>boc</strong></span> <span class='ocrx_word' id='word_1_556' title='bbox 3179 3424 3725 3515; x_wconf 55' lang='lat' dir='ltr'><strong>habeautproprium.“</strong></span> 
     </span>
    </p>
   </div>
   <div class='ocr_carea' id='block_1_36' title="bbox 532 3524 3725 3610">
    <p class='ocr_par' dir='ltr' id='par_1_36' title="bbox 532 3524 3725 3610">
     <span class='ocr_line' id='line_1_36' title="bbox 532 3524 3725 3610; baseline -0.002 -22"><span class='ocrx_word' id='word_1_557' title='bbox 532 3533 896 3590; x_wconf 88' lang='lat' dir='ltr'><strong>inhabitantes</strong></span> <span class='ocrx_word' id='word_1_558' title='bbox 926 3544 1129 3589; x_wconf 89' lang='lat' dir='ltr'><strong>terram</strong></span> <span class='ocrx_word' id='word_1_559' title='bbox 1178 3530 1314 3607; x_wconf 60' lang='grc' dir='ltr'><strong>(λεν.</strong></span> <span class='ocrx_word' id='word_1_560' title='bbox 1345 3535 1408 3605; x_wconf 89' lang='grc' dir='ltr'><strong>ι).</strong></span> <span class='ocrx_word' id='word_1_561' title='bbox 1446 3555 1466 3588; x_wconf 73' lang='grc' dir='ltr'><strong>ι</strong></span> <span class='ocrx_word' id='word_1_562' title='bbox 1514 3536 1593 3592; x_wconf 91' lang='lat' dir='ltr'><strong>De</strong></span> <span class='ocrx_word' id='word_1_563' title='bbox 1619 3537 1722 3592; x_wconf 90' lang='lat' dir='ltr'><strong>boc</strong></span> <span class='ocrx_word' id='word_1_564' title='bbox 1762 3536 1963 3610; x_wconf 79' lang='lat' dir='ltr'><strong>frigore</strong></span> <span class='ocrx_word' id='word_1_565' title='bbox 1992 3540 2122 3595; x_wconf 89' lang='lat' dir='ltr'><strong>cha—</strong></span> <span class='ocrx_word' id='word_1_566' title='bbox 2222 3535 2331 3593; x_wconf 91' lang='lat' dir='ltr'><strong>sint</strong></span> <span class='ocrx_word' id='word_1_567' title='bbox 2362 3534 2415 3589; x_wconf 93' lang='lat' dir='ltr'><strong>in</strong></span> <span class='ocrx_word' id='word_1_568' title='bbox 2442 3534 2629 3590; x_wconf 90' lang='lat' dir='ltr'><strong>habitu</strong></span> <span class='ocrx_word' id='word_1_569' title='bbox 2656 3542 2864 3600; x_wconf 90' lang='lat' dir='ltr'><strong>sancto,</strong></span> <span class='ocrx_word' id='word_1_570' title='bbox 2891 3535 3005 3607; x_wconf 76' lang='lat' dir='ltr'><strong>sive</strong></span> <span class='ocrx_word' id='word_1_571' title='bbox 3031 3544 3092 3591; x_wconf 87' lang='lat' dir='ltr'><strong>ut</strong></span> <span class='ocrx_word' id='word_1_572' title='bbox 3115 3534 3309 3597; x_wconf 86' lang='lat' dir='ltr'><strong>melius</strong></span> <span class='ocrx_word' id='word_1_573' title='bbox 3329 3533 3508 3606; x_wconf 87' lang='lat' dir='ltr'><strong>legitur</strong></span> <span class='ocrx_word' id='word_1_574' title='bbox 3525 3528 3573 3585; x_wconf 88' lang='lat' dir='ltr'><strong>in</strong></span> <span class='ocrx_word' id='word_1_575' title='bbox 3592 3524 3725 3581; x_wconf 62' lang='grc' dir='ltr'><strong>(ἴττω</strong></span> 
     </span>
    </p>
   </div>
   <div class='ocr_carea' id='block_1_37' title="bbox 532 3615 2108 3705">
    <p class='ocr_par' dir='ltr' id='par_1_37' title="bbox 532 3626 2108 3705">
     <span class='ocr_line' id='line_1_37' title="bbox 532 3626 2108 3705; baseline 0.002 -23"><span class='ocrx_word' id='word_1_576' title='bbox 532 3626 709 3687; x_wconf 62' lang='grc' dir='ltr'><strong>τίω.</strong></span> <span class='ocrx_word' id='word_1_577' title='bbox 730 3635 790 3682; x_wconf 78' lang='lat' dir='ltr'><strong>et</strong></span> <span class='ocrx_word' id='word_1_578' title='bbox 826 3626 1060 3697; x_wconf 62' lang='lat' dir='ltr'><strong>Amnon</strong></span> <span class='ocrx_word' id='word_1_579' title='bbox 1092 3628 1147 3683; x_wconf 85' lang='lat' dir='ltr'><strong>in</strong></span> <span class='ocrx_word' id='word_1_580' title='bbox 1172 3642 1361 3685; x_wconf 79' lang='lat' dir='ltr'><strong>sorore</strong></span> <span class='ocrx_word' id='word_1_581' title='bbox 1388 3644 1489 3686; x_wconf 82' lang='lat' dir='ltr'><strong>sua</strong></span> <span class='ocrx_word' id='word_1_582' title='bbox 1519 3627 1757 3685; x_wconf 87' lang='lat' dir='ltr'><strong>Thamar</strong></span> <span class='ocrx_word' id='word_1_583' title='bbox 1806 3632 2108 3705; x_wconf 84' lang='lat' dir='ltr'><strong>obriguerat</strong></span> 
     </span>
    </p>
   </div>
   <div class='ocr_carea' id='block_1_38' title="bbox 2149 3615 3725 3705">
    <p class='ocr_par' dir='ltr' id='par_1_38' title="bbox 2222 3615 3725 3705">
     <span class='ocr_line' id='line_1_38' title="bbox 2222 3615 3725 3705; baseline -0.009 -21"><span class='ocrx_word' id='word_1_584' title='bbox 2222 3630 2273 3684; x_wconf 76' lang='grc' dir='ltr'><strong><em>ἐν</em></strong></span> <span class='ocrx_word' id='word_1_585' title='bbox 2301 3632 2646 3702; x_wconf 77' lang='grc' dir='ltr'><strong>καταστήματι</strong></span> <span class='ocrx_word' id='word_1_586' title='bbox 2675 3629 3029 3705; x_wconf 73' lang='grc' dir='ltr'><strong>ἱεροπρεπεῖς,</strong></span> <span class='ocrx_word' id='word_1_587' title='bbox 3056 3637 3118 3691; x_wconf 72' lang='grc' dir='ltr'><strong>ιιι</strong></span> <span class='ocrx_word' id='word_1_588' title='bbox 3143 3630 3256 3702; x_wconf 90' lang='lat' dir='ltr'><strong>ipse</strong></span> <span class='ocrx_word' id='word_1_589' title='bbox 3282 3640 3482 3701; x_wconf 87' lang='lat' dir='ltr'><strong>quoque</strong></span> <span class='ocrx_word' id='word_1_590' title='bbox 3510 3632 3657 3679; x_wconf 83' lang='lat' dir='ltr'><strong>earum</strong></span> <span class='ocrx_word' id='word_1_591' title='bbox 3672 3615 3725 3669; x_wconf 81' lang='lat' dir='ltr'><strong>itt-</strong></span> 
     </span>
    </p>
   </div>
   <div class='ocr_carea' id='block_1_39' title="bbox 536 3717 2112 3797">
    <p class='ocr_par' dir='ltr' id='par_1_39' title="bbox 536 3720 2112 3797">
     <span class='ocr_line' id='line_1_39' title="bbox 536 3720 2112 3797; baseline 0.007 -22"><span class='ocrx_word' id='word_1_592' title='bbox 536 3720 618 3795; x_wconf 87' lang='grc'><strong>(11</strong></span> <span class='ocrx_word' id='word_1_593' title='bbox 654 3720 784 3795; x_wconf 80' lang='lat' dir='ltr'><strong>Reg.</strong></span> <span class='ocrx_word' id='word_1_594' title='bbox 828 3725 972 3795; x_wconf 82' lang='lat' dir='ltr'><strong>xm).</strong></span> <span class='ocrx_word' id='word_1_595' title='bbox 1022 3723 1342 3780; x_wconf 90' lang='lat' dir='ltr'><strong>Timendum</strong></span> <span class='ocrx_word' id='word_1_596' title='bbox 1365 3740 1496 3797; x_wconf 87' lang='lat' dir='ltr'><strong>ergo</strong></span> <span class='ocrx_word' id='word_1_597' title='bbox 1533 3740 1601 3780; x_wconf 92' lang='lat' dir='ltr'><strong>ne</strong></span> <span class='ocrx_word' id='word_1_598' title='bbox 1626 3725 1763 3782; x_wconf 88' lang='lat' dir='ltr'><strong>forte</strong></span> <span class='ocrx_word' id='word_1_599' title='bbox 1790 3737 1846 3782; x_wconf 91' lang='lat' dir='ltr'><strong>et</strong></span> <span class='ocrx_word' id='word_1_600' title='bbox 1889 3743 1989 3785; x_wconf 91' lang='lat' dir='ltr'><strong>nos</strong></span> <span class='ocrx_word' id='word_1_601' title='bbox 2020 3730 2112 3786; x_wconf 70' lang='lat' dir='ltr'><strong>hac</strong></span> 
     </span>
    </p>
   </div>
   <div class='ocr_carea' id='block_1_40' title="bbox 2149 3717 3725 3797">
    <p class='ocr_par' dir='ltr' id='par_1_40' title="bbox 2224 3717 3725 3797">
     <span class='ocr_line' id='line_1_40' title="bbox 2224 3717 3725 3797; baseline -0.005 -21"><span class='ocrx_word' id='word_1_602' title='bbox 2224 3720 2433 3785; x_wconf 81' lang='lat' dir='ltr'><strong>cessus,</strong></span> <span class='ocrx_word' id='word_1_603' title='bbox 2484 3729 2541 3776; x_wconf 90' lang='lat' dir='ltr'><strong>et</strong></span> <span class='ocrx_word' id='word_1_604' title='bbox 2572 3730 2773 3786; x_wconf 88' lang='lat' dir='ltr'><strong>motus,</strong></span> <span class='ocrx_word' id='word_1_605' title='bbox 2818 3720 3023 3786; x_wconf 88' lang='lat' dir='ltr'><strong>vultus,</strong></span> <span class='ocrx_word' id='word_1_606' title='bbox 3069 3736 3274 3787; x_wconf 89' lang='lat' dir='ltr'><strong>sermo,</strong></span> <span class='ocrx_word' id='word_1_607' title='bbox 3305 3717 3725 3797; x_wconf 65' lang='lat' dir='ltr'><strong>silentium,quant-</strong></span> 
     </span>
    </p>
   </div>
   <div class='ocr_carea' id='block_1_41' title="bbox 542 3796 3725 3888">
    <p class='ocr_par' dir='ltr' id='par_1_41' title="bbox 542 3796 3725 3888">
     <span class='ocr_line' id='line_1_41' title="bbox 542 3796 3725 3888; baseline 0 -18"><span class='ocrx_word' id='word_1_608' title='bbox 542 3813 861 3870; x_wconf 82' lang='lat' dir='ltr'><strong>inﬁrmitate</strong></span> <span class='ocrx_word' id='word_1_609' title='bbox 921 3815 1203 3873; x_wconf 88' lang='lat' dir='ltr'><strong>cbaritatis</strong></span> <span class='ocrx_word' id='word_1_610' title='bbox 1255 3796 1543 3887; x_wconf 82' lang='lat' dir='ltr'><strong>aliquando</strong></span> <span class='ocrx_word' id='word_1_611' title='bbox 1585 3832 1918 3888; x_wconf 82' lang='lat' dir='ltr'><strong>superemur.</strong></span> <span class='ocrx_word' id='word_1_612' title='bbox 1973 3818 2122 3876; x_wconf 87' lang='lat' dir='ltr'><strong>Non—</strong></span> <span class='ocrx_word' id='word_1_613' title='bbox 2229 3814 2353 3870; x_wconf 89' lang='lat' dir='ltr'><strong>dam</strong></span> <span class='ocrx_word' id='word_1_614' title='bbox 2406 3804 2548 3870; x_wconf 86' lang='lat' dir='ltr'><strong>sacri</strong></span> <span class='ocrx_word' id='word_1_615' title='bbox 2594 3813 2809 3869; x_wconf 90' lang='lat' dir='ltr'><strong>decoris</strong></span> <span class='ocrx_word' id='word_1_616' title='bbox 2859 3811 3155 3884; x_wconf 70' lang='lat' dir='ltr'><strong>prmlerant</strong></span> <span class='ocrx_word' id='word_1_617' title='bbox 3203 3811 3517 3887; x_wconf 70' lang='lat' dir='ltr'><strong>dignitatem.</strong></span> <span class='ocrx_word' id='word_1_618' title='bbox 3561 3796 3725 3871; x_wconf 67' lang='grc' dir='ltr'><strong>Ειίιυίι</strong></span> 
     </span>
    </p>
   </div>
   <div class='ocr_carea' id='block_1_42' title="bbox 536 3892 3723 3985">
    <p class='ocr_par' dir='ltr' id='par_1_42' title="bbox 536 3892 3723 3985">
     <span class='ocr_line' id='line_1_42' title="bbox 536 3892 3723 3985; baseline 0.001 -24"><span class='ocrx_word' id='word_1_619' title='bbox 536 3918 810 3978; x_wconf 78' lang='lat' dir='ltr'><strong>nunquam</strong></span> <span class='ocrx_word' id='word_1_620' title='bbox 836 3904 983 3962; x_wconf 86' lang='lat' dir='ltr'><strong>enim</strong></span> <span class='ocrx_word' id='word_1_621' title='bbox 1015 3907 1214 3974; x_wconf 87' lang='lat' dir='ltr'><strong>evenit,</strong></span> <span class='ocrx_word' id='word_1_622' title='bbox 1268 3919 1327 3963; x_wconf 94' lang='lat' dir='ltr'><strong>ut</strong></span> <span class='ocrx_word' id='word_1_623' title='bbox 1353 3911 1586 3980; x_wconf 91' lang='lat' dir='ltr'><strong>primum</strong></span> <span class='ocrx_word' id='word_1_624' title='bbox 1619 3924 1649 3962; x_wconf 91' lang='lat' dir='ltr'><strong>a</strong></span> <span class='ocrx_word' id='word_1_625' title='bbox 1695 3910 1852 3965; x_wconf 91' lang='lat' dir='ltr'><strong>nobis</strong></span> <span class='ocrx_word' id='word_1_626' title='bbox 1879 3911 1932 3964; x_wconf 91' lang='lat' dir='ltr'><strong>in</strong></span> <span class='ocrx_word' id='word_1_627' title='bbox 1960 3910 2125 3983; x_wconf 86' lang='lat' dir='ltr'><strong>virgi-</strong></span> <span class='ocrx_word' id='word_1_628' title='bbox 2223 3904 2329 3961; x_wconf 85' lang='lat' dir='ltr'><strong>hoc</strong></span> <span class='ocrx_word' id='word_1_629' title='bbox 2366 3921 2532 3979; x_wconf 83' lang='lat' dir='ltr'><strong>genus</strong></span> <span class='ocrx_word' id='word_1_630' title='bbox 2568 3904 3007 3961; x_wconf 87' lang='lat' dir='ltr'><strong>muliercularum</strong></span> <span class='ocrx_word' id='word_1_631' title='bbox 3034 3905 3176 3963; x_wconf 86' lang='lat' dir='ltr'><strong>solet</strong></span> <span class='ocrx_word' id='word_1_632' title='bbox 3196 3920 3314 3961; x_wconf 86' lang='lat' dir='ltr'><strong>esse</strong></span> <span class='ocrx_word' id='word_1_633' title='bbox 3336 3892 3723 3985; x_wconf 58' lang='lat' dir='ltr'><strong>garrulumJ&#39;ma</strong></span> 
     </span>
    </p>
   </div>
   <div class='ocr_carea' id='block_1_43' title="bbox 536 3984 3723 4069">
    <p class='ocr_par' dir='ltr' id='par_1_43' title="bbox 536 3984 3723 4069">
     <span class='ocr_line' id='line_1_43' title="bbox 536 3984 3723 4069; baseline -0.002 -17"><span class='ocrx_word' id='word_1_634' title='bbox 536 4010 679 4063; x_wconf 86' lang='lat' dir='ltr'><strong>nem,</strong></span> <span class='ocrx_word' id='word_1_635' title='bbox 712 3998 827 4054; x_wconf 88' lang='lat' dir='ltr'><strong>sive</strong></span> <span class='ocrx_word' id='word_1_636' title='bbox 850 3999 906 4053; x_wconf 92' lang='lat' dir='ltr'><strong>in</strong></span> <span class='ocrx_word' id='word_1_637' title='bbox 940 4000 1236 4068; x_wconf 89' lang='lat' dir='ltr'><strong>quamlibet</strong></span> <span class='ocrx_word' id='word_1_638' title='bbox 1272 4001 1528 4056; x_wconf 87' lang='lat' dir='ltr'><strong>feminam</strong></span> <span class='ocrx_word' id='word_1_639' title='bbox 1559 4000 1631 4055; x_wconf 91' lang='lat' dir='ltr'><strong>sit</strong></span> <span class='ocrx_word' id='word_1_640' title='bbox 1652 4010 1837 4056; x_wconf 88' lang='lat' dir='ltr'><strong>sancta</strong></span> <span class='ocrx_word' id='word_1_641' title='bbox 1868 4000 2119 4058; x_wconf 88' lang='lat' dir='ltr'><strong>dilectio:</strong></span> <span class='ocrx_word' id='word_1_642' title='bbox 2225 3996 2352 4053; x_wconf 88' lang='lat' dir='ltr'><strong>illud</strong></span> <span class='ocrx_word' id='word_1_643' title='bbox 2387 3996 2438 4068; x_wconf 88' lang='grc'><strong>(1</strong></span> <span class='ocrx_word' id='word_1_644' title='bbox 2469 3996 2603 4052; x_wconf 83' lang='lat' dir='ltr'><strong>Tim.</strong></span> <span class='ocrx_word' id='word_1_645' title='bbox 2649 4000 2741 4069; x_wconf 91' lang='lat' dir='ltr'><strong>v):</strong></span> <span class='ocrx_word' id='word_1_646' title='bbox 2784 4017 2804 4055; x_wconf 78' lang='grc' dir='ltr'><strong>ι</strong></span> <span class='ocrx_word' id='word_1_647' title='bbox 2843 3998 3014 4055; x_wconf 89' lang='lat' dir='ltr'><strong>Simul</strong></span> <span class='ocrx_word' id='word_1_648' title='bbox 3045 4012 3227 4059; x_wconf 88' lang='lat' dir='ltr'><strong>autem</strong></span> <span class='ocrx_word' id='word_1_649' title='bbox 3271 4006 3328 4054; x_wconf 91' lang='lat' dir='ltr'><strong>et</strong></span> <span class='ocrx_word' id='word_1_650' title='bbox 3351 3984 3536 4055; x_wconf 71' lang='lat' dir='ltr'><strong>otiusm,</strong></span> <span class='ocrx_word' id='word_1_651' title='bbox 3568 3984 3723 4069; x_wconf 56' lang='lat' dir='ltr'><strong>discunl</strong></span> 
     </span>
    </p>
   </div>
   <div class='ocr_carea' id='block_1_44' title="bbox 502 4066 3723 4163">
    <p class='ocr_par' dir='ltr' id='par_1_44' title="bbox 502 4066 3723 4163">
     <span class='ocr_line' id='line_1_44' title="bbox 502 4066 3723 4163; baseline -0.003 -19"><span class='ocrx_word' id='word_1_652' title='bbox 502 4096 739 4145; x_wconf 86' lang='lat' dir='ltr'><strong>-etcum</strong></span> <span class='ocrx_word' id='word_1_653' title='bbox 762 4090 969 4146; x_wconf 84' lang='lat' dir='ltr'><strong>mollita</strong></span> <span class='ocrx_word' id='word_1_654' title='bbox 1008 4106 1162 4147; x_wconf 90' lang='lat' dir='ltr'><strong>mens</strong></span> <span class='ocrx_word' id='word_1_655' title='bbox 1184 4092 1347 4146; x_wconf 90' lang='lat' dir='ltr'><strong>fuerit</strong></span> <span class='ocrx_word' id='word_1_656' title='bbox 1389 4093 1442 4147; x_wconf 92' lang='lat' dir='ltr'><strong>in</strong></span> <span class='ocrx_word' id='word_1_657' title='bbox 1470 4092 1715 4159; x_wconf 66' lang='lat' dir='ltr'><strong>allectus,</strong></span> <span class='ocrx_word' id='word_1_658' title='bbox 1747 4093 2007 4163; x_wconf 85' lang='lat' dir='ltr'><strong>paulatim</strong></span> <span class='ocrx_word' id='word_1_659' title='bbox 2037 4111 2126 4150; x_wconf 89' lang='lat' dir='ltr'><strong>sa-</strong></span> <span class='ocrx_word' id='word_1_660' title='bbox 2225 4088 2511 4144; x_wconf 88' lang='lat' dir='ltr'><strong>circumire</strong></span> <span class='ocrx_word' id='word_1_661' title='bbox 2559 4088 2783 4155; x_wconf 90' lang='lat' dir='ltr'><strong>domos,</strong></span> <span class='ocrx_word' id='word_1_662' title='bbox 2838 4106 2944 4147; x_wconf 90' lang='lat' dir='ltr'><strong>non</strong></span> <span class='ocrx_word' id='word_1_663' title='bbox 2996 4091 3173 4146; x_wconf 90' lang='lat' dir='ltr'><strong>solum</strong></span> <span class='ocrx_word' id='word_1_664' title='bbox 3226 4098 3400 4145; x_wconf 75' lang='lat' dir='ltr'><strong>autem</strong></span> <span class='ocrx_word' id='word_1_665' title='bbox 3456 4081 3612 4137; x_wconf 64' lang='lat' dir='ltr'><strong>otiose</strong></span> <span class='ocrx_word' id='word_1_666' title='bbox 3658 4066 3723 4125; x_wconf 68' lang='lat' dir='ltr'><strong>sed</strong></span> 
     </span>
    </p>
   </div>
   <div class='ocr_carea' id='block_1_45' title="bbox 537 4174 2113 4261">
    <p class='ocr_par' dir='ltr' id='par_1_45' title="bbox 537 4181 2113 4255">
     <span class='ocr_line' id='line_1_45' title="bbox 537 4181 2113 4255; baseline 0.007 -22"><span class='ocrx_word' id='word_1_667' title='bbox 537 4181 681 4235; x_wconf 87' lang='lat' dir='ltr'><strong>nitas</strong></span> <span class='ocrx_word' id='word_1_668' title='bbox 703 4181 989 4237; x_wconf 83' lang='lat' dir='ltr'><strong>cbaritatis</strong></span> <span class='ocrx_word' id='word_1_669' title='bbox 1027 4183 1284 4253; x_wconf 82' lang='lat' dir='ltr'><strong>languore</strong></span> <span class='ocrx_word' id='word_1_670' title='bbox 1332 4185 1607 4255; x_wconf 87' lang='lat' dir='ltr'><strong>pallescat,</strong></span> <span class='ocrx_word' id='word_1_671' title='bbox 1656 4197 1710 4242; x_wconf 92' lang='lat' dir='ltr'><strong>et</strong></span> <span class='ocrx_word' id='word_1_672' title='bbox 1740 4187 2005 4242; x_wconf 87' lang='lat' dir='ltr'><strong>inﬁrmari</strong></span> <span class='ocrx_word' id='word_1_673' title='bbox 2039 4189 2113 4244; x_wconf 88' lang='lat' dir='ltr'><strong>in-</strong></span> 
     </span>
    </p>
   </div>
   <div class='ocr_carea' id='block_1_46' title="bbox 2146 4174 3722 4261">
    <p class='ocr_par' dir='ltr' id='par_1_46' title="bbox 2230 4174 3722 4261">
     <span class='ocr_line' id='line_1_46' title="bbox 2230 4174 3722 4261; baseline -0.003 -26"><span class='ocrx_word' id='word_1_674' title='bbox 2230 4188 2285 4235; x_wconf 89' lang='lat' dir='ltr'><strong>et</strong></span> <span class='ocrx_word' id='word_1_675' title='bbox 2314 4181 2554 4237; x_wconf 67' lang='lat' dir='ltr'><strong>verbosa:</strong></span> <span class='ocrx_word' id='word_1_676' title='bbox 2590 4176 2940 4248; x_wconf 22' lang='lat' dir='ltr'><strong>et‘curiosae,</strong></span> <span class='ocrx_word' id='word_1_677' title='bbox 3000 4181 3280 4253; x_wconf 88' lang='lat' dir='ltr'><strong>loquentes</strong></span> <span class='ocrx_word' id='word_1_678' title='bbox 3324 4191 3438 4250; x_wconf 60' lang='lat' dir='ltr'><strong>quae</strong></span> <span class='ocrx_word' id='word_1_679' title='bbox 3471 4186 3563 4231; x_wconf 85' lang='lat' dir='ltr'><strong>nou</strong></span> 
     </span>
    </p>
   </div>
   <div class='ocr_carea' id='block_1_47' title="bbox 539 4249 2115 4352">
    <p class='ocr_par' dir='ltr' id='par_1_47' title="bbox 539 4273 2115 4352">
     <span class='ocr_line' id='line_1_47' title="bbox 539 4273 2115 4352; baseline 0.007 -24"><span class='ocrx_word' id='word_1_680' title='bbox 539 4273 723 4342; x_wconf 89' lang='lat' dir='ltr'><strong>cipiat,</strong></span> <span class='ocrx_word' id='word_1_681' title='bbox 758 4283 817 4328; x_wconf 91' lang='lat' dir='ltr'><strong>ut</strong></span> <span class='ocrx_word' id='word_1_682' title='bbox 863 4274 932 4329; x_wconf 89' lang='lat' dir='ltr'><strong>ad</strong></span> <span class='ocrx_word' id='word_1_683' title='bbox 980 4283 1279 4352; x_wconf 78' lang='lat' dir='ltr'><strong>extremam</strong></span> <span class='ocrx_word' id='word_1_684' title='bbox 1332 4289 1558 4335; x_wconf 87' lang='lat' dir='ltr'><strong>mortem</strong></span> <span class='ocrx_word' id='word_1_685' title='bbox 1604 4281 1917 4352; x_wconf 85' lang='lat' dir='ltr'><strong>diligentem</strong></span> <span class='ocrx_word' id='word_1_686' title='bbox 1964 4281 2115 4339; x_wconf 83' lang='lat' dir='ltr'><strong>ferat.</strong></span> 
     </span>
    </p>
   </div>
   <div class='ocr_carea' id='block_1_48' title="bbox 2146 4249 3722 4352">
    <p class='ocr_par' dir='ltr' id='par_1_48' title="bbox 2232 4249 3722 4352">
     <span class='ocr_line' id='line_1_48' title="bbox 2232 4249 3722 4352; baseline -0.015 -12"><span class='ocrx_word' id='word_1_687' title='bbox 2232 4280 2346 4339; x_wconf 75' lang='grc' dir='ltr'><strong>ῑεις</strong></span> <span class='ocrx_word' id='word_1_688' title='bbox 2384 4293 2403 4327; x_wconf 73' lang='grc' dir='ltr'><strong>ι</strong></span> <span class='ocrx_word' id='word_1_689' title='bbox 2436 4281 2726 4347; x_wconf 88' lang='lat' dir='ltr'><strong>pr0pterea</strong></span> <span class='ocrx_word' id='word_1_690' title='bbox 2776 4289 2870 4329; x_wconf 89' lang='lat' dir='ltr'><strong>eas</strong></span> <span class='ocrx_word' id='word_1_691' title='bbox 2906 4273 3021 4330; x_wconf 84' lang='lat' dir='ltr'><strong>vult</strong></span> <span class='ocrx_word' id='word_1_692' title='bbox 3055 4249 3178 4331; x_wconf 81' lang='lat' dir='ltr'><strong>esse</strong></span> <span class='ocrx_word' id='word_1_693' title='bbox 3227 4249 3722 4352; x_wconf 36' lang='lat' dir='ltr'><strong>noninceutricssviid</strong></span> 
     </span>
    </p>
   </div>
   <div class='ocr_carea' id='block_1_49' title="bbox 542 4342 2118 4447">
    <p class='ocr_par' dir='ltr' id='par_1_49' title="bbox 542 4342 2118 4447">
     <span class='ocr_line' id='line_1_49' title="bbox 542 4342 2118 4447; baseline 0.005 -25"><span class='ocrx_word' id='word_1_694' title='bbox 542 4365 695 4422; x_wconf 84' lang='lat' dir='ltr'><strong>Unde</strong></span> <span class='ocrx_word' id='word_1_695' title='bbox 716 4374 771 4421; x_wconf 92' lang='lat' dir='ltr'><strong>et</strong></span> <span class='ocrx_word' id='word_1_696' title='bbox 796 4367 1083 4437; x_wconf 81' lang='lat' dir='ltr'><strong>Apostolus</strong></span> <span class='ocrx_word' id='word_1_697' title='bbox 1103 4346 1275 4426; x_wconf 38' lang='lat' dir='ltr'><strong>caute.</strong></span> <span class='ocrx_word' id='word_1_698' title='bbox 1290 4380 1345 4427; x_wconf 88' lang='lat' dir='ltr'><strong>et</strong></span> <span class='ocrx_word' id='word_1_699' title='bbox 1371 4373 1663 4443; x_wconf 87' lang='lat' dir='ltr'><strong>prudenter</strong></span> <span class='ocrx_word' id='word_1_700' title='bbox 1688 4342 1972 4431; x_wconf 53' lang='lat' dir='ltr'><strong>fimotheo</strong></span> <span class='ocrx_word' id='word_1_701' title='bbox 1994 4391 2118 4447; x_wconf 67' lang='lat' dir='ltr'><strong>prae-</strong></span> 
     </span>
    </p>
   </div>
   <div class='ocr_carea' id='block_1_50' title="bbox 2145 4342 3721 4447">
    <p class='ocr_par' dir='ltr' id='par_1_50' title="bbox 2225 4342 3721 4447">
     <span class='ocr_line' id='line_1_50' title="bbox 2225 4342 3721 4447; baseline -0.002 -28"><span class='ocrx_word' id='word_1_702' title='bbox 2225 4374 2328 4439; x_wconf 87' lang='lat' dir='ltr'><strong>est,</strong></span> <span class='ocrx_word' id='word_1_703' title='bbox 2380 4380 2487 4419; x_wconf 92' lang='lat' dir='ltr'><strong>non</strong></span> <span class='ocrx_word' id='word_1_704' title='bbox 2515 4364 2879 4421; x_wconf 84' lang='lat' dir='ltr'><strong>accusatrices</strong></span> <span class='ocrx_word' id='word_1_705' title='bbox 2900 4406 2917 4431; x_wconf 91' lang='lat'><strong>,</strong></span> <span class='ocrx_word' id='word_1_706' title='bbox 2954 4381 3059 4420; x_wconf 92' lang='lat' dir='ltr'><strong>non</strong></span> <span class='ocrx_word' id='word_1_707' title='bbox 3107 4367 3242 4423; x_wconf 88' lang='lat' dir='ltr'><strong>tales</strong></span> <span class='ocrx_word' id='word_1_708' title='bbox 3269 4342 3504 4441; x_wconf 27' lang='lat' dir='ltr'><strong>quaeaut</strong></span> <span class='ocrx_word' id='word_1_709' title='bbox 3526 4350 3625 4411; x_wconf 84' lang='lat' dir='ltr'><strong>aliis</strong></span> <span class='ocrx_word' id='word_1_710' title='bbox 3644 4342 3721 4447; x_wconf 44' lang='lat' dir='ltr'><strong>Pl“</strong></span> 
     </span>
    </p>
   </div>
   <div class='ocr_carea' id='block_1_51' title="bbox 542 4440 3720 4565">
    <p class='ocr_par' dir='ltr' id='par_1_51' title="bbox 542 4440 3720 4565">
     <span class='ocr_line' id='line_1_51' title="bbox 542 4440 3720 4565; baseline -0.002 -54"><span class='ocrx_word' id='word_1_711' title='bbox 542 4456 690 4565; x_wconf 53' lang='lat' dir='ltr'><strong>cipit,</strong></span> <span class='ocrx_word' id='word_1_712' title='bbox 715 4467 774 4512; x_wconf 92' lang='lat' dir='ltr'><strong>ut</strong></span> <span class='ocrx_word' id='word_1_713' title='bbox 793 4460 1109 4515; x_wconf 83' lang='lat' dir='ltr'><strong>exbortetur</strong></span> <span class='ocrx_word' id='word_1_714' title='bbox 1133 4440 1563 4519; x_wconf 73' lang='lat' dir='ltr'><strong>adolescentulus</strong></span> <span class='ocrx_word' id='word_1_715' title='bbox 1592 4464 1646 4518; x_wconf 89' lang='lat' dir='ltr'><strong>in</strong></span> <span class='ocrx_word' id='word_1_716' title='bbox 1677 4466 1823 4519; x_wconf 89' lang='lat' dir='ltr'><strong>omni</strong></span> <span class='ocrx_word' id='word_1_717' title='bbox 1854 4440 2120 4523; x_wconf 70' lang='lat' dir='ltr'><strong>castitate.</strong></span> <span class='ocrx_word' id='word_1_718' title='bbox 2154 4504 2203 4565; x_wconf 67' lang='grc' dir='ltr'><strong>Β</strong></span> <span class='ocrx_word' id='word_1_719' title='bbox 2228 4465 2409 4524; x_wconf 69' lang='grc' dir='ltr'><strong>εθίιηιι</strong></span> <span class='ocrx_word' id='word_1_720' title='bbox 2442 4458 2508 4513; x_wconf 82' lang='lat' dir='ltr'><strong>de</strong></span> <span class='ocrx_word' id='word_1_721' title='bbox 2542 4456 2663 4513; x_wconf 77' lang='lat' dir='ltr'><strong>aliis</strong></span> <span class='ocrx_word' id='word_1_722' title='bbox 2695 4444 3011 4517; x_wconf 55' lang='lat' dir='ltr'><strong>detrahant.</strong></span> <span class='ocrx_word' id='word_1_723' title='bbox 3033 4461 3140 4519; x_wconf 87' lang='lat' dir='ltr'><strong>Aut</strong></span> <span class='ocrx_word' id='word_1_724' title='bbox 3174 4469 3322 4518; x_wconf 90' lang='lat' dir='ltr'><strong>certe</strong></span> <span class='ocrx_word' id='word_1_725' title='bbox 3360 4452 3609 4565; x_wconf 48' lang='lat' dir='ltr'><strong>quia&#39;ipsa‘:</strong></span> 
     </span>
    </p>
   </div>
   <div class='ocr_carea' id='block_1_52' title="bbox 541 4530 3722 4631">
    <p class='ocr_par' dir='ltr' id='par_1_52' title="bbox 541 4530 3722 4631">
     <span class='ocr_line' id='line_1_52' title="bbox 541 4530 3722 4631; baseline 0.006 -27"><span class='ocrx_word' id='word_1_726' title='bbox 541 4546 728 4604; x_wconf 88' lang='lat' dir='ltr'><strong>Omnis</strong></span> <span class='ocrx_word' id='word_1_727' title='bbox 763 4561 939 4605; x_wconf 88' lang='lat' dir='ltr'><strong>autem</strong></span> <span class='ocrx_word' id='word_1_728' title='bbox 964 4553 1183 4607; x_wconf 86' lang='lat' dir='ltr'><strong>castitas</strong></span> <span class='ocrx_word' id='word_1_729' title='bbox 1213 4554 1264 4608; x_wconf 90' lang='lat' dir='ltr'><strong>in</strong></span> <span class='ocrx_word' id='word_1_730' title='bbox 1291 4570 1471 4619; x_wconf 88' lang='lat' dir='ltr'><strong>carne,</strong></span> <span class='ocrx_word' id='word_1_731' title='bbox 1506 4562 1561 4610; x_wconf 90' lang='lat' dir='ltr'><strong>et</strong></span> <span class='ocrx_word' id='word_1_732' title='bbox 1591 4556 1809 4625; x_wconf 90' lang='lat' dir='ltr'><strong>spiritu,</strong></span> <span class='ocrx_word' id='word_1_733' title='bbox 1845 4566 1901 4612; x_wconf 90' lang='lat' dir='ltr'><strong>et</strong></span> <span class='ocrx_word' id='word_1_734' title='bbox 1946 4559 2124 4614; x_wconf 89' lang='lat' dir='ltr'><strong>anima</strong></span> <span class='ocrx_word' id='word_1_735' title='bbox 2157 4530 2203 4565; x_wconf 77' lang='grc' dir='ltr'><em>υ</em></span> <span class='ocrx_word' id='word_1_736' title='bbox 2228 4551 2465 4605; x_wconf 75' lang='grc' dir='ltr'><strong>ιθδεθιιιὶ.</strong></span> <span class='ocrx_word' id='word_1_737' title='bbox 2490 4567 2542 4607; x_wconf 87' lang='grc' dir='ltr'><strong>ιιι</strong></span> <span class='ocrx_word' id='word_1_738' title='bbox 2573 4552 2687 4623; x_wconf 82' lang='lat' dir='ltr'><strong>jam</strong></span> <span class='ocrx_word' id='word_1_739' title='bbox 2716 4563 3070 4631; x_wconf 68' lang='lat' dir='ltr'><strong>transgressa:</strong></span> <span class='ocrx_word' id='word_1_740' title='bbox 3100 4564 3245 4622; x_wconf 62' lang='lat' dir='ltr'><strong>sunt,</strong></span> <span class='ocrx_word' id='word_1_741' title='bbox 3290 4554 3355 4610; x_wconf 70' lang='lat' dir='ltr'><strong>de</strong></span> <span class='ocrx_word' id='word_1_742' title='bbox 3378 4530 3722 4611; x_wconf 47' lang='grc' dir='ltr'><strong>έδ⁰¹θ⁵ω¹¹ω¹²</strong></span> 
     </span>
    </p>
   </div>
   <div class='ocr_carea' id='block_1_53' title="bbox 541 4638 3720 4723">
    <p class='ocr_par' dir='ltr' id='par_1_53' title="bbox 541 4638 3720 4723">
     <span class='ocr_line' id='line_1_53' title="bbox 541 4638 3720 4723; baseline -0 -29"><span class='ocrx_word' id='word_1_743' title='bbox 541 4650 649 4723; x_wconf 82' lang='lat' dir='ltr'><strong>est;</strong></span> <span class='ocrx_word' id='word_1_744' title='bbox 666 4640 1359 4711; x_wconf 73' lang='lat' dir='ltr'><strong>nescandalizeturoculus;</strong></span> <span class='ocrx_word' id='word_1_745' title='bbox 1380 4659 1447 4700; x_wconf 90' lang='lat' dir='ltr'><strong>ne</strong></span> <span class='ocrx_word' id='word_1_746' title='bbox 1463 4646 1515 4699; x_wconf 88' lang='lat' dir='ltr'><strong>in</strong></span> <span class='ocrx_word' id='word_1_747' title='bbox 1535 4646 1934 4716; x_wconf 88' lang='lat' dir='ltr'><strong>pulchritudine</strong></span> <span class='ocrx_word' id='word_1_748' title='bbox 1948 4649 2125 4706; x_wconf 89' lang='lat' dir='ltr'><strong>vultus</strong></span> <span class='ocrx_word' id='word_1_749' title='bbox 2227 4661 2351 4700; x_wconf 83' lang='lat' dir='ltr'><strong>rum</strong></span> <span class='ocrx_word' id='word_1_750' title='bbox 2374 4645 2626 4701; x_wconf 67' lang='lat' dir='ltr'><strong>rrtatibus</strong></span> <span class='ocrx_word' id='word_1_751' title='bbox 2649 4647 2947 4719; x_wconf 86' lang='lat' dir='ltr'><strong>disputent,</strong></span> <span class='ocrx_word' id='word_1_752' title='bbox 2999 4657 3055 4705; x_wconf 87' lang='lat' dir='ltr'><strong>et</strong></span> <span class='ocrx_word' id='word_1_753' title='bbox 3079 4648 3259 4707; x_wconf 84' lang='lat' dir='ltr'><strong>dicant</strong></span> <span class='ocrx_word' id='word_1_754' title='bbox 3284 4664 3298 4702; x_wconf 90' lang='lat'><strong>:</strong></span> <span class='ocrx_word' id='word_1_755' title='bbox 3322 4645 3409 4702; x_wconf 85' lang='lat' dir='ltr'><strong>Illa</strong></span> <span class='ocrx_word' id='word_1_756' title='bbox 3442 4641 3514 4696; x_wconf 87' lang='lat' dir='ltr'><strong>sic</strong></span> <span class='ocrx_word' id='word_1_757' title='bbox 3537 4638 3720 4709; x_wconf 66' lang='grc' dir='ltr'><strong>οιιιθωῖι</strong></span> 
     </span>
    </p>
   </div>
   <div class='ocr_carea' id='block_1_54' title="bbox 546 4728 3721 4810">
    <p class='ocr_par' dir='ltr' id='par_1_54' title="bbox 546 4728 3721 4810">
     <span class='ocr_line' id='line_1_54' title="bbox 546 4728 3721 4810; baseline -0.002 -23"><span class='ocrx_word' id='word_1_758' title='bbox 546 4728 760 4787; x_wconf 62' lang='lat' dir='ltr'><strong>ﬂamina:</strong></span> <span class='ocrx_word' id='word_1_759' title='bbox 783 4731 1047 4790; x_wconf 70' lang='lat' dir='ltr'><strong>haerentes</strong></span> <span class='ocrx_word' id='word_1_760' title='bbox 1068 4737 1427 4806; x_wconf 90' lang='lat' dir='ltr'><strong>peudeamus;</strong></span> <span class='ocrx_word' id='word_1_761' title='bbox 1446 4752 1513 4793; x_wconf 90' lang='lat' dir='ltr'><strong>ne</strong></span> <span class='ocrx_word' id='word_1_762' title='bbox 1535 4738 1939 4795; x_wconf 83' lang='lat' dir='ltr'><strong>inutilia‘audire</strong></span> <span class='ocrx_word' id='word_1_763' title='bbox 1961 4741 2123 4796; x_wconf 88' lang='lat' dir='ltr'><strong>verba</strong></span> <span class='ocrx_word' id='word_1_764' title='bbox 2228 4736 2319 4792; x_wconf 89' lang='lat' dir='ltr'><strong>illa</strong></span> <span class='ocrx_word' id='word_1_765' title='bbox 2346 4736 2425 4792; x_wconf 90' lang='lat' dir='ltr'><strong>sic</strong></span> <span class='ocrx_word' id='word_1_766' title='bbox 2454 4738 2711 4805; x_wconf 88' lang='lat' dir='ltr'><strong>comitur,</strong></span> <span class='ocrx_word' id='word_1_767' title='bbox 2757 4739 2835 4810; x_wconf 80' lang='lat' dir='ltr'><strong>sic</strong></span> <span class='ocrx_word' id='word_1_768' title='bbox 2864 4739 2951 4793; x_wconf 85' lang='lat' dir='ltr'><strong>illa</strong></span> <span class='ocrx_word' id='word_1_769' title='bbox 2976 4741 3238 4808; x_wconf 87' lang='lat' dir='ltr'><strong>procedit,</strong></span> <span class='ocrx_word' id='word_1_770' title='bbox 3273 4743 3413 4793; x_wconf 84' lang='lat' dir='ltr'><strong>amat</strong></span> <span class='ocrx_word' id='word_1_771' title='bbox 3451 4730 3593 4788; x_wconf 87' lang='lat' dir='ltr'><strong>illum,</strong></span> <span class='ocrx_word' id='word_1_772' title='bbox 3616 4729 3721 4775; x_wconf 68' lang='grc' dir='ltr'><strong>ιω·</strong></span> 
     </span>
    </p>
   </div>
   <div class='ocr_carea' id='block_1_55' title="bbox 544 4822 3719 4909">
    <p class='ocr_par' dir='ltr' id='par_1_55' title="bbox 544 4822 3719 4909">
     <span class='ocr_line' id='line_1_55' title="bbox 544 4822 3719 4909; baseline 0.004 -29"><span class='ocrx_word' id='word_1_773' title='bbox 544 4822 809 4892; x_wconf 89' lang='lat' dir='ltr'><strong>delectet;</strong></span> <span class='ocrx_word' id='word_1_774' title='bbox 841 4841 908 4882; x_wconf 88' lang='lat' dir='ltr'><strong>ne</strong></span> <span class='ocrx_word' id='word_1_775' title='bbox 937 4827 1002 4882; x_wconf 90' lang='lat' dir='ltr'><strong>ad</strong></span> <span class='ocrx_word' id='word_1_776' title='bbox 1026 4828 1305 4884; x_wconf 89' lang='lat' dir='ltr'><strong>simulatos</strong></span> <span class='ocrx_word' id='word_1_777' title='bbox 1327 4844 1607 4885; x_wconf 82' lang='lat' dir='ltr'><strong>sermones</strong></span> <span class='ocrx_word' id='word_1_778' title='bbox 1632 4846 1786 4887; x_wconf 90' lang='lat' dir='ltr'><strong>mens</strong></span> <span class='ocrx_word' id='word_1_779' title='bbox 1816 4833 1965 4904; x_wconf 89' lang='lat' dir='ltr'><strong>prius</strong></span> <span class='ocrx_word' id='word_1_780' title='bbox 1990 4834 2123 4887; x_wconf 88' lang='lat' dir='ltr'><strong>dura</strong></span> <span class='ocrx_word' id='word_1_781' title='bbox 2229 4840 2318 4888; x_wconf 88' lang='lat' dir='ltr'><strong>tur</strong></span> <span class='ocrx_word' id='word_1_782' title='bbox 2346 4834 2415 4889; x_wconf 90' lang='lat' dir='ltr'><strong>ab</strong></span> <span class='ocrx_word' id='word_1_783' title='bbox 2445 4833 2536 4888; x_wconf 91' lang='lat' dir='ltr'><strong>illo</strong></span> <span class='ocrx_word' id='word_1_784' title='bbox 2562 4852 2576 4889; x_wconf 91' lang='lat'><strong>:</strong></span> <span class='ocrx_word' id='word_1_785' title='bbox 2628 4848 2749 4890; x_wconf 91' lang='lat' dir='ltr'><strong>cum</strong></span> <span class='ocrx_word' id='word_1_786' title='bbox 2783 4836 2946 4909; x_wconf 83' lang='lat' dir='ltr'><strong>etiam</strong></span> <span class='ocrx_word' id='word_1_787' title='bbox 2973 4837 3018 4891; x_wconf 91' lang='lat' dir='ltr'><strong>si</strong></span> <span class='ocrx_word' id='word_1_788' title='bbox 3067 4838 3182 4895; x_wconf 65' lang='lat' dir='ltr'><strong>hate</strong></span> <span class='ocrx_word' id='word_1_789' title='bbox 3208 4850 3332 4892; x_wconf 86' lang='lat' dir='ltr'><strong>vera</strong></span> <span class='ocrx_word' id='word_1_790' title='bbox 3358 4832 3477 4892; x_wconf 56' lang='lat' dir='ltr'><strong>sint.</strong></span> <span class='ocrx_word' id='word_1_791' title='bbox 3519 4838 3605 4880; x_wconf 74' lang='lat'><strong>00“</strong></span> <span class='ocrx_word' id='word_1_792' title='bbox 3642 4825 3719 4871; x_wconf 68' lang='grc'><strong>⁸³⁸³</strong></span> 
     </span>
    </p>
   </div>
   <div class='ocr_carea' id='block_1_56' title="bbox 543 4911 3717 4998">
    <p class='ocr_par' dir='ltr' id='par_1_56' title="bbox 543 4911 3717 4998">
     <span class='ocr_line' id='line_1_56' title="bbox 543 4911 3717 4998; baseline 0.001 -28"><span class='ocrx_word' id='word_1_793' title='bbox 543 4925 860 4971; x_wconf 83' lang='lat' dir='ltr'><strong>marcescat.</strong></span> <span class='ocrx_word' id='word_1_794' title='bbox 888 4916 1135 4973; x_wconf 87' lang='lat' dir='ltr'><strong>Caveant</strong></span> <span class='ocrx_word' id='word_1_795' title='bbox 1171 4933 1319 4989; x_wconf 88' lang='lat' dir='ltr'><strong>ergo,</strong></span> <span class='ocrx_word' id='word_1_796' title='bbox 1366 4920 1698 4987; x_wconf 71' lang='lat' dir='ltr'><strong>utdiximus,</strong></span> <span class='ocrx_word' id='word_1_797' title='bbox 1748 4932 1855 4977; x_wconf 90' lang='lat' dir='ltr'><strong>tam</strong></span> <span class='ocrx_word' id='word_1_798' title='bbox 1900 4925 2126 4995; x_wconf 87' lang='lat' dir='ltr'><strong>juvenes</strong></span> <span class='ocrx_word' id='word_1_799' title='bbox 2227 4924 2369 4995; x_wconf 89' lang='lat' dir='ltr'><strong>apud</strong></span> <span class='ocrx_word' id='word_1_800' title='bbox 2399 4933 2623 4981; x_wconf 68' lang='lat' dir='ltr'><strong>caeteros</strong></span> <span class='ocrx_word' id='word_1_801' title='bbox 2645 4926 2875 4983; x_wconf 87' lang='lat' dir='ltr'><strong>debeant</strong></span> <span class='ocrx_word' id='word_1_802' title='bbox 2901 4942 3181 4995; x_wconf 85' lang='lat' dir='ltr'><strong>accusare,</strong></span> <span class='ocrx_word' id='word_1_803' title='bbox 3219 4939 3374 4998; x_wconf 88' lang='lat' dir='ltr'><strong>quam</strong></span> <span class='ocrx_word' id='word_1_804' title='bbox 3394 4924 3544 4993; x_wconf 69' lang='lat' dir='ltr'><strong>ipsum</strong></span> <span class='ocrx_word' id='word_1_805' title='bbox 3563 4911 3717 4998; x_wconf 46' lang='lat' dir='ltr'><strong>seu?“</strong></span> 
     </span>
    </p>
   </div>
   <div class='ocr_carea' id='block_1_57' title="bbox 543 4995 3717 5095">
    <p class='ocr_par' dir='ltr' id='par_1_57' title="bbox 543 4995 3717 5095">
     <span class='ocr_line' id='line_1_57' title="bbox 543 4995 3717 5095; baseline -0.001 -32"><span class='ocrx_word' id='word_1_806' title='bbox 543 5024 705 5081; x_wconf 84' lang='lat' dir='ltr'><strong>quam</strong></span> <span class='ocrx_word' id='word_1_807' title='bbox 749 5024 925 5075; x_wconf 88' lang='lat' dir='ltr'><strong>senes,</strong></span> <span class='ocrx_word' id='word_1_808' title='bbox 975 5020 1085 5064; x_wconf 90' lang='lat' dir='ltr'><strong>tam</strong></span> <span class='ocrx_word' id='word_1_809' title='bbox 1134 5009 1755 5084; x_wconf 57' lang='lat' dir='ltr'><strong>adolescentulauquam</strong></span> <span class='ocrx_word' id='word_1_810' title='bbox 1810 5015 2019 5081; x_wconf 63' lang='lat' dir='ltr'><strong>vetulae,</strong></span> <span class='ocrx_word' id='word_1_811' title='bbox 2068 5025 2125 5071; x_wconf 89' lang='lat' dir='ltr'><strong>et</strong></span> <span class='ocrx_word' id='word_1_812' title='bbox 2229 5010 2724 5073; x_wconf 87' lang='lat' dir='ltr'><strong>Cbristicharitate</strong></span> <span class='ocrx_word' id='word_1_813' title='bbox 2752 5000 3065 5095; x_wconf 85' lang='lat' dir='ltr'><strong>corripere,</strong></span> <span class='ocrx_word' id='word_1_814' title='bbox 3108 5033 3164 5095; x_wconf 79' lang='lat' dir='ltr'><strong>et</strong></span> <span class='ocrx_word' id='word_1_815' title='bbox 3189 4995 3354 5091; x_wconf 77' lang='lat' dir='ltr'><strong>magis</strong></span> <span class='ocrx_word' id='word_1_816' title='bbox 3397 5015 3567 5073; x_wconf 83' lang='lat' dir='ltr'><strong>docere</strong></span> <span class='ocrx_word' id='word_1_817' title='bbox 3587 4995 3717 5095; x_wconf 48' lang='lat' dir='ltr'><strong>uel?</strong></span> 
     </span>
    </p>
   </div>
   <div class='ocr_carea' id='block_1_58' title="bbox 541 5086 3715 5181">
    <p class='ocr_par' dir='ltr' id='par_1_58' title="bbox 541 5086 3715 5181">
     <span class='ocr_line' id='line_1_58' title="bbox 541 5086 3715 5181; baseline -0.004 -22"><span class='ocrx_word' id='word_1_818' title='bbox 541 5104 691 5159; x_wconf 88' lang='lat' dir='ltr'><strong>omni</strong></span> <span class='ocrx_word' id='word_1_819' title='bbox 731 5104 1009 5176; x_wconf 84' lang='lat' dir='ltr'><strong>diligentia</strong></span> <span class='ocrx_word' id='word_1_820' title='bbox 1033 5102 1338 5158; x_wconf 88' lang='lat' dir='ltr'><strong>custodiant</strong></span> <span class='ocrx_word' id='word_1_821' title='bbox 1360 5120 1455 5159; x_wconf 90' lang='lat' dir='ltr'><strong>cor</strong></span> <span class='ocrx_word' id='word_1_822' title='bbox 1497 5120 1676 5173; x_wconf 90' lang='lat' dir='ltr'><strong>suum,</strong></span> <span class='ocrx_word' id='word_1_823' title='bbox 1705 5122 1773 5162; x_wconf 89' lang='lat' dir='ltr'><strong>ne</strong></span> <span class='ocrx_word' id='word_1_824' title='bbox 1800 5123 1899 5179; x_wconf 90' lang='lat' dir='ltr'><strong>per</strong></span> <span class='ocrx_word' id='word_1_825' title='bbox 1922 5110 2124 5164; x_wconf 87' lang='lat' dir='ltr'><strong>sanita-</strong></span> <span class='ocrx_word' id='word_1_826' title='bbox 2229 5106 2359 5174; x_wconf 90' lang='lat' dir='ltr'><strong>ciat,</strong></span> <span class='ocrx_word' id='word_1_827' title='bbox 2391 5124 2554 5179; x_wconf 91' lang='lat' dir='ltr'><strong>quam</strong></span> <span class='ocrx_word' id='word_1_828' title='bbox 2598 5109 2651 5164; x_wconf 91' lang='lat' dir='ltr'><strong>in</strong></span> <span class='ocrx_word' id='word_1_829' title='bbox 2708 5086 2921 5180; x_wconf 77' lang='lat' dir='ltr'><strong>publico</strong></span> <span class='ocrx_word' id='word_1_830' title='bbox 2965 5086 3218 5168; x_wconf 81' lang='lat' dir='ltr'><strong>accusare</strong></span> <span class='ocrx_word' id='word_1_831' title='bbox 3268 5086 3402 5181; x_wconf 71' lang='lat' dir='ltr'><strong>quod</strong></span> <span class='ocrx_word' id='word_1_832' title='bbox 3429 5097 3606 5161; x_wconf 86' lang='lat' dir='ltr'><strong>fecerit.</strong></span> <span class='ocrx_word' id='word_1_833' title='bbox 3644 5086 3715 5181; x_wconf 46' lang='lat' dir='ltr'><strong>So;</strong></span> 
     </span>
    </p>
   </div>
   <div class='ocr_carea' id='block_1_59' title="bbox 542 5179 3714 5281">
    <p class='ocr_par' dir='ltr' id='par_1_59' title="bbox 542 5179 3714 5281">
     <span class='ocr_line' id='line_1_59' title="bbox 542 5179 3714 5281; baseline -0.002 -31"><span class='ocrx_word' id='word_1_834' title='bbox 542 5198 652 5250; x_wconf 88' lang='lat' dir='ltr'><strong>tem</strong></span> <span class='ocrx_word' id='word_1_835' title='bbox 701 5192 1007 5250; x_wconf 82' lang='lat' dir='ltr'><strong>dilectionis</strong></span> <span class='ocrx_word' id='word_1_836' title='bbox 1049 5191 1271 5249; x_wconf 80' lang='lat' dir='ltr'><strong>morbus</strong></span> <span class='ocrx_word' id='word_1_837' title='bbox 1315 5196 1597 5252; x_wconf 85' lang='lat' dir='ltr'><strong>cbaritatis</strong></span> <span class='ocrx_word' id='word_1_838' title='bbox 1646 5197 1899 5265; x_wconf 90' lang='lat' dir='ltr'><strong>introeat,</strong></span> <span class='ocrx_word' id='word_1_839' title='bbox 1942 5207 1998 5255; x_wconf 90' lang='lat' dir='ltr'><strong>et</strong></span> <span class='ocrx_word' id='word_1_840' title='bbox 2027 5216 2124 5271; x_wconf 89' lang='lat' dir='ltr'><strong>per</strong></span> <span class='ocrx_word' id='word_1_841' title='bbox 2227 5198 2339 5253; x_wconf 90' lang='lat' dir='ltr'><strong>lent</strong></span> <span class='ocrx_word' id='word_1_842' title='bbox 2372 5201 2455 5255; x_wconf 83' lang='lat' dir='ltr'><strong>hae</strong></span> <span class='ocrx_word' id='word_1_843' title='bbox 2476 5208 2688 5267; x_wconf 68' lang='lat' dir='ltr'><strong>aetates,</strong></span> <span class='ocrx_word' id='word_1_844' title='bbox 2715 5179 2843 5271; x_wconf 83' lang='lat' dir='ltr'><strong>quia</strong></span> <span class='ocrx_word' id='word_1_845' title='bbox 2883 5204 3125 5281; x_wconf 75' lang='lat' dir='ltr'><strong>corporis</strong></span> <span class='ocrx_word' id='word_1_846' title='bbox 3174 5179 3366 5259; x_wconf 74' lang='lat' dir='ltr'><strong>frisere</strong></span> <span class='ocrx_word' id='word_1_847' title='bbox 3400 5189 3582 5251; x_wconf 78' lang='lat' dir='ltr'><strong>luxuria</strong></span> <span class='ocrx_word' id='word_1_848' title='bbox 3598 5179 3714 5281; x_wconf 51' lang='grc' dir='ltr'><strong>(Πφξ</strong></span> 
     </span>
    </p>
   </div>
   <div class='ocr_carea' id='block_1_60' title="bbox 542 5267 3711 5364">
    <p class='ocr_par' dir='ltr' id='par_1_60' title="bbox 542 5267 3711 5364">
     <span class='ocr_line' id='line_1_60' title="bbox 542 5267 3711 5364; baseline 0.001 -21"><span class='ocrx_word' id='word_1_849' title='bbox 542 5300 787 5344; x_wconf 86' lang='lat' dir='ltr'><strong>amorem</strong></span> <span class='ocrx_word' id='word_1_850' title='bbox 828 5296 1077 5343; x_wconf 88' lang='lat' dir='ltr'><strong>sanctum</strong></span> <span class='ocrx_word' id='word_1_851' title='bbox 1104 5302 1212 5344; x_wconf 89' lang='lat' dir='ltr'><strong>non</strong></span> <span class='ocrx_word' id='word_1_852' title='bbox 1241 5286 1336 5345; x_wconf 84' lang='lat' dir='ltr'><strong>ﬁat</strong></span> <span class='ocrx_word' id='word_1_853' title='bbox 1368 5300 1553 5347; x_wconf 86' lang='lat' dir='ltr'><strong>sancta</strong></span> <span class='ocrx_word' id='word_1_854' title='bbox 1579 5290 1818 5359; x_wconf 89' lang='lat' dir='ltr'><strong>dilectio,</strong></span> <span class='ocrx_word' id='word_1_855' title='bbox 1846 5304 1966 5364; x_wconf 75' lang='lat' dir='ltr'><strong>qua:</strong></span> <span class='ocrx_word' id='word_1_856' title='bbox 2002 5267 2123 5351; x_wconf 81' lang='lat' dir='ltr'><strong>illos</strong></span> <span class='ocrx_word' id='word_1_857' title='bbox 2227 5290 2337 5345; x_wconf 91' lang='lat' dir='ltr'><strong>sint</strong></span> <span class='ocrx_word' id='word_1_858' title='bbox 2374 5292 2639 5362; x_wconf 84' lang='lat' dir='ltr'><strong>plurimae,</strong></span> <span class='ocrx_word' id='word_1_859' title='bbox 2686 5267 2807 5363; x_wconf 64' lang='lat' dir='ltr'><strong>quae</strong></span> <span class='ocrx_word' id='word_1_860' title='bbox 2850 5267 2952 5351; x_wconf 79' lang='lat' dir='ltr'><strong>nec</strong></span> <span class='ocrx_word' id='word_1_861' title='bbox 2980 5267 3162 5352; x_wconf 41' lang='lat' dir='ltr'><strong>&#39;canos</strong></span> <span class='ocrx_word' id='word_1_862' title='bbox 3188 5308 3310 5350; x_wconf 89' lang='lat' dir='ltr'><strong>suos</strong></span> <span class='ocrx_word' id='word_1_863' title='bbox 3350 5280 3638 5346; x_wconf 68' lang='grc' dir='ltr'><strong>εωιιοςωηιν</strong></span> <span class='ocrx_word' id='word_1_864' title='bbox 3672 5267 3711 5317; x_wconf 62' lang='grc' dir='ltr'><em>α</em></span> 
     </span>
    </p>
   </div>
   <div class='ocr_carea' id='block_1_61' title="bbox 541 5372 3706 5459">
    <p class='ocr_par' dir='ltr' id='par_1_61' title="bbox 541 5372 3706 5459">
     <span class='ocr_line' id='line_1_61' title="bbox 541 5372 3706 5459; baseline -0 -27"><span class='ocrx_word' id='word_1_865' title='bbox 541 5379 826 5452; x_wconf 85' lang='lat' dir='ltr'><strong>pertrahat</strong></span> <span class='ocrx_word' id='word_1_866' title='bbox 862 5377 930 5433; x_wconf 86' lang='lat' dir='ltr'><strong>ad</strong></span> <span class='ocrx_word' id='word_1_867' title='bbox 972 5378 1294 5449; x_wconf 81' lang='lat' dir='ltr'><strong>gehennam.</strong></span> <span class='ocrx_word' id='word_1_868' title='bbox 1338 5380 1440 5448; x_wconf 84' lang='lat' dir='ltr'><strong>Qui</strong></span> <span class='ocrx_word' id='word_1_869' title='bbox 1479 5397 1643 5437; x_wconf 90' lang='lat' dir='ltr'><strong>sanus</strong></span> <span class='ocrx_word' id='word_1_870' title='bbox 1673 5390 1758 5438; x_wconf 90' lang='lat' dir='ltr'><strong>est</strong></span> <span class='ocrx_word' id='word_1_871' title='bbox 1781 5383 1835 5438; x_wconf 90' lang='lat' dir='ltr'><strong>in</strong></span> <span class='ocrx_word' id='word_1_872' title='bbox 1864 5384 1990 5451; x_wconf 88' lang='lat' dir='ltr'><strong>lide,</strong></span> <span class='ocrx_word' id='word_1_873' title='bbox 2030 5387 2123 5455; x_wconf 89' lang='lat' dir='ltr'><strong>qui</strong></span> <span class='ocrx_word' id='word_1_874' title='bbox 2224 5394 2352 5441; x_wconf 89' lang='lat' dir='ltr'><strong>ante</strong></span> <span class='ocrx_word' id='word_1_875' title='bbox 2376 5401 2592 5458; x_wconf 80' lang='lat' dir='ltr'><strong>gregem</strong></span> <span class='ocrx_word' id='word_1_876' title='bbox 2618 5398 2876 5459; x_wconf 86' lang='lat' dir='ltr'><strong>nepotum</strong></span> <span class='ocrx_word' id='word_1_877' title='bbox 2909 5398 3198 5446; x_wconf 88' lang='lat' dir='ltr'><strong>trementes</strong></span> <span class='ocrx_word' id='word_1_878' title='bbox 3222 5375 3522 5456; x_wconf 69' lang='lat' dir='ltr'><strong>virguncula!</strong></span> <span class='ocrx_word' id='word_1_879' title='bbox 3543 5372 3706 5459; x_wconf 58' lang='grc' dir='ltr'><strong>οοφρίν</strong></span> 
     </span>
    </p>
   </div>
   <div class='ocr_carea' id='block_1_62' title="bbox 544 5456 3707 5555">
    <p class='ocr_par' dir='ltr' id='par_1_62' title="bbox 544 5456 3707 5555">
     <span class='ocr_line' id='line_1_62' title="bbox 544 5456 3707 5555; baseline -0.006 -28"><span class='ocrx_word' id='word_1_880' title='bbox 544 5484 713 5527; x_wconf 65' lang='lat' dir='ltr'><strong>unus</strong></span> <span class='ocrx_word' id='word_1_881' title='bbox 734 5469 797 5526; x_wconf 86' lang='lat' dir='ltr'><strong>in</strong></span> <span class='ocrx_word' id='word_1_882' title='bbox 826 5470 1111 5538; x_wconf 88' lang='lat' dir='ltr'><strong>charitate,</strong></span> <span class='ocrx_word' id='word_1_883' title='bbox 1140 5487 1304 5553; x_wconf 84' lang='lat' dir='ltr'><strong>sanus</strong></span> <span class='ocrx_word' id='word_1_884' title='bbox 1323 5488 1540 5545; x_wconf 87' lang='lat' dir='ltr'><strong>quoque</strong></span> <span class='ocrx_word' id='word_1_885' title='bbox 1568 5475 1638 5530; x_wconf 87' lang='lat' dir='ltr'><strong>sit</strong></span> <span class='ocrx_word' id='word_1_886' title='bbox 1672 5475 1727 5531; x_wconf 89' lang='lat' dir='ltr'><strong>in</strong></span> <span class='ocrx_word' id='word_1_887' title='bbox 1754 5476 2037 5545; x_wconf 87' lang='lat' dir='ltr'><strong>patientia,</strong></span> <span class='ocrx_word' id='word_1_888' title='bbox 2069 5484 2126 5532; x_wconf 90' lang='lat' dir='ltr'><strong>et</strong></span> <span class='ocrx_word' id='word_1_889' title='bbox 2224 5456 2629 5551; x_wconf 35' lang='lat' dir='ltr'><strong>nantur),_vino</strong></span> <span class='ocrx_word' id='word_1_890' title='bbox 2659 5456 2719 5536; x_wconf 84' lang='lat' dir='ltr'><strong>se</strong></span> <span class='ocrx_word' id='word_1_891' title='bbox 2765 5481 2960 5538; x_wconf 90' lang='lat' dir='ltr'><strong>dedere</strong></span> <span class='ocrx_word' id='word_1_892' title='bbox 3000 5500 3099 5555; x_wconf 88' lang='lat' dir='ltr'><strong>pro</strong></span> <span class='ocrx_word' id='word_1_893' title='bbox 3145 5480 3383 5541; x_wconf 83' lang='lat' dir='ltr'><strong>libidine;</strong></span> <span class='ocrx_word' id='word_1_894' title='bbox 3413 5476 3583 5555; x_wconf 77' lang='lat' dir='ltr'><strong>etcum</strong></span> <span class='ocrx_word' id='word_1_895' title='bbox 3604 5456 3707 5555; x_wconf 60' lang='lat' dir='ltr'><strong>inter</strong></span> 
     </span>
    </p>
   </div>
   <div class='ocr_carea' id='block_1_63' title="bbox 544 5551 3705 5641">
    <p class='ocr_par' dir='ltr' id='par_1_63' title="bbox 544 5551 3705 5641">
     <span class='ocr_line' id='line_1_63' title="bbox 544 5551 3705 5641; baseline -0.001 -26"><span class='ocrx_word' id='word_1_896' title='bbox 544 5560 824 5632; x_wconf 84' lang='lat' dir='ltr'><strong>patientia,</strong></span> <span class='ocrx_word' id='word_1_897' title='bbox 857 5576 978 5633; x_wconf 58' lang='lat' dir='ltr'><strong>qua</strong></span> <span class='ocrx_word' id='word_1_898' title='bbox 1016 5562 1253 5618; x_wconf 79' lang='lat' dir='ltr'><strong>maxime</strong></span> <span class='ocrx_word' id='word_1_899' title='bbox 1284 5564 1337 5618; x_wconf 93' lang='lat' dir='ltr'><strong>in</strong></span> <span class='ocrx_word' id='word_1_900' title='bbox 1383 5565 1770 5622; x_wconf 85' lang='lat' dir='ltr'><strong>tentationibus</strong></span> <span class='ocrx_word' id='word_1_901' title='bbox 1804 5580 2124 5639; x_wconf 82' lang='lat' dir='ltr'><strong>comprooa-</strong></span> <span class='ocrx_word' id='word_1_902' title='bbox 2221 5569 2413 5640; x_wconf 88' lang='lat' dir='ltr'><strong>pocula</strong></span> <span class='ocrx_word' id='word_1_903' title='bbox 2437 5571 2539 5627; x_wconf 90' lang='lat' dir='ltr'><strong>sibi</strong></span> <span class='ocrx_word' id='word_1_904' title='bbox 2579 5572 2874 5641; x_wconf 72' lang='lat' dir='ltr'><strong>prudentes</strong></span> <span class='ocrx_word' id='word_1_905' title='bbox 2919 5551 3047 5629; x_wconf 65' lang='lat' dir='ltr'><strong>visa:</strong></span> <span class='ocrx_word' id='word_1_906' title='bbox 3078 5573 3272 5629; x_wconf 86' lang='lat' dir='ltr'><strong>fuerint</strong></span> <span class='ocrx_word' id='word_1_907' title='bbox 3308 5575 3360 5624; x_wconf 88' lang='lat' dir='ltr'><strong>et</strong></span> <span class='ocrx_word' id='word_1_908' title='bbox 3381 5553 3600 5619; x_wconf 59' lang='lat' dir='ltr'><strong>facundae.</strong></span> 
     </span>
    </p>
   </div>
   <div class='ocr_carea' id='block_1_64' title="bbox 544 5631 3704 5736">
    <p class='ocr_par' dir='ltr' id='par_1_64' title="bbox 544 5631 3704 5736">
     <span class='ocr_line' id='line_1_64' title="bbox 544 5631 3704 5736; baseline 0.005 -27"><span class='ocrx_word' id='word_1_909' title='bbox 544 5658 675 5709; x_wconf 83' lang='lat' dir='ltr'><strong>tur:</strong></span> <span class='ocrx_word' id='word_1_910' title='bbox 717 5654 842 5726; x_wconf 87' lang='lat' dir='ltr'><strong>quia</strong></span> <span class='ocrx_word' id='word_1_911' title='bbox 893 5652 1027 5711; x_wconf 82' lang='lat' dir='ltr'><strong>nihil</strong></span> <span class='ocrx_word' id='word_1_912' title='bbox 1053 5656 1275 5726; x_wconf 88' lang='lat' dir='ltr'><strong>prodest</strong></span> <span class='ocrx_word' id='word_1_913' title='bbox 1318 5657 1570 5713; x_wconf 87' lang='lat' dir='ltr'><strong>habuisse</strong></span> <span class='ocrx_word' id='word_1_914' title='bbox 1614 5673 1735 5727; x_wconf 63' lang='lat' dir='ltr'><strong>quae</strong></span> <span class='ocrx_word' id='word_1_915' title='bbox 1780 5674 1942 5730; x_wconf 89' lang='lat' dir='ltr'><strong>supra</strong></span> <span class='ocrx_word' id='word_1_916' title='bbox 1991 5676 2125 5717; x_wconf 89' lang='lat' dir='ltr'><strong>enu-</strong></span> <span class='ocrx_word' id='word_1_917' title='bbox 2225 5678 2345 5718; x_wconf 89' lang='lat' dir='ltr'><strong>rum</strong></span> <span class='ocrx_word' id='word_1_918' title='bbox 2397 5664 2551 5734; x_wconf 89' lang='lat' dir='ltr'><strong>quasi</strong></span> <span class='ocrx_word' id='word_1_919' title='bbox 2580 5631 2975 5721; x_wconf 48' lang='lat' dir='ltr'><strong>.austeritatem</strong></span> <span class='ocrx_word' id='word_1_920' title='bbox 3019 5678 3320 5726; x_wconf 81' lang='lat' dir='ltr'><strong>assumere,</strong></span> <span class='ocrx_word' id='word_1_921' title='bbox 3358 5631 3704 5736; x_wconf 64' lang='lat' dir='ltr'><strong>loqueme‘</strong></span> 
     </span>
    </p>
   </div>
   <div class='ocr_carea' id='block_1_65' title="bbox 544 5713 3698 5835">
    <p class='ocr_par' dir='ltr' id='par_1_65' title="bbox 544 5713 3698 5835">
     <span class='ocr_line' id='line_1_65' title="bbox 734 5713 3617 5736; baseline 0.003 -12"><span class='ocrx_word' id='word_1_922' title='bbox 734 5713 751 5726; x_wconf 90' lang='lat'><strong>.</strong></span> <span class='ocrx_word' id='word_1_923' title='bbox 1055 5713 1072 5726; x_wconf 90' lang='lat'><strong>.</strong></span> <span class='ocrx_word' id='word_1_924' title='bbox 1634 5713 1649 5727; x_wconf 88' lang='lat'><strong>.</strong></span> <span class='ocrx_word' id='word_1_925' title='bbox 2229 5713 2344 5718; x_wconf 71' lang='grc' dir='ltr'><strong><em>--η-</em></strong></span> <span class='ocrx_word' id='word_1_926' title='bbox 2402 5713 2551 5734; x_wconf 57' lang='grc' dir='ltr'><strong>,πυ</strong></span> <span class='ocrx_word' id='word_1_927' title='bbox 2607 5713 2975 5721; x_wconf 61' lang='grc' dir='ltr'><strong><em>--ω-η--π-</em></strong></span> <span class='ocrx_word' id='word_1_928' title='bbox 3019 5713 3319 5726; x_wconf 49' lang='lat' dir='ltr'><strong>&quot;wn-ww</strong></span> <span class='ocrx_word' id='word_1_929' title='bbox 3420 5713 3432 5723; x_wconf 94' lang='lat'><strong><em>-</em></strong></span> <span class='ocrx_word' id='word_1_930' title='bbox 3608 5724 3617 5736; x_wconf 92' lang='lat'><strong>.</strong></span> 
     </span>
     <span class='ocr_line' id='line_1_66' title="bbox 544 5713 3698 5835; baseline -0.001 -36"><span class='ocrx_word' id='word_1_931' title='bbox 544 5747 890 5812; x_wconf 83' lang='lat' dir='ltr'><strong>meravimus,</strong></span> <span class='ocrx_word' id='word_1_932' title='bbox 927 5747 1029 5804; x_wconf 90' lang='lat' dir='ltr'><strong>nisi</strong></span> <span class='ocrx_word' id='word_1_933' title='bbox 1054 5764 1243 5804; x_wconf 84' lang='lat' dir='ltr'><strong>omnes</strong></span> <span class='ocrx_word' id='word_1_934' title='bbox 1283 5747 1482 5802; x_wconf 78' lang='lat' dir='ltr'><strong>divitia:</strong></span> <span class='ocrx_word' id='word_1_935' title='bbox 1518 5757 1575 5803; x_wconf 89' lang='lat' dir='ltr'><strong>ct</strong></span> <span class='ocrx_word' id='word_1_936' title='bbox 1601 5751 1975 5820; x_wconf 87' lang='lat' dir='ltr'><strong>mercimonia,</strong></span> <span class='ocrx_word' id='word_1_937' title='bbox 2000 5752 2121 5822; x_wconf 83' lang='lat' dir='ltr'><strong>qui-</strong></span> <span class='ocrx_word' id='word_1_938' title='bbox 2224 5756 2364 5823; x_wconf 84' lang='lat' dir='ltr'><strong>quod</strong></span> <span class='ocrx_word' id='word_1_939' title='bbox 2395 5756 2498 5811; x_wconf 81' lang='lat' dir='ltr'><strong>sibi</strong></span> <span class='ocrx_word' id='word_1_940' title='bbox 2540 5756 2793 5812; x_wconf 89' lang='lat' dir='ltr'><strong>videntur</strong></span> <span class='ocrx_word' id='word_1_941' title='bbox 2832 5772 2951 5813; x_wconf 87' lang='lat' dir='ltr'><strong>esse</strong></span> <span class='ocrx_word' id='word_1_942' title='bbox 2981 5798 2996 5825; x_wconf 88' lang='lat'><strong>,</strong></span> <span class='ocrx_word' id='word_1_943' title='bbox 3035 5766 3091 5814; x_wconf 89' lang='lat' dir='ltr'><strong>et</strong></span> <span class='ocrx_word' id='word_1_944' title='bbox 3136 5773 3240 5816; x_wconf 91' lang='lat' dir='ltr'><strong>non</strong></span> <span class='ocrx_word' id='word_1_945' title='bbox 3283 5743 3582 5835; x_wconf 56' lang='lat' dir='ltr'><strong>recordantes</strong></span> <span class='ocrx_word' id='word_1_946' title='bbox 3605 5713 3698 5781; x_wconf 54' lang='lat' dir='ltr'><strong>luna</strong></span> 
     </span>
    </p>
   </div>
  </div>
