3992 6338
275 359 389 420 677

795 353 1350 413 ENABRATIONUM
1382 352 1453 411 IN
1488 352 1640 411 EPP.
1674 349 1882 409 PAULI
1916 348 2047 407 LIB.
2083 348 2252 407 XXV.
2287 379 2362 393 —
2396 348 2468 407 ΙΝ
2502 348 2723 407 EPIST.
2765 348 2860 406 AD
2897 345 3033 409 ΤῙΤ.

3468 355 3576 416 678

272 475 426 551 quod
454 481 710 531 tuerunt:
760 480 816 527 et
844 487 874 527 a
904 471 1015 551 vini
1044 487 1176 544 ergo
1210 471 1379 526 nimio
1417 479 1545 540 potu
1573 485 1709 525 anus
1737 483 1866 539 pro-
1897 471 1945 531 Α
1973 464 2260 535 subjicitur
2287 465 2407 521 viro
2433 482 2551 533 suo,
2582 464 2684 522 hoc
2725 470 2805 522 est
2834 468 3001 538 capiti
3031 483 3153 536 suo,
3194 469 3438 543 ejusdem
3468 477 3579 533 eri-

269 570 587 632 hibeantur,
632 564 888 634 quoniam
932 564 1162 634 quodin
1213 562 1651 619 adolescentibus
1681 561 1869 627 libido,

268 660 381 717 hoc
412 659 466 713 in
494 656 718 712 senibus
748 654 985 710 ebrietas
1013 662 1116 710 est.
1144 652 1252 709 Aut
1278 654 1547 725 quomodo
1573 662 1750 725 potest
1780 654 1873 708 do-

270 763 403 806 cere
431 762 567 803 anus
589 746 1020 804 adolescentulas
1041 747 1369 812 castitatem,
1405 762 1529 802 cum
1561 745 1608 801 si
1632 746 1870 801 ebrieta-

270 848 387 896 tem
414 838 608 895 vetulae
639 837 880 894 mulieris
905 836 1299 893 adolescentula
1327 837 1491 893 fuerit
1520 837 1751 905 imitata,
1777 854 1874 908 pu-

270 937 399 993 dica
420 950 543 991 esse
576 950 683 989 non
720 933 936 1005 possit?
985 930 1276 1005 Signanter
1306 943 1486 988 autem
1535 942 1591 987 et
1617 947 1873 1005 expresse

268 1030 390 1084 ait:
431 1048 449 1080 ι
482 1026 601 1083 Non
630 1027 757 1082 vino
789 1024 957 1081 multo
1000 1026 1320 1081 servientes.
1352 1046 1373 1079 ι
1436 1025 1699 1083 Servitus‘
1728 1026 1872 1082 enim

269 1125 523 1196 quatdam
547 1128 700 1177 estet
726 1132 969 1176 eiurema
995 1118 1252 1184 conditio,
1272 1119 1398 1175 vino
1422 1132 1615 1175 sensus
1637 1118 1874 1174 hominis

269 1213 556 1284 occupari,
610 1220 801 1266 etnon
843 1226 1003 1266 suum
1029 1225 1185 1275 esse,
1229 1210 1324 1265 sed
1353 1210 1485 1264 vini.
1539 1209 1674 1277 Quia
1708 1210 1875 1282 igitur

269 1306 458 1365 docuit
484 1300 674 1375 quales
713 1302 891 1373 primo
917 1317 1053 1357 anus
1079 1316 1200 1357 esse
1227 1300 1510 1367 deberent,
1544 1309 1600 1356 et
1630 1310 1754 1372 post
1780 1300 1874 1355 illa

267 1414 395 1471 quae
423 1413 546 1454 cum
572 1397 794 1453 senibus
824 1396 955 1451 viris
980 1394 1183 1450 habent
1206 1394 1538 1459 communia,
1570 1394 1733 1448 etiam
1754 1409 1876 1464 pro-

265 1490 391 1563 pria
417 1504 607 1545 earum
639 1488 910 1558 exposuit,
942 1494 1001 1541 ut
1029 1487 1259 1542 honesto
1289 1494 1344 1541 et
1389 1494 1577 1541 sancto
1606 1485 1791 1541 habitu
1820 1493 1878 1542 et

273 1581 428 1639 omni
459 1581 656 1635 decore
689 1579 800 1634 sint
823 1579 996 1649 plena;
1032 1595 1046 1632 :
1080 1592 1181 1633 nec
1210 1576 1595 1644 accusatrices,
1626 1590 1726 1631 nec
1755 1574 1876 1630 aliis

272 1674 647 1737 detrahentes,
679 1685 781 1727 nec
810 1671 937 1725 vino
963 1669 1213 1726 sensibus
1241 1669 1535 1739 occupatis.
1564 1666 1720 1723 Nunc
1747 1682 1877 1723 con-

269 1772 569 1836 sequenter
593 1763 859 1819 doctrina:
883 1764 963 1819 eis
998 1761 1151 1818 l'i-ena
1182 1762 1466 1834 permittit,
1497 1770 1557 1816 ut
1582 1776 1706 1817 cum
1738 1761 1876 1817 tales

1978 558 2142 612 minis
2158 573 2249 612 rea
2270 565 2373 621 est,
2392 557 2546 626 cujus
2559 566 2611 613 et
2635 558 2717 612 vir
2728 559 2773 612 si
2793 573 2901 613 non
2921 550 3474 628 subjiciatur-Christo
3487 581 3582 623 ca-

1972 652 2073 722 piti
2092 667 2209 707 suo.
2221 652 2452 707 Verbum
2469 660 2652 706 autem
2668 651 2881 707 Domini
2898 652 3330 723 blasphematur,
3345 657 3429 713 vel
3448 659 3577 717 dum

1976 746 2346 801 contemnitur
2357 743 2452 799 Dei
2464 744 2638 815 prima
2654 745 2947 811 sententia,
2961 752 3016 799 et
3030 761 3129 821 pro
3145 746 3313 801 nihilo
3328 748 3574 807 ducitur:

1974 836 2061 892 vel
2083 835 2284 892 Christi
2310 835 2607 917 infamatur
2629 835 3000 906 Evangelium,
3029 836 3155 891 dum
3180 847 3368 895 contra
3403 841 3577 914 legem

1975 926 2248 998 ﬁdemque
2287 927 2511 990 n'auiraa,
2545 928 2609 982 ea
2639 942 2766 997 qua:
2797 926 3110 983 Christiana
3154 940 3258 997 est,
3293 939 3348 987 et
3391 949 3457 989 ex
3482 935 3579 992 Dei

1975 1019 2093 1091 lege
2109 1019 2373 1090 subjecta,
2390 1021 2510 1075 viro
2525 1022 2796 1090 imperare
2816 1001 3110 1085 desiderat,
3128 1038 3253 1078 cum
3271 1025 3435 1081 etiam
3459 1044 3583 1100 gen-

1982 1115 2109 1172 tiles
2132 1114 2347 1172 femina:
2360 1116 2495 1171 viris
2514 1115 2625 1171 suis
2638 1115 2878 1171 serviant
2898 1119 3176 1173 communi
3209 1119 3325 1191 lege
3349 1131 3578 1179 natura.

2053 1228 2072 1261 ι
2107 1208 2345 1265 Juvenes
2394 1207 2648 1264 similiter
2685 1207 2979 1265 exhortare
3024 1217 3083 1263 ut
3134 1211 3317 1280 pudici
3368 1212 3480 1267 sint
3524 1213 3581 1269 in

1981 1323 2002 1356 ‹
2045 1303 2297 1358 omnibus
2321 1320 2334 1357 :
2359 1303 2594 1372 teipsum
2618 1301 2923 1371 exemplum
2960 1298 3141 1375 praebe
3166 1302 3431 1359 honorum
3454 1318 3582 1376 ope-

1982 1415 2001 1448 ι
2028 1380 2194 1461 'rum,
2227 1395 2282 1449 in
2311 1394 2583 1459 doctrina,
2623 1393 2676 1447 in
2733 1386 3067 1463 integritate,
3114 1392 3171 1449 'et
3216 1391 3489 1463 castitate,
3523 1397 3579 1452 in

1983 1506 2001 1540 ι
2048 1502 2302 1545 sermone
2333 1502 2466 1543 sano
2515 1496 2570 1542 et
2599 1482 3061 1558 irreprehenSibili
3094 1504 3107 1517 ·
3152 1496 3213 1542 ut
3263 1489 3359 1560 qui
3389 1505 3457 1545 ex
3490 1482 3582 1546 ad-

1982 1597 2003 1631 ‹
2042 1593 2203 1635 verso
2225 1588 2332 1645 est,
2358 1586 2693 1644 revereatur,
2726 1577 2861 1633 nihil
2886 1578 3095 1634 habens
3124 1579 3190 1633 de
3214 1581 3375 1636 nobis
3397 1581 3580 1637 dicere

1982 1690 2001 1724 ι
2048 1673 2197 1728 mali.
2234 1694 2253 1725 ›
2302 1671 2532 1745 (Αιπὸν.)
2566 1670 2722 1727 Sicut
2749 1671 2897 1728 enim
2929 1673 2995 1728 de
3022 1670 3131 1728 illis
3154 1674 3342 1730 dicens
3384 1676 3582 1731 instruo

1974 1766 2059 1822 xit
2107 1764 2297 1838 quales
2347 1780 2468 1823 esse
2520 1764 2941 1821 adulescentula:
3003 1766 3261 1823 mulieres
3309 1752 3577 1837 debeaiit,

268 1855 497 1937 fuerint,
537 1855 767 1911 docendi
799 1853 1035 1909 habeant
1078 1854 1423 1920 libertatem,
1456 1863 1517 1909 ut
1541 1853 1750 1910 scilicet
1771 1854 1869 1909 do-
1900 1843 1946 1902 Β
1974 1860 2179 1929 optime
2210 1858 2409 1928 adjecit
2453 1866 2510 1914 et
2536 1859 2601 1913 de
2638 1846 2941 1926 juvenibus
2957 1858 3221 1933 dicens”
3249 1859 3516 1927 similiter,
3554 1880 3574 1913 ι

268 1959 436 2007 ceant
481 1964 546 2006 ea
594 1964 716 2020 quae
746 1948 886 2004 bona
922 1957 1066 2002 sunt.
1118 1946 1272 2003 Licet
1318 1947 1463 2003 enim
1508 1947 1617 2002 alio
1645 1947 1763 2003 loco
1785 1946 1869 2003 di-

266 2043 437 2111 xerit,
493 2062 511 2095 ι
542 2043 741 2098 docere
787 2049 968 2096 autem
1012 2040 1330 2096 mulieribus
1382 2056 1491 2095 non
1538 2041 1816 2112 permitto,
1847 2057 1865 2090 ι

266 2134 353 2191 sic
397 2124 806 2205 intelligendum
836 2141 938 2197 est,
976 2141 1039 2186 ut
1082 2131 1136 2186 in
1174 2131 1321 2186 viros
1368 2131 1474 2187 illis
1512 2131 1583 2187 sit
1626 2131 1873 2187 doctrina

268 2228 509 2285 sublata.
541 2228 813 2283 Caeterum
837 2224 1266 2282 adolescentulas
1290 2226 1521 2280 doceant
1550 2225 1703 2295 quasi
1736 2224 1876 2280 ﬁlias

273 2338 428 2380 suas.
461 2321 704 2378 Primum
732 2319 1067 2385 castitatem,
1098 2322 1224 2389 quia
1250 2317 1514 2373 adversus
1540 2319 1677 2374 hanc
1704 2316 1876 2388 magis

266 2416 326 2472 in
356 2422 517 2471 aetate
544 2412 757 2469 ﬂorenti
787 2420 992 2483 pugnat
1024 2411 1299 2473 inimicus,
1329 2420 1385 2465 et
1411 2411 1587 2464 virtus
1615 2409 1735 2480 ejus
1761 2424 1875 2465 om-

266 2508 362 2564 nis
389 2517 580 2563 eontra
627 2504 860 2561 feminas
895 2505 950 2560 in
978 2503 1239 2559 umbilico
1271 2502 1478 2558 ventris
1506 2509 1609 2557 est.
1645 2501 1872 2569 Deinde,

264 2608 333 2656 ut
373 2607 558 2656 ament
586 2599 737 2654 viros
764 2613 914 2663 suos,
968 2597 1196 2668 diligant
1244 2595 1404 2651 ﬁlios.
1445 2595 1577 2663 Quae
1626 2594 1875 2649 doctrina

266 2703 362 2751 est
383 2709 570 2750 amare
597 2693 746 2748 viros
767 2733 783 2763 ,
814 2707 936 2747 cum
972 2691 1077 2746 hoc
1108 2706 1216 2745 non
1253 2689 1307 2743 in
1356 2688 1572 2759 eloquio
1606 2688 1870 2753 docentis,

266 2789 371 2847 sed
394 2788 449 2843 in
478 2787 644 2844 corde
667 2786 901 2867 amantis
920 2785 992 2840 sit
1013 2783 1402 2839 constitutum?
1424 2781 1551 2837 Vult
1570 2796 1663 2836 eas
1688 2794 1875 2836 amare

267 2880 423 2936 viros
454 2893 581 2935 suos
610 2885 793 2945 caste;
828 2876 943 2932 vult
970 2876 1115 2931 inter
1140 2874 1318 2929 virum
1346 2881 1401 2929 et
1427 2873 1710 2929 mulierem
1753 2887 1875 2928 esse

265 2970 527 3045 pudicam
559 2969 928 3033 dilectionem,
974 2976 1033 3021 ut
1063 2950 1184 3021 eum
1208 2965 1413 3035 pudore
1442 2972 1497 3020 et
1520 2962 1869 3030 verecundia,

1972 1954 2078 2008 hoc
2103 1960 2186 2008 est
2212 1962 2268 2008 et
2298 1952 2446 2007 viros
2468 1950 2701 2021 juvenes
2741 1952 2929 2018 edoce,
2985 1960 3045 2006 ut
3076 1952 3365 2023 sobrietati
3398 1963 3454 2009 et
3478 1970 3580 2025 pu-

1973 2042 2171 2096 dicitiae
2223 2042 2494 2097 studeant.
2547 2041 2615 2096 Et
2660 2042 2918 2112 quoniam
2962 2053 3298 2099 memoratus
3347 2055 3432 2101 est
3468 2061 3581 2102 om-

1973 2135 2124 2190 nium
2186 2135 2465 2191 seniorum
2509 2144 2566 2189 et
2607 2133 2904 2205 juveuum,
2966 2136 3081 2192 sive
3126 2139 3400 2207 virorum,
3462 2142 3577 2198 sive

1976 2224 2303 2291 mulierum,
2378 2234 2778 2295 consequenter
2851 2226 3038 2298 adjicit
3090 2245 3102 2282 :
3175 2247 3195 2280 ‹
3251 2230 3336 2287 Ad
3392 2235 3578 2289 omnia

1978 2319 2213 2389 teipsum
2277 2319 2526 2405 praebens
2582 2318 2893 2391 ekemplum
2960 2308 3228 2379 bonorum
3297 2340 3522 2399 operum
3553 2369 3569 2397 ,

1976 2410 2032 2464 in
2081 2409 2334 2477 doctrina
2375 2418 2502 2466 tene
2566 2410 3173 2482 incorruptibilitatem,
3232 2418 3461 2474 verbum
3496 2436 3579 2479 sa-

1974 2517 2105 2556 num
2130 2542 2144 2568 ,
2184 2502 2689 2574 irreprehensibile,
2744 2513 2804 2559 ut
2847 2504 2895 2560 is
2920 2547 2936 2571 ,
2976 2507 3071 2577 qui
3110 2520 3175 2563 ex
3201 2509 3431 2567 adverso
3469 2484 3576 2583 est,

1978 2595 2290 2660 erubescat,
2308 2592 2441 2679 nihil
2471 2596 2678 2650 habens
2706 2597 2773 2651 de
2798 2597 3153 2665 nobisdicere
3179 2592 3427 2671 pravum.
3465 2624 3485 2657 ι
3515 2604 3576 2661 ln

1975 2685 2250 2751 omnibus,
2270 2686 2464 2755 inquit,
2479 2685 2636 2741 bonis
2648 2687 2905 2757 operibus
2927 2689 2993 2744 de
3006 2688 3202 2761 quibus
3231 2693 3366 2749 alios
3389 2695 3573 2764 doces,

1974 2776 2211 2845 teipsum
2264 2775 2496 2831 formam
2541 2777 2721 2848 praebe
2766 2797 2780 2832 :
2822 2794 3038 2835 omnem
3088 2785 3399 2841 castitatem
3445 2788 3577 2860 ipsis

1973 2868 2267 2923 ostendens
2293 2869 2572 2938 operibus,
2602 2878 2658 2924 et
2678 2885 2839 2926 omne
2868 2872 3132 2944 quidquid
3160 2878 3367 2947 bonum
3390 2890 3491 2947 est,
3521 2892 3576 2940 et

1974 2959 2043 3015 ab
2074 2959 2220 3015 omni
2254 2960 2674 3035 reprehensione
2702 2972 2788 3018 est
2838 2952 3076 3021 alienum
3121 2945 3355 3036 enarra,
3404 2945 3483 3028 ita
3516 2983 3579 3030 ut

268 3071 329 3118 et
364 3062 520 3134 quasi
570 3060 893 3121 necessitate
942 3075 1127 3123 sexus,
1179 3056 1372 3113 reddat
1415 3057 1599 3126 potius
1631 3055 1871 3110 debitum
1971 3051 2083 3106 vita
2114 3054 2300 3107 no‘stra
2324 3052 2669 3109 adversarios
2691 3055 3018 3112 erubescere
3039 3058 3264 3129 laceret,
3289 3062 3416 3118 dum
3440 3066 3576 3123 nihil

268 3155 398 3211 viro
443 3168 607 3239 quam
658 3152 772 3229 ipsa
806 3151 991 3223 exigat
1026 3148 1095 3204 ab
1130 3165 1228 3215 eo,
1282 3158 1335 3204 et
1366 3136 1531 3218 opera
1574 3146 1870 3201 liberorum
1973 3143 2039 3198 de
2075 3143 2233 3199 nobis
2263 3145 2472 3214 possint
2500 3145 2684 3201 dicere
2712 3162 2959 3218 pravum.
2992 3148 3193 3223 (Ηὶεν.)
3224 3136 3383 3209 διωί
3428 3155 3482 3212 in
3512 3170 3577 3213 eo

269 3226 618 3329 ante'dculos
644 3226 739 3300 Dei
772 3251 827 3299 et
859 3242 1172 3319 angelorum
1200 3248 1515 3312 perpetrare
1544 3254 1605 3294 se
1633 3238 1821 3294 credat
1852 3254 1865 3291 :
1898 3232 1943 3311 Ω
1976 3237 2120 3307 quod
2169 3251 2331 3308 Supra
2379 3247 2714 3308 praeceperat
2742 3240 2954 3308 dicens,
2991 3226 3010 3292 ε
3042 3242 3195 3300 Anus
3223 3245 3478 3303 similiter
3520 3251 3576 3307 in

269 3339 354 3397 ita
382 3354 485 3395 nec
510 3338 598 3393 illa
627 3336 913 3393 erubescet
960 3336 1124 3390 etiam
1163 3343 1433 3389 secretum
1465 3333 1663 3396 cubile,
1692 3332 1871 3387 noctis

272 3431 567 3494 tenebras,
598 3437 654 3483 et
681 3428 924 3483 clausum
975 3424 1281 3480 cubiculum
1314 3439 1491 3487 suum,
1525 3434 1647 3478 cum
1688 3422 1872 3477 omnia

278 3533 475 3597 patere
518 3522 613 3578 Dei
655 3520 828 3577 oculis
874 3518 1146 3591 cogitarit.
1208 3514 1374 3572 Filios
1418 3508 1600 3572 autem
1648 3515 1720 3569 ita
1753 3513 1876 3569 dili-

270 3626 431 3692 gunt,
469 3617 514 3671 si
545 3631 639 3672 eos
675 3615 729 3669 in
760 3614 855 3692 Dei
902 3612 1155 3668 erudiant
1187 3610 1550 3682 disciplinam.
1601 3607 1871 3664 Caaterum

271 3686 421 3763 nolle
467 3721 563 3762 eos
605 3686 936 3761 contristare
983 3702 1224 3758 docendo
1278 3715 1398 3771 qure
1433 3701 1577 3754 bona
1620 3707 1766 3763 sunt,
1820 3704 1876 3752 et

269 3799 584 3854 libertatem
614 3797 852 3853 tribucre
878 3794 1109 3865 peccati,
1128 3806 1232 3846 non
1266 3800 1352 3847 est
1380 3804 1567 3845 amare
1595 3788 1755 3853 ﬁlios,
1777 3787 1873 3842 sed

271 3894 482 3949 odisse.
516 3890 846 3946 Erudiantur
873 3901 1091 3960 quoque
1118 3881 1559 3946 adulescentula},
1593 3888 1651 3934 ut
1683 3885 1876 3934 domus

272 3987 520 4043 habeant
552 3982 908 4059 diligentiam.
946 3980 1011 4035 Et
1040 3979 1167 4057 quia
1211 3984 1424 4049 poterat
1452 3974 1671 4029 evenire
1712 3981 1772 4025 ut
1801 3970 1878 4025 di-

272 4077 505 4151 ligentia
537 4077 731 4131 domus
750 4089 872 4129 eum
902 4071 1222 4127 austeritate
1253 4077 1555 4141 regeretur,
1581 4074 1635 4120 et
1655 4080 1752 4134 per
1774 4063 1877 4118 hoc

270 4167 525 4239 Apostoli
556 4174 881 4238 pratceptum
912 4164 1156 4219 severior
1194 4170 1444 4217 matrona
1494 4158 1647 4212 ﬁeret
1680 4158 1734 4211 in
1767 4172 1878 4211 ser-

270 4263 457 4331 vulos,
486 4261 608 4317 ideo
632 4258 936 4330 copulavit,
970 4276 989 4309 ¢
1028 4255 1313 4326 benignas,
1345 4273 1364 4305 ι
1406 4260 1464 4307 ιιι
1496 4258 1627 4306 tunc
1663 4262 1722 4304 se
1763 4263 1879 4303 cre-

273 4330 445 4411 deret
471 4346 651 4409 mariti
679 4354 814 4409 bene
843 4350 1063 4404 domum
1092 4359 1299 4417 regere,
1332 4344 1377 4399 si
1408 4343 1512 4398 hoc
1540 4330 1877 4413 benignitate

274 4451 599 4523 impetraret
626 4461 656 4500 a
677 4443 931 4509 servulis,
956 4458 1061 4497 non
1087 4449 1313 4495 terrore.
1342 4435 1452 4491 Nec
1472 4450 1579 4491 non
1612 4443 1667 4490 et
1698 4453 1716 4484 ι
1756 4432 1878 4488 sub-

276 4541 426 4597 ditas
438 4538 574 4593 viris
603 4536 715 4592 suis
739 4556 758 4590 ι
785 4538 882 4599 ait,
901 4548 968 4587 ne
994 4530 1133 4587 forte
1159 4529 1361 4585 divitiis
1375 4535 1431 4583 et
1457 4526 1740 4583 nobilitate
1760 4538 1878 4595 per-

1976 3330 2168 3387 habitu
2197 3341 2413 3396 sancto,
2449 3352 2468 3384 ›
2503 3330 2913 3389 similitudinem
2945 3346 3144 3395 anuum
3177 3338 3489 3398 dixeramus
3509 3344 3578 3401 ad

1978 3438 2282 3483 seriesesse
2306 3421 2647 3478 referendam
2678 3438 2692 3478 :
2721 3424 2798 3478 ita
2830 3441 2973 3481 nunc
3006 3412 3155 3482 ineo
3178 3410 3322 3500 quod
3365 3432 3575 3489 intulit:

1983 3533 2001 3567 ι
2037 3514 2270 3572 Juvenes
2310 3518 2562 3573 similiter
2591 3519 2834 3585 hortare,
2876 3528 2935 3575 ut
2971 3522 3153 3593 pudici
3192 3514 3321 3591 sint,
3360 3544 3381 3579 ›
3425 3527 3578 3583 simi-

1977 3607 2260 3666 litudinem
2300 3608 2558 3678 juvenum
2615 3613 2683 3666 ad
2738 3628 2919 3681 anus,
2958 3622 3013 3669 et
3064 3631 3162 3691 per
3210 3632 3346 3673 auus
3374 3618 3443 3674 ad
3488 3635 3577 3681 se,-

1976 3716 2074 3756 ncs
2142 3702 2474 3757 arbitramur
2539 3704 2831 3773 aptandam
2886 3722 2901 3759 :
2966 3712 3027 3760 ut
3088 3722 3275 3762 senum
3338 3709 3578 3768 habeant

1978 3795 2329 3850 sobrietatem
2355 3837 2367 3859 ,
2419 3802 2491 3850 et‘
2520 3797 2735 3853 honesti
2798 3798 2943 3865 sint,
2986 3808 3042 3855 et
3076 3799 3282 3871 pudici,
3324 3811 3381 3858 et
3434 3805 3576 3874 sani,

1976 3885 2033 3941 in
2087 3886 2191 3942 ﬁde
2245 3895 2302 3941 et
2359 3887 2647 3956 charitate,
2693 3899 2751 3945 et
2794 3891 3074 3960 patientia.
3122 3892 3341 3948 Anuum
3395 3907 3575 3955 autem

1980 3980 2032 4034 in
2075 3978 2296 4034 habitus
2326 3981 2644 4047 sanctitate,
2676 3992 2862 4038 utnon
2892 3984 3000 4043 sint
3044 3995 3426 4056 accusatores,
3470 4008 3581 4049 non

1979 4071 2105 4125 vino
2126 4069 2296 4124 multo
2319 4072 2640 4137 servientes,
2665 4072 2803 4128 bene
2825 4073 3104 4142 docentes,
3128 4084 3185 4131 et
3206 4088 3425 4134 caetera.
3451 4080 3579 4139 Pro-

1979 4178 2156 4233 prium
2189 4172 2369 4218 autem
2397 4164 2923 4222 adolescentulorum
2952 4168 3056 4224 hoc
3083 4169 3284 4245 posuit,
3318 4180 3376 4227 ut
3397 4174 3579 4247 pudici

1980 4256 2091 4312 sint
2116 4256 2169 4309 in
2201 4255 2476 4321 omnibus,
2507 4264 2617 4311 tam
2649 4256 2863 4315 scilicet
2890 4268 3092 4327 mente,
3123 4277 3287 4331 quam
3315 4279 3578 4339 corpore;

1983 4358 2092 4407 tam
2120 4363 2318 4419 opere,
2352 4363 2516 4418 quam
2559 4350 2931 4420 cogitatione:
2963 4362 3021 4408 ut
3064 4351 3208 4409 nulla
3252 4354 3325 4410 sit
3357 4356 3411 4412 in
3449 4357 3582 4414 ado-

1980 4436 2220 4497 lescente
2249 4440 2486 4512 suSpicio
2516 4442 2886 4513 turpitudinis.
2912 4443 2981 4499 Et
3004 4444 3133 4500 licet
3160 4447 3381 4518 quidam
3412 4450 3479 4505 de
3505 4451 3584 4507 la-

1984 4535 2113 4591 tinis
2163 4535 2237 4589 ita
2280 4535 2551 4591 aestiment
2599 4536 2885 4607 legendum
2932 4556 2946 4592 :
2992 4557 3012 4590 ι
3059 4537 3295 4596 Juvenes
3331 4542 3584 4602 similiter

274 4630 446 4697 ﬂama,
476 4630 571 4685 Dei
599 4626 883 4685 sententia:
908 4641 1015 4680 non
1034 4621 1403 4685 meminerint,
1425 4632 1524 4689 per
1551 4634 1715 4689 quam
1746 4618 1873 4672 sub-
1899 4619 1952 4685 1)
1980 4628 2226 4693 hortare,
2255 4634 2315 4681 ut
2340 4627 2522 4698 pudici
2554 4628 2684 4693 sint,
2716 4648 2736 4682 ι
2768 4637 2824 4683 et
2848 4639 3035 4703 postea
3067 4628 3305 4707 inferant
3333 4652 3352 4685 ‹
3385 4634 3440 4691 in
3465 4652 3581 4694 om-

256 4725 439 4799 .jectse
477 4731 604 4791 sunt
628 4722 781 4777 viris.
814 4719 907 4774 Ait
937 4718 1136 4788 quippe
1172 4715 1240 4771 ad
1271 4714 1555 4770 mulierem
1583 4728 1597 4765 :
1646 4730 1664 4762 ‹
1697 4709 1779 4766 Ad
1799 4709 1877 4765 vi-

275 4839 408 4879 rum
448 4826 599 4877 tuum
631 4814 916 4872 conversio
956 4821 1085 4872 tua,
1137 4817 1193 4865 et
1222 4809 1336 4879 ipse
1384 4806 1462 4862 tui
1510 4802 1877 4860 dominabitur

278 4910 441 4986 (Gen.
472 4909 577 4980 ιιι).
626 4927 645 4960 ›
689 4906 748 4961 In
789 4919 897 4975 quo
923 4902 1221 4974 Scriptura:
1253 4906 1457 4955 sanctze
1482 4893 1875 4986 consideranda

272 4984 571 5079 prudentia
599 5007 704 5065 est,
735 4997 862 5069 quia
892 5011 999 5050 non
1030 4994 1148 5049 viro
1176 4992 1279 5047 hoc
1310 4989 1568 5044 Dominus
1596 4984 1761 5041 fuerit
1801 4985 1877 5040 lo-

277 5077 444 5155 cutus
481 5090 556 5153 et'
581 5093 799 5157 dixerit,
840 5086 1217 5146 Dominaberis
1258 5082 1416 5139 uxori
1459 5090 1603 5136 tum:
1639 5079 1733 5136 sed
1772 5077 1875 5149 ipsi

278 5190 538 5255 mulieri,
591 5196 653 5243 ut
700 5186 775 5240 illi
818 5182 1100 5261 praemium
1142 5179 1477 5250 relinqueret
1527 5171 1873 5244 obsequehe,
1913 5214 1918 5218 .

279 5282 416 5337 dum
446 5280 500 5334 in
528 5284 800 5351 potestate
825 5273 943 5344 ejus
970 5279 1076 5338 est,
1126 5270 1173 5325 si
1207 5266 1304 5323 Dei
1336 5265 1466 5321 velit
1490 5265 1712 5321 obedire
1739 5278 1877 5336 pra:-

281 5373 481 5445 ceptis,
514 5372 721 5429 servire
743 5369 881 5435 viro,
912 5374 968 5422 et
995 5364 1190 5420 marito
1215 5378 1339 5418 esse
1364 5360 1631 5430 subjecta,
1659 5367 1718 5415 ut
1741 5374 1878 5429 quo-

268 5460 578 5527 'dammodo
608 5474 755 5524 esset
792 5462 961 5520 libera
996 5462 1231 5517 servitus
1283 5467 1338 5515 et
1374 5457 1660 5514 dilectione
1696 5456 1877 5527 plena,

264 5550 415 5620 -ideo
434 5560 682 5617 serviens
696 5567 780 5616 est
793 5557 933 5624 viro,
950 5557 1078 5612 dum
1104 5570 1228 5610 eum
1254 5553 1449 5609 metuit
1476 5550 1771 5606 otl'endere.
1792 5548 1883 5602 Et-

283 5661 437 5718 enim
463 5674 570 5714 non
592 5665 677 5713 est
705 5662 922 5712 creatus
951 5654 1034 5709 vir
1064 5659 1284 5725 propter
1315 5648 1613 5711 mulierem,
1645 5647 1741 5701 sed
1767 5661 1882 5700 niu-

285 5750 393 5807 lier
418 5760 642 5823 propter
678 5748 874 5803 virum.
924 5746 991 5801 Et
1019 5760 1143 5799 cum
1188 5750 1349 5815 caput
1388 5740 1632 5797 mulieris
1678 5740 1762 5796 vir
1788 5740 1875 5806 sit,

288 5853 457 5916 caput
504 5853 685 5902 autem
728 5841 832 5898 viri
874 5839 1156 5906 Christus,
1208 5852 1542 5911 quzecunque
1582 5851 1721 5891 uxor
1772 5846 1915 5891 uon'

1982 4718 2141 4774 nibus
2172 4719 2403 4790 teipsum
2431 4718 2662 4775 formam
2692 4722 2942 4791 praibeus
2964 4724 3229 4778 bonorum
3257 4741 3514 4798 operum;
3549 4750 3571 4787 ι

1985 4819 2163 4867 tamen
2196 4811 2436 4867 sciamus
2469 4831 2487 4863 ‹
2525 4812 2579 4867 in
2603 4814 2857 4869 omnibus
2888 4832 2906 4865 ι
2941 4814 3009 4870 ad
3038 4817 3316 4888 superiora
3344 4837 3466 4878 esse
3493 4839 3580 4882 re-

1982 4904 2285 4971 ferendum,
2319 4904 2372 4960 id
2402 4913 2516 4971 est,
2551 4925 2570 4958 ‹
2602 4904 2825 4960 hortare
2854 4913 2916 4961 ut
2940 4906 3122 4979 pudici
3164 4909 3273 4965 sint
3315 4910 3370 4968 in
3404 4910 3582 4973 omui-
3604 4968 3621 4979 _.

1982 4996 2104 5052 bus.
2147 5017 2166 5049 ι
2201 4994 2495 5052 Sciendum
2535 4994 2751 5069 quoque
2789 4999 2894 5056 hoc
2922 4977 3066 5073 quod
3096 5002 3433 5063 continentia
3468 4977 3613 5067 non.

1984 5085 2155 5142 solum
2196 5085 2250 5140 in
2280 5086 2462 5142 carnis
2518 5102 2683 5163 opere
2722 5097 2777 5144 et
2815 5089 2871 5145 in
2913 5091 3079 5147 animi
3117 5094 3577 5169 concupiscentia,

1984 5179 2077 5235 sed
2109 5177 2163 5233 in
2192 5176 2446 5234 omnibus
2474 5181 2638 5235 rebus
2666 5182 2971 5239 necessaria
2998 5182 3101 5252 sit,
3129 5201 3198 5242 ne
3224 5186 3459 5247 honores
3495 5191 3580 5247 in-

1986 5271 2196 5327 debitus
2223 5280 2573 5342 appetamus,
2599 5289 2669 5330 ne
2698 5275 3057 5334 accendamur
3085 5276 3314 5337 avaritia
3332 5323 3348 5350 ,
3375 5298 3445 5339 ne
3471 5284 3580 5341 ulla

1985 5364 2238 5436 passione
2260 5380 2599 5435 superemur.
2628 5387 2647 5419 ι
2672 5366 2947 5440 Teipsum,
2971 5370 3166 5443 inquit,
3187 5370 3420 5430 formam
3442 5392 3582 5448 pra:-

1984 5459 2120 5516 beus
2144 5460 2410 5519 bonorum
2434 5477 2679 5532 operum.
2706 5483 2726 5517 »
2754 5463 2899 5520 Nihil
2923 5466 3146 5537 prodest
3164 5467 3398 5541 aliquem
3423 5484 3581 5526 exer-

1985 5552 2212 5609 citatum
2257 5566 2377 5609 esse
2412 5553 2463 5608 in
2506 5555 2756 5623 dicendo,
2800 5563 2856 5611 et
2896 5559 2963 5613 ad
3000 5556 3330 5629 loquendum
3364 5559 3582 5618 trivisse

1985 5647 2260 5719 linguam,
2300 5649 2405 5705 nisi
2450 5649 2571 5721 plus
2611 5650 2858 5733 exemplo
2917 5652 3159 5711 docuerit
3201 5669 3362 5725 quam
3389 5652 3577 5713 verbo.

1986 5742 2231 5812 Denique
2253 5743 2342 5813 qui
2368 5743 2672 5815 impudicus
2686 5756 2784 5811 est,
2803 5748 3050 5817 quamvis
3070 5745 3305 5804 disertus
3325 5748 3413 5814 sit,
3440 5747 3485 5805 si
3511 5747 3583 5807 ad

1988 5834 2298 5891 castitatem
2327 5837 2609 5897 audientes
2634 5841 2971 5908 cohortetur,
2995 5856 3172 5896 sermo
3194 5840 3311 5907 eius
3333 5836 3582 5899 inﬁrmus
