3992 6338
201 469 307 524 681

661 505 663 507 ι
719 468 1269 528 ENARRATIONUM
1306 471 1375 527 IN
1415 471 1562 528 EPP.
1605 471 1812 528 PAULI
1849 470 1977 528 LIB.
2020 471 2187 528 XXV.
2228 505 2297 516 -—
2331 475 2400 530 IN
2435 475 2653 532 EPIST.
2693 477 2786 532 AD
2821 475 2955 532 TIT.

3340 461 3344 466 ’
3387 477 3494 533 osa

197 591 260 637 ct
299 581 354 635 in
389 579 690 636 minoribus
730 581 1025 651 judicatur.
1058 583 1176 640 Non
1211 587 1358 642 enim
1395 586 1450 642 id
1483 587 1628 657 quod
1656 585 1801 642 furto
1827 591 1874 649 Α
1903 585 2044 654 Quid
2074 588 2146 644 sit
2185 598 2366 645 autem
2408 589 2678 662 abnegare
2718 581 3085 663 impietatem,
3131 599 3188 648 et
3216 592 3495 648 saecularia

196 671 452 726 ablatum
483 680 590 738 est,
623 673 717 728 sed
740 688 894 730 mens
918 673 1154 732 furantis
1175 677 1488 734 attenditur.
1517 677 1802 746 Quomodo

198 766 256 818 in
296 763 660 820 fornicatione
697 774 754 820 et
780 766 1078 834 adulterio,
1117 783 1225 824 non
1251 770 1456 825 idcirco
1486 771 1698 826 diversa
1733 770 1804 825 sit

200 855 500 913 fornicatio
529 867 625 913 aut
649 857 996 927 adulterium,
1024 860 1070 916 si
1100 861 1325 932 pulchra
1343 902 1359 928 ,
1387 862 1474 917 vel
1499 863 1669 930 dives,
1706 865 1801 919 de-

201 951 434 1018 formis,
479 960 572 1008 aut
610 968 819 1024 pauper
861 954 934 1010 sit
978 957 1237 1012 meretrix
1264 957 1349 1014 vel
1384 959 1629 1015 adultera
1659 976 1674 1015 :
1706 961 1804 1017 sed

203 1042 602 1114 qualiscunque
626 1043 717 1098 illa
742 1043 936 1112 fuerit,
975 1062 1079 1101 una
1113 1056 1198 1103 est
1231 1048 1524 1106 fornicatio
1544 1051 1632 1107 vel
1657 1052 1804 1108 adul-

203 1134 408 1190 terium
436 1153 449 1188 :
483 1134 560 1189 ita
588 1141 646 1190 et
683 1135 740 1190 in
763 1134 929 1202 furto,
953 1146 1430 1211 quantumcunque
1455 1156 1647 1198 servus
1675 1143 1802 1199 abs-

205 1224 415 1289 tulerit,
450 1223 581 1280 furti
620 1226 828 1280 crimen
859 1227 1107 1284 incurrit.
1143 1229 1265 1285 Sint
1301 1232 1486 1304 itaque
1515 1232 1656 1290 servi
1682 1232 1803 1289 sub-

202 1318 306 1374 diti
329 1318 564 1374 dominis
587 1319 699 1375 suis
725 1320 778 1375 in
807 1320 1080 1390 omnibus,
1110 1323 1219 1378 sint
1240 1324 1638 1395 complacentes
1673 1342 1804 1382 cou-

203 1409 403 1467 ditioni
434 1425 578 1478 suae,
607 1418 669 1465 ut
693 1426 800 1467 non
829 1409 1010 1468 ferant
1049 1428 1240 1485 aspere
1285 1416 1601 1473 servitutem
1628 1457 1644 1483 ,
1693 1432 1802 1473 non

201 1502 586 1559 contradicant
618 1503 854 1560 dominis
873 1545 888 1570 ,
912 1519 1019 1560 non
1049 1504 1336 1574 furentur;
1367 1515 1420 1563 et
1453 1516 1575 1578 post
1600 1508 1717 1564 haac
1747 1509 1803 1563 in

203 1595 465 1651 omnibus
495 1595 658 1650 ﬁdem
684 1595 881 1651 bonam
907 1597 1215 1665 ostendant,
1253 1607 1314 1654 ut
1345 1600 1648 1656 doctrinam
1685 1597 1806 1654 Sal-

203 1689 418 1750 vatoris
447 1689 621 1744 nostri
657 1689 754 1744 Dei
789 1698 987 1746 ornent
1011 1691 1068 1746 in
1097 1692 1368 1748 omnibus.
1399 1692 1457 1749 Si
1487 1694 1634 1750 enim
1661 1695 1805 1765 apud

202 1779 456 1836 carnales
478 1780 728 1837 dominos
751 1781 805 1836 in
831 1781 1057 1838 minimo
1084 1783 1268 1840 ﬁdeles
1293 1783 1518 1850 fuerint,
1545 1785 1806 1855 incipient

202 1873 287 1928 eis
327 1873 467 1942 apud
501 1871 673 1927 Deum
706 1870 914 1941 majora
949 1875 1216 1930 committi
1247 1893 1260 1932 :
1289 1885 1452 1930 ornat
1489 1882 1671 1930 autem
1714 1875 1807 1931 do-

1902 677 2194 745 desideria,
2239 693 2309 735 ex
2355 695 2421 736 eo
2469 683 2613 751 quod
2641 697 2805 753 supra
2845 685 3225 754 exposuimus,
3269 703 3288 735 ‹
3325 685 3497 741 Deum

1903 770 2229 827 conﬁtentur
2257 787 2318 828 se
2345 773 2520 840 scire,
2552 773 2711 830 factis
2743 782 2925 830 autem
2957 783 3158 846 negant
3209 774 3336 846 (Tit.
3369 774 3435 847 ι),
3470 793 3494 830 ι

1904 861 2132 935 intelligi
2162 879 2321 935 posse
2351 865 2594 933 conﬁdo;
2624 875 2677 922 et
2696 883 2794 938 per
2816 869 3090 923 contraria
3116 869 3345 940 intelligi
3370 884 3499 925 eon-

1905 952 2093 1033 traria.
2124 952 2420 1010 Saecularia
2452 954 2616 1026 igitur
2642 955 2912 1012 desideria
2934 965 3090 1022 sunt,
3113 973 3234 1027 quae
3253 973 3285 1012 a
3313 957 3500 1014 mundi

1903 1046 2062 1102 istius
2087 1047 2335 1119 principe
2366 1058 2754 1119 suggeruntur,
2780 1058 2838 1107 et
2858 1065 2980 1106 cum
3012 1051 3120 1106 sint
3144 1049 3348 1116 saeculi,
3374 1065 3500 1106 cum

1904 1137 2091 1194 saeculi
2120 1138 2282 1210 hujus
2309 1142 2452 1196 nube
2481 1150 2901 1212 pertranseunt:
2932 1158 3031 1199 nos
3055 1151 3235 1200 autem
3257 1159 3382 1200 cum
3407 1159 3502 1214 pu-

1903 1230 2026 1286 dice
2053 1238 2110 1286 et
2132 1228 2297 1299 juste,
2321 1248 2424 1289 nec
2447 1248 2678 1304 corpore
2706 1235 2914 1290 scilicet
2938 1251 3039 1292 nec
3067 1245 3248 1292 mente
3268 1251 3503 1306 peccan-

1903 1330 2008 1387 tes,
2039 1323 2334 1380 vixerimus
2356 1325 2409 1380 in
2432 1324 2652 1382 Christo
2667 1367 2682 1393 ,
2703 1327 2792 1398 pie
2814 1344 3031 1400 quoque
3051 1329 3299 1385 vivemus
3319 1330 3374 1385 in
3398 1329 3503 1384 hoc

1905 1413 2135 1469 sarculo:
2157 1430 2277 1485 quae
2296 1417 2472 1486 pietas
2497 1427 2778 1488 exspectat
2797 1420 3015 1475 beatam
3033 1435 3205 1490 spem,
3229 1427 3284 1475 et
3305 1420 3500 1474 adven-

1905 1511 2022 1557 tum
2045 1502 2232 1574 gloriae
2251 1506 2433 1578 magni
2457 1507 2554 1562 Dei
2578 1517 2633 1562 et
2662 1507 2963 1564 Salvatoris
2991 1511 3164 1566 nostri
3185 1509 3315 1566 Jesu
3340 1508 3503 1564 Chri-

1907 1593 1996 1650 sti.
2031 1594 2186 1651 Sicut
2211 1596 2355 1652 enim
2383 1596 2633 1668 impietas
2660 1599 2978 1656 reformidat
3002 1602 3299 1656 adventum
3322 1601 3502 1672 magni

1909 1685 2024 1752 Dei,
2054 1685 2130 1741 ita
2178 1702 2370 1744 secura
2419 1689 2484 1744 de
2513 1705 2678 1760 opere
2707 1706 2808 1747 suo
2837 1701 2895 1746 et
2924 1692 2991 1747 de
3018 1691 3302 1748 ﬁde.illum
3328 1693 3506 1763 pietas

1906 1778 2272 1849 praestolatur.
2304 1778 2406 1836 Ubi
2442 1791 2527 1838 est
2570 1798 2796 1854 serpens
2835 1783 3030 1850 Arius,
3077 1783 3170 1838 ubi
3209 1783 3509 1839 Eunomius

1908 1872 2170 1928 coluber?
2193 1873 2418 1959 Magnus
2447 1875 2592 1932 Deus
2617 1875 2775 1933 Jesus
2805 1876 3054 1932 Christus
3083 1875 3334 1932 Salvator
3367 1874 3507 1930 dici-

203 1965 446 2022 ctrinam
505 1965 742 2031 domini,
785 1966 877 2036 qui
927 1981 990 2023 ea
1039 1983 1158 2037 quae
1199 1968 1494 2023 conditioni
1533 1984 1646 2024 sum
1678 1977 1804 2039 apta
1832 1975 1881 2036 Β
1909 1971 2018 2030 tur,
2049 1979 2157 2020 non
2190 1965 2585 2036 primogenitus
2611 1969 2790 2025 omnis
2809 1977 3107 2036 creaturae,
3139 1985 3245 2026 non
3268 1969 3508 2024 Verbum

205 2067 356 2124 sunt,
389 2057 537 2113 facit.
564 2056 637 2112 Ut
658 2072 691 2112 e
723 2056 940 2114 diverso
970 2057 1252 2114 confundit
1276 2073 1399 2115 eam
1419 2098 1433 2125 ,
1458 2058 1550 2128 qui
1579 2072 1690 2113 non
1721 2065 1805 2114 est

203 2149 486 2220 subjectus
507 2149 562 2204 in
583 2148 852 2216 omnibus,
884 2147 970 2206 cui
1011 2149 1248 2206 conditio
1277 2166 1373 2204 sua
1406 2149 1678 2220 displicet,
1710 2150 1802 2219 qui

203 2240 580 2298 contradictor
627 2247 790 2310 atque
819 2237 1131 2307 fraudator,
1164 2241 1221 2295 in
1245 2239 1391 2295 nullo
1415 2240 1575 2296 ﬁdem
1607 2241 1806 2296 bonam

206 2333 468 2389 ostendit.
488 2330 768 2399 Quomodo
780 2331 925 2387 enim
943 2341 1124 2403 potest
1143 2331 1317 2389 ﬁdelis
1335 2348 1456 2389 esse
1478 2334 1533 2388 in
1547 2333 1806 2390 substan-

207 2429 283 2482 tia
311 2427 432 2493 Dei,
447 2427 538 2496 qui
563 2426 769 2481 carnali
784 2426 1002 2482 domino
1017 2426 1176 2482 ﬁdem
1197 2428 1456 2483 exhibere
1478 2442 1585 2484 non
1599 2426 1806 2499 potuit?

289 2538 309 2571 ι
347 2518 615 2590 Apparuit
649 2528 830 2574 autem
867 2519 1045 2590 gratia
1080 2518 1177 2574 Dei
1214 2518 1515 2575 Salvatoris
1555 2519 1808 2575 omnibus

211 2630 229 2660 ι
270 2608 902 2674 hominibus,'erudiens
931 2624 1063 2674 nos,
1098 2619 1156 2662 ut
1187 2607 1518 2679 abnegantes
1559 2609 1809 2678 impieta-

214 2719 234 2752 ι
272 2709 388 2756 tem
428 2712 484 2755 et
512 2699 790 2755 saecularia
811 2699 1100 2764 desideria,
1127 2699 1326 2765 sobrie,
1346 2699 1512 2770 juste,
1540 2707 1595 2754 et
1621 2699 1709 2769 pie
1728 2699 1810 2754 vi-

212 2811 232 2844 ι
265 2807 466 2847 vamus
481 2792 534 2846 in
558 2793 662 2846 hoc
685 2789 902 2858 saeculo,
928 2798 1304 2860 exspectantes
1322 2791 1536 2845 beatam
1559 2805 1735 2860 spem,
1756 2799 1812 2846 et

209 2904 231 2938 ι
268 2886 563 2940 adventum
595 2884 780 2952 gloria:
813 2884 997 2954 magni
1040 2884 1136 2938 Dei
1187 2892 1243 2939 et
1282 2882 1584 2940 Salvatoris
1635 2883 1810 2940 nostri

211 2998 232 3030 ι
272 2976 403 3033 Jesu
430 2975 630 3032 Christi
662 2993 676 3031 :
709 2975 802 3045 qui
833 2976 983 3031 dedit
1004 2975 1354 3044 semetipsum
1381 2990 1482 3046 pro
1507 2974 1665 3030 nobis
1688 3015 1704 3041 ,
1753 2981 1812 3030 ut

213 3087 234 3120 ι
269 3069 513 3138 eriperet
545 3083 644 3123 nos
681 3066 750 3122 ab
782 3067 930 3122 omni
961 3066 1276 3136 iniquitate,
1307 3075 1364 3122 et
1391 3067 1679 3122 mundaret
1708 3066 1812 3122 sibi

214 3180 233 3212 ι
268 3160 530 3232 populum
554 3159 964 3230 acceptabilem,
989 3159 1360 3216 aemulatorem
1388 3161 1657 3216 bonorum
1685 3175 1813 3231 ope-

214 3269 235 3302 ι
275 3265 421 3304 rum.
459 3269 479 3302 ι
515 3247 742 3320 (Arnim)
773 3246 942 3315 Talis,
970 3249 1164 3318 inquit,
1191 3257 1276 3304 est
1299 3265 1443 3304 nunc
1468 3250 1664 3321 gratia,
1693 3265 1813 3320 qua:

1905 2055 1999 2110 Dei
2031 2065 2086 2112 et
2127 2057 2391 2126 sapientia
2412 2099 2426 2124 ,
2480 2059 2574 2114 sed
2600 2057 2758 2116 Jesus
2787 2059 3071 2126 Christus,
3103 2069 3161 2115 et
3187 2075 3308 2128 qute
3340 2073 3510 2114 voca-

1904 2148 2029 2203 bula
2053 2150 2317 2220 assumpti
2343 2151 2584 2206 hominis
2605 2161 2750 2207 sunt.
2776 2151 2964 2222 Neque
2983 2167 3116 2208 vero
3136 2151 3300 2206 alium
3324 2150 3510 2208 Jesum

1905 2240 2181 2296 Christum
2207 2283 2222 2308 ,
2273 2241 2439 2297 alium
2466 2243 2704 2300 Verbum
2732 2243 2994 2312 dicimus,
3024 2254 3086 2298 ut
3114 2259 3254 2300 nova
3283 2244 3508 2300 haeresis

1905 2331 2301 2399 calumniatur,
2352 2333 2449 2389 sed
2487 2335 2736 2390 eumdem
2775 2344 2832 2390 et
2871 2344 2996 2390 ante
3027 2335 3257 2401 saecula,
3291 2343 3348 2389 et
3385 2341 3511 2404 post

1907 2422 2104 2478 saecula
2131 2463 2146 2488 ,
2189 2431 2247 2478 et
2286 2431 2413 2478 ante
2443 2425 2736 2490 mundum,
2767 2433 2825 2480 et
2865 2435 2990 2495 post
3028 2417 3275 2490 Mariam,
3304 2424 3415 2478 imo
3437 2438 3509 2478 ex

1907 2512 2099 2579 Maria,
2143 2529 2398 2586 magnum
2438 2514 2609 2571 Deum
2649 2513 2983 2587 appellamus
3020 2513 3364 2570 Salvatorem
3409 2527 3509 2569 no-

1907 2615 2081 2662 strum
2119 2606 2305 2663 Iesum
2359 2607 2658 2675 Christum,
2707 2609 2800 2679 qdi
2839 2608 2988 2664 dedit
3017 2609 3255 2678 seipsum
3283 2622 3386 2677 pro
3405 2621 3508 2662 no—

1907 2695 2011 2763 bis,
2041 2706 2099 2752 ut
2118 2698 2359 2767 pretioso
2382 2700 2644 2772 sanguine
2675 2715 2773 2755 suo
2799 2715 2898 2756 nos
2941 2701 3233 2755 redimeret
3270 2700 3339 2754 ab
3362 2698 3511 2755 omni

1909 2787 2196 2858 iniquitate
2223 2798 2277 2845 et
2303 2790 2588 2845 mundaret
2613 2791 2716 2847 sibi
2754 2790 3012 2862 populum
3055 2793 3344 2847 περιούσιον
3364 2830 3378 2855 ,
3411 2789 3514 2860 (ita

1911 2879 2111 2949 quippe
2143 2879 2376 2936 habetur
2435 2881 2490 2934 in
2521 2879 2733 2951 Graeco)
2787 2889 2841 2936 et
2874 2882 3140 2936 bonorum
3173 2895 3397 2949 operum
3427 2879 3510 2934 fa-

1912 2980 2061 3027 ceret
2110 2971 2520 3037 {remulatorem.
2581 2972 2749 3028 Recte
2798 2972 2962 3044 igitur
3008 2971 3263 3028 Christus
3312 2969 3505 3037 Jesus,

1912 3079 2142 3134 magnus
2171 3065 2314 3121 Deus
2359 3073 2547 3121 noster
2594 3073 2759 3137 atque
2801 3063 3086 3132 Salvator,
3133 3065 3364 3121 redemit
3413 3079 3514 3119 nos

1915 3157 2179 3227 sanguine
2205 3172 2304 3212 suo
2324 3198 2339 3223 ,
2368 3166 2429 3212 ut
2457 3157 2559 3213 sibi
2587 3157 2958 3214 Christianum
2989 3157 3244 3228 populum
3274 3155 3514 3229 peculia-

1917 3264 2032 3304 rem
2057 3249 2287 3317 faceret,
2318 3251 2412 3322 qui
2445 3251 2738 3322 peculiaris
2773 3266 2894 3308 esse
2925 3260 3053 3308 tunc
3078 3260 3294 3323 posset,
3336 3251 3383 3307 si
3418 3252 3516 3306 bo—

207 3359 311 3414 per
335 3341 615 3398 Christum
635 3341 900 3412 apparuit,
920 3356 1040 3410 qua:
1059 3341 1311 3396 omnibus
1330 3349 1415 3396 est
1437 3341 1724 3408 discenda;
1754 3350 1817 3396 ut
1842 3352 1888 3417 ρ
1917 3358 2112 3397 norum
2154 3357 2379 3414 operum
2418 3343 2702 3400 temulator
2749 3345 3024 3401 existeret.
3092 3344 3244 3400 Unde
3286 3352 3344 3400 et
3384 3344 3514 3398 illud

211 3438 553 3508 impietatem
573 3443 628 3491 et
646 3435 992 3505 pravitatem,
1019 3435 1370 3505 cupiditatem
1389 3443 1446 3490 et
1473 3434 1810 3506 injustitiam,

215 3530 490 3602 fugientes
499 3527 666 3582 vitam
681 3533 1003 3597 praesentem
1028 3526 1390 3598 transigamus
1409 3532 1464 3580 et
1483 3525 1736 3597 pudicam
1757 3533 1815 3581 et

212 3629 427 3678 castam
458 3620 625 3674 vitam
645 3626 890 3675 nostram
915 3633 1013 3688 per
1033 3617 1216 3672 omnia
1242 3618 1675 3674 demonstremus
1702 3637 1714 3672 :
1737 3618 1813 3673 ita

213 3721 276 3767 ut
307 3720 506 3768 statum
541 3712 785 3766 futurum
809 3725 970 3779 quem
995 3715 1394 3780 exspectamus,
1421 3719 1584 3778 prout
1611 3716 1811 3779 potest,

211 3819 363 3860 nunc
389 3801 666 3858 infamati
702 3800 904 3856 imitari
939 3800 1253 3867 videamur,
1291 3801 1510 3870 quando
1533 3810 1814 3871 exspecta-

213 3913 340 3952 mus
365 3896 536 3951 Deum
565 3903 622 3950 et
648 3907 990 3950 communem
1015 3903 1262 3948 nostrum
1287 3890 1624 3947 Salvatorem
1652 3891 1812 3947 Chri-

212 3999 392 4054 stum,
435 3988 528 4059 qui
559 3987 840 4058 apparebit
870 3987 924 4041 in
955 3985 1227 4041 communi
1255 3983 1509 4040 omnibus
1537 3982 1695 4038 nobis
1723 3983 1816 4038 be-

214 4082 412 4138 neﬁcia
443 4088 734 4151 przestans;
767 4080 894 4149 quia
934 4080 1004 4134 ob
1047 4078 1192 4133 hanc
1237 4077 1411 4148 ipsam
1454 4091 1676 4132 causam
1716 4090 1816 4147 pro

215 4175 376 4232 nobis
395 4174 512 4246 pati
539 4173 746 4241 maluit,
776 4181 836 4228 ut
871 4188 970 4228 nos
997 4172 1066 4227 ab
1091 4171 1238 4227 omni
1267 4171 1503 4242 eriperet
1524 4170 1813 4241 pravitate,

214 4280 270 4324 et
295 4269 579 4340 proprium
605 4267 708 4323 sibi
736 4266 993 4338 populum
1020 4266 1345 4337 acquireret,
1370 4264 1464 4335 qui
1490 4263 1648 4319 bonis
1674 4277 1817 4319 sem-

213 4377 316 4433 per
350 4361 423 4416 sit
461 4359 717 4431 operibus
761 4359 1038 4429 praeditus.
1088 4356 1289 4428 (Hien)
1339 4357 1470 4412 Post
1511 4355 1817 4426 catalogum

215 4453 479 4508 doctrinae
505 4449 572 4506 ad
602 4450 804 4517 Titum,
830 4449 960 4520 quid
987 4465 1166 4517 senes,
1189 4449 1318 4520 quid
1345 4464 1502 4515 anus,
1534 4449 1664 4519 quid
1689 4447 1818 4503 ado-

213 4543 552 4600 lescentulas
603 4551 659 4598 et
699 4542 946 4613 juvenes,
994 4541 1124 4613 quid
1169 4540 1236 4595 ad
1289 4550 1591 4596 extremum
1629 4555 1819 4595 servos

213 4637 441 4694 erudire
487 4637 741 4704 deberet,
787 4645 936 4693 recte
970 4652 1114 4692 nunc
1152 4635 1334 4692 intulit
1363 4655 1376 4690 :
1419 4655 1436 4688 t
1470 4636 1650 4691 llluxit
1672 4637 1816 4690 enim

1918 3435 2063 3504 quod
2121 3435 2174 3488 in
2220 3423 2514 3506 Evangelio
2564 3436 2862 3492 secundum
2914 3436 3136 3491 Latinos
3185 3436 3513 3506 interpretes

1916 3525 2178 3595 scriptum
2199 3534 2313 3581 est:
2337 3544 2355 3576 ι
2377 3525 2579 3582 Panem
2605 3536 2850 3584 nostrum
2871 3527 3248 3598 quotidianum
3269 3528 3338 3582 da
3360 3528 3518 3583 nobis

1916 3615 2098 3682 hodie,
2129 3634 2149 3669 ι
2181 3616 2378 3672 melius
2408 3618 2460 3672 in
2491 3617 2682 3674 Graeco
2717 3620 2948 3674 habetur
2975 3639 2993 3670 ι
3024 3633 3218 3688 panem
3267 3627 3516 3674 nostrum

1917 3711 2201 3775 ἐπιούσιον,
2223 3728 2243 3762 ι
2277 3709 2333 3765 id
2361 3717 2444 3765 est
2473 3712 2824 3781 praecipuum,
2849 3709 3515 3782 egregium,peculiarem,

1916 3814 2040 3855 eum
2071 3800 2351 3866 videlicet,
2392 3801 2486 3870 qui
2531 3801 2599 3856 de
2629 3801 2769 3857 cualo
2805 3801 3138 3856 descendens
3184 3800 3260 3853 ait
3293 3817 3304 3852 :
3343 3819 3362 3852 ι
3403 3799 3517 3869 Ego

1917 3908 2038 3950 sum
2070 3893 2228 3964 panis
2267 3894 2361 3963 qui
2406 3894 2472 3950 de
2509 3895 2649 3951 uelo
2676 3895 2931 3950 descendi
2968 3893 3152 3966 (Joan.
3186 3896 3286 3964 γι).
3312 3915 3330 3947 ι
3363 3895 3520 3950 Absit

1917 3985 2118 4055 quippe
2141 3995 2200 4039 ut
2227 3999 2327 4040 nos
2349 3985 2443 4054 qui
2467 3985 2521 4039 in
2546 3987 2846 4040 crastinum
2871 3986 3114 4058 cogitare
3142 3987 3514 4056 prohibemur,

1919 4075 1986 4131 de
2007 4091 2148 4145 pane
2168 4075 2272 4131 isto
2293 4075 2386 4146 qui
2406 4085 2530 4146 post
2548 4076 2826 4146 paululum
2849 4078 3268 4146 eoncoquendus
3307 4086 3363 4133 et
3383 4076 3518 4145 abji-

1919 4169 2145 4224 ciendus
2173 4177 2258 4224 est
2285 4168 2341 4223 in
2367 4184 2664 4236 secessum,
2713 4169 2766 4224 in
2812 4185 2972 4241 prece
3010 4169 3290 4224 Dominica
3321 4184 3516 4240 rogare

1913 4261 2227 4333 jubeamur.
2275 4260 2388 4317 Nec
2438 4261 2668 4319 multum
2710 4263 2894 4320 diﬁ‘ert
2949 4265 3094 4322 inter
3153 4267 3410 4322 ἓπιούσιον
3459 4274 3516 4319 ct

1919 4353 2213 4428 περιούσιον
2239 4371 2251 4406 :
2275 4354 2584 4423 praepositio
2605 4355 2750 4411 enim
2781 4357 3152 4413 tantummodo
3174 4365 3259 4412 est
3286 4365 3516 4422 mutata,

1921 4457 2028 4498 non
2055 4445 2300 4499 verbum.
2327 4443 2557 4511 Quidam
2589 4449 2846 4504 ἐπιούσιον
2873 4449 3146 4504 aestimant
3177 4449 3232 4502 in
3268 4450 3516 4503 oratione

1923 4532 2222 4599 Dozuinica,
2258 4550 2452 4606 panem
2480 4537 2682 4593 dictum
2704 4579 2718 4604 ,
2745 4539 2893 4609 quod
2923 4552 3086 4608 super
3117 4553 3307 4592 omnes
3337 4540 3518 4598 οὐσίας

1923 4627 2014 4692 sit,
2054 4627 2157 4684 hoc
2187 4637 2270 4683 est
2295 4644 2459 4700 super
2483 4631 2769 4686 universas
2796 4631 3159 4695 substantias;
3185 4631 3328 4700 quod
3357 4630 3401 4683 si
3429 4645 3518 4684 ac-

216 4733 399 4804 gratia
429 4731 527 4787 Dei
568 4729 866 4788 Salvatoris
891 4731 1143 4787 omnibus
1170 4729 1502 4787 hominibus.
1538 4749 1557 4782 ι
1593 4728 1709 4784 Νοη
1739 4737 1822 4784 est
1846 4717 1902 4778 D
1926 4719 2143 4790 cipitur,
2175 4736 2281 4776 non
2308 4722 2538 4776 multum
2567 4723 2636 4777 ab
2661 4739 2725 4778 eo
2749 4737 2909 4778 sensu
2941 4720 3141 4786 differt,
3166 4737 3326 4790 quem
3352 4737 3518 4792 expo-

216 4825 370 4879 enim
397 4823 578 4894 aliqua
609 4823 915 4880 differentia
933 4823 1090 4880 liberi
1135 4833 1190 4879 et
1235 4824 1397 4888 servi,
1423 4822 1596 4879 Graeci
1619 4831 1673 4877 et
1695 4821 1825 4878 Bar-

1923 4809 2442 4881 suimuszquidquid
2469 4812 2612 4867 enim
2649 4811 2926 4882 egregium
2957 4819 3044 4866 est
3077 4821 3132 4864 et
3157 4811 3514 4882 praecipuum,

216 4917 338 4972 hari
359 4958 373 4981 ,
405 4917 714 4973 circumcisi
744 4925 800 4972 et
837 4916 1086 4973 habentis
1111 4917 1465 4988 prazputium,
1498 4916 1741 4972 mulieris
1769 4925 1826 4972 et
1922 4912 2077 4960 extra
2114 4905 2296 4960 omnia
2322 4913 2406 4961 εει
2436 4914 2491 4961 ει
2516 4921 2681 4977 super
2708 4905 2910 4960 0mm“-

216 5010 324 5064 viri
365 5027 379 5064 :
414 5011 510 5066 sed
544 5011 725 5066 cuncti
759 5011 813 5065 in
841 5009 1060 5066 Christo
1101 5027 1269 5066 unum
1313 5027 1537 5077 sumus,
1582 5011 1821 5067 universi

215 5101 290 5156 ad
319 5101 420 5157 Dei
455 5117 681 5174 regnum
708 5118 990 5171 vocamur,
1017 5119 1208 5161 omnes
1235 5114 1358 5175 post
1383 5103 1645 5161 offensam
1671 5104 1821 5160 Patri

205 5204 418 5250 'nostro
448 5196 833 5252 reconciliandi
873 5213 1090 5265 sumus;
1122 5214 1228 5255 non
1256 5214 1357 5269 per
1384 5199 1578 5254 merita
1611 5211 1819 5265 nostra,

215 5287 318 5344 sed
347 5303 446 5358 per
472 5289 702 5360 gratiam
739 5287 1070 5355 Salvatoris,
1115 5290 1200 5346 vel
1243 5292 1385 5360 quod
1416 5291 1509 5348 Dei
1538 5291 1714 5347 Patris
1743 5292 1821 5348 vi-

211 5392 378 5442 vens,
415 5386 471 5432 et
504 5378 808 5434 subsistens
831 5379 1003 5447 gratia
1031 5378 1145 5448 ipse
1172 5379 1242 5434 sit
1264 5378 1532 5445 Christus,
1565 5381 1648 5435 vel
1678 5381 1820 5452 quod

212 5469 429 5525 Christi
455 5468 553 5525 Dei
582 5469 882 5525 Salvatoris
907 5471 1022 5526 haec
1049 5471 1122 5526 sit
1150 5472 1326 5542 gratia
1344 5512 1358 5538 ,
1403 5481 1460 5527 et
1488 5487 1595 5527 non
1636 5479 1822 5528 nostro

211 5559 424 5616 merito
453 5560 646 5616 salvati
692 5561 892 5626 simus,
938 5561 1236 5616 secundum
1277 5560 1408 5616 illud
1446 5563 1592 5632 quod
1628 5563 1680 5618 in
1712 5563 1820 5617 alio

211 5665 346 5708 .oco
368 5650 609 5706 dicitur:
645 5670 663 5703 ι
695 5651 801 5707 Pro
829 5651 998 5707 nihilo
1034 5651 1270 5708 salvabis
1312 5667 1406 5708 eos
1432 5649 1606 5725 (Psal.
1639 5653 1758 5726 LV);
1797 5675 1815 5705 ι

212 5757 349 5814 qua
377 5743 556 5814 gratia
581 5743 834 5800 omnibus
853 5743 1162 5800 hominibus
1187 5743 1310 5800 ideo
1335 5743 1528 5809 illuxit,
1558 5761 1577 5796 ι
1612 5754 1674 5798 ut
1697 5760 1822 5798 eru-

213 5837 371 5893 diret
417 5853 517 5893 nos
553 5839 886 5910 almcgantes
914 5839 1244 5911 impietatem
1284 5848 1339 5894 et
1369 5839 1651 5896 saecularia
1682 5839 1821 5896 desi-

213 5927 410 5996 deria,
440 5931 636 6001 pudice
663 5937 719 5985 et
741 5929 884 5999 juste
911 5939 966 5987 et
991 5931 1078 6001 pie
1101 5933 1283 5989 vivere
1317 5933 1368 5988 in
1403 5931 1506 5989 hoc
1540 5931 1756 5988 saeculo.
1797 5952 1812 5983 ι

635 6020 909 6104 Ριτιιᾳι..
957 6019 1150 6085 CXII.

2000 5016 2019 5049 ι
2049 4997 2178 5054 Haec
2211 4998 2430 5070 loquere
2459 5008 2516 5054 et
2543 5000 2859 5062 exhortare,
2892 5006 2947 5054 et
2973 4997 3190 5068 increpa
3215 5012 3337 5052 cum
3367 4998 3515 5052 omni

1928 5110 1947 5144 ι
1979 5092 2226 5163 imperio.
2249 5113 2268 5146 ι
2296 5092 2498 5165 (Ilion)
2519 5093 2646 5148 Tria
2667 5091 2850 5163 posuit
2878 5111 2897 5144 ι
2926 5091 3168 5162 loquere,
3195 5092 3514 5157 exhortare,

1921 5182 2143 5254 increpa
2177 5199 2192 5238 :
2229 5204 2247 5236 ι
2279 5193 2334 5240 et
2368 5185 2589 5255 quidem
2624 5184 2680 5239 in
2708 5199 2774 5240 eo
2800 5185 2942 5256 quod
2968 5185 3046 5240 ait
3090 5203 3109 5236 ι
3141 5184 3364 5256 loquere
3394 5203 3413 5236 ι
3448 5183 3516 5238 ad

1919 5275 2224 5332 doctrinam
2253 5277 2470 5332 videtur
2496 5292 2616 5334 esse
2638 5276 3012 5344 referendum;
3043 5279 3188 5348 quod
3218 5291 3347 5332 vero
3373 5276 3518 5330 intu-

1919 5368 1982 5422 lit
2011 5390 2028 5419 ι
2063 5369 2378 5435 cxbortare,
2414 5388 2433 5421 ι
2468 5369 2522 5425 id
2547 5379 2656 5436 est,
2684 5370 2966 5445 παρακάλει
2987 5409 3003 5436 ,
3050 5366 3197 5422 aliud
3243 5366 3514 5437 quoddam

1920 5462 1974 5516 in
2023 5460 2214 5518 Grzeco
2287 5462 2557 5535 signiﬁcat
2605 5479 2770 5534 quam
2819 5465 2875 5519 in
2920 5462 3144 5527 Latino;
3192 5459 3519 5534 παράκλησις

1926 5555 2124 5626 quippe
2152 5557 2326 5628 magis
2351 5555 2758 5612 consolationem
2790 5571 2956 5627 quam
2983 5554 3396 5610 exhortationem
3429 5566 3518 5606 so-

1929 5657 2042 5704 nat.
2065 5648 2180 5704 Hoc
2201 5649 2426 5704 verbum
2441 5658 2497 5704 et
2517 5651 2766 5721 superius
2790 5649 2856 5705 de
2877 5644 3312 5705 adolescentibus
3335 5652 3419 5698 est
3439 5642 3517 5696 lo-

1925 5750 2084 5798 cutus
2111 5759 2125 5795 :
2163 5759 2183 5792 ι
2204 5739 2436 5798 Iuvenes
2469 5741 2719 5797 similiter
2743 5740 3048 5804 consolare,
3063 5737 3287 5810 pudicos
3315 5748 3435 5788 esse
3459 5733 3512 5786 in

1928 5835 2230 5899 omnibus,»
2265 5835 2330 5892 de
2357 5851 2464 5906 quo
2488 5853 2586 5892 nos
2607 5837 2659 5890 in
2684 5851 2782 5890 suo
2811 5834 2930 5889 loco
2957 5834 3032 5912 ita
3057 5839 3118 5886 ut
3142 5830 3194 5884 in
3217 5828 3411 5882 Latino
3439 5826 3516 5880 lc-

1930 5927 2074 5997 gitur
2112 5927 2268 5998 quasi
2307 5929 2586 5983 exhortare
2629 5928 2891 5998 scriptum
2933 5941 3086 5989 esse,
3126 5919 3513 5993 expressimus.

3036 6018 3117 6078 22
