3992 6338
313 304 427 369 683

811 302 1363 370 musmonem
1394 311 1464 369 1N
1499 312 1649 370 app.
1689 311 1898 374 PAULI
1926 314 2058 374 ue.
2097 309 2266 380 xxv.
2288 306 2378 365 '—
2410 320 2483 379 1N
2515 320 2732 382 EPIST.
2768 326 2863 382 AD
2894 324 3026 384 'rrr.

3462 328 3570 389 686

309 431 491 491 verat,
513 430 575 481 ut
603 423 766 481 etiam
789 424 1187 483 Pharisaiorum
1210 436 1267 485 et
1304 429 1529 485 multam
1550 438 1760 500 partem
1797 445 1896 502 po-
1919 436 1976 498 Α
1998 433 2087 490 lon
2124 437 2449 498 novissimus
2476 439 2618 498 filius
2662 438 2794 508 Liae,
2821 452 2876 498 et
2919 443 3239 499 ancillarum
3285 443 3465 512 liberi.
3513 445 3573 504 in

306 515 429 588 puli
448 516 817 583 conturbaret,
842 517 915 572 ita
935 524 995 572 ut
1017 519 1085 574 ad
1110 519 1396 575 Dominum
1412 534 1627 591 quoque
1650 528 1895 576 nostrum

306 602 610 662 referretur
624 607 738 663 haec
764 608 1019 678 quaestio:
1053 626 1073 660 ί
1092 607 1244 664 Licet
1273 608 1471 664 Caesari
1490 602 1619 664 dare
1636 610 1894 664 tributum

306 691 497 756 athon
522 701 547 756 Y
578 719 598 755 ι
638 700 852 774 (Matth.
885 717 996 757 xm
1022 720 1037 769 ;
1080 701 1251 757 Marc.
1280 702 1359 775 ι.)
1400 702 1608 771 Quibus
1636 691 1918 759 Dominus‘

305 791 609 862 prudenter
635 802 899 866 cauteque
929 794 1278 865 reSpondens,
1308 797 1419 849 ait:
1453 811 1472 845 ι
1510 794 1736 850 Reddite
1775 808 1896 865 qua

306 893 441 939 sunt
487 884 718 942 Caesaris
763 884 982 951 Caesari,
1015 892 1070 940 et
1113 900 1232 957 quae
1276 893 1405 941 sunt
1434 885 1528 941 Dei
1556 887 1685 942 Deo.
1725 905 1745 939 ι
1794 884 1895 942 Cal

304 976 652 1046 responsioni
678 973 876 1031 Paulus
900 976 1190 1048 Apostolus
1214 992 1518 1050 congruens
1543 980 1722 1045 docet,
1745 980 1895 1049 prin-

302 1069 579 1139 cipatibus
616 1078 672 1126 et
718 1070 1073 1141 potestatibus
1094 1072 1380 1129 credentes
1402 1073 1602 1129 debere
1622 1088 1746 1130 esse
1767 1073 1896 1128 sub—

294 1161 512 1231 jectos:
547 1165 718 1241 ἁρχσιὶ
743 1163 940 1235 quippe
967 1180 1087 1235 qua:
1124 1163 1379 1236 leguntur
1402 1163 1460 1220 in
1489 1163 1680 1221 Graeco
1719 1165 1893 1233 magis

302 1255 645 1326 principatus
668 1270 831 1329 quam
860 1255 1141 1336 principes.
1160 1264 1378 1323 sonant,
1422 1265 1479 1313 et
1521 1257 1693 1328 ipsam
1725 1257 1892 1326 signi-

304 1347 478 1405 ﬁcant
525 1358 886 1421 potestatem,
942 1364 1049 1406 non
1084 1367 1180 1407 eos
1224 1351 1319 1422 qui
1354 1351 1411 1406 in
1455 1359 1723 1423 p0testate
1767 1358 1894 1406 sunt

300 1442 577 1499 homines.
608 1442 716 1498 Sed
759 1443 887 1514 quia
917 1444 1152 1511 dixerat,
1192 1462 1211 1496 ι
1245 1444 1479 1500 admone
1521 1442 1644 1501 illos
1686 1444 1891 1514 princi-

300 1534 527 1606 patibus
550 1543 607 1590 et
624 1536 981 1606 potestatibus
1010 1536 1258 1593 subditos
1304 1552 1447 1603 esse,
1479 1554 1499 1589 ›
1550 1545 1763 1608 poterat
1805 1535 1892 1591 bis

299 1627 399 1698 qui
444 1635 711 1684 tormenta
744 1626 1036 1684 formidant
1063 1629 1275 1686 occasio
1304 1630 1371 1685 ad
1402 1629 1704 1705 negandum
1747 1628 1886 1695 dari,

297 1719 433 1774 dum
469 1717 625 1789 juxta
650 1718 890 1790 Apostoll
915 1721 1118 1776 dictum
1148 1737 1206 1777 se
1242 1729 1548 1778 assererent
1576 1721 1891 1797 principati-

1998 535 2179 582 monte
2204 528 2371 588 Hebe!
2394 539 2687 601 ponuntur,
2716 543 2777 589 ut
2807 532 3134 589 maledicunt
3151 535 3240 593 eis
3280 534 3375 605 qui
3407 534 3551 592 male

1997 617 2230 676 dictione
2247 630 2372 676 sunt
2388 624 2534 693 digni
2556 624 2735 697 (Deut.
2756 625 2951 699 xxvii).
2976 626 3217 698 Longum
3238 628 3393 684 estsi
3423 642 3568 685 nunc

1995 721 2303 765 enumerem
2348 715 2618 781 quomodo
2658 712 2846 783 Iacob,
2884 717 2976 787 qui
3029 716 3097 771 ad
3138 717 3572 774 benedictionem

1994 810 2280 856 vocaverat
2300 802 2437 859 ﬁlios
2449 804 2602 877 (Gen.
2617 806 2968 871 xrtujdieeus
2992 827 3004 863 :
3026 827 3047 860 ε
3067 816 3127 864 ut
3142 808 3459 864 benedicam
3478 824 3569 864 vo-

1993 892 2100 960 bis,
2121 912 2139 949 ι
2164 902 2349 963 postea
2371 895 2527 965 quasi
2548 896 2597 949 ir
2616 897 2997 957 benedictione
3017 900 3314 966 consociet,
3340 918 3362 952 ι
3400 900 3571 954 male:

1994 987 2171 1043 dictus
2189 987 2342 1044 [uror
2360 1000 2570 1055 eorum,
2595 990 2723 1059 quia
2758 1005 2978 1063 procax,
3018 1010 3037 1044 ι
3075 998 3132 1046 et
3154 992 3270 1062 ipse
3305 991 3570 1048 Dominus

1994 1080 2245 1151 loquatur
2284 1081 2338 1137 in
2382 1080 2617 1138 Genesi:
2655 1101 2675 1134 r
2725 1082 3008 1141 Maledicta
3034 1092 3178 1141 terra
3210 1086 3267 1141 in
3312 1085 3570 1157 operibus

1993 1173 2102 1228 tuis
2134 1172 2285 1246 (Gen.
2312 1172 2417 1246 ut).
2458 1194 2477 1226 ι
2512 1173 2628 1230 Hoc
2651 1190 2795 1230 nunc
2825 1184 3033 1230 tantum
3062 1176 3264 1232 dixisse
3312 1176 3562 1244 subiciat,

1992 1265 2134 1337 quod
2174 1264 2549 1337 blasphemare
2596 1266 2799 1322 Christi
2831 1268 3121 1339 discipulos
3167 1284 3279 1325 non
3321 1278 3566 1341 oportet;

1990 1373 2094 1415 nec
2138 1358 2281 1429 quod
2309 1356 2526 1415 additur
2554 1378 2573 1411 ι
2604 1372 2724 1414 esse
2752 1359 3014 1430 litigiosos
3044 1380 3064 1413 ι
3100 1376 3204 1417 nos
3244 1370 3477 1433 oportet.
3512 1361 3574 1417 Si

1990 1448 2135 1504 enim
2162 1463 2347 1505 sumus
2371 1447 2465 1504 lilii
2500 1451 2649 1520 pacis
2673 1458 2727 1506 et
2754 1450 3004 1507 volumus
3032 1468 3193 1523 super
3231 1467 3332 1508 nos
3384 1467 3572 1524 pacem

1991 1546 2354 1616 requiescere,
2384 1554 2438 1602 et
2478 1546 2805 1603 accessimus
2834 1548 2903 1603 ad
2945 1546 3244 1603 Jerusalem
3290 1546 3571 1604 caelestem

1992 1635 2181 1711 (Hebr.
2215 1637 2336 1711 xu),
2372 1653 2491 1719 quae
2540 1652 2607 1693 ex
2653 1653 2785 1708 pace
2823 1654 3019 1695 nomen
3067 1638 3280 1709 accipit,
3311 1654 3436 1694 cum
3484 1639 3574 1694 his

1991 1729 2085 1811 qui
2112 1729 2346 1785 oderunt
2372 1743 2560 1800 pacem
2589 1730 2885 1786 habeamus
2905 1744 3094 1800 parem
3127 1727 3300 1803 (Psal.
3328 1727 3494 1802 cur),
3519 1736 3577 1785 et

292 1811 406 1868 bus
434 1821 490 1867 et
528 1811 887 1887 potestatibus
928 1827 1047 1870 esse
1100 1812 1375 1883 subjectos
1415 1820 1471 1869 et
1514 1812 1695 1870 facere
1743 1792 1884 1883 quod

1990 1792 2253 1894 quantum
2276 1822 2331 1877 in
2353 1822 2509 1877 nobis
2528 1830 2632 1888 est,
2648 1836 2770 1878 cum
2794 1821 3045 1877 omnibus
3070 1819 3380 1875 hominibus
3395 1820 3577 1890 pacati

290 1902 585 1973 juberent,
632 1915 919 1981 propterea
970 1906 1241 1978 subjecit,
1280 1924 1300 1958 ι
1333 1907 1558 1963 obedire
1609 1907 1677 1963 ad
1727 1922 1888 1967 omne

294 2011 439 2067 opus
461 1988 680 2053 bonum.
720 2015 739 2051 ι
778 1996 837 2053 Si
864 1998 1065 2067 bonum
1092 2007 1176 2054 est
1196 1999 1339 2070 quod
1366 1999 1624 2070 prmeepit
1649 1999 1888 2070 impera-

292 2098 388 2147 tor
413 2099 471 2146 et
507 2105 727 2161 praises,
746 2089 990 2160 iubentis
1016 2090 1317 2161 obsequere
1356 2091 1659 2156 voluntati;
1691 2090 1736 2146 si
1758 2104 1888 2146 vero

291 2172 515 2238 malum
554 2190 610 2238 et
664 2191 853 2239 contra
905 2174 1095 2238 Deum
1127 2172 1284 2254 sapit,
1344 2183 1609 2253 responde
1661 2184 1713 2239 ei
1755 2181 1888 2238 illud

293 2274 368 2330 de
414 2273 638 2330 Actibus
686 2266 1053 2347 apostolorum
1097 2291 1112 2329 :
1168 2293 1187 2326 ι
1236 2273 1468 2331 Obedire
1515 2282 1731 2345 oportet
1775 2274 1889 2331 Deo

292 2367 475 2441 magis
529 2381 691 2438 quam
731 2366 1041 2422 hominibus
1070 2365 1207 2439 (Act.
1248 2366 1326 2437 v).
1376 2386 1398 2421 ι
1446 2367 1561 2423 Hoc
1609 2368 1785 2439 ipsum
1831 2375 1888 2426 et

291 2458 368 2514 de
400 2460 575 2527 servis
628 2457 1032 2532 intelligamus,
1076 2450 1169 2529 qui
1227 2460 1367 2531 apud
1431 2461 1677 2516 dominos
1725 2468 1884 2528 sunt,

288 2559 357 2608 et
410 2550 479 2607 de
516 2550 775 2607 uxoribus
822 2549 964 2621 apud
1005 2550 1175 2619 viros,
1220 2560 1276 2607 et
1322 2548 1390 2608 de
1441 2551 1565 2609 liiiis
1616 2555 1755 2624 apud
1793 2568 1887 2624 pa-

288 2651 514 2710 rentes,
552 2643 695 2717 quod
744 2643 800 2697 in
836 2643 943 2698 illis
982 2651 1193 2700 tantum
1236 2644 1470 2701 debeant
1509 2645 1769 2714 dominis,
1802 2646 1886 2702 vi-

288 2736 394 2803 ris,
424 2734 741 2807 parentibus
777 2749 900 2791 esse
928 2733 1187 2804 subjecti,
1228 2751 1350 2807 quae
1389 2744 1576 2791 contra
1607 2735 1703 2792 Dei
1734 2752 1887 2793 man-

288 2826 425 2882 data
486 2842 595 2883 non
636 2825 881 2882 veniunt.
942 2824 1098 2897 Quod
1131 2840 1263 2883 vero
1311 2826 1574 2898 sequitur,
1608 2844 1627 2879 ‹
1664 2836 1886 2897 paratos

285 2934 443 2987 esse,
480 2939 500 2973 ι
536 2918 820 3003 dupliciter
845 2898 1151 2989 legendum,
1182 2925 1246 2973 ut
1284 2917 1373 2995 vei
1421 2900 1777 2974 subaudiatur
1816 2918 1886 2976 ad

285 3029 459 3071 omne
483 3028 620 3089 Opus
664 3012 867 3068 bonum
912 3020 1135 3083 paratos
1165 3026 1304 3077 esse,
1334 3011 1421 3067 vel
1461 3020 1609 3068 certe
1635 3026 1757 3068 cum
1798 3024 1886 3068 suo

283 3108 599 3183 perioribus
647 3094 925 3178 ecpulato,
968 3107 1072 3161 hoc
1118 3105 1264 3177 quod
1321 3106 1437 3161 ait:
1482 3122 1503 3157 ι
1538 3103 1772 3162 Obedire
1814 3105 1884 3161 ad

283 3216 456 3259 omne
479 3215 616 3287 opus
641 3200 862 3262 bonum,
904 3217 922 3251 ι
954 3208 1009 3254 et
1034 3198 1317 3270 hucusque
1342 3196 1522 3263 ﬁnito,
1547 3196 1703 3269 quasi
1732 3198 1880 3254 aliud

282 3295 570 3367 praprium
592 3300 647 3350 et
674 3291 905 3364 speciale
922 3300 1249 3363 perceptum
1275 3291 1365 3357 sit,
1386 3309 1404 3342 ‹
1438 3298 1656 3360 paratos
1684 3305 1831 3346 esse:
1856 3308 1875 3342 ι

280 3379 445 3463 juxta
473 3384 601 3441 illud
620 3370 764 3457 quod
787 3385 840 3440 in
867 3384 1104 3441 LevitiCo
1134 3382 1396 3457 scriptum
1426 3392 1510 3440 est
1529 3382 1716 3455 (Leuit.
1742 3383 1879 3456 xvr),

294 3500 317 3535 ί
344 3481 554 3536 hircum
585 3480 677 3553 qui
709 3479 978 3536 emittitur
1003 3478 1285 3535 maledicta
1312 3478 1493 3555 populi
1524 3477 1881 3535 sustinentem

287 3575 438 3649 tradi
464 3575 520 3629 in
547 3588 743 3629 manus
769 3573 1003 3641 hominis
1024 3574 1218 3649 parati.
1250 3592 1269 3626 ί
1291 3572 1349 3628 Si
1372 3574 1492 3645 quis
1507 3588 1636 3644 ergo
1658 3581 1881 3645 paratus

287 3648 455 3722 estut
471 3680 697 3737 caprum
721 3648 1042 3739 pompagum
1066 3663 1471 3743 [ἀποπομπιιῖον]
1494 3654 1671 3720 teneat
1687 3672 1741 3720 et
1752 3662 1882 3719 edu-

287 3766 383 3813 cat
409 3756 558 3812 illum
580 3757 635 3813 iu
662 3744 937 3819 desertum
961 3764 1018 3812 et
1042 3756 1115 3811 ibi
1144 3772 1267 3812 eum
1300 3746 1597 3827 disperdat,
1628 3754 1684 3811 'et
1712 3771 1884 3826 quan-

290 3860 413 3905 tum
457 3848 511 3905 in
579 3863 640 3905 se
694 3857 776 3904 est
822 3861 967 3905 sorte
1013 3836 1410 3903 maledictionis
1455 3847 1797 3911 exterminet,
1834 3846 1881 3900 is

287 3955 417 3996 cum
446 3938 711 3995 obedierit
738 3938 883 4007 omni
929 3938 1080 4009 operi
1107 3938 1251 3994 bono
1278 3938 1443 3994 etiam
1493 3945 1714 4008 paratus
1755 3937 1877 3992 erit.

288 4031 480 4087 Potest
526 4040 706 4087 autem
756 4038 812 4087 et
838 4029 995 4086 aliter
1036 4030 1208 4102 accipi
1242 4050 1260 4084 ‹
1312 4038 1533 4101 paratos
1582 4044 1725 4096 esse,
1766 4048 1784 4082 ι
1820 4038 1881 4085 ut

285 4124 474 4179 omnia
528 4137 861 4194 quaecunque
900 4122 1117 4179 evenire
1159 4130 1407 4194 possunt,
1439 4122 1543 4193 sibi
1591 4121 1648 4176 in
1697 4120 1880 4178 animo

284 4213 658 4287 praaﬁgurent,
689 4223 894 4270 etcum
944 4198 1260 4280 acciderint,
1310 4212 1445 4291 nihil
1474 4213 1629 4284 quasi
1680 4228 1879 4268 novum

286 4305 614 4370 sustineant,
643 4303 738 4360 sed
762 4304 842 4373 eis
866 4313 1168 4376 prreparata
1190 4304 1301 4359 sint
1326 4304 1526 4358 omnia.
1559 4323 1578 4356 ι
1599 4302 1879 4358 Neminem

284 4414 508 4470 quoque
537 4397 914 4467 hlasphemare
939 4417 957 4451 ι
995 4412 1101 4452 non
1131 4395 1449 4468 simpliciter
1475 4396 1754 4466 accipitur,
1780 4410 1881 4450 nec

285 4492 453 4545 enim.
510 4490 626 4555 ait,
678 4490 947 4546 neminem
993 4489 1269 4545 hominem
1314 4488 1690 4559 biasphemare
1718 4528 1735 4555 ,
1786 4486 1879 4543 sed

285 4582 539 4638 absolute
568 4582 863 4647 neminem,
893 4597 1000 4637 non
1031 4581 1297 4653 angelum,
1328 4597 1435 4635 non
1465 4580 1704 4652 aliquam
1732 4595 1885 4635 crea-

286 4684 471 4730 turam
500 4674 596 4729 Dei
621 4691 636 4740 ;
667 4674 847 4729 omnia
878 4673 1076 4743 quippe
1102 4660 1223 4743 qua:
1250 4690 1280 4729 a
1316 4672 1424 4727 Deo
1452 4671 1594 4728 facta
1619 4682 1743 4727 sunt
1770 4672 1883 4726 vai-

288 4769 359 4822 de
404 4768 543 4821 bona
595 4775 739 4820 sunt.
772 4784 791 4818 »
827 4764 1052 4831 Quando
1097 4764 1325 4819 Michael
1353 4765 1715 4834 archangelus
1758 4778 1882 4819 cum

292 4863 510 4935 diabolo
535 4860 845 4941 disputabat
872 4862 937 4916 de
962 4860 1162 4932 Moysis
1179 4876 1423 4931 corpore,
1454 4876 1560 4915 non
1588 4859 1692 4937 fuit
1718 4875 1881 4919 ausus

290 4955 500 5013 inferre
523 4948 788 5033 judicium
816 4953 1188 5026 blasphemia},
1218 4953 1312 5025 sed
1340 4952 1495 5025 dixit,
1524 4952 1757 5027 imperat
1782 4950 1879 5027 tibi

286 5047 441 5103 Deus
472 5046 669 5125 (Judre.
720 5047 797 5121 9).
833 5068 852 5123 ρ
888 5044 945 5102 Si
988 5045 1153 5123 igitur
1180 5043 1410 5121 Michael
1444 5059 1549 5098 non
1580 5038 1682 5098 fuit
1714 5059 1878 5099 ausus

287 5152 540 5219 Diabolo,
581 5160 636 5225 et
672 5159 821 5217 certe
850 5149 1226 5225 maledictiope
1256 5147 1590 5218 dignissimo,
1614 5143 1874 5215 judicium

288 5243 499 5311 inferre
525 5242 890 5317 blasphemia,
920 5250 1125 5313 quanto
1164 5239 1335 5315 niagis
1364 5254 1465 5294 nos
1491 5238 1558 5292 ab
1585 5237 1730 5292 omni
1763 5254 1876 5291 ma-

288 5334 495 5391 ledicto
542 5335 659 5411 puri
707 5349 826 5391 esse
876 5330 1180 5408 debemus?
1244 5330 1550 5405 Merebatur
1618 5327 1875 5383 Diabolus

290 5429 662 5497 maledictum,
691 5429 784 5485 sed
812 5442 909 5509 per
930 5439 992 5491 os
1016 5423 1337 5511 Archangelj
1364 5422 1695 5495 blasphemia
1721 5421 1872 5478 exire

290 5538 406 5601 non
432 5524 631 5581 debuit.
658 5521 857 5599 Belege
881 5529 1093 5595 veteres
1115 5519 1301 5591 libros,
1328 5525 1388 5591 et
1406 5517 1528 5592 vide
1557 5531 1676 5591 qua:
1703 5515 1873 5570 tribus

290 5615 351 5675 io
400 5624 584 5689 ιμομιρ
610 5612 833 5689 Duritia
862 5612 1168 5689 constitutae
1220 5609 1347 5681 sint,
1400 5615 1460 5665 ut
1496 5605 1877 5662 beueilicerent

288 5706 493 5781 populo
518 5746 535 5772 ,
586 5713 640 5773 et
690 5720 812 5779 qua:
855 5704 909 5769 in
938 5710 1118 5779 monte
1168 5702 1341 5767 altero
1384 5707 1445 5755 ut
1474 5698 1876 5767 maledicerent.

291 5802 511 5873 Ruben.
539 5800 631 5859 cui
673 5798 1037 5871 maculaverat
1084 5798 1301 5873 thorum
1331 5791 1595 5867 parentis,
1625 5803 1679 5848 et
1707 5791 1881 5849 Zabu-

1990 1912 2179 1978 simus,
2239 1928 2348 1968 non
2389 1910 2562 1968 solum
2609 1928 2732 1967 eum
2777 1911 3054 1977 modestis,
3102 1910 3196 1968 sed
3248 1910 3412 1966 etiam
3446 1925 3571 1967 cum

1987 2004 2221 2063 rixosis:
2250 2003 2377 2076 quia
2404 2004 2551 2060 nulla
2594 2004 2769 2059 virtus
2818 2010 2905 2058 est
2931 2000 3075 2057 ferre
3102 2006 3453 2080 mansuetos;
3494 2000 3576 2055 lo-

1987 2112 2221 2167 cumque
2263 2094 2452 2151 demus
2492 2096 2608 2159 irae,
2639 2108 2857 2151 omnem
2886 2092 3234 2150 ostendentes
3259 2100 3577 2149 mansuetu-

1987 2186 2168 2242 dinem
2216 2184 2285 2242 ad
2310 2201 2499 2241 omnes
2529 2185 2797 2251 homines,
2842 2198 2951 2240 non
3000 2183 3142 2255 quod
3188 2198 3343 2239 vana:
3387 2181 3573 2256 gloriae

1987 2280 2259 2337 desiderio
2310 2294 2411 2336 nos
2440 2294 2560 2335 esse
2612 2286 2929 2335 mansuetos
2973 2276 3225 2333 omnibus
3263 2274 3575 2332 hominibus

1986 2374 2271 2431 ostendere
2323 2374 2650 2439 debeamus;
2703 2372 2798 2429 sed
2835 2370 2964 2427 dum
3008 2385 3198 2427 omnes
3251 2367 3480 2427 ferimus
3520 2378 3577 2426 et

1987 2464 2198 2537 injurize
2224 2467 2398 2522 vicem
2441 2480 2549 2521 non
2582 2464 2949 2536 rependimus,
2979 2464 3095 2536 ipsa
3148 2478 3311 2533 opera
3361 2464 3574 2519 notiora

1986 2559 2256 2617 universis
2284 2559 2434 2615 ﬂant.
2467 2557 2651 2616 Potest
2677 2558 2873 2631 aliquis
2896 2560 2965 2614 ob
2997 2556 3319 2627 iactantiam
3357 2566 3413 2613 et
3451 2559 3570 2629 opi—

1984 2650 2204 2707 nionem
2249 2650 2392 2723 vulgi
2433 2666 2730 2722 auramque
2766 2638 3092 2720 popularem
3142 2649 3403 2706 simuiare
3429 2651 3573 2721 apud

1985 2745 2251 2817 quosdam
2283 2745 2773 2811 mansuetudinem,
2804 2732 2859 2799 et
2903 2743 3103 2814 lingere
3132 2731 3575 2809 bonitatem-sed

1984 2836 2078 2893 ubi
2110 2852 2214 2892 non
2246 2845 2331 2893 est
2356 2852 2510 2905 vera,
2539 2845 2594 2893 et
2621 2818 2874 2909 genuina,
2903 2844 2960 2891 et
2982 2835 3152 2892 solida
3197 2835 3569 2905 mansuetudo,

1983 2927 2169 2985 nescio
2222 2944 2293 2985 an
2342 2944 2467 3001 eum
2523 2944 2645 2987 esse
2705 2937 3048 2997 mansuetum
3104 2928 3277 3013 possit
3322 2928 3573 2985 omnibus

1982 3018 2320 3091 persuaderi.

2070 3128 2090 3163 ‹
2131 3109 2356 3181 Fuimus
2407 3108 2554 3165 enim
2602 3108 2891 3189 aliquando
2917 3116 2975 3164 et
3012 3120 3113 3164 nos
3163 3107 3338 3176 stulti,
3384 3106 3573 3165 inobe-

1993 3228 2012 3263 ε
2050 3206 2285 3269 dientes,
2317 3211 2584 3271 errantes,
2607 3202 2908 3257 servientes
2930 3199 3234 3265 desideriis,
3251 3209 3307 3257 et
3328 3198 3574 3275 volupta-

1990 3319 2010 3352 ‹
2047 3299 2192 3355 tibus
2217 3296 2403 3363 variis,
2431 3293 2485 3363 in
2510 3274 2715 3348 malitia
2740 3299 2794 3348 et
2817 3291 2871 3347 in
2893 3290 3092 3359 invidia
3115 3301 3357 3362 agentes,
3376 3274 3571 3358 odiosi,

1990 3409 2009 3444 ι
2046 3389 2292 3445 odientes
2336 3384 2675 3457 alterutrum.
2717 3402 2737 3437 ι
2770 3382 2971 3455 (Αηιὺ.)
3015 3382 3094 3451 Si,
3128 3383 3320 3453 inquit,
3350 3392 3574 3455 propter

1984 3483 2315 3555 impietatem
2365 3494 2488 3533 eum
2518 3477 2655 3543 odis,
2687 3492 2895 3532 memor
2938 3484 3078 3543 esto,
3124 3476 3381 3547 quoniam
3410 3487 3568 3532 antea

1982 3575 2120 3631 tales
2148 3588 2364 3630 eramus
2390 3586 2598 3627 omnes.
2629 3568 2773 3625 Bene
2802 3577 2980 3625 autem
3009 3568 3207 3640 adjecit
3237 3570 3422 3625 dicens
3449 3569 3567 3624 odi-

1984 3668 2132 3737 biles,
2168 3668 2271 3729 hoc
2316 3673 2397 3721 est
2443 3664 2587 3739 digni
2619 3678 2837 3719 eramus
2885 3663 3043 3728 odiri,
3092 3663 3185 3718 sed
3217 3678 3323 3718 non
3376 3664 3564 3733 utique

1982 3760 2295 3831 volebamus
2344 3757 2501 3821 odiri.
2554 3753 2753 3829 (Hiera)
2786 3756 3003 3820 Quaerat
3050 3754 3247 3823 aliquis
3292 3754 3566 3824 quomodo

1984 3853 2181 3908 Paulus
2223 3850 2384 3905 fuerit
2422 3849 2637 3911 stultus,
2667 3847 2993 3913 incredulus,
3018 3860 3208 3905 errans
3238 3855 3293 3901 et
3321 3846 3566 3902 serviens

1984 3945 2150 3999 variis
2202 3941 2502 4007 desideriis,
2551 3947 2605 3993 et
2640 3939 3001 4009 voluptatibus
3043 3938 3097 3993 in
3149 3937 3372 4003 malitia,
3404 3946 3459 3993 et
3511 3938 3567 3993 in

1986 4034 2206 4103 invidia,
2261 4032 2482 4087 odiosus
2548 4036 2605 4083 et
2671 4028 2884 4093 odiens,
2934 4036 3223 4096 antequam
3271 4026 3567 4084 Salvatoris

1983 4127 2154 4182 nostri
2196 4124 2412 4181 bonitas
2443 4129 2605 4195 atque
2636 4119 2920 4175 clementia
2947 4134 3047 4190 per
3074 4116 3351 4175 lavacrum
3374 4134 3567 4175 secun-

1984 4219 2081 4289 dae,
2100 4215 2462 4291 generationis
2491 4229 2614 4269 eum
2645 4212 2853 4268 salvum
2882 4210 3107 4283 faceret,
3137 4226 3246 4267 non
3292 4226 3357 4268 ex
3401 4212 3564 4287 justi-

1984 4314 2073 4381 tiae
2100 4300 2353 4383 operibus
2392 4326 2510 4382 quae
2533 4307 2790 4381 fecerat:
2825 4307 2920 4362 sed
2945 4322 3011 4361 ex
3036 4304 3407 4363 misericordia
3445 4322 3567 4376 sua,

1983 4404 2152 4463 effuso
2174 4402 2512 4458 abundanter
2538 4408 2592 4455 et
2617 4398 2765 4470 large
2786 4414 2948 4473 super
2975 4396 3245 4470 apostolos
3268 4407 3321 4453 et
3344 4397 3567 4453 creden—

1910 4524 1967 4585 Β
1991 4507 2070 4555 tes
2108 4511 2206 4571 per
2244 4493 2431 4563 Iesum
2478 4491 2753 4559 Christum
2785 4488 2987 4562 Spiritu
3018 4497 3225 4552 sancto,
3255 4496 3313 4542 ut
3340 4488 3567 4544 haeredi-

1990 4596 2157 4644 tatem
2183 4586 2369 4657 gratim
2393 4582 2689 4645 consecuti,
2709 4596 2859 4653 spem
2883 4580 3007 4635 vita:
3029 4579 3080 4633 in
3105 4586 3420 4651 perpetuum
3443 4595 3567 4651 pos-

1986 4679 2240 4734 siderent.
2270 4675 2336 4731 Et
2369 4682 2515 4730 certe
2542 4673 2768 4743 legimus
2807 4686 2929 4726 eum
2979 4670 3271 4725 secundum
3297 4669 3566 4739 justitiam

1985 4785 2105 4838 qua!
2152 4769 2205 4822 in
2248 4767 2367 4839 lege
2407 4776 2492 4822 est
2540 4766 2655 4820 sine
2701 4763 2921 4836 querela
2972 4762 3144 4819 fuisse
3185 4764 3564 4821 circumcisum
3666 4815 3674 4822 .

1983 4871 2170 4917 octava
2199 4859 2308 4923 die,
2340 4859 2622 4914 Hebraeum
2648 4872 2716 4912 ex
2760 4854 3022 4921 Hebrmis,
3050 4856 3343 4911 secundum
3386 4856 3559 4930 legem

1982 4952 2311 5007 Pharisaeum
2358 4946 2523 5023 (Phil.
2547 4948 2658 5018 tu),
2690 4946 2755 5000 de
2794 4944 2937 4999 tribu
2961 4942 3261 5015 Benjamin,
3289 4945 3559 5002 eruditum

1982 5044 2047 5098 ad
2100 5043 2262 5114 pedes
2288 5039 2620 5103 Gamalielis,
2664 5046 2719 5092 et
2758 5036 2826 5091 ab
2872 5034 3100 5090 infantia
3151 5037 3322 5093 sacris
3366 5036 3564 5095 litteris

1980 5122 2324 5197 institutum;
2373 5130 2437 5184 ad
2464 5129 2607 5203 quod
2638 5127 3009 5197 respondetur,
3041 5125 3273 5194 Judreos,
3304 5130 3395 5200 qui
3434 5139 3561 5187 ante

1981 5232 2271 5297 adventum
2318 5225 2617 5282 Salvatoris
2646 5233 2699 5278 et
2737 5222 3045 5293 passionem
3074 5220 3190 5291 ejus
3218 5230 3273 5278 et
3320 5238 3561 5279 resurre-

1978 5324 2210 5379 ctionem
2254 5321 2303 5375 in
2334 5319 2449 5391 lege
2479 5317 2675 5372 versati
2701 5323 2845 5377 sunt,
2870 5315 2995 5370 licet
3022 5330 3126 5369 non
3154 5315 3385 5387 plenam,
3416 5321 3561 5369 atta-

1975 5432 2097 5485 men
2121 5415 2296 5485 aliqua
2318 5427 2383 5466 ex
2412 5420 2566 5482 parte
2596 5410 2847 5463 habuisse
2867 5396 3163 5476 justitiam,
3179 5409 3318 5463 sicut
3341 5407 3557 5462 Simeon

1977 5482 2190 5579 quoque
2210 5482 2267 5559 et
2289 5503 2442 5557 Anna
2473 5501 2761 5577 prophetes
2785 5500 2839 5555 in
2866 5500 3065 5575 templo
3086 5500 3183 5555 Dei
3211 5500 3451 5554 serviens
3474 5508 3559 5555 est

1980 5610 2191 5672 reperta
2220 5616 2234 5665 ;
2255 5607 2541 5670 postquam
2560 5610 2687 5651 vero
2706 5592 2937 5665 populus
2960 5592 3320 5647 conclamavit
3345 5609 3358 5645 :
3385 5610 3402 5641 ι
3423 5589 3558 5649 Cru-

1981 5697 2155 5767 ciﬁge,
2183 5691 2437 5763 cruciﬁge
2452 5707 2601 5757 eum;
2630 5705 2738 5745 non
2761 5688 3024 5743 habemus
3048 5701 3228 5756 regem
3262 5683 3363 5738 nisi
3385 5681 3558 5753 Capsa-

1983 5783 2489 5845 rcmtJoan.x1x):i
2511 5790 2564 5837 et
2582 5800 2591 5834 :
2618 5802 2633 5831 ς
2647 5778 2876 5851 Sanguis
2898 5778 3017 5849 ejus
3032 5790 3195 5846 super
3207 5791 3304 5832 nos
3322 5782 3376 5831 et
3392 5791 3555 5847 super
