3992 6338
449 395 553 457 68'!
690 438 693 447 .
1087 395 1148 453 Β.
1188 393 1443 453 RABANI
1478 388 1698 447 MAURI
1734 350 2051 441 molitur.
2091 381 2404 443 uocum.
2443 379 2730 438 opnnun
2769 376 2948 437 rans
2985 376 3073 431 ιιι.
3602 370 3736 425 ess

444 509 585 566 ﬁlios
622 518 838 565 nostros
855 507 1072 581 (Matth.
1095 507 1323 579 x-xvn),t
1351 505 1590 561 ablatum
1623 509 1707 555 est
1736 500 1804 555 ab
1826 498 1906 554 eis
1931 512 2020 553 re-
2047 500 2102 560 Α
2124 498 2375 554 sensione
2420 505 2478 553 et
2505 496 2800 552 schismate
2851 492 2995 565 quod
3020 488 3282 562 arguebat
3310 488 3366 542 in
3413 485 3743 581 Corinthiis

442 618 606 676 gnum
642 602 737 658 Dei
778 608 835 657 et
864 575 1129 656 traditum
1179 575 1328 671 genti
1378 593 1599 651 facienti
1638 590 1847 647 fructus
1900 589 2019 659 eius
2123 600 2209 646 est
2228 590 2458 655 locutus,
2477 588 2549 642 ita
2576 588 2745 642 etiam
2772 586 2827 641 in
2850 582 3101 656 prmsenti
3127 581 3248 637 loco
3275 587 3409 635 seet
3437 575 3745 676 apostoios

443 668 814 765 ('Hattth),
838 707 905 747 ex
933 706 998 746 eo
1021 668 1262 759 tempore
1289 686 1383 757 qui
1404 685 1460 740 in
1471 682 1746 739 Christum
1773 695 1879 736 non
1904 692 2020 733 cre-
2127 681 2434 747 nominans,
2461 692 2652 735 omnes
2671 675 2863 747 quiin
2888 673 3105 731 Christo
3135 671 3498 765 crediderant,
3524 668 3746 765 quales

441 760 580 839 didit
606 780 708 837 fuit
728 760 945 847 stultus,
968 778 1323 845 errabundus,
1356 772 1666 832 incredulus
1702 780 1757 828 et
1776 770 2020 827 serviens
2127 771 2331 830 fuerint
2372 778 2500 827 ante
2527 768 2988 841 regenerationem
3017 764 3223 820 lavacri
3256 762 3433 818 vitalis
3457 760 3745 819 ostende-

442 873 614 929 variis
629 871 1009 943 voluptatibus.
1030 868 1116 924 An
1140 884 1247 923 non
1266 867 1421 922 vobis
1436 863 1651 920 videtur
1668 862 1869 917 Paulus
1889 859 2022 915 fuis—
2128 863 2220 920 rit.
2253 860 2426 918 Simul
2477 868 2657 916 autem
2705 866 2759 913 et
2786 856 3063 912 humilitas
3087 855 3206 927 ejus
3234 861 3320 910 est
3365 851 3741 916 admiranda,

443 961 742 1027 se'stultus,
761 960 977 1031 quando
991 960 1226 1016 habebat
1253 956 1426 1012 zelum
1451 955 1571 1024 Dei,
1589 953 1805 1010 sednon
1830 967 2022 1008 secun-
2125 954 2271 1026 quod
2297 953 2392 1025 qui
2416 967 2631 1008 omnem
2674 950 2961 1006 utilitatem
2984 947 3362 1021 iustitiamque
3391 945 3529 1018 legis
3554 945 3741 1016 quasi

444 1055 573 1111 dum
598 1051 879 1108 scientiam
904 1050 1083 1123 (Rom.
1110 1047 1216 1115 x;1
1237 1045 1487 1118 Conxv),
1518 1053 1574 1100 et
1601 1042 2024 1116 persequebatur
2124 1044 2441 1117 quisquilias
2467 1050 2523 1099 et
2570 1050 2921 1113 purgamenta
2949 1039 3292 1110 contempsit,
3320 1045 3467 1093 recte
3511 1052 3574 1093 se
3600 1037 3749 1092 sine

441 1146 738 1203 Ecclesiam
759 1153 809 1201 et
833 1143 1185 1214 lapidantium
1211 1139 1542 1210 Stephanum
1563 1136 1883 1192 vestimenta
1904 1148 2021 1189 ser-
2127 1136 2343 1193 Christo
2371 1134 2516 1190 vitiis
2536 1133 2789 1193 omnibus
2817 1132 3050 1189 servisse
3074 1130 3408 1186 memorarit.

441 1236 808 1309 vabat?-(Act.
836 1234 958 1307 ,vn.)
985 1233 1120 1290 Cum
1143 1233 1199 1288 in
1224 1238 1433 1287 tantum
1459 1228 1568 1285 odii
1602 1235 1792 1283 contra
1822 1224 2021 1280 Serva-
2206 1248 2226 1282 ι
2262 1228 2447 1284 Fidele
2472 1228 2716 1292 verbum,
2753 1233 2808 1280 et
2836 1226 2903 1280 de
2932 1224 3016 1280 his
3043 1222 3167 1279 volo
3197 1231 3249 1279 te
3294 1220 3640 1287 conﬁrmari,
3684 1230 3751 1275 ut

443 1336 617 1383 torem
641 1313 930 1398 instigatus
955 1332 1251 1387 exarserat,
1270 1328 1329 1374 ut
1356 1320 1569 1374 litteras
1591 1333 1624 1372 a
1652 1313 2024 1372 sacerdotibus
2134 1343 2153 1375 ι
2199 1320 2415 1378 solliciti
2445 1320 2558 1375 είιιι
2585 1317 2743 1375 bonis
2772 1316 3029 1387 operibus
3055 1330 3291 1387 pm“,
3335 1314 3392 1369 hi
3420 1313 3514 1384 qui
3546 1313 3751 1369 credi-

444 1417 716 1487 θοείυθΐθῑ
744 1429 971 1487 pergens
992 1412 1313 1467 Damascum
1338 1410 1406 1465 ad
1432 1423 1527 1464 θοε
1554 1406 1647 1478 qui
1675 1406 1730 1461 ίη
1749 1404 2024 1461 (ἶιιτίδῑυῐη
2135 1437 2154 1470 t
2196 1417 2397 1472 derunt
2422 1413 2533 1469 Deo
2560 1411 2724 1476 shaec
2765 1409 2914 1465 enim
2944 1417 3072 1465 sunt
3110 1408 3255 1464 bona
3280 1415 3331 1461 et
3365 1407 3519 1462 utilia
3550 1404 3754 1461 homi-

442 1506 788 1564 crediderant
815 1499 1443 1573 vinciendos?(Act.tx.)
1470 1506 1566 1555 aut
1589 1498 1859 1569 quomodo
1888 1494 2026 1550 ullas
2137 1525 2155 1559 ο
2200 1504 2378 1560 nibus,
2439 1522 2459 1554 ι
2496 1498 2725 1574 (λιπών.)
2755 1498 2892 1556 Cum
2937 1500 3081 1554 enim
3128 1513 3239 1555 non
3282 1496 3505 1552 dubium
3557 1498 3637 1552 sit
3692 1503 3757 1549 et

442 1605 655 1670 Ροιθηι
700 1597 903 1652 habere
964 1594 1195 1648 νίτίυιθε
1266 1592 1383 1647 Sine
1425 1590 1627 1645 νίτῑιιιθ
1680 1588 1775 1643 Dei
1823 1585 2027 1643 ωπίεῑί
2129 1614 2343 1666 verum,
2367 1597 2510 1669 quod
2532 1595 2636 1668 ipsi
2662 1594 3036 1652 misericordia
3062 1593 3159 1650 Dei
3188 1600 3339 1647 tanta
3367 1607 3559 1648 sumus
3585 1592 3751 1646 bona

440 1689 591 1755 Jesu,
633 1696 726 1743 aut
761 1693 1080 1742 aestuantem
1110 1684 1382 1740 ﬂammam
1412 1683 1750 1754 restinguere
1779 1679 2027 1760 volupta-
2132 1690 2386 1756 assecuii,
2413 1690 2517 1747 hoc
2538 1688 2659 1744 ideo
2680 1686 2815 1743 dicit
2839 1685 2998 1742 ﬁdele
3019 1683 3265 1750 verbum,
3298 1680 3756 1755 prmeedentibus

441 1789 583 1845 ιυων
606 1793 731 1835 cum
756 1792 861 1834 ηοη
886 1785 1031 1833 esset
1054 1775 1313 1848 templum
1340 1775 1470 1830 Dei?
1500 1773 1632 1841 (ὶοω
1652 1781 1831 1828 autem
1856 1772 2030 1842 ιηθὶον
2134 1781 2267 1839 illud
2316 1789 2644 1846 annectens;
2701 1776 3068 1834 necessarium
3124 1776 3313 1846 utique
3356 1782 3461 1840 est,
3508 1783 3573 1829 ut
3616 1773 3755 1845 ipa:

441 1876 616 1941 potest
641 1884 761 1925 esse
788 1868 993 1924 malitia
1022 1876 1079 1924 et
1098 1868 1321 1931 invidia,
1368 1881 1533 1936 quam
1560 1874 1748 1922 contra
1778 1866 2030 1920 absentes
2058 1872 2106 1932 Β
2132 1888 2255 1929 cum
2293 1873 2463 1929 multa
2489 1872 2688 1929 ﬁducia
2718 1871 2785 1928 de
2834 1871 2921 1926 his
2949 1871 3166 1937 doceas,
3212 1878 3270 1925 et
3294 1868 3587 1926 consilium
3642 1868 3755 1924 des

444 1957 703 2031 epistolas
743 1973 980 2025 sumere,
1008 1965 1063 2014 et
1093 1957 1293 2028 ubique
1316 1956 1519 2013 Christi
1552 1964 1767 2011 vastare
1795 1954 2034 2026 discipu-

2141 1965 2261 2033 illis,
2284 1965 2375 2036 qui
2407 1964 2741 2021 crediderint
2770 1962 2904 2029 Deo,
2936 1970 3204 2033 quatenus
3234 1960 3573 2032 diligentiam
3604 1977 3753 2015 con-

443 2053 563 2108 los?
607 2051 984 2123 Nolle‘ipsum
1030 2049 1236 2106 salvum
1280 2048 1420 2115 ﬁeri,
1451 2056 1506 2104 et
1533 2047 1747 2105 caeteris
1775 2046 1869 2117 qui
1898 2038 2032 2101 salvi
2134 2056 2445 2112 venientem
2494 2055 2809 2121 adhibeant,
2841 2069 2907 2109 co
2954 2053 3099 2124 quod
3126 2052 3230 2108 ista
3267 2050 3464 2121 iuvare
3490 2060 3747 2122 possunt

446 2164 567 2205 esse
595 2154 869 2220 poterant,
905 2145 1187 2203 invidere:
1220 2145 1400 2201 odisse
1426 2143 1788 2209 Christianos,
1819 2149 1875 2197 et
1903 2155 2034 2197 con-
2134 2149 2400 2206 homines,
2431 2145 2631 2219 (Πίον.)
2666 2144 2783 2202 Hoc
2810 2146 2957 2217 quod
3000 2146 3096 2212 ait,
3132 2163 3152 2196 ι
3187 2143 3360 2200 ﬁdelis
3386 2159 3577 2199 sermo
3610 2145 3753 2223 ._ad

448 2249 738 2312 sequenter
756 2238 826 2294 ab
852 2238 1106 2295 omnibus
1135 2238 1319 2293 odium
1340 2235 1665 2308 promereri.
1691 2233 1824 2301 Quis
1850 2240 2032 2287 autem
2134 2240 2416 2311 superiora
2462 2238 2796 2310 jungendum
2843 2245 2931 2294 est
2976 2238 3174 2310 quibus
3202 2237 3568 2310 praemiserat,
3605 2255 3625 2288 ι
3682 2243 3751 2290 ut

445 2328 620 2399 major
638 2343 792 2384 error
805 2335 861 2385 et
872 2327 1248 2386 inobedientiaa
1265 2327 1517 2384 vecordia
1532 2326 1556 2381 ’ἒ
1570 2339 1734 2395 quam
1747 2333 2030 2395 postquam

2141 2330 2410 2400 iustiﬁcati
2438 2331 2606 2401 ipsius
2626 2331 2801 2403 gratia
2820 2329 3062 2386 haredes
3091 2326 3391 2386 efﬁciamur
3419 2327 3744 2384 secundum

448 2420 737 2492 respiravit
770 2420 906 2487 dies,
934 2428 990 2477 et
1015 2419 1396 2490 praeterierunt
1421 2417 1647 2482 umbrae,
1676 2416 1850 2486 legem
1897 2416 2030 2469 abo-
2134 2437 2287 2503 spem
2312 2425 2436 2478 vitae
2464 2429 2710 2489 atteram;
2733 2440 2755 2477 ι
2785 2421 2980 2492 dignus
2998 2421 3157 2499 enim
3182 2420 3288 2476 lide
3317 2436 3481 2492 super
3502 2419 3753 2475 haeredi-

448 2512 608 2567 litam
634 2511 774 2567 velle
791 2525 1074 2567 reservare
1095 2519 1150 2567 et
1179 2509 1389 2566 dicere:
1411 2507 1528 2564 «Ne
1545 2506 1942 2573 attrectaveris,
1965 2521 2033 2561 ne
2134 2522 2245 2569 tate
2299 2513 2395 2569 Dei
2422 2527 2605 2570 sermo
2651 2520 2708 2569 et
2753 2527 2918 2583 super
2963 2526 3058 2584 spe
3105 2512 3232 2568 vita:
3279 2520 3518 2567 aeterna.
3579 2510 3747 2567 Unde

2133 2617 2347 2680 oportet
2381 2608 2449 2664 de
2478 2609 2565 2665 his
2588 2624 2696 2665 non
2745 2608 2989 2675 dubium,
3018 2623 3127 2663 non
3168 2607 3449 2662 timentem
3473 2614 3532 2660 et
3557 2606 3746 2675 ipsum

2135 2693 2387 2767 credere,
2442 2708 2499 2756 et
2542 2707 2602 2755 ut
2648 2700 2875 2756 credant
2921 2707 3148 2755 caeteros
3199 2697 3560 2754 conﬁrmare.
3614 2695 3744 2751 Non

2134 2798 2307 2854 solum
2354 2805 2536 2852 autem
2577 2795 2699 2863 hoc,
2734 2793 2831 2851 sed
2858 2802 2914 2851 et
2953 2793 3058 2850 hoc
3084 2808 3209 2849 cum
3252 2791 3467 2849 caeteris
3496 2791 3591 2846 his
3638 2790 3745 2860 qui

2134 2889 2405 2946 voluerint
2435 2888 2678 2954 credere,
2730 2883 3160 2942 conﬁrmandum
3209 2892 3337 2951 est;
3395 2889 3745 2954 quapropter

454 2991 475 3025 ι
514 2987 669 3028 suam
713 2970 1139 3028 misericordiam
1182 2969 1413 3026 salvavit
1460 2984 1561 3025 nos
1604 2983 1705 3039 per
1752 2966 2030 3021 lavacrum
2134 2982 2231 3049 ait,
2268 3001 2287 3033 ι
2320 2987 2376 3036 ει
2422 2979 2489 3034 de
2533 2978 2619 3034 his
2645 2977 2773 3033 νοιο
2819 2986 2875 3033 ιε
2943 2975 3292 3032 commate,
3334 2996 3353 3028 ,
3387 2973 3491 3041 Qui
3551 2980 3742 3028 autem

384 3144 391 3149 η
442 3076 473 3116 ι
518 3062 945 3134 regenerationis
991 3069 1045 3117 et
1107 3060 1476 3116 renovationis
1528 3052 1765 3129 Spiritus
1810 3055 1995 3149 sancti
2014 3094 2029 3121 ,
2136 3075 2242 3130 ista
2292 3087 2419 3128 vera
2475 3083 2596 3126 esse
2642 3069 2990 3137 crediderim,
3046 3084 3270 3126 necesse
3310 3075 3395 3123 est
3442 3075 3501 3121 ut
3543 3081 3741 3121 cum"

453 3174 471 3206 ‘
514 3169 678 3224 quem
706 3152 895 3209 θίῖιιάίῑ
917 3168 1079 3225 super
1103 3168 1204 3208 “05
1229 3151 1501 3223 οΡυιθηιθν
1536 3164 1635 3220 Per
1660 3149 1843 3205 Iesum
1870 3147 2031 3204 Ch'i'
2135 3165 2371 3221 habeant
2392 3165 2655 3220 bonorum
2680 3176 2929 3232 operum,
2952 3175 3051 3231 per
3080 3175 3201 3232 quae
3229 3158 3525 3216 haereditas
3553 3155 3657 3212 Dei
3684 3162 3743 3211 et

454 3265 472 3297 α
518 3251 662 3300 stum
710 3241 1047 3298 Salvatorem
1094 3240 1383 3297 nostrum?
1433 3238 1505 3295 Ut
1541 3236 1826 3306 iustiﬁcati
1884 3237 2029 3294 illius
2055 3240 2101 3304 C
2132 3269 2256 3327 spes
2280 3255 2404 3310 vim
2430 3260 2767 3325 pmparamr
2811 3260 3048 3307 mel-nm.
3085 3250 3154 3306 Et
3189 3250 3416 3322 pulchre
3458 3258 3522 3303 ιιι
3566 3245 3743 3316 maio.

454 3357 473 3390 ⁸
515 3337 707 3409 ιςηιίεν
746 3336 992 3391 “mede!”
1035 3332 1335 3390 emCiamm'
1362 3331 1659 3388 secundum
1709 3346 1861 3402 Spem
1906 3331 2032 3386 Vim
2133 3364 2248 3405 rem
2278 3349 2440 3405 ﬁdem
2490 3347 2717 3413 faceret,
2747 3361 2855 3402 non
2903 3346 3058 3413 dixit,
3094 3346 3187 3416 qui
3234 3345 3465 3401 credunt
3496 3341 3743 3397 homini.

455 3452 474 3484 ι
516 3441 751 3489 aeternae.
808 3449 828 3483 ι
885 3427 1114 3501 (Arnim)
1161 3427 1291 3496 Quae
1339 3441 1469 3498 ergo
1514 3424 1612 3481 Dei
1660 3423 2031 3481 misericordia

2141 3443 2257 3509 bus,
2285 3441 2511 3512 sed,qui
2533 3440 2763 3496 credunt
2781 3437 2895 3494 Deo
2913 3452 3167 3494 :necesse
3187 3445 3272 3493 est
3285 3436 3432 3491 enim
3459 3442 3521 3489 ut
3547 3448 3739 3490 curam

449 3522 700 3596 apparuit
750 3537 848 3594 per
897 3520 1096 3576 Christi
1148 3519 1443 3575 adventum
1467 3558 1485 3584 ,
1543 3527 1601 3573 et
1650 3517 1754 3588 ipsi
1798 3515 2033 3573 assecuti
2133 3535 2401 3592 bonorum
2428 3548 2653 3604 operum
2698 3531 2957 3597 habeam,
2987 3545 3111 3600 qua,
3156 3527 3449 3599 adimpleia
3495 3534 3556 3582 ει
3581 3522 3735 3580 οωηῆ

455 3630 664 3681 sumus,
712 3612 803 3669 illa
832 3628 953 3683 quin
1001 3611 1071 3667 ab
1097 3626 1163 3666 οο
1189 3619 1276 3667 θεῖ
1321 3609 1518 3672 salutes
1546 3624 1652 3665 ηοη
1685 3624 1752 3664 οι
1780 3609 2034 3681 operibus
2135 3626 2314 3698 studio
2354 3630 2690 3695 perpetrata,
2743 3621 2885 3677 bona
2912 3628 3042 3676 sunt
3068 3619 3330 3689 utiliaque
3359 3616 3737 3674 credentibus.

454 3705 657 3764 nostris
686 3704 834 3760 illam
863 3711 1252 3774 assequentes;
1291 3702 1481 3759 aderat
1506 3709 1686 3757 autem
1712 3700 1846 3756 nihil
1882 3701 2031 3767 boni,
2142 3738 2161 3769 ι
2198 3717 2406 3773 simias
2451 3722 2635 3771 autem
2663 3713 3017 3785 quaestiones,
3046 3720 3103 3768 οι
3128 3710 3496 3785 genealogus,
3521 3720 3581 3765 ει
3609 3727 3743 3766 con-

451 3800 546 3857 8θά
570 3812 669 3871 Per
695 3798 813 3869 eius
838 3796 1286 3862 miscricordiam,
1315 3797 1409 3865 qui
1440 3810 1540 3868 Ρθι·
1567 3793 1799 3850 formam
1829 3793 2031 3850 lavacri
2142 3830 2161 3862 ι
2204 3811 2493 3875 tentiones,
2524 3816 2579 3864 et
2622 3823 2833 3879 pugnas
2858 3822 2980 3878 quae
3008 3806 3234 3862 veniunt
3257 3822 3323 3863 ex
3351 3804 3491 3877 lege,
3518 3805 3738 3862 devita:

452 3893 652 3947 virtute
682 3889 852 3945 sancti
891 3886 1124 3958 Spiritus
1167 3887 1446 3943 renovavit
1486 3901 1586 3942 nos
1613 3894 1668 3941 et
1713 3886 2033 3956 segregavit,

2143 3919 2162 3952 ι
2201 3908 2329 3956 sunt
2360 3900 2559 3971 quippe
2590 3898 2809 3954 inutiles
2850 3907 2906 3953 et
2946 3913 3118 3954 vanae.
3156 3918 3176 3950 ι
3218 3896 3448 3969 (Αηιὸν.)
3483 3897 3564 3953 Eo
3593 3900 3737 3969 quod

452 3981 774 4039 ditissimam
820 3979 977 4037 nobis
1017 3978 1269 4050 praestitit
1312 3979 1575 4034 bonorum
1626 3976 1937 4033 fruitionem
1978 3986 2036 4030 ut

2141 3991 2244 4047 illis
2268 3991 2323 4047 in
2373 3990 2708 4061 temporibus
2747 3990 2920 4046 multa
2948 3990 3215 4046 nocivitas
3241 3988 3504 4046 Ecclesiae
3533 3991 3609 4046 ab
3637 3990 3741 4047 illis

454 4073 573 4145 eius
640 4071 811 4144 tralia
857 4068 1128 4140 iustitiam
1180 4070 1396 4139 assequi
1450 4068 1596 4140 digni
1644 4068 2035 4135 inveniremur,
2138 4081 2501 4150 inferebatur,
2552 4082 2673 4138 ideo
2718 4082 2835 4154 ipsa
2879 4082 3205 4139 necessitate
3251 4082 3524 4149 addictus,
3583 4093 3639 4140 et
3686 4084 3739 4139 in

451 4182 618 4236 quam
642 4180 711 4221 ex
735 4163 935 4219 nostris
959 4163 1212 4233 operibus
1236 4161 1453 4232 assequi
1485 4161 1707 4216 minime
1733 4162 2033 4233 potuimus,
2136 4173 2462 4248 principium
2508 4173 2780 4244 Ερίειοιθε,
2836 4182 2892 4229 ει
2938 4174 2993 4229 in
3046 4173 3208 4230 ﬁnem
3255 4182 3601 4232 memoratus
3646 4186 3733 4232 εει

454 4256 708 4327 quoniam
738 4259 1052 4323 perpetuam
1081 4253 1223 4307 illam
1254 4253 1422 4307 vitam
1451 4254 1813 4323 assequimnr,
1844 4253 1901 4308 in
1929 4268 2036 4323 qua

2141 4278 2328 4319 eorum
2350 4278 2365 4318 :
2394 4264 2474 4320 sic
2501 4263 2666 4320 etiam
2690 4263 2886 4320 fecisse
2928 4264 3144 4320 videtur
3171 4273 3226 4320 et
3252 4265 3310 4320 in
3335 4264 3426 4320 illa
3474 4266 3739 4339 Epistula,

456 4343 737 4400 constituti
752 4341 923 4434 liberi
964 4342 1167 4434 erimus
1190 4342 1261 4434 ab
1290 4342 1439 4397 omni
1467 4341 1772 4412 corruptela
1795 4350 1851 4397 et
1892 4341 2037 4434 omni
2139 4371 2301 4428 quam
2331 4356 2399 4412 ad
2422 4356 2769 4415 Timotheum
2801 4356 3127 4429 scripserat;
3166 4356 3247 4413 Ne
3290 4359 3521 4429 patiaris
3562 4360 3743 4434 inquit

456 4440 699 4507 peccato.
752 4429 878 4487 Ηωο
921 4439 1104 4522 autem
1152 4430 1273 4522 ideo
1295 4440 1647 4522 memoratus
1692 4441 1797 4498 est,
1828 4441 1890 4487 ut
1922 4433 2040 4490 illos
2141 4446 2463 4518 conquirere
2504 4454 2560 4502 et
2584 4447 2866 4502 decertare
2893 4446 2959 4503 de
2994 4447 3102 4503 illis
3140 4463 3262 4519 qua;
3291 4449 3346 4504 in
3376 4448 3497 4521 iege
3527 4429 3739 4522 ρι-φξε-

457 4522 972 4595 doceret,quoniam
1000 4521 1100 4593 ipsi
1122 4520 1489 4578 misericordia
1514 4521 1628 4578 sola
1652 4529 1921 4578 tantorum
1944 4524 2040 4579 bo-
2064 4595 2110 4610 h
2140 4547 2231 4610 pia
2285 4545 2427 4603 sum,
2477 4553 2651 4608 neque
2693 4538 3020 4610 genealogiis
3078 4538 3368 4596 intendens
3391 4554 3533 4610 opus
3588 4520 3740 4595 [nam

458 4631 655 4672 Ποτιιω
674 4614 823 4688 ἀίεηί
851 4623 978 4670 mm
1001 4613 1189 4669 habili
1206 4610 1323 4668 Non
1348 4628 1477 4686 ενεο
1502 4620 1585 4669 θεῖ
1598 4614 1802 4685 Ῑιιειυῐη
1830 4622 1891 4669 ιιι
1917 4613 2038 4672 ίῙῙοε
2062 4595 2115 4656 1)
2140 4595 2425 4700 impedias;
2469 4595 2589 4700 qua;
2643 4595 2724 4685 ιιιῖ
2768 4595 3021 4688 consuete
3071 4629 3359 4702 proferunt
3415 4595 3740 4688 verbositati

448 2602 767 2674 contigeris,
781 2616 850 2657 ne
870 2602 1191 2674 gustaveris,
1204 2620 1223 2653 ι
1241 2610 1297 2656 et
1316 2605 1611 2671 apparente
1631 2598 1804 2655 solido
1815 2605 1872 2653 et
1890 2595 2030 2651 virili

443 2699 593 2765 cibo,
613 2696 856 2753 infantiae
876 2711 1072 2767 cupere
1094 2694 1233 2751 lacte
1255 2693 1468 2766 potari?
1492 2710 1511 2744 t
1531 2692 1667 2749 Cum
1682 2698 1864 2746 autem
1879 2690 2034 2745 boni-

451 2809 471 2842 t
516 2798 599 2846 tas
617 2799 673 2845 et
698 2789 1012 2845 humanitas
1036 2788 1214 2844 illuxit
1243 2785 1544 2843 Salvatoris
1563 2785 1733 2840 nostri
1764 2783 1890 2850 Dei;
1925 2796 2032 2837 non

451 2899 472 2933 ι
515 2895 584 2936 ex
595 2880 850 2952 operibus
866 2878 1090 2949 justitim
1100 2893 1219 2949 qua:
1232 2893 1332 2933 nos
1356 2875 1605 2944 fecimus,
1622 2876 1718 2932 sed
1733 2873 2032 2931 secundum

456 4716 679 4779 propter
725 4707 1057 4778 impietatem
1102 4705 1241 4762 odiis
1280 4721 1690 4776 prosequamur,
1719 4706 1811 4776 qui
1850 4714 1905 4763 et
1933 4707 2038 4778 ipsi

458 4811 659 4865 dudum
700 4809 875 4865 odiosi
902 4808 1071 4865 fuisse
1114 4809 1451 4865 videbamur.
1484 4806 1685 4881 (Ηίεν.)
1716 4808 2039 4880 Diligentius

457 4904 803 4958 attendamus
847 4911 903 4957 et
931 4902 1268 4958 inveniamus
1296 4901 1353 4956 in
1379 4902 1630 4971 prmsenti
1659 4902 1893 4971 capitulo
1920 4917 2036 4956 ma-

462 4991 872 5049 nil‘estissimam
904 4991 1254 5059 Trinitatem;
1302 4992 1608 5063 benignitas
1648 4991 1843 5060 quippe
1876 4998 2039 5061 atque

463 5084 754 5142 clementia
806 5082 1101 5139 Salvatoris
1124 5084 1294 5139 nostri
1322 5083 1441 5151 Dei,
1485 5099 1593 5139 non
1623 5082 1847 5138 alterius
1873 5097 2035 5153 quam

460 5177 559 5233 Dei
586 5175 787 5242 Patris,
815 5189 911 5246 per
941 5175 1213 5229 lavacrum
1259 5173 1683 5245 regenerationis
1709 5182 1766 5229 et
1808 5187 2034 5228 renova-

462 5266 666 5321 tionem
690 5262 924 5335 Spiritus
949 5264 1142 5328 sancti,
1164 5278 1326 5334 quem
1358 5263 1545 5320 eﬂ‘udit
1568 5277 1731 5334 super
1754 5278 1854 5319 nos
1874 5263 2039 5319 abun-

465 5357 654 5415 danter
696 5370 794 5427 per
837 5353 1022 5411 Jesum
1063 5352 1341 5410 Christum
1393 5353 1728 5410 Salvatorem
1769 5364 2036 5421 nostrum,

454 5447 773 5521 justiﬁeavit
798 5464 899 5505 nos
924 5449 979 5504 in
1006 5448 1174 5504 vitam
1200 5457 1479 5505 aeternam.
1517 5446 1674 5504 Salus
1700 5447 2036 5503 credentium

462 5542 778 5613 mysterium
805 5540 1085 5597 Trinitatis
1113 5549 1215 5597 est.
1257 5540 1362 5595 Alii
1391 5541 1534 5595 hunc
1562 5540 1740 5595 locum
1765 5539 1841 5594 ita
1884 5539 2041 5594 intel-

461 5626 656 5697 ligunt,
683 5638 742 5683 ut
775 5645 880 5684 non
927 5628 993 5685 de
1046 5629 1211 5685 Paulo
1239 5640 1294 5684 ct
1336 5627 1614 5698 apostolis,
1645 5629 1739 5684 sed
1768 5628 1867 5683 sub
1914 5644 2041 5698 apo-

465 5716 726 5773 stolorum
773 5733 999 5789 porsenna
1045 5720 1110 5775 tle
1154 5719 1275 5774 aliis
1324 5719 1525 5773 dictum
1556 5726 1782 5788 putent:
1815 5726 1871 5772 ut
1911 5734 2041 5786 quo-

462 5808 624 5866 modo
653 5810 753 5866 sub
800 5826 1024 5881 persona
1053 5827 1148 5868 sua
1179 5819 1234 5867 et
1283 5809 1471 5878 Apollo
1498 5817 1551 5863 ct
1580 5810 1791 5879 (Iephte,
1823 5809 1888 5863 de
1935 5810 2042 5864 dis-

2141 4721 2437 4777 studentes.
2484 4721 2564 4776 Ex
2608 4721 2693 4777 his
2720 4722 2865 4778 enim
2910 4721 3117 4777 nullum
3154 4724 3418 4795 juvamen
3458 4725 3737 4795 quispiam

2141 4812 2356 4883 assequi
2387 4813 2607 4883 poterit,
2635 4813 2731 4868 sed
2753 4823 2808 4868 et
2834 4813 3059 4868 multam
3082 4815 3316 4871 sustinet
3343 4816 3729 4872 nocivitatem.

2141 4901 2341 4975 (Ηίετ.)
2372 4901 2510 4970 Quia
2547 4902 2867 4972 multiplices
2891 4913 2945 4958 et
2969 4905 3347 4961 diversae-sunt
3370 4906 3734 4977 quaestiones,

2142 5000 2427 5064 propterea
2452 4990 2708 5049 Salomon
2737 4993 2802 5049 de
2845 4994 2933 5050 bis
2961 4995 3053 5066 qui
3083 5004 3336 5067 quaerunt
3362 4996 3540 5053 Deum
3589 4997 3739 5053 locu-

2144 5095 2230 5140 tus
2253 5093 2338 5141 est
2359 5085 2545 5141 dicens
2562 5086 2787 5143 :tRecte
2812 5096 2995 5144 autem
3030 5098 3337 5160 quaerentes
3364 5106 3493 5147 eum
3513 5090 3739 5147 invene-

2144 5187 2271 5233 runt
2300 5193 2557 5249 pacemp
2591 5180 2686 5249 qui
2713 5180 2876 5252 igitur
2900 5180 3068 5237 Deum
3100 5197 3208 5237 non
3255 5190 3411 5239 recte
3453 5192 3733 5255 quaerunt,

2143 5283 2333 5340 pacem
2363 5270 2607 5325 invenire
2633 5284 2740 5325 non
2768 5280 3014 5341 possunt.
3042 5270 3279 5327 Plurima
3307 5273 3563 5344 exempla
3610 5281 3734 5328 sunt

2144 5362 2502 5430 quaerentium
2534 5376 2641 5417 non
2670 5368 2819 5416 recte
2862 5361 3052 5417 Deum.
3081 5361 3253 5418 Judaei
3282 5379 3451 5433 prave
3481 5374 3733 5435 quaerunt

2147 5450 2342 5516 Deum,
2365 5460 2649 5522 sperantes
2674 5464 2736 5508 se
2757 5466 2883 5507 eum
2904 5452 3147 5508 invenire
3173 5469 3332 5524 posse
3354 5454 3476 5510 sine
3488 5455 3728 5511 Christo.

2144 5541 2393 5599 Htcretici
2420 5558 2563 5598 vano
2583 5546 2891 5600 s'errnonum
2919 5545 3145 5616 strepitu
3165 5557 3563 5612 concrepantes
3582 5563 3732 5617 quas-

2145 5642 2270 5687 ruut
2294 5648 2453 5702 quem
2492 5633 2734 5689 invenire
2759 5648 2864 5690 non
2888 5644 3129 5707 possunt.
3170 5635 3483 5708 PhiIOSOpbi
3515 5654 3729 5709 quoque

2138 5727 2197 5777 'ct
2222 5725 2435 5779 barbari
2461 5724 2526 5779 dc
2555 5724 2665 5779 Deo
2688 5726 2835 5779 varia
2858 5726 3153 5782 sentientes
3166 5726 3497 5797 quaesierunt
3524 5727 3725 5782 Dento:

2149 5815 2240 5869 sed
2264 5814 2389 5883 quiia
2422 5828 2526 5869 non
2560 5823 2703 5870 recte
2732 5816 3079 5884 qumsicrunt,
3102 5814 3539 5889 fuerunteoruni
3566 5816 3729 5872 fatua:
