  <div class='ocr_page' id='page_1' title='image "/cluster/home/n/w/nwhite01/storage/ocr_20150623/112/hvd.32044015685407/350.png"; bbox 0 0 3992 6338; ppageno 0'>
   <div class='ocr_carea' id='block_1_1' title="bbox 223 418 342 476">
    <p class='ocr_par' dir='ltr' id='par_1_1' title="bbox 223 418 342 476">
     <span class='ocr_line' id='line_1_1' title="bbox 223 418 342 476; baseline -0.017 0"><span class='ocrx_word' id='word_1_1' title='bbox 223 418 342 476; x_wconf 79' lang='lat'><strong>689</strong></span> 
     </span>
    </p>
   </div>
   <div class='ocr_carea' id='block_1_2' title="bbox 736 405 2975 472">
    <p class='ocr_par' dir='ltr' id='par_1_2' title="bbox 736 405 2975 472">
     <span class='ocr_line' id='line_1_2' title="bbox 736 405 2975 472; baseline -0.004 -2"><span class='ocrx_word' id='word_1_2' title='bbox 736 413 1290 472; x_wconf 75' lang='lat' dir='ltr'><strong>ENARBATIONUM</strong></span> <span class='ocrx_word' id='word_1_3' title='bbox 1329 415 1400 471; x_wconf 88' lang='lat' dir='ltr'><strong>IN</strong></span> <span class='ocrx_word' id='word_1_4' title='bbox 1437 416 1586 472; x_wconf 86' lang='lat' dir='ltr'><strong>EPP.</strong></span> <span class='ocrx_word' id='word_1_5' title='bbox 1625 414 1833 472; x_wconf 79' lang='lat' dir='ltr'><strong>PAULI</strong></span> <span class='ocrx_word' id='word_1_6' title='bbox 1867 413 1993 471; x_wconf 83' lang='lat' dir='ltr'><strong>LIB.</strong></span> <span class='ocrx_word' id='word_1_7' title='bbox 2039 412 2203 468; x_wconf 76' lang='lat' dir='ltr'><strong>XXV.</strong></span> <span class='ocrx_word' id='word_1_8' title='bbox 2243 443 2311 453; x_wconf 87' lang='lat'><strong>--</strong></span> <span class='ocrx_word' id='word_1_9' title='bbox 2349 411 2416 468; x_wconf 80' lang='lat' dir='ltr'><strong>IN</strong></span> <span class='ocrx_word' id='word_1_10' title='bbox 2455 407 2672 466; x_wconf 79' lang='lat' dir='ltr'><strong>EPIST.</strong></span> <span class='ocrx_word' id='word_1_11' title='bbox 2717 406 2807 464; x_wconf 81' lang='lat' dir='ltr'><strong>AD</strong></span> <span class='ocrx_word' id='word_1_12' title='bbox 2844 405 2975 462; x_wconf 77' lang='grc' dir='ltr'><strong>ΤΠ.</strong></span> 
     </span>
    </p>
   </div>
   <div class='ocr_carea' id='block_1_3' title="bbox 3409 397 3514 459">
    <p class='ocr_par' dir='ltr' id='par_1_3' title="bbox 3409 397 3514 459">
     <span class='ocr_line' id='line_1_3' title="bbox 3409 397 3514 459; baseline 0.048 -5"><span class='ocrx_word' id='word_1_13' title='bbox 3409 397 3514 459; x_wconf 66' lang='lat'><strong>690</strong></span> 
     </span>
    </p>
   </div>
   <div class='ocr_carea' id='block_1_4' title="bbox 221 515 3518 602">
    <p class='ocr_par' dir='ltr' id='par_1_4' title="bbox 221 515 3518 602">
     <span class='ocr_line' id='line_1_4' title="bbox 221 515 3518 602; baseline -0.004 -18"><span class='ocrx_word' id='word_1_14' title='bbox 221 530 562 602; x_wconf 70' lang='lat' dir='ltr'><strong>quaestiones</strong></span> <span class='ocrx_word' id='word_1_15' title='bbox 587 530 892 598; x_wconf 84' lang='lat' dir='ltr'><strong>putautium</strong></span> <span class='ocrx_word' id='word_1_16' title='bbox 935 530 1101 584; x_wconf 88' lang='lat' dir='ltr'><strong>Deum</strong></span> <span class='ocrx_word' id='word_1_17' title='bbox 1130 531 1382 586; x_wconf 81' lang='lat' dir='ltr'><strong>humanis</strong></span> <span class='ocrx_word' id='word_1_18' title='bbox 1406 531 1828 600; x_wconf 82' lang='lat' dir='ltr'><strong>sensibuspossc</strong></span> <span class='ocrx_word' id='word_1_19' title='bbox 1859 535 1904 592; x_wconf 84' lang='grc' dir='ltr'><strong>Α</strong></span> <span class='ocrx_word' id='word_1_20' title='bbox 1937 531 2112 599; x_wconf 86' lang='lat' dir='ltr'><strong>turpia</strong></span> <span class='ocrx_word' id='word_1_21' title='bbox 2161 537 2436 582; x_wconf 83' lang='lat' dir='ltr'><strong>sectamur</strong></span> <span class='ocrx_word' id='word_1_22' title='bbox 2477 527 2649 580; x_wconf 88' lang='lat' dir='ltr'><strong>lucra.</strong></span> <span class='ocrx_word' id='word_1_23' title='bbox 2699 523 2902 577; x_wconf 85' lang='lat' dir='ltr'><strong>Deinde</strong></span> <span class='ocrx_word' id='word_1_24' title='bbox 2934 520 3256 590; x_wconf 80' lang='lat' dir='ltr'><strong>generaliter</strong></span> <span class='ocrx_word' id='word_1_25' title='bbox 3295 515 3518 574; x_wconf 55' lang='lat' dir='ltr'><strong>instruit</strong></span> 
     </span>
    </p>
   </div>
   <div class='ocr_carea' id='block_1_5' title="bbox 221 622 1826 695">
    <p class='ocr_par' dir='ltr' id='par_1_5' title="bbox 221 622 1826 695">
     <span class='ocr_line' id='line_1_5' title="bbox 221 622 1826 695; baseline -0.002 -14"><span class='ocrx_word' id='word_1_26' title='bbox 221 622 640 695; x_wconf 75' lang='lat' dir='ltr'><strong>comprehendi.</strong></span> <span class='ocrx_word' id='word_1_27' title='bbox 663 622 744 676; x_wconf 87' lang='lat' dir='ltr'><strong>Ab</strong></span> <span class='ocrx_word' id='word_1_28' title='bbox 773 623 858 678; x_wconf 91' lang='lat' dir='ltr'><strong>his</strong></span> <span class='ocrx_word' id='word_1_29' title='bbox 886 623 1050 694; x_wconf 92' lang='lat' dir='ltr'><strong>igitur</strong></span> <span class='ocrx_word' id='word_1_30' title='bbox 1079 624 1280 680; x_wconf 84' lang='lat' dir='ltr'><strong>Paulus</strong></span> <span class='ocrx_word' id='word_1_31' title='bbox 1310 640 1409 679; x_wconf 91' lang='lat' dir='ltr'><strong>uos</strong></span> <span class='ocrx_word' id='word_1_32' title='bbox 1433 633 1650 679; x_wconf 87' lang='lat' dir='ltr'><strong>revocat</strong></span> <span class='ocrx_word' id='word_1_33' title='bbox 1680 639 1826 692; x_wconf 68' lang='lat' dir='ltr'><strong>quae-</strong></span> 
     </span>
    </p>
   </div>
   <div class='ocr_carea' id='block_1_6' title="bbox 223 711 1823 784">
    <p class='ocr_par' dir='ltr' id='par_1_6' title="bbox 223 711 1823 784">
     <span class='ocr_line' id='line_1_6' title="bbox 223 711 1823 784; baseline -0.005 -11"><span class='ocrx_word' id='word_1_34' title='bbox 223 716 534 781; x_wconf 88' lang='lat' dir='ltr'><strong>stionibus;</strong></span> <span class='ocrx_word' id='word_1_35' title='bbox 561 721 816 768; x_wconf 56' lang='lat' dir='ltr'><strong>ceterum</strong></span> <span class='ocrx_word' id='word_1_36' title='bbox 858 713 927 767; x_wconf 91' lang='lat' dir='ltr'><strong>ad</strong></span> <span class='ocrx_word' id='word_1_37' title='bbox 969 713 1259 784; x_wconf 75' lang='lat' dir='ltr'><strong>sapientes,</strong></span> <span class='ocrx_word' id='word_1_38' title='bbox 1285 724 1339 769; x_wconf 89' lang='lat' dir='ltr'><strong>et</strong></span> <span class='ocrx_word' id='word_1_39' title='bbox 1365 729 1484 784; x_wconf 59' lang='lat' dir='ltr'><strong>quae</strong></span> <span class='ocrx_word' id='word_1_40' title='bbox 1513 711 1823 783; x_wconf 85' lang='lat' dir='ltr'><strong>Scriptura-</strong></span> 
     </span>
    </p>
   </div>
   <div class='ocr_carea' id='block_1_7' title="bbox 224 803 1843 876">
    <p class='ocr_par' dir='ltr' id='par_1_7' title="bbox 224 803 1843 876">
     <span class='ocr_line' id='line_1_7' title="bbox 224 803 1843 876; baseline -0.002 -14"><span class='ocrx_word' id='word_1_41' title='bbox 224 824 356 862; x_wconf 87' lang='lat' dir='ltr'><strong>rum</strong></span> <span class='ocrx_word' id='word_1_42' title='bbox 383 805 708 862; x_wconf 88' lang='lat' dir='ltr'><strong>auctoritate</strong></span> <span class='ocrx_word' id='word_1_43' title='bbox 731 813 857 860; x_wconf 91' lang='lat' dir='ltr'><strong>sunt</strong></span> <span class='ocrx_word' id='word_1_44' title='bbox 897 803 1065 871; x_wconf 81' lang='lat' dir='ltr'><strong>fultae,</strong></span> <span class='ocrx_word' id='word_1_45' title='bbox 1088 808 1260 876; x_wconf 88' lang='lat' dir='ltr'><strong>magis</strong></span> <span class='ocrx_word' id='word_1_46' title='bbox 1291 807 1606 862; x_wconf 78' lang='lat' dir='ltr'><strong>cohortatur</strong></span> <span class='ocrx_word' id='word_1_47' title='bbox 1629 814 1683 860; x_wconf 90' lang='lat' dir='ltr'><strong>et</strong></span> <span class='ocrx_word' id='word_1_48' title='bbox 1698 817 1843 876; x_wconf 75' lang='lat' dir='ltr'><strong>pro-‘</strong></span> 
     </span>
    </p>
   </div>
   <div class='ocr_carea' id='block_1_8' title="bbox 223 895 1824 969">
    <p class='ocr_par' dir='ltr' id='par_1_8' title="bbox 223 895 1824 969">
     <span class='ocr_line' id='line_1_8' title="bbox 223 895 1824 969; baseline -0.003 -15"><span class='ocrx_word' id='word_1_49' title='bbox 223 909 414 968; x_wconf 86' lang='lat' dir='ltr'><strong>vocat,</strong></span> <span class='ocrx_word' id='word_1_50' title='bbox 440 909 836 969; x_wconf 85' lang='lat' dir='ltr'><strong>praeceptorum</strong></span> <span class='ocrx_word' id='word_1_51' title='bbox 881 914 987 952; x_wconf 89' lang='lat' dir='ltr'><strong>non</strong></span> <span class='ocrx_word' id='word_1_52' title='bbox 1025 898 1241 952; x_wconf 91' lang='lat' dir='ltr'><strong>nescius</strong></span> <span class='ocrx_word' id='word_1_53' title='bbox 1281 896 1597 962; x_wconf 86' lang='lat' dir='ltr'><strong>Salvatoris,</strong></span> <span class='ocrx_word' id='word_1_54' title='bbox 1623 897 1678 950; x_wconf 91' lang='lat' dir='ltr'><strong>in</strong></span> <span class='ocrx_word' id='word_1_55' title='bbox 1702 895 1824 966; x_wconf 91' lang='lat' dir='ltr'><strong>qui-</strong></span> 
     </span>
    </p>
   </div>
   <div class='ocr_carea' id='block_1_9' title="bbox 141 982 1826 1059">
    <p class='ocr_par' dir='ltr' id='par_1_9' title="bbox 141 982 1826 1059">
     <span class='ocr_line' id='line_1_9' title="bbox 141 982 1826 1059; baseline -0.005 -11"><span class='ocrx_word' id='word_1_56' title='bbox 141 1041 150 1048; x_wconf 89' lang='lat'><strong>.</strong></span> <span class='ocrx_word' id='word_1_57' title='bbox 226 991 336 1046; x_wconf 86' lang='lat' dir='ltr'><strong>bus</strong></span> <span class='ocrx_word' id='word_1_58' title='bbox 361 990 474 1044; x_wconf 88' lang='lat' dir='ltr'><strong>ait:</strong></span> <span class='ocrx_word' id='word_1_59' title='bbox 505 1007 523 1040; x_wconf 90' lang='grc'><em>‹</em></span> <span class='ocrx_word' id='word_1_60' title='bbox 552 987 808 1056; x_wconf 75' lang='lat' dir='ltr'><strong>Quaerite,</strong></span> <span class='ocrx_word' id='word_1_61' title='bbox 835 996 889 1042; x_wconf 89' lang='lat' dir='ltr'><strong>et</strong></span> <span class='ocrx_word' id='word_1_62' title='bbox 910 982 1226 1055; x_wconf 77' lang='lat' dir='ltr'><strong>invenietis;</strong></span> <span class='ocrx_word' id='word_1_63' title='bbox 1251 987 1483 1059; x_wconf 79' lang='lat' dir='ltr'><strong>pulsate,</strong></span> <span class='ocrx_word' id='word_1_64' title='bbox 1511 996 1567 1042; x_wconf 91' lang='lat' dir='ltr'><strong>et</strong></span> <span class='ocrx_word' id='word_1_65' title='bbox 1613 987 1826 1058; x_wconf 89' lang='lat' dir='ltr'><strong>aperie-</strong></span> 
     </span>
    </p>
   </div>
   <div class='ocr_carea' id='block_1_10' title="bbox 229 1075 1826 1150">
    <p class='ocr_par' dir='ltr' id='par_1_10' title="bbox 229 1075 1826 1150">
     <span class='ocr_line' id='line_1_10' title="bbox 229 1075 1826 1150; baseline -0.004 -14"><span class='ocrx_word' id='word_1_66' title='bbox 229 1090 325 1136; x_wconf 89' lang='lat' dir='ltr'><strong>tur</strong></span> <span class='ocrx_word' id='word_1_67' title='bbox 352 1079 536 1145; x_wconf 83' lang='lat' dir='ltr'><strong>vobis;</strong></span> <span class='ocrx_word' id='word_1_68' title='bbox 575 1079 766 1150; x_wconf 87' lang='lat' dir='ltr'><strong>petite,</strong></span> <span class='ocrx_word' id='word_1_69' title='bbox 797 1086 852 1133; x_wconf 92' lang='lat' dir='ltr'><strong>et</strong></span> <span class='ocrx_word' id='word_1_70' title='bbox 878 1079 1095 1133; x_wconf 89' lang='lat' dir='ltr'><strong>dabitur</strong></span> <span class='ocrx_word' id='word_1_71' title='bbox 1128 1077 1305 1133; x_wconf 82' lang='lat' dir='ltr'><strong>vobis.</strong></span> <span class='ocrx_word' id='word_1_72' title='bbox 1339 1077 1529 1134; x_wconf 80' lang='lat' dir='ltr'><strong>Omnis</strong></span> <span class='ocrx_word' id='word_1_73' title='bbox 1559 1078 1705 1133; x_wconf 90' lang='lat' dir='ltr'><strong>enim</strong></span> <span class='ocrx_word' id='word_1_74' title='bbox 1733 1075 1826 1146; x_wconf 88' lang='lat' dir='ltr'><strong>qui</strong></span> 
     </span>
    </p>
   </div>
   <div class='ocr_carea' id='block_1_11' title="bbox 226 1169 1830 1244">
    <p class='ocr_par' dir='ltr' id='par_1_11' title="bbox 226 1169 1830 1244">
     <span class='ocr_line' id='line_1_11' title="bbox 226 1169 1830 1244; baseline -0.003 -17"><span class='ocrx_word' id='word_1_75' title='bbox 226 1174 432 1244; x_wconf 68' lang='lat' dir='ltr'><strong>quaerit</strong></span> <span class='ocrx_word' id='word_1_76' title='bbox 456 1172 713 1237; x_wconf 79' lang='lat' dir='ltr'><strong>inveniet,</strong></span> <span class='ocrx_word' id='word_1_77' title='bbox 746 1179 801 1226; x_wconf 86' lang='lat' dir='ltr'><strong>et</strong></span> <span class='ocrx_word' id='word_1_78' title='bbox 827 1171 918 1242; x_wconf 92' lang='lat' dir='ltr'><strong>qui</strong></span> <span class='ocrx_word' id='word_1_79' title='bbox 943 1172 1138 1242; x_wconf 70' lang='lat' dir='ltr'><strong>quazrit</strong></span> <span class='ocrx_word' id='word_1_80' title='bbox 1169 1171 1419 1241; x_wconf 87' lang='lat' dir='ltr'><strong>accipiet,</strong></span> <span class='ocrx_word' id='word_1_81' title='bbox 1453 1179 1507 1226; x_wconf 89' lang='lat' dir='ltr'><strong>et</strong></span> <span class='ocrx_word' id='word_1_82' title='bbox 1534 1171 1626 1241; x_wconf 92' lang='lat' dir='ltr'><strong>qui</strong></span> <span class='ocrx_word' id='word_1_83' title='bbox 1651 1169 1830 1240; x_wconf 88' lang='lat' dir='ltr'><strong>pulsat</strong></span> 
     </span>
    </p>
   </div>
   <div class='ocr_carea' id='block_1_12' title="bbox 228 1263 1828 1337">
    <p class='ocr_par' dir='ltr' id='par_1_12' title="bbox 228 1263 1828 1337">
     <span class='ocr_line' id='line_1_12' title="bbox 228 1263 1828 1337; baseline -0.003 -16"><span class='ocrx_word' id='word_1_84' title='bbox 228 1267 510 1336; x_wconf 87' lang='lat' dir='ltr'><strong>aperietur</strong></span> <span class='ocrx_word' id='word_1_85' title='bbox 534 1264 584 1320; x_wconf 89' lang='lat' dir='ltr'><strong>ei</strong></span> <span class='ocrx_word' id='word_1_86' title='bbox 601 1263 754 1337; x_wconf 84' lang='lat' dir='ltr'><strong>(Luc.</strong></span> <span class='ocrx_word' id='word_1_87' title='bbox 771 1264 884 1335; x_wconf 78' lang='lat' dir='ltr'><strong>x1);</strong></span> <span class='ocrx_word' id='word_1_88' title='bbox 912 1285 929 1316; x_wconf 74' lang='grc' dir='ltr'><strong><em>ι</em></strong></span> <span class='ocrx_word' id='word_1_89' title='bbox 966 1264 1128 1320; x_wconf 91' lang='lat' dir='ltr'><strong>modo</strong></span> <span class='ocrx_word' id='word_1_90' title='bbox 1145 1279 1248 1318; x_wconf 92' lang='lat' dir='ltr'><strong>non</strong></span> <span class='ocrx_word' id='word_1_91' title='bbox 1264 1265 1334 1319; x_wconf 91' lang='lat' dir='ltr'><strong>sit</strong></span> <span class='ocrx_word' id='word_1_92' title='bbox 1363 1279 1558 1333; x_wconf 90' lang='lat' dir='ltr'><strong>corpus</strong></span> <span class='ocrx_word' id='word_1_93' title='bbox 1584 1270 1828 1318; x_wconf 89' lang='lat' dir='ltr'><strong>nostrum</strong></span> 
     </span>
    </p>
   </div>
   <div class='ocr_carea' id='block_1_13' title="bbox 229 1355 1824 1428">
    <p class='ocr_par' dir='ltr' id='par_1_13' title="bbox 229 1355 1824 1428">
     <span class='ocr_line' id='line_1_13' title="bbox 229 1355 1824 1428; baseline -0.005 -13"><span class='ocrx_word' id='word_1_94' title='bbox 229 1359 511 1415; x_wconf 91' lang='lat' dir='ltr'><strong>subditum</strong></span> <span class='ocrx_word' id='word_1_95' title='bbox 559 1360 816 1427; x_wconf 86' lang='lat' dir='ltr'><strong>peccatis,</strong></span> <span class='ocrx_word' id='word_1_96' title='bbox 849 1365 904 1412; x_wconf 90' lang='lat' dir='ltr'><strong>et</strong></span> <span class='ocrx_word' id='word_1_97' title='bbox 951 1357 1284 1428; x_wconf 89' lang='lat' dir='ltr'><strong>ingredietur</strong></span> <span class='ocrx_word' id='word_1_98' title='bbox 1311 1358 1364 1410; x_wconf 91' lang='lat' dir='ltr'><strong>in</strong></span> <span class='ocrx_word' id='word_1_99' title='bbox 1393 1372 1492 1411; x_wconf 84' lang='lat' dir='ltr'><strong>nos</strong></span> <span class='ocrx_word' id='word_1_100' title='bbox 1538 1355 1824 1426; x_wconf 78' lang='lat' dir='ltr'><strong>sapientia.</strong></span> 
     </span>
    </p>
   </div>
   <div class='ocr_carea' id='block_1_14' title="bbox 229 1446 1830 1518">
    <p class='ocr_par' dir='ltr' id='par_1_14' title="bbox 229 1446 1830 1518">
     <span class='ocr_line' id='line_1_14' title="bbox 229 1446 1830 1518; baseline -0.003 -13"><span class='ocrx_word' id='word_1_101' title='bbox 229 1451 568 1505; x_wconf 82' lang='lat' dir='ltr'><strong>Exerceatur</strong></span> <span class='ocrx_word' id='word_1_102' title='bbox 592 1464 803 1514; x_wconf 88' lang='lat' dir='ltr'><strong>sensus,</strong></span> <span class='ocrx_word' id='word_1_103' title='bbox 829 1465 985 1504; x_wconf 89' lang='lat' dir='ltr'><strong>mens</strong></span> <span class='ocrx_word' id='word_1_104' title='bbox 1011 1447 1254 1518; x_wconf 90' lang='lat' dir='ltr'><strong>quotidie</strong></span> <span class='ocrx_word' id='word_1_105' title='bbox 1277 1447 1458 1502; x_wconf 86' lang='lat' dir='ltr'><strong>divina</strong></span> <span class='ocrx_word' id='word_1_106' title='bbox 1486 1446 1714 1502; x_wconf 88' lang='lat' dir='ltr'><strong>lectione</strong></span> <span class='ocrx_word' id='word_1_107' title='bbox 1741 1461 1830 1516; x_wconf 85' lang='lat' dir='ltr'><strong>pa-</strong></span> 
     </span>
    </p>
   </div>
   <div class='ocr_carea' id='block_1_15' title="bbox 230 1539 1826 1611">
    <p class='ocr_par' dir='ltr' id='par_1_15' title="bbox 230 1539 1826 1611">
     <span class='ocr_line' id='line_1_15' title="bbox 230 1539 1826 1611; baseline -0.004 -15"><span class='ocrx_word' id='word_1_108' title='bbox 230 1550 445 1606; x_wconf 83' lang='lat' dir='ltr'><strong>scatur,</strong></span> <span class='ocrx_word' id='word_1_109' title='bbox 471 1550 526 1595; x_wconf 90' lang='lat' dir='ltr'><strong>et</strong></span> <span class='ocrx_word' id='word_1_110' title='bbox 551 1541 878 1611; x_wconf 75' lang='lat' dir='ltr'><strong>qtuestiones</strong></span> <span class='ocrx_word' id='word_1_111' title='bbox 917 1547 1115 1594; x_wconf 72' lang='lat' dir='ltr'><strong>nostra:</strong></span> <span class='ocrx_word' id='word_1_112' title='bbox 1142 1539 1321 1593; x_wconf 74' lang='lat' dir='ltr'><strong>stulta:</strong></span> <span class='ocrx_word' id='word_1_113' title='bbox 1353 1554 1462 1592; x_wconf 91' lang='lat' dir='ltr'><strong>non</strong></span> <span class='ocrx_word' id='word_1_114' title='bbox 1490 1545 1649 1593; x_wconf 86' lang='lat' dir='ltr'><strong>erunt</strong></span> <span class='ocrx_word' id='word_1_115' title='bbox 1677 1551 1826 1607; x_wconf 70' lang='lat' dir='ltr'><strong>quae-</strong></span> 
     </span>
    </p>
   </div>
   <div class='ocr_carea' id='block_1_16' title="bbox 232 1629 1831 1702">
    <p class='ocr_par' dir='ltr' id='par_1_16' title="bbox 232 1629 1831 1702">
     <span class='ocr_line' id='line_1_16' title="bbox 232 1629 1831 1702; baseline -0.003 -16"><span class='ocrx_word' id='word_1_116' title='bbox 232 1634 464 1687; x_wconf 88' lang='lat' dir='ltr'><strong>stiones.</strong></span> <span class='ocrx_word' id='word_1_117' title='bbox 506 1631 660 1700; x_wconf 85' lang='lat' dir='ltr'><strong>Quod</strong></span> <span class='ocrx_word' id='word_1_118' title='bbox 690 1639 872 1686; x_wconf 90' lang='lat' dir='ltr'><strong>autem</strong></span> <span class='ocrx_word' id='word_1_119' title='bbox 903 1631 998 1696; x_wconf 90' lang='lat' dir='ltr'><strong>ait,</strong></span> <span class='ocrx_word' id='word_1_120' title='bbox 1028 1651 1047 1682; x_wconf 87' lang='grc'><strong><em>‹</em></strong></span> <span class='ocrx_word' id='word_1_121' title='bbox 1083 1630 1424 1702; x_wconf 83' lang='lat' dir='ltr'><strong>genealogias</strong></span> <span class='ocrx_word' id='word_1_122' title='bbox 1450 1640 1505 1685; x_wconf 90' lang='lat' dir='ltr'><strong>et</strong></span> <span class='ocrx_word' id='word_1_123' title='bbox 1528 1629 1831 1684; x_wconf 88' lang='lat' dir='ltr'><strong>contentio-</strong></span> 
     </span>
    </p>
   </div>
   <div class='ocr_carea' id='block_1_17' title="bbox 231 1721 1832 1793">
    <p class='ocr_par' dir='ltr' id='par_1_17' title="bbox 231 1721 1832 1793">
     <span class='ocr_line' id='line_1_17' title="bbox 231 1721 1832 1793; baseline -0.002 -15"><span class='ocrx_word' id='word_1_124' title='bbox 231 1740 336 1778; x_wconf 89' lang='lat' dir='ltr'><strong>nes</strong></span> <span class='ocrx_word' id='word_1_125' title='bbox 365 1732 420 1777; x_wconf 89' lang='lat' dir='ltr'><strong>et</strong></span> <span class='ocrx_word' id='word_1_126' title='bbox 472 1724 642 1790; x_wconf 83' lang='lat' dir='ltr'><strong>rixas,</strong></span> <span class='ocrx_word' id='word_1_127' title='bbox 673 1739 792 1793; x_wconf 69' lang='lat' dir='ltr'><strong>qua:</strong></span> <span class='ocrx_word' id='word_1_128' title='bbox 822 1721 1044 1777; x_wconf 90' lang='lat' dir='ltr'><strong>veniunt</strong></span> <span class='ocrx_word' id='word_1_129' title='bbox 1088 1737 1154 1776; x_wconf 84' lang='lat' dir='ltr'><strong>ex</strong></span> <span class='ocrx_word' id='word_1_130' title='bbox 1185 1722 1302 1793; x_wconf 88' lang='lat' dir='ltr'><strong>lege</strong></span> <span class='ocrx_word' id='word_1_131' title='bbox 1330 1722 1533 1786; x_wconf 88' lang='lat' dir='ltr'><strong>devita,</strong></span> <span class='ocrx_word' id='word_1_132' title='bbox 1561 1740 1579 1772; x_wconf 74' lang='grc' dir='ltr'><strong><em>ι</em></strong></span> <span class='ocrx_word' id='word_1_133' title='bbox 1614 1721 1832 1791; x_wconf 86' lang='lat' dir='ltr'><strong>proprie</strong></span> 
     </span>
    </p>
   </div>
   <div class='ocr_carea' id='block_1_18' title="bbox 231 1814 1832 1887">
    <p class='ocr_par' dir='ltr' id='par_1_18' title="bbox 231 1814 1832 1887">
     <span class='ocr_line' id='line_1_18' title="bbox 231 1814 1832 1887; baseline -0.001 -17"><span class='ocrx_word' id='word_1_134' title='bbox 231 1817 418 1886; x_wconf 89' lang='lat' dir='ltr'><strong>pulsat</strong></span> <span class='ocrx_word' id='word_1_135' title='bbox 445 1814 678 1883; x_wconf 69' lang='lat' dir='ltr'><strong>Judazos,</strong></span> <span class='ocrx_word' id='word_1_136' title='bbox 709 1817 800 1887; x_wconf 89' lang='lat' dir='ltr'><strong>qui</strong></span> <span class='ocrx_word' id='word_1_137' title='bbox 832 1817 884 1870; x_wconf 92' lang='lat' dir='ltr'><strong>in</strong></span> <span class='ocrx_word' id='word_1_138' title='bbox 917 1831 982 1872; x_wconf 88' lang='lat' dir='ltr'><strong>eo</strong></span> <span class='ocrx_word' id='word_1_139' title='bbox 1009 1832 1067 1871; x_wconf 88' lang='lat' dir='ltr'><strong>se</strong></span> <span class='ocrx_word' id='word_1_140' title='bbox 1106 1814 1357 1884; x_wconf 88' lang='lat' dir='ltr'><strong>iactitant</strong></span> <span class='ocrx_word' id='word_1_141' title='bbox 1385 1824 1439 1869; x_wconf 86' lang='lat' dir='ltr'><strong>et</strong></span> <span class='ocrx_word' id='word_1_142' title='bbox 1477 1821 1671 1886; x_wconf 88' lang='lat' dir='ltr'><strong>putant</strong></span> <span class='ocrx_word' id='word_1_143' title='bbox 1699 1814 1832 1884; x_wconf 80' lang='lat' dir='ltr'><strong>legis</strong></span> 
     </span>
    </p>
   </div>
   <div class='ocr_carea' id='block_1_19' title="bbox 231 1897 1906 1978">
    <p class='ocr_par' dir='ltr' id='par_1_19' title="bbox 231 1897 1906 1978">
     <span class='ocr_line' id='line_1_19' title="bbox 231 1897 1906 1978; baseline -0.004 -15"><span class='ocrx_word' id='word_1_144' title='bbox 231 1909 438 1964; x_wconf 89' lang='lat' dir='ltr'><strong>habere</strong></span> <span class='ocrx_word' id='word_1_145' title='bbox 463 1909 730 1974; x_wconf 88' lang='lat' dir='ltr'><strong>notitiam,</strong></span> <span class='ocrx_word' id='word_1_146' title='bbox 754 1910 798 1964; x_wconf 92' lang='lat' dir='ltr'><strong>si</strong></span> <span class='ocrx_word' id='word_1_147' title='bbox 824 1908 1044 1963; x_wconf 87' lang='lat' dir='ltr'><strong>nomina</strong></span> <span class='ocrx_word' id='word_1_148' title='bbox 1075 1915 1295 1963; x_wconf 89' lang='lat' dir='ltr'><strong>teneant</strong></span> <span class='ocrx_word' id='word_1_149' title='bbox 1323 1906 1657 1978; x_wconf 90' lang='lat' dir='ltr'><strong>singulorum</strong></span> <span class='ocrx_word' id='word_1_150' title='bbox 1678 1921 1830 1975; x_wconf 69' lang='lat' dir='ltr'><strong>:quze</strong></span> <span class='ocrx_word' id='word_1_151' title='bbox 1861 1897 1906 1957; x_wconf 91' lang='lat' dir='ltr'><strong>B</strong></span> 
     </span>
    </p>
   </div>
   <div class='ocr_carea' id='block_1_20' title="bbox 230 1996 1834 2070">
    <p class='ocr_par' dir='ltr' id='par_1_20' title="bbox 230 1996 1834 2070">
     <span class='ocr_line' id='line_1_20' title="bbox 230 1996 1834 2070; baseline -0.001 -18"><span class='ocrx_word' id='word_1_152' title='bbox 230 2000 361 2069; x_wconf 86' lang='lat' dir='ltr'><strong>quia</strong></span> <span class='ocrx_word' id='word_1_153' title='bbox 407 1999 639 2054; x_wconf 87' lang='lat' dir='ltr'><strong>barbara</strong></span> <span class='ocrx_word' id='word_1_154' title='bbox 667 2007 872 2054; x_wconf 88' lang='lat' dir='ltr'><strong>suntet</strong></span> <span class='ocrx_word' id='word_1_155' title='bbox 922 1998 1279 2070; x_wconf 87' lang='lat' dir='ltr'><strong>etymologias</strong></span> <span class='ocrx_word' id='word_1_156' title='bbox 1319 2012 1510 2052; x_wconf 91' lang='lat' dir='ltr'><strong>eorum</strong></span> <span class='ocrx_word' id='word_1_157' title='bbox 1546 2011 1652 2052; x_wconf 90' lang='lat' dir='ltr'><strong>non</strong></span> <span class='ocrx_word' id='word_1_158' title='bbox 1681 1996 1834 2050; x_wconf 86' lang='lat' dir='ltr'><strong>novi-</strong></span> 
     </span>
    </p>
   </div>
   <div class='ocr_carea' id='block_1_21' title="bbox 231 2087 1832 2162">
    <p class='ocr_par' dir='ltr' id='par_1_21' title="bbox 231 2087 1832 2162">
     <span class='ocr_line' id='line_1_21' title="bbox 231 2087 1832 2162; baseline -0.002 -16"><span class='ocrx_word' id='word_1_159' title='bbox 231 2108 376 2158; x_wconf 91' lang='lat' dir='ltr'><strong>mus,</strong></span> <span class='ocrx_word' id='word_1_160' title='bbox 421 2091 738 2162; x_wconf 88' lang='lat' dir='ltr'><strong>plerumque</strong></span> <span class='ocrx_word' id='word_1_161' title='bbox 767 2099 1022 2160; x_wconf 88' lang='lat' dir='ltr'><strong>corrupte</strong></span> <span class='ocrx_word' id='word_1_162' title='bbox 1049 2089 1400 2161; x_wconf 88' lang='lat' dir='ltr'><strong>proferuntur</strong></span> <span class='ocrx_word' id='word_1_163' title='bbox 1423 2105 1453 2144; x_wconf 88' lang='lat' dir='ltr'><strong>a</strong></span> <span class='ocrx_word' id='word_1_164' title='bbox 1482 2089 1638 2144; x_wconf 92' lang='lat' dir='ltr'><strong>nobis</strong></span> <span class='ocrx_word' id='word_1_165' title='bbox 1667 2107 1679 2142; x_wconf 91' lang='lat'>:</span> <span class='ocrx_word' id='word_1_166' title='bbox 1705 2097 1761 2143; x_wconf 90' lang='lat' dir='ltr'><strong>et</strong></span> <span class='ocrx_word' id='word_1_167' title='bbox 1787 2087 1832 2142; x_wconf 89' lang='lat' dir='ltr'><strong>si</strong></span> 
     </span>
    </p>
   </div>
   <div class='ocr_carea' id='block_1_22' title="bbox 235 2188 1830 2256">
    <p class='ocr_par' dir='ltr' id='par_1_22' title="bbox 235 2188 1830 2256">
     <span class='ocr_line' id='line_1_22' title="bbox 235 2188 1830 2256; baseline 0.001 -13"><span class='ocrx_word' id='word_1_168' title='bbox 235 2189 377 2244; x_wconf 87' lang='lat' dir='ltr'><strong>forte</strong></span> <span class='ocrx_word' id='word_1_169' title='bbox 406 2190 770 2245; x_wconf 89' lang='lat' dir='ltr'><strong>erraverimus</strong></span> <span class='ocrx_word' id='word_1_170' title='bbox 817 2190 872 2245; x_wconf 92' lang='lat' dir='ltr'><strong>in</strong></span> <span class='ocrx_word' id='word_1_171' title='bbox 905 2198 1153 2256; x_wconf 90' lang='lat' dir='ltr'><strong>accentu,</strong></span> <span class='ocrx_word' id='word_1_172' title='bbox 1181 2189 1236 2245; x_wconf 91' lang='lat' dir='ltr'><strong>in</strong></span> <span class='ocrx_word' id='word_1_173' title='bbox 1268 2189 1588 2245; x_wconf 84' lang='lat' dir='ltr'><strong>extensione</strong></span> <span class='ocrx_word' id='word_1_174' title='bbox 1615 2197 1669 2244; x_wconf 91' lang='lat' dir='ltr'><strong>et</strong></span> <span class='ocrx_word' id='word_1_175' title='bbox 1701 2188 1830 2244; x_wconf 90' lang='lat' dir='ltr'><strong>bre-</strong></span> 
     </span>
    </p>
   </div>
   <div class='ocr_carea' id='block_1_23' title="bbox 230 2280 1832 2353">
    <p class='ocr_par' dir='ltr' id='par_1_23' title="bbox 230 2280 1832 2353">
     <span class='ocr_line' id='line_1_23' title="bbox 230 2280 1832 2353; baseline -0.001 -17"><span class='ocrx_word' id='word_1_176' title='bbox 230 2282 402 2336; x_wconf 82' lang='lat' dir='ltr'><strong>vitate</strong></span> <span class='ocrx_word' id='word_1_177' title='bbox 444 2280 684 2353; x_wconf 75' lang='lat' dir='ltr'><strong>syllabae,</strong></span> <span class='ocrx_word' id='word_1_178' title='bbox 712 2281 796 2335; x_wconf 88' lang='lat' dir='ltr'><strong>vel</strong></span> <span class='ocrx_word' id='word_1_179' title='bbox 836 2280 1020 2335; x_wconf 85' lang='lat' dir='ltr'><strong>brevia</strong></span> <span class='ocrx_word' id='word_1_180' title='bbox 1051 2281 1430 2350; x_wconf 90' lang='lat' dir='ltr'><strong>producentes,</strong></span> <span class='ocrx_word' id='word_1_181' title='bbox 1459 2280 1544 2336; x_wconf 92' lang='lat' dir='ltr'><strong>vel</strong></span> <span class='ocrx_word' id='word_1_182' title='bbox 1573 2280 1832 2350; x_wconf 89' lang='lat' dir='ltr'><strong>producta</strong></span> 
     </span>
    </p>
   </div>
   <div class='ocr_carea' id='block_1_24' title="bbox 231 2372 1834 2444">
    <p class='ocr_par' dir='ltr' id='par_1_24' title="bbox 231 2372 1834 2444">
     <span class='ocr_line' id='line_1_24' title="bbox 231 2372 1834 2444; baseline -0.001 -15"><span class='ocrx_word' id='word_1_183' title='bbox 231 2375 569 2437; x_wconf 88' lang='lat' dir='ltr'><strong>breviantes,</strong></span> <span class='ocrx_word' id='word_1_184' title='bbox 618 2372 793 2428; x_wconf 89' lang='lat' dir='ltr'><strong>solent</strong></span> <span class='ocrx_word' id='word_1_185' title='bbox 832 2373 1064 2429; x_wconf 88' lang='lat' dir='ltr'><strong>irridere</strong></span> <span class='ocrx_word' id='word_1_186' title='bbox 1109 2389 1211 2428; x_wconf 89' lang='lat' dir='ltr'><strong>nos</strong></span> <span class='ocrx_word' id='word_1_187' title='bbox 1243 2373 1548 2444; x_wconf 77' lang='lat' dir='ltr'><strong>imperitize,</strong></span> <span class='ocrx_word' id='word_1_188' title='bbox 1597 2374 1834 2428; x_wconf 86' lang='lat' dir='ltr'><strong>maxime</strong></span> 
     </span>
    </p>
   </div>
   <div class='ocr_carea' id='block_1_25' title="bbox 232 2463 1834 2537">
    <p class='ocr_par' dir='ltr' id='par_1_25' title="bbox 232 2463 1834 2537">
     <span class='ocr_line' id='line_1_25' title="bbox 232 2463 1834 2537; baseline 0.001 -18"><span class='ocrx_word' id='word_1_189' title='bbox 232 2466 286 2519; x_wconf 93' lang='lat' dir='ltr'><strong>in</strong></span> <span class='ocrx_word' id='word_1_190' title='bbox 329 2463 749 2534; x_wconf 88' lang='lat' dir='ltr'><strong>aspirationibus</strong></span> <span class='ocrx_word' id='word_1_191' title='bbox 800 2473 856 2520; x_wconf 92' lang='lat' dir='ltr'><strong>et</strong></span> <span class='ocrx_word' id='word_1_192' title='bbox 900 2465 1225 2534; x_wconf 90' lang='lat' dir='ltr'><strong>quibusdam</strong></span> <span class='ocrx_word' id='word_1_193' title='bbox 1281 2481 1406 2520; x_wconf 91' lang='lat' dir='ltr'><strong>cum</strong></span> <span class='ocrx_word' id='word_1_194' title='bbox 1451 2481 1647 2521; x_wconf 88' lang='lat' dir='ltr'><strong>rasura</strong></span> <span class='ocrx_word' id='word_1_195' title='bbox 1696 2466 1834 2537; x_wconf 48' lang='lat' dir='ltr'><strong>gulae.</strong></span> 
     </span>
    </p>
   </div>
   <div class='ocr_carea' id='block_1_26' title="bbox 231 2553 1828 2628">
    <p class='ocr_par' dir='ltr' id='par_1_26' title="bbox 231 2553 1828 2628">
     <span class='ocr_line' id='line_1_26' title="bbox 231 2553 1828 2628; baseline 0.004 -21"><span class='ocrx_word' id='word_1_196' title='bbox 231 2553 435 2609; x_wconf 83' lang='lat' dir='ltr'><strong>litteris</strong></span> <span class='ocrx_word' id='word_1_197' title='bbox 463 2553 821 2624; x_wconf 82' lang='lat' dir='ltr'><strong>proferendis.</strong></span> <span class='ocrx_word' id='word_1_198' title='bbox 856 2556 1134 2623; x_wconf 83' lang='lat' dir='ltr'><strong>Quomodo</strong></span> <span class='ocrx_word' id='word_1_199' title='bbox 1162 2573 1283 2624; x_wconf 91' lang='lat' dir='ltr'><strong>nos,</strong></span> <span class='ocrx_word' id='word_1_200' title='bbox 1317 2558 1407 2628; x_wconf 89' lang='lat' dir='ltr'><strong>qui</strong></span> <span class='ocrx_word' id='word_1_201' title='bbox 1437 2558 1588 2612; x_wconf 87' lang='lat' dir='ltr'><strong>latini</strong></span> <span class='ocrx_word' id='word_1_202' title='bbox 1616 2574 1828 2624; x_wconf 91' lang='lat' dir='ltr'><strong>sumus,</strong></span> 
     </span>
    </p>
   </div>
   <div class='ocr_carea' id='block_1_27' title="bbox 232 2645 1833 2719">
    <p class='ocr_par' dir='ltr' id='par_1_27' title="bbox 232 2645 1833 2719">
     <span class='ocr_line' id='line_1_27' title="bbox 232 2645 1833 2719; baseline 0.004 -21"><span class='ocrx_word' id='word_1_203' title='bbox 232 2645 402 2700; x_wconf 90' lang='lat' dir='ltr'><strong>latina</strong></span> <span class='ocrx_word' id='word_1_204' title='bbox 434 2646 650 2700; x_wconf 87' lang='lat' dir='ltr'><strong>nomina</strong></span> <span class='ocrx_word' id='word_1_205' title='bbox 680 2655 735 2700; x_wconf 88' lang='lat' dir='ltr'><strong>et</strong></span> <span class='ocrx_word' id='word_1_206' title='bbox 759 2647 998 2718; x_wconf 83' lang='lat' dir='ltr'><strong>origines</strong></span> <span class='ocrx_word' id='word_1_207' title='bbox 1044 2647 1109 2702; x_wconf 91' lang='lat' dir='ltr'><strong>de</strong></span> <span class='ocrx_word' id='word_1_208' title='bbox 1139 2647 1322 2719; x_wconf 86' lang='lat' dir='ltr'><strong>lingua</strong></span> <span class='ocrx_word' id='word_1_209' title='bbox 1349 2657 1536 2704; x_wconf 91' lang='lat' dir='ltr'><strong>nostra</strong></span> <span class='ocrx_word' id='word_1_210' title='bbox 1573 2649 1833 2704; x_wconf 83' lang='lat' dir='ltr'><strong>habentia</strong></span> 
     </span>
    </p>
   </div>
   <div class='ocr_carea' id='block_1_28' title="bbox 236 2740 1834 2812">
    <p class='ocr_par' dir='ltr' id='par_1_28' title="bbox 236 2740 1834 2812">
     <span class='ocr_line' id='line_1_28' title="bbox 236 2740 1834 2812; baseline 0.001 -18"><span class='ocrx_word' id='word_1_211' title='bbox 236 2740 453 2795; x_wconf 79' lang='lat' dir='ltr'><strong>facilius</strong></span> <span class='ocrx_word' id='word_1_212' title='bbox 497 2740 772 2798; x_wconf 65' lang='lat' dir='ltr'><strong>memoria:</strong></span> <span class='ocrx_word' id='word_1_213' title='bbox 823 2742 1111 2807; x_wconf 88' lang='lat' dir='ltr'><strong>tradimus,</strong></span> <span class='ocrx_word' id='word_1_214' title='bbox 1141 2743 1216 2796; x_wconf 91' lang='lat' dir='ltr'><strong>ita</strong></span> <span class='ocrx_word' id='word_1_215' title='bbox 1259 2742 1332 2797; x_wconf 89' lang='lat' dir='ltr'><strong>illi</strong></span> <span class='ocrx_word' id='word_1_216' title='bbox 1385 2760 1412 2795; x_wconf 85' lang='lat' dir='ltr'><strong>a</strong></span> <span class='ocrx_word' id='word_1_217' title='bbox 1465 2757 1630 2812; x_wconf 89' lang='lat' dir='ltr'><strong>parva</strong></span> <span class='ocrx_word' id='word_1_218' title='bbox 1672 2751 1834 2797; x_wconf 82' lang='lat' dir='ltr'><strong>aetate</strong></span> 
     </span>
    </p>
   </div>
   <div class='ocr_carea' id='block_1_29' title="bbox 235 2829 1835 2904">
    <p class='ocr_par' dir='ltr' id='par_1_29' title="bbox 235 2829 1835 2904">
     <span class='ocr_line' id='line_1_29' title="bbox 235 2829 1835 2904; baseline 0.001 -18"><span class='ocrx_word' id='word_1_219' title='bbox 235 2831 531 2887; x_wconf 86' lang='lat' dir='ltr'><strong>vernacula</strong></span> <span class='ocrx_word' id='word_1_220' title='bbox 575 2833 660 2888; x_wconf 84' lang='lat' dir='ltr'><strong>sui</strong></span> <span class='ocrx_word' id='word_1_221' title='bbox 694 2829 968 2890; x_wconf 80' lang='lat' dir='ltr'><strong>Sermonis</strong></span> <span class='ocrx_word' id='word_1_222' title='bbox 997 2832 1257 2889; x_wconf 88' lang='lat' dir='ltr'><strong>vocabula</strong></span> <span class='ocrx_word' id='word_1_223' title='bbox 1285 2833 1616 2904; x_wconf 85' lang='lat' dir='ltr'><strong>plenissimis</strong></span> <span class='ocrx_word' id='word_1_224' title='bbox 1662 2835 1835 2888; x_wconf 89' lang='lat' dir='ltr'><strong>sensi-</strong></span> 
     </span>
    </p>
   </div>
   <div class='ocr_carea' id='block_1_30' title="bbox 235 2927 1837 2998">
    <p class='ocr_par' dir='ltr' id='par_1_30' title="bbox 235 2927 1837 2998">
     <span class='ocr_line' id='line_1_30' title="bbox 235 2927 1837 2998; baseline 0.001 -16"><span class='ocrx_word' id='word_1_225' title='bbox 235 2929 341 2983; x_wconf 90' lang='lat' dir='ltr'><strong>bus</strong></span> <span class='ocrx_word' id='word_1_226' title='bbox 371 2927 718 2994; x_wconf 90' lang='lat' dir='ltr'><strong>imbiberunt,</strong></span> <span class='ocrx_word' id='word_1_227' title='bbox 745 2935 800 2982; x_wconf 90' lang='lat' dir='ltr'><strong>et</strong></span> <span class='ocrx_word' id='word_1_228' title='bbox 824 2927 892 2983; x_wconf 89' lang='lat' dir='ltr'><strong>ab</strong></span> <span class='ocrx_word' id='word_1_229' title='bbox 917 2927 1142 2983; x_wconf 81' lang='lat' dir='ltr'><strong>exordio</strong></span> <span class='ocrx_word' id='word_1_230' title='bbox 1167 2927 1340 2982; x_wconf 84' lang='lat' dir='ltr'><strong>Adam</strong></span> <span class='ocrx_word' id='word_1_231' title='bbox 1371 2943 1540 2998; x_wconf 89' lang='lat' dir='ltr'><strong>usque</strong></span> <span class='ocrx_word' id='word_1_232' title='bbox 1561 2930 1627 2983; x_wconf 90' lang='lat' dir='ltr'><strong>ad</strong></span> <span class='ocrx_word' id='word_1_233' title='bbox 1656 2936 1837 2984; x_wconf 80' lang='lat' dir='ltr'><strong>extre-</strong></span> 
     </span>
    </p>
   </div>
   <div class='ocr_carea' id='block_1_31' title="bbox 237 3019 1836 3091">
    <p class='ocr_par' dir='ltr' id='par_1_31' title="bbox 237 3019 1836 3091">
     <span class='ocr_line' id='line_1_31' title="bbox 237 3019 1836 3091; baseline 0.001 -16"><span class='ocrx_word' id='word_1_234' title='bbox 237 3035 388 3075; x_wconf 91' lang='lat' dir='ltr'><strong>mum</strong></span> <span class='ocrx_word' id='word_1_235' title='bbox 413 3019 711 3074; x_wconf 84' lang='lat' dir='ltr'><strong>Zombabel</strong></span> <span class='ocrx_word' id='word_1_236' title='bbox 735 3019 977 3076; x_wconf 91' lang='lat' dir='ltr'><strong>onmium</strong></span> <span class='ocrx_word' id='word_1_237' title='bbox 1007 3021 1384 3091; x_wconf 84' lang='lat' dir='ltr'><strong>generationes</strong></span> <span class='ocrx_word' id='word_1_238' title='bbox 1412 3021 1487 3075; x_wconf 88' lang='lat' dir='ltr'><strong>ita</strong></span> <span class='ocrx_word' id='word_1_239' title='bbox 1520 3021 1836 3077; x_wconf 88' lang='lat' dir='ltr'><strong>memoriter</strong></span> 
     </span>
    </p>
   </div>
   <div class='ocr_carea' id='block_1_32' title="bbox 238 3109 1835 3183">
    <p class='ocr_par' dir='ltr' id='par_1_32' title="bbox 238 3109 1835 3183">
     <span class='ocr_line' id='line_1_32' title="bbox 238 3109 1835 3183; baseline 0.003 -19"><span class='ocrx_word' id='word_1_240' title='bbox 238 3109 606 3179; x_wconf 83' lang='lat' dir='ltr'><strong>velociterque</strong></span> <span class='ocrx_word' id='word_1_241' title='bbox 649 3117 991 3180; x_wconf 88' lang='lat' dir='ltr'><strong>percurrunt,</strong></span> <span class='ocrx_word' id='word_1_242' title='bbox 1021 3119 1079 3165; x_wconf 92' lang='lat' dir='ltr'><strong>ut</strong></span> <span class='ocrx_word' id='word_1_243' title='bbox 1103 3126 1197 3166; x_wconf 90' lang='lat' dir='ltr'><strong>eos</strong></span> <span class='ocrx_word' id='word_1_244' title='bbox 1225 3127 1380 3166; x_wconf 90' lang='lat' dir='ltr'><strong>suum</strong></span> <span class='ocrx_word' id='word_1_245' title='bbox 1429 3123 1586 3183; x_wconf 89' lang='lat' dir='ltr'><strong>putes</strong></span> <span class='ocrx_word' id='word_1_246' title='bbox 1628 3112 1835 3168; x_wconf 89' lang='lat' dir='ltr'><strong>referre</strong></span> 
     </span>
    </p>
   </div>
   <div class='ocr_carea' id='block_1_33' title="bbox 238 3199 1830 3271">
    <p class='ocr_par' dir='ltr' id='par_1_33' title="bbox 238 3199 1830 3271">
     <span class='ocr_line' id='line_1_33' title="bbox 238 3199 1830 3271; baseline 0.002 -15"><span class='ocrx_word' id='word_1_247' title='bbox 238 3217 461 3256; x_wconf 91' lang='lat' dir='ltr'><strong>nomen.</strong></span> <span class='ocrx_word' id='word_1_248' title='bbox 511 3199 627 3256; x_wconf 82' lang='lat' dir='ltr'><strong>Hoc</strong></span> <span class='ocrx_word' id='word_1_249' title='bbox 650 3215 768 3268; x_wconf 88' lang='lat' dir='ltr'><strong>nos,</strong></span> <span class='ocrx_word' id='word_1_250' title='bbox 799 3202 893 3271; x_wconf 91' lang='lat' dir='ltr'><strong>qui</strong></span> <span class='ocrx_word' id='word_1_251' title='bbox 941 3210 1035 3256; x_wconf 88' lang='lat' dir='ltr'><strong>aut</strong></span> <span class='ocrx_word' id='word_1_252' title='bbox 1085 3202 1216 3258; x_wconf 90' lang='lat' dir='ltr'><strong>alias</strong></span> <span class='ocrx_word' id='word_1_253' title='bbox 1259 3203 1470 3258; x_wconf 89' lang='lat' dir='ltr'><strong>litteras</strong></span> <span class='ocrx_word' id='word_1_254' title='bbox 1523 3203 1830 3270; x_wconf 88' lang='lat' dir='ltr'><strong>didicimus,</strong></span> 
     </span>
    </p>
   </div>
   <div class='ocr_carea' id='block_1_34' title="bbox 239 3266 1906 3360">
    <p class='ocr_par' dir='ltr' id='par_1_34' title="bbox 239 3266 1906 3360">
     <span class='ocr_line' id='line_1_34' title="bbox 239 3266 1906 3360; baseline 0.003 -14"><span class='ocrx_word' id='word_1_255' title='bbox 239 3303 335 3346; x_wconf 88' lang='lat' dir='ltr'><strong>aut</strong></span> <span class='ocrx_word' id='word_1_256' title='bbox 362 3300 511 3348; x_wconf 89' lang='lat' dir='ltr'><strong>certe</strong></span> <span class='ocrx_word' id='word_1_257' title='bbox 539 3307 660 3347; x_wconf 91' lang='lat' dir='ltr'><strong>sero</strong></span> <span class='ocrx_word' id='word_1_258' title='bbox 683 3292 1012 3348; x_wconf 87' lang='lat' dir='ltr'><strong>credidimus</strong></span> <span class='ocrx_word' id='word_1_259' title='bbox 1054 3293 1106 3348; x_wconf 92' lang='lat' dir='ltr'><strong>in</strong></span> <span class='ocrx_word' id='word_1_260' title='bbox 1138 3293 1444 3360; x_wconf 88' lang='lat' dir='ltr'><strong>Christum,</strong></span> <span class='ocrx_word' id='word_1_261' title='bbox 1475 3303 1569 3348; x_wconf 91' lang='lat' dir='ltr'><strong>aut</strong></span> <span class='ocrx_word' id='word_1_262' title='bbox 1595 3295 1762 3350; x_wconf 90' lang='lat' dir='ltr'><strong>etiam</strong></span> <span class='ocrx_word' id='word_1_263' title='bbox 1787 3295 1832 3351; x_wconf 89' lang='lat' dir='ltr'><strong>si</strong></span> <span class='ocrx_word' id='word_1_264' title='bbox 1861 3266 1906 3332; x_wconf 57' lang='grc' dir='ltr'><strong>(ἶ</strong></span> 
     </span>
    </p>
   </div>
   <div class='ocr_carea' id='block_1_35' title="bbox 238 3383 1836 3457">
    <p class='ocr_par' dir='ltr' id='par_1_35' title="bbox 238 3383 1836 3457">
     <span class='ocr_line' id='line_1_35' title="bbox 238 3383 1836 3457; baseline 0.001 -18"><span class='ocrx_word' id='word_1_265' title='bbox 238 3383 477 3439; x_wconf 87' lang='lat' dir='ltr'><strong>infantes</strong></span> <span class='ocrx_word' id='word_1_266' title='bbox 504 3397 693 3439; x_wconf 89' lang='lat' dir='ltr'><strong>sumus</strong></span> <span class='ocrx_word' id='word_1_267' title='bbox 735 3383 992 3439; x_wconf 59' lang='lat' dir='ltr'><strong>Ecclesiae</strong></span> <span class='ocrx_word' id='word_1_268' title='bbox 1039 3384 1350 3455; x_wconf 87' lang='lat' dir='ltr'><strong>mancipati,</strong></span> <span class='ocrx_word' id='word_1_269' title='bbox 1396 3386 1569 3456; x_wconf 86' lang='lat' dir='ltr'><strong>magis</strong></span> <span class='ocrx_word' id='word_1_270' title='bbox 1601 3386 1836 3457; x_wconf 89' lang='lat' dir='ltr'><strong>scriptu-</strong></span> 
     </span>
    </p>
   </div>
   <div class='ocr_carea' id='block_1_36' title="bbox 241 3478 1833 3546">
    <p class='ocr_par' dir='ltr' id='par_1_36' title="bbox 241 3478 1833 3546">
     <span class='ocr_line' id='line_1_36' title="bbox 241 3478 1833 3546; baseline 0.002 -16"><span class='ocrx_word' id='word_1_271' title='bbox 241 3490 428 3530; x_wconf 86' lang='lat' dir='ltr'><strong>rarum</strong></span> <span class='ocrx_word' id='word_1_272' title='bbox 477 3490 695 3532; x_wconf 82' lang='lat' dir='ltr'><strong>sensum</strong></span> <span class='ocrx_word' id='word_1_273' title='bbox 760 3492 925 3546; x_wconf 88' lang='lat' dir='ltr'><strong>quam</strong></span> <span class='ocrx_word' id='word_1_274' title='bbox 972 3478 1136 3534; x_wconf 87' lang='lat' dir='ltr'><strong>verba</strong></span> <span class='ocrx_word' id='word_1_275' title='bbox 1182 3486 1472 3534; x_wconf 90' lang='lat' dir='ltr'><strong>sectamur.</strong></span> <span class='ocrx_word' id='word_1_276' title='bbox 1531 3478 1833 3545; x_wconf 86' lang='lat' dir='ltr'><strong>Dialectici,</strong></span> 
     </span>
    </p>
   </div>
   <div class='ocr_carea' id='block_1_37' title="bbox 237 3565 1834 3642">
    <p class='ocr_par' dir='ltr' id='par_1_37' title="bbox 237 3565 1834 3642">
     <span class='ocr_line' id='line_1_37' title="bbox 237 3565 1834 3642; baseline 0.003 -22"><span class='ocrx_word' id='word_1_277' title='bbox 237 3581 473 3637; x_wconf 88' lang='lat' dir='ltr'><strong>quorum</strong></span> <span class='ocrx_word' id='word_1_278' title='bbox 502 3565 823 3623; x_wconf 82' lang='lat' dir='ltr'><strong>Aristoteles</strong></span> <span class='ocrx_word' id='word_1_279' title='bbox 868 3568 1122 3640; x_wconf 87' lang='lat' dir='ltr'><strong>princeps</strong></span> <span class='ocrx_word' id='word_1_280' title='bbox 1150 3577 1257 3635; x_wconf 89' lang='lat' dir='ltr'><strong>est,</strong></span> <span class='ocrx_word' id='word_1_281' title='bbox 1282 3569 1459 3626; x_wconf 89' lang='lat' dir='ltr'><strong>solent</strong></span> <span class='ocrx_word' id='word_1_282' title='bbox 1488 3579 1834 3642; x_wconf 85' lang='lat' dir='ltr'><strong>argumenta—</strong></span> 
     </span>
    </p>
   </div>
   <div class='ocr_carea' id='block_1_38' title="bbox 241 3660 1832 3732">
    <p class='ocr_par' dir='ltr' id='par_1_38' title="bbox 241 3660 1832 3732">
     <span class='ocr_line' id='line_1_38' title="bbox 241 3660 1832 3732; baseline 0.001 -18"><span class='ocrx_word' id='word_1_283' title='bbox 241 3660 452 3714; x_wconf 88' lang='lat' dir='ltr'><strong>tionum</strong></span> <span class='ocrx_word' id='word_1_284' title='bbox 497 3661 634 3715; x_wconf 87' lang='lat' dir='ltr'><strong>retia</strong></span> <span class='ocrx_word' id='word_1_285' title='bbox 668 3661 911 3726; x_wconf 85' lang='lat' dir='ltr'><strong>tendere,</strong></span> <span class='ocrx_word' id='word_1_286' title='bbox 963 3668 1017 3716; x_wconf 88' lang='lat' dir='ltr'><strong>et</strong></span> <span class='ocrx_word' id='word_1_287' title='bbox 1045 3676 1240 3732; x_wconf 82' lang='lat' dir='ltr'><strong>vagam</strong></span> <span class='ocrx_word' id='word_1_288' title='bbox 1289 3663 1577 3718; x_wconf 69' lang='lat' dir='ltr'><strong>rhetoricae</strong></span> <span class='ocrx_word' id='word_1_289' title='bbox 1606 3662 1832 3717; x_wconf 66' lang='lat' dir='ltr'><strong>liberta»</strong></span> 
     </span>
    </p>
   </div>
   <div class='ocr_carea' id='block_1_39' title="bbox 239 3751 1836 3826">
    <p class='ocr_par' dir='ltr' id='par_1_39' title="bbox 239 3751 1836 3826">
     <span class='ocr_line' id='line_1_39' title="bbox 239 3751 1836 3826; baseline 0.004 -22"><span class='ocrx_word' id='word_1_290' title='bbox 239 3759 352 3805; x_wconf 88' lang='lat' dir='ltr'><strong>tem</strong></span> <span class='ocrx_word' id='word_1_291' title='bbox 383 3751 439 3804; x_wconf 92' lang='lat' dir='ltr'><strong>in</strong></span> <span class='ocrx_word' id='word_1_292' title='bbox 485 3751 919 3823; x_wconf 74' lang='lat' dir='ltr'><strong>syllogismorum</strong></span> <span class='ocrx_word' id='word_1_293' title='bbox 963 3753 1174 3822; x_wconf 88' lang='lat' dir='ltr'><strong>spineta</strong></span> <span class='ocrx_word' id='word_1_294' title='bbox 1223 3754 1566 3809; x_wconf 86' lang='lat' dir='ltr'><strong>concludere.</strong></span> <span class='ocrx_word' id='word_1_295' title='bbox 1611 3754 1678 3809; x_wconf 81' lang='lat' dir='ltr'><strong>Hi</strong></span> <span class='ocrx_word' id='word_1_296' title='bbox 1707 3769 1836 3826; x_wconf 88' lang='lat' dir='ltr'><strong>ergo</strong></span> 
     </span>
    </p>
   </div>
   <div class='ocr_carea' id='block_1_40' title="bbox 238 3841 1833 3912">
    <p class='ocr_par' dir='ltr' id='par_1_40' title="bbox 238 3841 1833 3912">
     <span class='ocr_line' id='line_1_40' title="bbox 238 3841 1833 3912; baseline 0.006 -19"><span class='ocrx_word' id='word_1_297' title='bbox 238 3841 334 3912; x_wconf 88' lang='lat' dir='ltr'><strong>qui</strong></span> <span class='ocrx_word' id='word_1_298' title='bbox 363 3841 419 3896; x_wconf 91' lang='lat' dir='ltr'><strong>in</strong></span> <span class='ocrx_word' id='word_1_299' title='bbox 442 3857 508 3897; x_wconf 88' lang='lat' dir='ltr'><strong>eo</strong></span> <span class='ocrx_word' id='word_1_300' title='bbox 540 3851 680 3897; x_wconf 89' lang='lat' dir='ltr'><strong>totos</strong></span> <span class='ocrx_word' id='word_1_301' title='bbox 711 3843 825 3897; x_wconf 91' lang='lat' dir='ltr'><strong>dies</strong></span> <span class='ocrx_word' id='word_1_302' title='bbox 872 3852 928 3898; x_wconf 92' lang='lat' dir='ltr'><strong>et</strong></span> <span class='ocrx_word' id='word_1_303' title='bbox 948 3853 1135 3900; x_wconf 90' lang='lat' dir='ltr'><strong>noctes</strong></span> <span class='ocrx_word' id='word_1_304' title='bbox 1167 3852 1364 3911; x_wconf 91' lang='lat' dir='ltr'><strong>terunt,</strong></span> <span class='ocrx_word' id='word_1_305' title='bbox 1399 3854 1460 3901; x_wconf 91' lang='lat' dir='ltr'><strong>ut</strong></span> <span class='ocrx_word' id='word_1_306' title='bbox 1485 3845 1568 3900; x_wconf 88' lang='lat' dir='ltr'><strong>vel</strong></span> <span class='ocrx_word' id='word_1_307' title='bbox 1597 3847 1833 3902; x_wconf 88' lang='lat' dir='ltr'><strong>interro-</strong></span> 
     </span>
    </p>
   </div>
   <div class='ocr_carea' id='block_1_41' title="bbox 240 3933 1834 4007">
    <p class='ocr_par' dir='ltr' id='par_1_41' title="bbox 240 3933 1834 4007">
     <span class='ocr_line' id='line_1_41' title="bbox 240 3933 1834 4007; baseline 0.003 -21"><span class='ocrx_word' id='word_1_308' title='bbox 240 3942 390 4003; x_wconf 79' lang='lat' dir='ltr'><strong>gent,</strong></span> <span class='ocrx_word' id='word_1_309' title='bbox 433 3933 518 3988; x_wconf 86' lang='lat' dir='ltr'><strong>vel</strong></span> <span class='ocrx_word' id='word_1_310' title='bbox 548 3935 928 4004; x_wconf 88' lang='lat' dir='ltr'><strong>respondeant,</strong></span> <span class='ocrx_word' id='word_1_311' title='bbox 969 3935 1055 3990; x_wconf 90' lang='lat' dir='ltr'><strong>vel</strong></span> <span class='ocrx_word' id='word_1_312' title='bbox 1087 3936 1216 3992; x_wconf 86' lang='lat' dir='ltr'><strong>dent</strong></span> <span class='ocrx_word' id='word_1_313' title='bbox 1257 3937 1708 4007; x_wconf 90' lang='lat' dir='ltr'><strong>propositionem,</strong></span> <span class='ocrx_word' id='word_1_314' title='bbox 1750 3937 1834 3994; x_wconf 86' lang='lat' dir='ltr'><strong>vel</strong></span> 
     </span>
    </p>
   </div>
   <div class='ocr_carea' id='block_1_42' title="bbox 241 4019 1832 4100">
    <p class='ocr_par' dir='ltr' id='par_1_42' title="bbox 241 4019 1832 4100">
     <span class='ocr_line' id='line_1_42' title="bbox 241 4019 1832 4100; baseline 0.003 -20"><span class='ocrx_word' id='word_1_315' title='bbox 241 4027 530 4097; x_wconf 86' lang='lat' dir='ltr'><strong>accipiant,</strong></span> <span class='ocrx_word' id='word_1_316' title='bbox 578 4019 876 4094; x_wconf 84' lang='lat' dir='ltr'><strong>assumant,</strong></span> <span class='ocrx_word' id='word_1_317' title='bbox 923 4027 1248 4083; x_wconf 78' lang='lat' dir='ltr'><strong>confirment</strong></span> <span class='ocrx_word' id='word_1_318' title='bbox 1277 4037 1439 4100; x_wconf 88' lang='lat' dir='ltr'><strong>atque</strong></span> <span class='ocrx_word' id='word_1_319' title='bbox 1485 4029 1832 4097; x_wconf 89' lang='lat' dir='ltr'><strong>concludant,</strong></span> 
     </span>
    </p>
   </div>
   <div class='ocr_carea' id='block_1_43' title="bbox 239 4120 1836 4192">
    <p class='ocr_par' dir='ltr' id='par_1_43' title="bbox 239 4120 1836 4192">
     <span class='ocr_line' id='line_1_43' title="bbox 239 4120 1836 4192; baseline 0.004 -19"><span class='ocrx_word' id='word_1_320' title='bbox 239 4121 508 4190; x_wconf 84' lang='lat' dir='ltr'><strong>quosdam</strong></span> <span class='ocrx_word' id='word_1_321' title='bbox 534 4121 900 4176; x_wconf 88' lang='lat' dir='ltr'><strong>contentiosos</strong></span> <span class='ocrx_word' id='word_1_322' title='bbox 919 4129 1137 4187; x_wconf 90' lang='lat' dir='ltr'><strong>vocant,</strong></span> <span class='ocrx_word' id='word_1_323' title='bbox 1158 4120 1252 4192; x_wconf 86' lang='lat' dir='ltr'><strong>qui</strong></span> <span class='ocrx_word' id='word_1_324' title='bbox 1279 4129 1338 4176; x_wconf 88' lang='lat' dir='ltr'><strong>ut</strong></span> <span class='ocrx_word' id='word_1_325' title='bbox 1362 4121 1513 4187; x_wconf 91' lang='lat' dir='ltr'><strong>libet,</strong></span> <span class='ocrx_word' id='word_1_326' title='bbox 1541 4138 1648 4178; x_wconf 92' lang='lat' dir='ltr'><strong>non</strong></span> <span class='ocrx_word' id='word_1_327' title='bbox 1679 4124 1836 4180; x_wconf 89' lang='lat' dir='ltr'><strong>ratio—</strong></span> 
     </span>
    </p>
   </div>
   <div class='ocr_carea' id='block_1_44' title="bbox 239 4210 1835 4282">
    <p class='ocr_par' dir='ltr' id='par_1_44' title="bbox 239 4210 1835 4282">
     <span class='ocr_line' id='line_1_44' title="bbox 239 4210 1835 4282; baseline 0.003 -18"><span class='ocrx_word' id='word_1_328' title='bbox 239 4226 335 4274; x_wconf 90' lang='lat' dir='ltr'><strong>ne,</strong></span> <span class='ocrx_word' id='word_1_329' title='bbox 380 4210 474 4266; x_wconf 90' lang='lat' dir='ltr'><strong>sed</strong></span> <span class='ocrx_word' id='word_1_330' title='bbox 502 4210 780 4265; x_wconf 89' lang='lat' dir='ltr'><strong>stomacho</strong></span> <span class='ocrx_word' id='word_1_331' title='bbox 808 4210 1083 4282; x_wconf 88' lang='lat' dir='ltr'><strong>disputent</strong></span> <span class='ocrx_word' id='word_1_332' title='bbox 1105 4210 1456 4282; x_wconf 79' lang='lat' dir='ltr'><strong>litigantium.</strong></span> <span class='ocrx_word' id='word_1_333' title='bbox 1478 4211 1535 4268; x_wconf 90' lang='lat' dir='ltr'><strong>Si</strong></span> <span class='ocrx_word' id='word_1_334' title='bbox 1559 4213 1724 4282; x_wconf 84' lang='lat' dir='ltr'><strong>igitur</strong></span> <span class='ocrx_word' id='word_1_335' title='bbox 1757 4213 1835 4269; x_wconf 92' lang='lat' dir='ltr'><strong>illi</strong></span> 
     </span>
    </p>
   </div>
   <div class='ocr_carea' id='block_1_45' title="bbox 241 4303 1837 4378">
    <p class='ocr_par' dir='ltr' id='par_1_45' title="bbox 241 4303 1837 4378">
     <span class='ocr_line' id='line_1_45' title="bbox 241 4303 1837 4378; baseline 0.003 -20"><span class='ocrx_word' id='word_1_336' title='bbox 241 4304 347 4358; x_wconf 88' lang='lat' dir='ltr'><strong>hoc</strong></span> <span class='ocrx_word' id='word_1_337' title='bbox 371 4303 574 4358; x_wconf 89' lang='lat' dir='ltr'><strong>faciunt</strong></span> <span class='ocrx_word' id='word_1_338' title='bbox 615 4318 848 4373; x_wconf 88' lang='lat' dir='ltr'><strong>quorum</strong></span> <span class='ocrx_word' id='word_1_339' title='bbox 883 4307 1104 4374; x_wconf 88' lang='lat' dir='ltr'><strong>proprie</strong></span> <span class='ocrx_word' id='word_1_340' title='bbox 1127 4321 1218 4361; x_wconf 90' lang='lat' dir='ltr'><strong>ars</strong></span> <span class='ocrx_word' id='word_1_341' title='bbox 1244 4307 1522 4363; x_wconf 89' lang='lat' dir='ltr'><strong>contentio</strong></span> <span class='ocrx_word' id='word_1_342' title='bbox 1556 4317 1661 4374; x_wconf 91' lang='lat' dir='ltr'><strong>cst,</strong></span> <span class='ocrx_word' id='word_1_343' title='bbox 1706 4309 1837 4378; x_wconf 90' lang='lat' dir='ltr'><strong>quid</strong></span> 
     </span>
    </p>
   </div>
   <div class='ocr_carea' id='block_1_46' title="bbox 239 4395 1835 4470">
    <p class='ocr_par' dir='ltr' id='par_1_46' title="bbox 239 4395 1835 4470">
     <span class='ocr_line' id='line_1_46' title="bbox 239 4395 1835 4470; baseline 0.004 -20"><span class='ocrx_word' id='word_1_344' title='bbox 239 4396 404 4450; x_wconf 90' lang='lat' dir='ltr'><strong>debet</strong></span> <span class='ocrx_word' id='word_1_345' title='bbox 455 4395 634 4451; x_wconf 88' lang='lat' dir='ltr'><strong>facere</strong></span> <span class='ocrx_word' id='word_1_346' title='bbox 674 4395 1039 4463; x_wconf 89' lang='lat' dir='ltr'><strong>Christianus,</strong></span> <span class='ocrx_word' id='word_1_347' title='bbox 1068 4397 1174 4452; x_wconf 91' lang='lat' dir='ltr'><strong>nisi</strong></span> <span class='ocrx_word' id='word_1_348' title='bbox 1221 4399 1443 4455; x_wconf 91' lang='lat' dir='ltr'><strong>omnino</strong></span> <span class='ocrx_word' id='word_1_349' title='bbox 1491 4397 1677 4470; x_wconf 82' lang='lat' dir='ltr'><strong>fugere</strong></span> <span class='ocrx_word' id='word_1_350' title='bbox 1709 4417 1835 4457; x_wconf 91' lang='lat' dir='ltr'><strong>con-</strong></span> 
     </span>
    </p>
   </div>
   <div class='ocr_carea' id='block_1_47' title="bbox 241 4483 1834 4564">
    <p class='ocr_par' dir='ltr' id='par_1_47' title="bbox 241 4483 1834 4564">
     <span class='ocr_line' id='line_1_47' title="bbox 241 4483 1834 4564; baseline 0.006 -25"><span class='ocrx_word' id='word_1_351' title='bbox 241 4485 576 4540; x_wconf 84' lang='lat' dir='ltr'><strong>tentionem?</strong></span> <span class='ocrx_word' id='word_1_352' title='bbox 617 4483 767 4542; x_wconf 66' lang='lat' dir='ltr'><strong>Rixa:</strong></span> <span class='ocrx_word' id='word_1_353' title='bbox 791 4503 1008 4558; x_wconf 87' lang='lat' dir='ltr'><strong>quoque</strong></span> <span class='ocrx_word' id='word_1_354' title='bbox 1033 4487 1232 4559; x_wconf 83' lang='lat' dir='ltr'><strong>legales</strong></span> <span class='ocrx_word' id='word_1_355' title='bbox 1263 4491 1481 4560; x_wconf 90' lang='lat' dir='ltr'><strong>penitus</strong></span> <span class='ocrx_word' id='word_1_356' title='bbox 1513 4494 1834 4564; x_wconf 53' lang='lat' dir='ltr'><strong>respuenda</strong></span> 
     </span>
    </p>
   </div>
   <div class='ocr_carea' id='block_1_48' title="bbox 238 4574 1837 4652">
    <p class='ocr_par' dir='ltr' id='par_1_48' title="bbox 238 4574 1837 4652">
     <span class='ocr_line' id='line_1_48' title="bbox 238 4574 1837 4652; baseline 0.006 -20"><span class='ocrx_word' id='word_1_357' title='bbox 238 4584 390 4641; x_wconf 92' lang='lat' dir='ltr'><strong>sunt,</strong></span> <span class='ocrx_word' id='word_1_358' title='bbox 419 4585 476 4632; x_wconf 85' lang='lat' dir='ltr'><strong>et</strong></span> <span class='ocrx_word' id='word_1_359' title='bbox 497 4574 808 4632; x_wconf 70' lang='lat' dir='ltr'><strong>Iudaeorum</strong></span> <span class='ocrx_word' id='word_1_360' title='bbox 835 4579 1078 4635; x_wconf 73' lang='lat' dir='ltr'><strong>stultitia:</strong></span> <span class='ocrx_word' id='word_1_361' title='bbox 1099 4581 1465 4652; x_wconf 68' lang='lat' dir='ltr'><strong>relinquendae</strong></span> <span class='ocrx_word' id='word_1_362' title='bbox 1490 4603 1504 4639; x_wconf 88' lang='lat'><strong>:</strong></span> <span class='ocrx_word' id='word_1_363' title='bbox 1535 4594 1662 4640; x_wconf 91' lang='lat' dir='ltr'><strong>sunt</strong></span> <span class='ocrx_word' id='word_1_364' title='bbox 1692 4587 1837 4642; x_wconf 90' lang='lat' dir='ltr'><strong>enim</strong></span> 
     </span>
    </p>
   </div>
   <div class='ocr_carea' id='block_1_49' title="bbox 242 4667 1833 4743">
    <p class='ocr_par' dir='ltr' id='par_1_49' title="bbox 242 4667 1833 4743">
     <span class='ocr_line' id='line_1_49' title="bbox 242 4667 1833 4743; baseline 0.006 -21"><span class='ocrx_word' id='word_1_365' title='bbox 242 4667 466 4723; x_wconf 90' lang='lat' dir='ltr'><strong>inutiles</strong></span> <span class='ocrx_word' id='word_1_366' title='bbox 496 4674 552 4722; x_wconf 86' lang='lat' dir='ltr'><strong>et</strong></span> <span class='ocrx_word' id='word_1_367' title='bbox 578 4683 751 4736; x_wconf 70' lang='lat' dir='ltr'><strong>vanaz,</strong></span> <span class='ocrx_word' id='word_1_368' title='bbox 793 4685 914 4740; x_wconf 68' lang='lat' dir='ltr'><strong>qua:</strong></span> <span class='ocrx_word' id='word_1_369' title='bbox 943 4680 1153 4726; x_wconf 89' lang='lat' dir='ltr'><strong>tantum</strong></span> <span class='ocrx_word' id='word_1_370' title='bbox 1183 4673 1421 4743; x_wconf 91' lang='lat' dir='ltr'><strong>speciem</strong></span> <span class='ocrx_word' id='word_1_371' title='bbox 1450 4676 1692 4731; x_wconf 88' lang='lat' dir='ltr'><strong>scientiae</strong></span> <span class='ocrx_word' id='word_1_372' title='bbox 1739 4677 1833 4732; x_wconf 88' lang='lat' dir='ltr'><strong>ha-</strong></span> 
     </span>
    </p>
   </div>
   <div class='ocr_carea' id='block_1_50' title="bbox 238 4763 1835 4841">
    <p class='ocr_par' dir='ltr' id='par_1_50' title="bbox 238 4763 1835 4841">
     <span class='ocr_line' id='line_1_50' title="bbox 238 4763 1835 4841; baseline 0.006 -25"><span class='ocrx_word' id='word_1_373' title='bbox 238 4763 394 4826; x_wconf 84' lang='lat' dir='ltr'><strong>bent,</strong></span> <span class='ocrx_word' id='word_1_374' title='bbox 427 4771 686 4818; x_wconf 65' lang='lat' dir='ltr'><strong>cteterum</strong></span> <span class='ocrx_word' id='word_1_375' title='bbox 713 4779 814 4819; x_wconf 91' lang='lat' dir='ltr'><strong>nec</strong></span> <span class='ocrx_word' id='word_1_376' title='bbox 839 4765 1165 4832; x_wconf 81' lang='lat' dir='ltr'><strong>dicentibus,</strong></span> <span class='ocrx_word' id='word_1_377' title='bbox 1197 4782 1300 4823; x_wconf 89' lang='lat' dir='ltr'><strong>nec</strong></span> <span class='ocrx_word' id='word_1_378' title='bbox 1331 4769 1677 4826; x_wconf 89' lang='lat' dir='ltr'><strong>audientibus</strong></span> <span class='ocrx_word' id='word_1_379' title='bbox 1708 4787 1835 4841; x_wconf 89' lang='lat' dir='ltr'><strong>pro-</strong></span> 
     </span>
    </p>
   </div>
   <div class='ocr_carea' id='block_1_51' title="bbox 239 4858 1835 4935">
    <p class='ocr_par' dir='ltr' id='par_1_51' title="bbox 239 4858 1835 4935">
     <span class='ocr_line' id='line_1_51' title="bbox 239 4858 1835 4935; baseline 0.004 -21"><span class='ocrx_word' id='word_1_380' title='bbox 239 4866 389 4914; x_wconf 86' lang='lat' dir='ltr'><strong>sunt.</strong></span> <span class='ocrx_word' id='word_1_381' title='bbox 418 4858 560 4926; x_wconf 88' lang='lat' dir='ltr'><strong>Quid</strong></span> <span class='ocrx_word' id='word_1_382' title='bbox 582 4860 728 4915; x_wconf 90' lang='lat' dir='ltr'><strong>enim</strong></span> <span class='ocrx_word' id='word_1_383' title='bbox 755 4861 886 4916; x_wconf 87' lang='lat' dir='ltr'><strong>mihi</strong></span> <span class='ocrx_word' id='word_1_384' title='bbox 920 4863 1138 4932; x_wconf 87' lang='lat' dir='ltr'><strong>prodest</strong></span> <span class='ocrx_word' id='word_1_385' title='bbox 1161 4865 1303 4918; x_wconf 83' lang='lat' dir='ltr'><strong>scire</strong></span> <span class='ocrx_word' id='word_1_386' title='bbox 1333 4873 1467 4935; x_wconf 88' lang='lat' dir='ltr'><strong>quot</strong></span> <span class='ocrx_word' id='word_1_387' title='bbox 1491 4881 1664 4920; x_wconf 91' lang='lat' dir='ltr'><strong>annos</strong></span> <span class='ocrx_word' id='word_1_388' title='bbox 1683 4867 1835 4922; x_wconf 80' lang='lat' dir='ltr'><strong>vixe-</strong></span> 
     </span>
    </p>
   </div>
   <div class='ocr_carea' id='block_1_52' title="bbox 239 4953 1835 5025">
    <p class='ocr_par' dir='ltr' id='par_1_52' title="bbox 239 4953 1835 5025">
     <span class='ocr_line' id='line_1_52' title="bbox 239 4953 1835 5025; baseline 0.005 -17"><span class='ocrx_word' id='word_1_389' title='bbox 239 4955 314 5008; x_wconf 90' lang='lat' dir='ltr'><strong>rit</strong></span> <span class='ocrx_word' id='word_1_390' title='bbox 347 4953 648 5008; x_wconf 84' lang='lat' dir='ltr'><strong>Mathusala</strong></span> <span class='ocrx_word' id='word_1_391' title='bbox 667 4995 682 5021; x_wconf 93' lang='lat'><strong>,</strong></span> <span class='ocrx_word' id='word_1_392' title='bbox 714 4964 880 5025; x_wconf 90' lang='lat' dir='ltr'><strong>quoto</strong></span> <span class='ocrx_word' id='word_1_393' title='bbox 905 4957 1082 5010; x_wconf 68' lang='lat' dir='ltr'><strong>aatatis</strong></span> <span class='ocrx_word' id='word_1_394' title='bbox 1111 4973 1220 5011; x_wconf 76' lang='lat' dir='ltr'><strong>sua:</strong></span> <span class='ocrx_word' id='word_1_395' title='bbox 1249 4972 1391 5012; x_wconf 90' lang='lat' dir='ltr'><strong>anno</strong></span> <span class='ocrx_word' id='word_1_396' title='bbox 1413 4957 1666 5014; x_wconf 91' lang='lat' dir='ltr'><strong>Salomon</strong></span> <span class='ocrx_word' id='word_1_397' title='bbox 1711 4976 1835 5016; x_wconf 88' lang='lat' dir='ltr'><strong>sor-</strong></span> 
     </span>
    </p>
   </div>
   <div class='ocr_carea' id='block_1_53' title="bbox 239 5045 1834 5117">
    <p class='ocr_par' dir='ltr' id='par_1_53' title="bbox 239 5045 1834 5117">
     <span class='ocr_line' id='line_1_53' title="bbox 239 5045 1834 5117; baseline 0.004 -15"><span class='ocrx_word' id='word_1_398' title='bbox 239 5047 377 5102; x_wconf 87' lang='lat' dir='ltr'><strong>titus</strong></span> <span class='ocrx_word' id='word_1_399' title='bbox 421 5055 507 5101; x_wconf 87' lang='lat' dir='ltr'><strong>est</strong></span> <span class='ocrx_word' id='word_1_400' title='bbox 538 5045 842 5117; x_wconf 88' lang='lat' dir='ltr'><strong>coniugem,</strong></span> <span class='ocrx_word' id='word_1_401' title='bbox 876 5061 944 5103; x_wconf 89' lang='lat' dir='ltr'><strong>ne</strong></span> <span class='ocrx_word' id='word_1_402' title='bbox 990 5047 1216 5102; x_wconf 84' lang='lat' dir='ltr'><strong>forsitan</strong></span> <span class='ocrx_word' id='word_1_403' title='bbox 1254 5048 1496 5105; x_wconf 83' lang='lat' dir='ltr'><strong>Roboam</strong></span> <span class='ocrx_word' id='word_1_404' title='bbox 1543 5051 1834 5108; x_wconf 89' lang='lat' dir='ltr'><strong>undecimo</strong></span> 
     </span>
    </p>
   </div>
   <div class='ocr_carea' id='block_1_54' title="bbox 239 5139 1838 5200">
    <p class='ocr_par' dir='ltr' id='par_1_54' title="bbox 239 5139 1838 5200">
     <span class='ocr_line' id='line_1_54' title="bbox 239 5139 1838 5200; baseline 0.001 -2"><span class='ocrx_word' id='word_1_405' title='bbox 239 5141 426 5198; x_wconf 53' lang='lat' dir='ltr'><strong>aetatis</strong></span> <span class='ocrx_word' id='word_1_406' title='bbox 479 5139 626 5195; x_wconf 90' lang='lat' dir='ltr'><strong>illius</strong></span> <span class='ocrx_word' id='word_1_407' title='bbox 668 5155 809 5195; x_wconf 91' lang='lat' dir='ltr'><strong>anno</strong></span> <span class='ocrx_word' id='word_1_408' title='bbox 849 5149 1010 5196; x_wconf 88' lang='lat' dir='ltr'><strong>natus</strong></span> <span class='ocrx_word' id='word_1_409' title='bbox 1053 5156 1173 5197; x_wconf 89' lang='lat' dir='ltr'><strong>esse</strong></span> <span class='ocrx_word' id='word_1_410' title='bbox 1217 5142 1509 5197; x_wconf 88' lang='lat' dir='ltr'><strong>credatur?</strong></span> <span class='ocrx_word' id='word_1_411' title='bbox 1559 5153 1614 5198; x_wconf 91' lang='lat' dir='ltr'><strong>et</strong></span> <span class='ocrx_word' id='word_1_412' title='bbox 1670 5144 1838 5200; x_wconf 92' lang='lat' dir='ltr'><strong>multa</strong></span> 
     </span>
    </p>
   </div>
   <div class='ocr_carea' id='block_1_55' title="bbox 243 5231 1840 5306">
    <p class='ocr_par' dir='ltr' id='par_1_55' title="bbox 243 5231 1840 5306">
     <span class='ocr_line' id='line_1_55' title="bbox 243 5231 1840 5306; baseline 0.003 -18"><span class='ocrx_word' id='word_1_413' title='bbox 243 5233 598 5300; x_wconf 88' lang='lat' dir='ltr'><strong>istiusmodi,</strong></span> <span class='ocrx_word' id='word_1_414' title='bbox 647 5248 767 5304; x_wconf 68' lang='lat' dir='ltr'><strong>quae</strong></span> <span class='ocrx_word' id='word_1_415' title='bbox 813 5241 908 5288; x_wconf 91' lang='lat' dir='ltr'><strong>aut</strong></span> <span class='ocrx_word' id='word_1_416' title='bbox 934 5231 1148 5289; x_wconf 76' lang='lat' dir='ltr'><strong>difﬁcile</strong></span> <span class='ocrx_word' id='word_1_417' title='bbox 1193 5243 1277 5289; x_wconf 89' lang='lat' dir='ltr'><strong>est</strong></span> <span class='ocrx_word' id='word_1_418' title='bbox 1323 5235 1570 5291; x_wconf 89' lang='lat' dir='ltr'><strong>invenire</strong></span> <span class='ocrx_word' id='word_1_419' title='bbox 1616 5246 1840 5306; x_wconf 88' lang='lat' dir='ltr'><strong>propter</strong></span> 
     </span>
    </p>
   </div>
   <div class='ocr_carea' id='block_1_56' title="bbox 242 5325 1835 5397">
    <p class='ocr_par' dir='ltr' id='par_1_56' title="bbox 242 5325 1835 5397">
     <span class='ocr_line' id='line_1_56' title="bbox 242 5325 1835 5397; baseline 0.002 -15"><span class='ocrx_word' id='word_1_420' title='bbox 242 5327 516 5382; x_wconf 87' lang='lat' dir='ltr'><strong>librorum</strong></span> <span class='ocrx_word' id='word_1_421' title='bbox 558 5327 900 5393; x_wconf 87' lang='lat' dir='ltr'><strong>varietatem,</strong></span> <span class='ocrx_word' id='word_1_422' title='bbox 928 5336 985 5382; x_wconf 90' lang='lat' dir='ltr'><strong>et</strong></span> <span class='ocrx_word' id='word_1_423' title='bbox 1009 5325 1161 5397; x_wconf 90' lang='lat' dir='ltr'><strong>(dum</strong></span> <span class='ocrx_word' id='word_1_424' title='bbox 1193 5327 1449 5396; x_wconf 89' lang='lat' dir='ltr'><strong>paulatim</strong></span> <span class='ocrx_word' id='word_1_425' title='bbox 1495 5330 1562 5384; x_wconf 92' lang='lat' dir='ltr'><strong>de</strong></span> <span class='ocrx_word' id='word_1_426' title='bbox 1595 5330 1835 5385; x_wconf 90' lang='lat' dir='ltr'><strong>inemen-</strong></span> 
     </span>
    </p>
   </div>
   <div class='ocr_carea' id='block_1_57' title="bbox 241 5421 1839 5492">
    <p class='ocr_par' dir='ltr' id='par_1_57' title="bbox 241 5421 1839 5492">
     <span class='ocr_line' id='line_1_57' title="bbox 241 5421 1839 5492; baseline 0.002 -14"><span class='ocrx_word' id='word_1_427' title='bbox 241 5422 392 5478; x_wconf 88' lang='lat' dir='ltr'><strong>datis</strong></span> <span class='ocrx_word' id='word_1_428' title='bbox 445 5421 787 5478; x_wconf 87' lang='lat' dir='ltr'><strong>inemendata</strong></span> <span class='ocrx_word' id='word_1_429' title='bbox 831 5422 1168 5488; x_wconf 87' lang='lat' dir='ltr'><strong>scribuntur)</strong></span> <span class='ocrx_word' id='word_1_430' title='bbox 1207 5439 1422 5480; x_wconf 88' lang='lat' dir='ltr'><strong>errores</strong></span> <span class='ocrx_word' id='word_1_431' title='bbox 1449 5427 1668 5481; x_wconf 89' lang='lat' dir='ltr'><strong>inolitos</strong></span> <span class='ocrx_word' id='word_1_432' title='bbox 1699 5445 1714 5492; x_wconf 88' lang='lat'><strong>;</strong></span> <span class='ocrx_word' id='word_1_433' title='bbox 1745 5437 1839 5482; x_wconf 92' lang='lat' dir='ltr'><strong>aut</strong></span> 
     </span>
    </p>
   </div>
   <div class='ocr_carea' id='block_1_58' title="bbox 243 5515 1836 5587">
    <p class='ocr_par' dir='ltr' id='par_1_58' title="bbox 243 5515 1836 5587">
     <span class='ocr_line' id='line_1_58' title="bbox 243 5515 1836 5587; baseline 0.001 -17"><span class='ocrx_word' id='word_1_434' title='bbox 243 5517 415 5571; x_wconf 89' lang='lat' dir='ltr'><strong>etiam</strong></span> <span class='ocrx_word' id='word_1_435' title='bbox 445 5515 492 5570; x_wconf 91' lang='lat' dir='ltr'><strong>si</strong></span> <span class='ocrx_word' id='word_1_436' title='bbox 520 5515 886 5571; x_wconf 83' lang='lat' dir='ltr'><strong>inveniremus</strong></span> <span class='ocrx_word' id='word_1_437' title='bbox 931 5530 1127 5587; x_wconf 88' lang='lat' dir='ltr'><strong>magno</strong></span> <span class='ocrx_word' id='word_1_438' title='bbox 1155 5516 1332 5571; x_wconf 90' lang='lat' dir='ltr'><strong>studio</strong></span> <span class='ocrx_word' id='word_1_439' title='bbox 1359 5524 1416 5571; x_wconf 92' lang='lat' dir='ltr'><strong>et</strong></span> <span class='ocrx_word' id='word_1_440' title='bbox 1463 5517 1668 5583; x_wconf 89' lang='lat' dir='ltr'><strong>labore,</strong></span> <span class='ocrx_word' id='word_1_441' title='bbox 1701 5517 1836 5572; x_wconf 92' lang='lat' dir='ltr'><strong>nihil</strong></span> 
     </span>
    </p>
   </div>
   <div class='ocr_carea' id='block_1_59' title="bbox 241 5605 1837 5679">
    <p class='ocr_par' dir='ltr' id='par_1_59' title="bbox 241 5605 1837 5679">
     <span class='ocr_line' id='line_1_59' title="bbox 241 5605 1837 5679; baseline 0 -18"><span class='ocrx_word' id='word_1_442' title='bbox 241 5606 534 5679; x_wconf 88' lang='lat' dir='ltr'><strong>profutura</strong></span> <span class='ocrx_word' id='word_1_443' title='bbox 559 5605 928 5677; x_wconf 79' lang='lat' dir='ltr'><strong>cognovimus.</strong></span> <span class='ocrx_word' id='word_1_444' title='bbox 957 5605 1297 5676; x_wconf 88' lang='lat' dir='ltr'><strong>Frequenter</strong></span> <span class='ocrx_word' id='word_1_445' title='bbox 1323 5606 1522 5662; x_wconf 87' lang='lat' dir='ltr'><strong>accidit</strong></span> <span class='ocrx_word' id='word_1_446' title='bbox 1556 5616 1616 5660; x_wconf 90' lang='lat' dir='ltr'><strong>ut</strong></span> <span class='ocrx_word' id='word_1_447' title='bbox 1637 5608 1837 5662; x_wconf 87' lang='lat' dir='ltr'><strong>habea-</strong></span> 
     </span>
    </p>
   </div>
   <div class='ocr_carea' id='block_1_60' title="bbox 247 5695 1837 5766">
    <p class='ocr_par' dir='ltr' id='par_1_60' title="bbox 247 5695 1837 5766">
     <span class='ocr_line' id='line_1_60' title="bbox 247 5695 1837 5766; baseline 0.001 -14"><span class='ocrx_word' id='word_1_448' title='bbox 247 5713 374 5753; x_wconf 88' lang='lat' dir='ltr'><strong>mus</strong></span> <span class='ocrx_word' id='word_1_449' title='bbox 400 5711 609 5766; x_wconf 89' lang='lat' dir='ltr'><strong>pugnas</strong></span> <span class='ocrx_word' id='word_1_450' title='bbox 647 5695 801 5766; x_wconf 89' lang='lat' dir='ltr'><strong>legis,</strong></span> <span class='ocrx_word' id='word_1_451' title='bbox 829 5712 938 5751; x_wconf 91' lang='lat' dir='ltr'><strong>non</strong></span> <span class='ocrx_word' id='word_1_452' title='bbox 965 5698 1035 5751; x_wconf 91' lang='lat' dir='ltr'><strong>ob</strong></span> <span class='ocrx_word' id='word_1_453' title='bbox 1081 5695 1408 5752; x_wconf 89' lang='lat' dir='ltr'><strong>desiderium</strong></span> <span class='ocrx_word' id='word_1_454' title='bbox 1451 5698 1718 5764; x_wconf 86' lang='lat' dir='ltr'><strong>veritatis,</strong></span> <span class='ocrx_word' id='word_1_455' title='bbox 1743 5699 1837 5754; x_wconf 88' lang='lat' dir='ltr'><strong>sed</strong></span> 
     </span>
    </p>
   </div>
   <div class='ocr_carea' id='block_1_61' title="bbox 241 5787 1834 5860">
    <p class='ocr_par' dir='ltr' id='par_1_61' title="bbox 241 5787 1834 5860">
     <span class='ocr_line' id='line_1_61' title="bbox 241 5787 1834 5860; baseline -0.001 -13"><span class='ocrx_word' id='word_1_456' title='bbox 241 5791 320 5847; x_wconf 91' lang='lat' dir='ltr'><strong>ob</strong></span> <span class='ocrx_word' id='word_1_457' title='bbox 362 5788 688 5859; x_wconf 89' lang='lat' dir='ltr'><strong>iactantiam</strong></span> <span class='ocrx_word' id='word_1_458' title='bbox 736 5788 942 5860; x_wconf 80' lang='lat' dir='ltr'><strong>gloriae,</strong></span> <span class='ocrx_word' id='word_1_459' title='bbox 988 5789 1114 5845; x_wconf 90' lang='lat' dir='ltr'><strong>dum</strong></span> <span class='ocrx_word' id='word_1_460' title='bbox 1142 5787 1282 5860; x_wconf 90' lang='lat' dir='ltr'><strong>apud</strong></span> <span class='ocrx_word' id='word_1_461' title='bbox 1325 5803 1420 5844; x_wconf 92' lang='lat' dir='ltr'><strong>eos</strong></span> <span class='ocrx_word' id='word_1_462' title='bbox 1443 5789 1536 5858; x_wconf 91' lang='lat' dir='ltr'><strong>qui</strong></span> <span class='ocrx_word' id='word_1_463' title='bbox 1589 5790 1834 5856; x_wconf 89' lang='lat' dir='ltr'><strong>audiunt,</strong></span> 
     </span>
    </p>
   </div>
   <div class='ocr_carea' id='block_1_62' title="bbox 246 5879 1838 5948">
    <p class='ocr_par' dir='ltr' id='par_1_62' title="bbox 246 5879 1838 5948">
     <span class='ocr_line' id='line_1_62' title="bbox 246 5879 1838 5948; baseline -0.002 -10"><span class='ocrx_word' id='word_1_464' title='bbox 246 5881 401 5938; x_wconf 79' lang='lat' dir='ltr'><strong>docti</strong></span> <span class='ocrx_word' id='word_1_465' title='bbox 426 5879 679 5948; x_wconf 86' lang='lat' dir='ltr'><strong>volumus</strong></span> <span class='ocrx_word' id='word_1_466' title='bbox 707 5881 996 5935; x_wconf 87' lang='lat' dir='ltr'><strong>aestimari:</strong></span> <span class='ocrx_word' id='word_1_467' title='bbox 1018 5888 1110 5935; x_wconf 91' lang='lat' dir='ltr'><strong>aut</strong></span> <span class='ocrx_word' id='word_1_468' title='bbox 1138 5889 1286 5936; x_wconf 88' lang='lat' dir='ltr'><strong>certe</strong></span> <span class='ocrx_word' id='word_1_469' title='bbox 1309 5895 1375 5935; x_wconf 79' lang='lat' dir='ltr'><strong>ex</strong></span> <span class='ocrx_word' id='word_1_470' title='bbox 1396 5881 1500 5938; x_wconf 91' lang='lat' dir='ltr'><strong>hoc</strong></span> <span class='ocrx_word' id='word_1_471' title='bbox 1530 5881 1838 5937; x_wconf 89' lang='lat' dir='ltr'><strong>rumusculo</strong></span> 
     </span>
    </p>
   </div>
   <div class='ocr_carea' id='block_1_63' title="bbox 1929 624 2133 678">
    <p class='ocr_par' dir='ltr' id='par_1_63' title="bbox 1929 624 2133 678">
     <span class='ocr_line' id='line_1_63' title="bbox 1929 624 2133 678; baseline -0.01 0"><span class='ocrx_word' id='word_1_472' title='bbox 1929 624 2133 678; x_wconf 84' lang='lat' dir='ltr'><strong>dicens.</strong></span> 
     </span>
    </p>
   </div>
   <div class='ocr_carea' id='block_1_64' title="bbox 2003 703 3519 782">
    <p class='ocr_par' dir='ltr' id='par_1_64' title="bbox 2003 703 3519 782">
     <span class='ocr_line' id='line_1_64' title="bbox 2003 703 3519 782; baseline -0.004 -17"><span class='ocrx_word' id='word_1_473' title='bbox 2003 733 2022 765; x_wconf 73' lang='grc' dir='ltr'><strong><em>ι</em></strong></span> <span class='ocrx_word' id='word_1_474' title='bbox 2045 714 2368 768; x_wconf 73' lang='lat' dir='ltr'><strong>Haereticum</strong></span> <span class='ocrx_word' id='word_1_475' title='bbox 2389 710 2666 766; x_wconf 91' lang='lat' dir='ltr'><strong>hominem</strong></span> <span class='ocrx_word' id='word_1_476' title='bbox 2687 716 2808 778; x_wconf 90' lang='lat' dir='ltr'><strong>post</strong></span> <span class='ocrx_word' id='word_1_477' title='bbox 2827 721 2987 760; x_wconf 91' lang='lat' dir='ltr'><strong>unam</strong></span> <span class='ocrx_word' id='word_1_478' title='bbox 3004 715 3058 760; x_wconf 90' lang='lat' dir='ltr'><strong>et</strong></span> <span class='ocrx_word' id='word_1_479' title='bbox 3076 703 3370 782; x_wconf 87' lang='lat' dir='ltr'><strong>secundam</strong></span> <span class='ocrx_word' id='word_1_480' title='bbox 3395 717 3519 760; x_wconf 85' lang='lat' dir='ltr'><strong>cor--</strong></span> 
     </span>
    </p>
   </div>
   <div class='ocr_carea' id='block_1_65' title="bbox 1933 796 3516 876">
    <p class='ocr_par' dir='ltr' id='par_1_65' title="bbox 1933 796 3516 876">
     <span class='ocr_line' id='line_1_65' title="bbox 1933 796 3516 876; baseline -0.004 -18"><span class='ocrx_word' id='word_1_481' title='bbox 1933 825 1950 858; x_wconf 85' lang='grc'><strong><em>‹</em></strong></span> <span class='ocrx_word' id='word_1_482' title='bbox 1988 805 2286 876; x_wconf 89' lang='lat' dir='ltr'><strong>reptionem</strong></span> <span class='ocrx_word' id='word_1_483' title='bbox 2314 803 2514 868; x_wconf 88' lang='lat' dir='ltr'><strong>devita,</strong></span> <span class='ocrx_word' id='word_1_484' title='bbox 2549 801 2725 856; x_wconf 90' lang='lat' dir='ltr'><strong>sciens</strong></span> <span class='ocrx_word' id='word_1_485' title='bbox 2755 799 2898 870; x_wconf 90' lang='lat' dir='ltr'><strong>quod</strong></span> <span class='ocrx_word' id='word_1_486' title='bbox 2937 798 3228 854; x_wconf 84' lang='lat' dir='ltr'><strong>subversus</strong></span> <span class='ocrx_word' id='word_1_487' title='bbox 3257 804 3342 852; x_wconf 89' lang='lat' dir='ltr'><strong>est</strong></span> <span class='ocrx_word' id='word_1_488' title='bbox 3367 796 3516 866; x_wconf 88' lang='lat' dir='ltr'><strong>eius-</strong></span> 
     </span>
    </p>
   </div>
   <div class='ocr_carea' id='block_1_66' title="bbox 1933 890 3508 964">
    <p class='ocr_par' dir='ltr' id='par_1_66' title="bbox 1933 890 3508 964">
     <span class='ocr_line' id='line_1_66' title="bbox 1933 890 3508 964; baseline -0.007 -14"><span class='ocrx_word' id='word_1_489' title='bbox 1933 917 1952 950; x_wconf 85' lang='grc'><strong>‹</strong></span> <span class='ocrx_word' id='word_1_490' title='bbox 1985 898 2152 963; x_wconf 90' lang='lat' dir='ltr'><strong>modi,</strong></span> <span class='ocrx_word' id='word_1_491' title='bbox 2182 907 2235 952; x_wconf 95' lang='lat' dir='ltr'><strong>et</strong></span> <span class='ocrx_word' id='word_1_492' title='bbox 2257 895 2502 964; x_wconf 79' lang='lat' dir='ltr'><strong>deliquit,</strong></span> <span class='ocrx_word' id='word_1_493' title='bbox 2531 894 2622 964; x_wconf 92' lang='lat' dir='ltr'><strong>qui</strong></span> <span class='ocrx_word' id='word_1_494' title='bbox 2648 901 2732 947; x_wconf 91' lang='lat' dir='ltr'><strong>est</strong></span> <span class='ocrx_word' id='word_1_495' title='bbox 2760 908 2791 946; x_wconf 93' lang='lat' dir='ltr'><strong>a</strong></span> <span class='ocrx_word' id='word_1_496' title='bbox 2813 891 3104 959; x_wconf 87' lang='lat' dir='ltr'><strong>semetipso</strong></span> <span class='ocrx_word' id='word_1_497' title='bbox 3146 890 3452 944; x_wconf 91' lang='lat' dir='ltr'><strong>damnatus.</strong></span> <span class='ocrx_word' id='word_1_498' title='bbox 3490 907 3508 938; x_wconf 74' lang='grc' dir='ltr'>ι</span> 
     </span>
    </p>
   </div>
   <div class='ocr_carea' id='block_1_67' title="bbox 1927 982 3518 1064">
    <p class='ocr_par' dir='ltr' id='par_1_67' title="bbox 1927 982 3518 1064">
     <span class='ocr_line' id='line_1_67' title="bbox 1927 982 3518 1064; baseline -0.005 -21"><span class='ocrx_word' id='word_1_499' title='bbox 1927 983 2128 1064; x_wconf 65' lang='grc' dir='ltr'><strong>(Αηὶὸ.)</strong></span> <span class='ocrx_word' id='word_1_500' title='bbox 2145 990 2210 1044; x_wconf 89' lang='lat' dir='ltr'><strong>Et</strong></span> <span class='ocrx_word' id='word_1_501' title='bbox 2228 990 2295 1044; x_wconf 90' lang='lat' dir='ltr'><strong>ad</strong></span> <span class='ocrx_word' id='word_1_502' title='bbox 2319 989 2558 1060; x_wconf 91' lang='lat' dir='ltr'><strong>plenum,</strong></span> <span class='ocrx_word' id='word_1_503' title='bbox 2584 987 2779 1056; x_wconf 91' lang='lat' dir='ltr'><strong>inquit,</strong></span> <span class='ocrx_word' id='word_1_504' title='bbox 2805 985 2956 1039; x_wconf 92' lang='lat' dir='ltr'><strong>illum</strong></span> <span class='ocrx_word' id='word_1_505' title='bbox 2979 982 3282 1052; x_wconf 86' lang='lat' dir='ltr'><strong>devita,qui</strong></span> <span class='ocrx_word' id='word_1_506' title='bbox 3310 996 3373 1035; x_wconf 89' lang='lat' dir='ltr'><strong>ea</strong></span> <span class='ocrx_word' id='word_1_507' title='bbox 3397 995 3518 1051; x_wconf 79' lang='lat' dir='ltr'><strong>quae</strong></span> 
     </span>
    </p>
   </div>
   <div class='ocr_carea' id='block_1_68' title="bbox 1927 1073 3519 1152">
    <p class='ocr_par' dir='ltr' id='par_1_68' title="bbox 1927 1073 3519 1152">
     <span class='ocr_line' id='line_1_68' title="bbox 1927 1073 3519 1152; baseline -0.008 -12"><span class='ocrx_word' id='word_1_508' title='bbox 1927 1083 2203 1141; x_wconf 89' lang='lat' dir='ltr'><strong>contraria</strong></span> <span class='ocrx_word' id='word_1_509' title='bbox 2217 1091 2344 1136; x_wconf 90' lang='lat' dir='ltr'><strong>sunt</strong></span> <span class='ocrx_word' id='word_1_510' title='bbox 2357 1079 2546 1151; x_wconf 89' lang='lat' dir='ltr'><strong>pietati</strong></span> <span class='ocrx_word' id='word_1_511' title='bbox 2559 1078 2833 1152; x_wconf 68' lang='lat' dir='ltr'><strong>praaelegit</strong></span> <span class='ocrx_word' id='word_1_512' title='bbox 2849 1097 2862 1132; x_wconf 88' lang='lat'>:</span> <span class='ocrx_word' id='word_1_513' title='bbox 2881 1079 3024 1133; x_wconf 92' lang='lat' dir='ltr'><strong>hunc</strong></span> <span class='ocrx_word' id='word_1_514' title='bbox 3039 1075 3183 1130; x_wconf 92' lang='lat' dir='ltr'><strong>enim</strong></span> <span class='ocrx_word' id='word_1_515' title='bbox 3201 1073 3519 1130; x_wconf 65' lang='lat' dir='ltr'><strong>hmreticum</strong></span> 
     </span>
    </p>
   </div>
   <div class='ocr_carea' id='block_1_69' title="bbox 1928 1167 3520 1244">
    <p class='ocr_par' dir='ltr' id='par_1_69' title="bbox 1928 1167 3520 1244">
     <span class='ocr_line' id='line_1_69' title="bbox 1928 1167 3520 1244; baseline -0.006 -15"><span class='ocrx_word' id='word_1_516' title='bbox 1928 1183 2106 1232; x_wconf 90' lang='lat' dir='ltr'><strong>vocat.</strong></span> <span class='ocrx_word' id='word_1_517' title='bbox 2121 1175 2414 1244; x_wconf 89' lang='lat' dir='ltr'><strong>Postquam</strong></span> <span class='ocrx_word' id='word_1_518' title='bbox 2436 1173 2580 1228; x_wconf 89' lang='lat' dir='ltr'><strong>enim</strong></span> <span class='ocrx_word' id='word_1_519' title='bbox 2602 1170 2768 1227; x_wconf 91' lang='lat' dir='ltr'><strong>semel</strong></span> <span class='ocrx_word' id='word_1_520' title='bbox 2788 1178 2842 1225; x_wconf 85' lang='lat' dir='ltr'><strong>et</strong></span> <span class='ocrx_word' id='word_1_521' title='bbox 2864 1169 2948 1224; x_wconf 86' lang='lat' dir='ltr'><strong>bis</strong></span> <span class='ocrx_word' id='word_1_522' title='bbox 2973 1168 3222 1224; x_wconf 90' lang='lat' dir='ltr'><strong>eumdem</strong></span> <span class='ocrx_word' id='word_1_523' title='bbox 3246 1167 3520 1221; x_wconf 84' lang='lat' dir='ltr'><strong>instruxe-</strong></span> 
     </span>
    </p>
   </div>
   <div class='ocr_carea' id='block_1_70' title="bbox 1931 1257 3517 1335">
    <p class='ocr_par' dir='ltr' id='par_1_70' title="bbox 1931 1257 3517 1335">
     <span class='ocr_line' id='line_1_70' title="bbox 1931 1257 3517 1335; baseline -0.008 -11"><span class='ocrx_word' id='word_1_524' title='bbox 1931 1271 2008 1324; x_wconf 91' lang='lat' dir='ltr'><strong>ris</strong></span> <span class='ocrx_word' id='word_1_525' title='bbox 2034 1277 2089 1324; x_wconf 92' lang='lat' dir='ltr'><strong>et</strong></span> <span class='ocrx_word' id='word_1_526' title='bbox 2115 1267 2421 1324; x_wconf 90' lang='lat' dir='ltr'><strong>ostenderis</strong></span> <span class='ocrx_word' id='word_1_527' title='bbox 2447 1266 2497 1322; x_wconf 91' lang='lat' dir='ltr'><strong>ei</strong></span> <span class='ocrx_word' id='word_1_528' title='bbox 2532 1265 2621 1320; x_wconf 90' lang='lat' dir='ltr'><strong>illa</strong></span> <span class='ocrx_word' id='word_1_529' title='bbox 2672 1281 2792 1335; x_wconf 70' lang='lat' dir='ltr'><strong>quae</strong></span> <span class='ocrx_word' id='word_1_530' title='bbox 2827 1263 3158 1319; x_wconf 90' lang='lat' dir='ltr'><strong>conveniunt</strong></span> <span class='ocrx_word' id='word_1_531' title='bbox 3184 1258 3302 1328; x_wconf 88' lang='lat' dir='ltr'><strong>eius</strong></span> <span class='ocrx_word' id='word_1_532' title='bbox 3335 1257 3517 1322; x_wconf 88' lang='lat' dir='ltr'><strong>saluti,</strong></span> 
     </span>
    </p>
   </div>
   <div class='ocr_carea' id='block_1_71' title="bbox 1930 1354 3586 1433">
    <p class='ocr_par' dir='ltr' id='par_1_71' title="bbox 1930 1354 3586 1433">
     <span class='ocr_line' id='line_1_71' title="bbox 1930 1354 3586 1433; baseline -0.01 -14"><span class='ocrx_word' id='word_1_533' title='bbox 1930 1361 2259 1433; x_wconf 80' lang='lat' dir='ltr'><strong>superfluum</strong></span> <span class='ocrx_word' id='word_1_534' title='bbox 2279 1372 2365 1415; x_wconf 90' lang='lat' dir='ltr'><strong>est</strong></span> <span class='ocrx_word' id='word_1_535' title='bbox 2385 1360 2588 1414; x_wconf 91' lang='lat' dir='ltr'><strong>diutius</strong></span> <span class='ocrx_word' id='word_1_536' title='bbox 2624 1374 2748 1414; x_wconf 89' lang='lat' dir='ltr'><strong>cum</strong></span> <span class='ocrx_word' id='word_1_537' title='bbox 2770 1355 3036 1424; x_wconf 89' lang='lat' dir='ltr'><strong>eiusmodi</strong></span> <span class='ocrx_word' id='word_1_538' title='bbox 3066 1354 3362 1424; x_wconf 84' lang='lat' dir='ltr'><strong>disputare,</strong></span> <span class='ocrx_word' id='word_1_539' title='bbox 3397 1365 3518 1404; x_wconf 89' lang='lat' dir='ltr'><strong>cum</strong></span> <span class='ocrx_word' id='word_1_540' title='bbox 3582 1376 3586 1430; x_wconf 51' lang='grc' dir='ltr'><em>έ</em></span> 
     </span>
    </p>
   </div>
   <div class='ocr_carea' id='block_1_72' title="bbox 1931 1445 3522 1524">
    <p class='ocr_par' dir='ltr' id='par_1_72' title="bbox 1931 1445 3522 1524">
     <span class='ocr_line' id='line_1_72' title="bbox 1931 1445 3522 1524; baseline -0.011 -12"><span class='ocrx_word' id='word_1_541' title='bbox 1931 1457 2000 1512; x_wconf 92' lang='lat' dir='ltr'><strong>sit</strong></span> <span class='ocrx_word' id='word_1_542' title='bbox 2017 1456 2363 1511; x_wconf 89' lang='lat' dir='ltr'><strong>manifestum</strong></span> <span class='ocrx_word' id='word_1_543' title='bbox 2378 1453 2636 1524; x_wconf 89' lang='lat' dir='ltr'><strong>quoniam</strong></span> <span class='ocrx_word' id='word_1_544' title='bbox 2649 1449 2848 1505; x_wconf 90' lang='lat' dir='ltr'><strong>nullam</strong></span> <span class='ocrx_word' id='word_1_545' title='bbox 2863 1447 3090 1520; x_wconf 90' lang='lat' dir='ltr'><strong>percipit</strong></span> <span class='ocrx_word' id='word_1_546' title='bbox 3101 1445 3493 1502; x_wconf 89' lang='lat' dir='ltr'><strong>correctionem</strong></span> <span class='ocrx_word' id='word_1_547' title='bbox 3505 1482 3522 1507; x_wconf 91' lang='lat'><strong>,</strong></span> 
     </span>
    </p>
   </div>
   <div class='ocr_carea' id='block_1_73' title="bbox 1931 1533 3523 1618">
    <p class='ocr_par' dir='ltr' id='par_1_73' title="bbox 1931 1533 3523 1618">
     <span class='ocr_line' id='line_1_73' title="bbox 1931 1533 3523 1618; baseline -0.011 -14"><span class='ocrx_word' id='word_1_548' title='bbox 1931 1564 1999 1604; x_wconf 76' lang='lat' dir='ltr'><strong>ex</strong></span> <span class='ocrx_word' id='word_1_549' title='bbox 2023 1548 2218 1618; x_wconf 88' lang='lat' dir='ltr'><strong>quibus</strong></span> <span class='ocrx_word' id='word_1_550' title='bbox 2245 1545 2410 1601; x_wconf 90' lang='lat' dir='ltr'><strong>semel</strong></span> <span class='ocrx_word' id='word_1_551' title='bbox 2445 1553 2516 1600; x_wconf 85' lang='lat' dir='ltr'><strong>-et</strong></span> <span class='ocrx_word' id='word_1_552' title='bbox 2557 1544 2644 1600; x_wconf 88' lang='lat' dir='ltr'><strong>bis</strong></span> <span class='ocrx_word' id='word_1_553' title='bbox 2690 1543 2781 1598; x_wconf 91' lang='lat' dir='ltr'><strong>illa</strong></span> <span class='ocrx_word' id='word_1_554' title='bbox 2835 1556 2956 1612; x_wconf 81' lang='lat' dir='ltr'><strong>quae</strong></span> <span class='ocrx_word' id='word_1_555' title='bbox 2987 1539 3383 1596; x_wconf 88' lang='lat' dir='ltr'><strong>conveniebant</strong></span> <span class='ocrx_word' id='word_1_556' title='bbox 3420 1533 3523 1589; x_wconf 90' lang='lat' dir='ltr'><strong>sibi</strong></span> 
     </span>
    </p>
   </div>
   <div class='ocr_carea' id='block_1_74' title="bbox 1931 1629 3525 1708">
    <p class='ocr_par' dir='ltr' id='par_1_74' title="bbox 1931 1629 3525 1708">
     <span class='ocr_line' id='line_1_74' title="bbox 1931 1629 3525 1708; baseline -0.009 -15"><span class='ocrx_word' id='word_1_557' title='bbox 1931 1639 2177 1702; x_wconf 87' lang='lat' dir='ltr'><strong>audiens,</strong></span> <span class='ocrx_word' id='word_1_558' title='bbox 2211 1650 2538 1708; x_wconf 81' lang='lat' dir='ltr'><strong>cognoscere</strong></span> <span class='ocrx_word' id='word_1_559' title='bbox 2573 1634 2746 1688; x_wconf 91' lang='lat' dir='ltr'><strong>noluit</strong></span> <span class='ocrx_word' id='word_1_560' title='bbox 2771 1631 3075 1687; x_wconf 89' lang='lat' dir='ltr'><strong>veritatem.</strong></span> <span class='ocrx_word' id='word_1_561' title='bbox 3105 1629 3370 1697; x_wconf 81' lang='lat' dir='ltr'><strong>Relinque</strong></span> <span class='ocrx_word' id='word_1_562' title='bbox 3395 1640 3525 1695; x_wconf 89' lang='lat' dir='ltr'><strong>ergo</strong></span> 
     </span>
    </p>
   </div>
   <div class='ocr_carea' id='block_1_75' title="bbox 1933 1719 3522 1798">
    <p class='ocr_par' dir='ltr' id='par_1_75' title="bbox 1933 1719 3522 1798">
     <span class='ocr_line' id='line_1_75' title="bbox 1933 1719 3522 1798; baseline -0.009 -12"><span class='ocrx_word' id='word_1_563' title='bbox 1933 1746 2055 1786; x_wconf 92' lang='lat' dir='ltr'><strong>eum</strong></span> <span class='ocrx_word' id='word_1_564' title='bbox 2089 1730 2179 1798; x_wconf 93' lang='lat' dir='ltr'><strong>qui</strong></span> <span class='ocrx_word' id='word_1_565' title='bbox 2221 1727 2346 1782; x_wconf 91' lang='lat' dir='ltr'><strong>talis</strong></span> <span class='ocrx_word' id='word_1_566' title='bbox 2369 1735 2473 1792; x_wconf 89' lang='lat' dir='ltr'><strong>est,</strong></span> <span class='ocrx_word' id='word_1_567' title='bbox 2504 1735 2564 1780; x_wconf 89' lang='lat' dir='ltr'><strong>ut</strong></span> <span class='ocrx_word' id='word_1_568' title='bbox 2597 1727 2799 1797; x_wconf 89' lang='lat' dir='ltr'><strong>iustam</strong></span> <span class='ocrx_word' id='word_1_569' title='bbox 2836 1731 3116 1794; x_wconf 83' lang='lat' dir='ltr'><strong>exspectet</strong></span> <span class='ocrx_word' id='word_1_570' title='bbox 3140 1737 3172 1776; x_wconf 92' lang='lat' dir='ltr'><strong>a</strong></span> <span class='ocrx_word' id='word_1_571' title='bbox 3194 1719 3377 1788; x_wconf 92' lang='lat' dir='ltr'><strong>judice</strong></span> <span class='ocrx_word' id='word_1_572' title='bbox 3404 1732 3522 1788; x_wconf 85' lang='lat' dir='ltr'><strong>poe-</strong></span> 
     </span>
    </p>
   </div>
   <div class='ocr_carea' id='block_1_76' title="bbox 1935 1807 3528 1891">
    <p class='ocr_par' dir='ltr' id='par_1_76' title="bbox 1935 1807 3528 1891">
     <span class='ocr_line' id='line_1_76' title="bbox 1935 1807 3528 1891; baseline -0.011 -14"><span class='ocrx_word' id='word_1_573' title='bbox 1935 1839 2082 1887; x_wconf 89' lang='lat' dir='ltr'><strong>nam,</strong></span> <span class='ocrx_word' id='word_1_574' title='bbox 2115 1837 2180 1877; x_wconf 88' lang='lat' dir='ltr'><strong>co</strong></span> <span class='ocrx_word' id='word_1_575' title='bbox 2205 1823 2347 1891; x_wconf 92' lang='lat' dir='ltr'><strong>quod</strong></span> <span class='ocrx_word' id='word_1_576' title='bbox 2376 1819 2581 1875; x_wconf 91' lang='lat' dir='ltr'><strong>nullum</strong></span> <span class='ocrx_word' id='word_1_577' title='bbox 2608 1834 2676 1874; x_wconf 85' lang='lat' dir='ltr'><strong>ex</strong></span> <span class='ocrx_word' id='word_1_578' title='bbox 2704 1807 3061 1872; x_wconf 86' lang='lat' dir='ltr'><strong>instructione</strong></span> <span class='ocrx_word' id='word_1_579' title='bbox 3085 1814 3138 1867; x_wconf 91' lang='lat' dir='ltr'><strong>in</strong></span> <span class='ocrx_word' id='word_1_580' title='bbox 3169 1813 3254 1867; x_wconf 93' lang='lat' dir='ltr'><strong>his</strong></span> <span class='ocrx_word' id='word_1_581' title='bbox 3275 1823 3528 1866; x_wconf 88' lang='lat' dir='ltr'><strong>consum-</strong></span> 
     </span>
    </p>
   </div>
   <div class='ocr_carea' id='block_1_77' title="bbox 1935 1900 3530 1984">
    <p class='ocr_par' dir='ltr' id='par_1_77' title="bbox 1935 1900 3530 1984">
     <span class='ocr_line' id='line_1_77' title="bbox 1935 1900 3530 1984; baseline -0.01 -14"><span class='ocrx_word' id='word_1_582' title='bbox 1935 1929 2089 1970; x_wconf 88' lang='lat' dir='ltr'><strong>mans</strong></span> <span class='ocrx_word' id='word_1_583' title='bbox 2136 1913 2438 1984; x_wconf 89' lang='lat' dir='ltr'><strong>plenarium</strong></span> <span class='ocrx_word' id='word_1_584' title='bbox 2483 1911 2768 1967; x_wconf 88' lang='lat' dir='ltr'><strong>consilium</strong></span> <span class='ocrx_word' id='word_1_585' title='bbox 2814 1923 2992 1964; x_wconf 92' lang='lat' dir='ltr'><strong>suum.</strong></span> <span class='ocrx_word' id='word_1_586' title='bbox 3051 1903 3252 1977; x_wconf 83' lang='lat' dir='ltr'><strong>(Ilier.)</strong></span> <span class='ocrx_word' id='word_1_587' title='bbox 3295 1900 3530 1956; x_wconf 63' lang='lat' dir='ltr'><strong>Hatresis</strong></span> 
     </span>
    </p>
   </div>
   <div class='ocr_carea' id='block_1_78' title="bbox 1935 1993 3526 2073">
    <p class='ocr_par' dir='ltr' id='par_1_78' title="bbox 1935 1993 3526 2073">
     <span class='ocr_line' id='line_1_78' title="bbox 1935 1993 3526 2073; baseline -0.012 -7"><span class='ocrx_word' id='word_1_588' title='bbox 1935 2010 2124 2066; x_wconf 59' lang='lat' dir='ltr'><strong>Graece</strong></span> <span class='ocrx_word' id='word_1_589' title='bbox 2167 2010 2234 2064; x_wconf 90' lang='lat' dir='ltr'><strong>ab</strong></span> <span class='ocrx_word' id='word_1_590' title='bbox 2279 2008 2542 2064; x_wconf 89' lang='lat' dir='ltr'><strong>electione</strong></span> <span class='ocrx_word' id='word_1_591' title='bbox 2569 2006 2785 2070; x_wconf 88' lang='lat' dir='ltr'><strong>dicitur,</strong></span> <span class='ocrx_word' id='word_1_592' title='bbox 2817 2003 2962 2073; x_wconf 90' lang='lat' dir='ltr'><strong>quod</strong></span> <span class='ocrx_word' id='word_1_593' title='bbox 2997 1999 3202 2056; x_wconf 79' lang='lat' dir='ltr'><strong>scilicet</strong></span> <span class='ocrx_word' id='word_1_594' title='bbox 3233 1993 3526 2065; x_wconf 88' lang='lat' dir='ltr'><strong>unusquis-</strong></span> 
     </span>
    </p>
   </div>
   <div class='ocr_carea' id='block_1_79' title="bbox 1934 2087 3528 2177">
    <p class='ocr_par' dir='ltr' id='par_1_79' title="bbox 1934 2087 3528 2177">
     <span class='ocr_line' id='line_1_79' title="bbox 1934 2087 3528 2177; baseline -0.014 -16"><span class='ocrx_word' id='word_1_595' title='bbox 1934 2123 2039 2177; x_wconf 87' lang='lat' dir='ltr'><strong>que</strong></span> <span class='ocrx_word' id='word_1_596' title='bbox 2069 2105 2121 2160; x_wconf 91' lang='lat' dir='ltr'><strong>id</strong></span> <span class='ocrx_word' id='word_1_597' title='bbox 2160 2105 2264 2159; x_wconf 88' lang='lat' dir='ltr'><strong>sibi</strong></span> <span class='ocrx_word' id='word_1_598' title='bbox 2288 2103 2467 2174; x_wconf 83' lang='lat' dir='ltr'><strong>eligat,</strong></span> <span class='ocrx_word' id='word_1_599' title='bbox 2492 2102 2636 2172; x_wconf 86' lang='lat' dir='ltr'><strong>quod</strong></span> <span class='ocrx_word' id='word_1_600' title='bbox 2663 2100 2713 2154; x_wconf 91' lang='lat' dir='ltr'><strong>ei</strong></span> <span class='ocrx_word' id='word_1_601' title='bbox 2736 2097 2928 2153; x_wconf 84' lang='lat' dir='ltr'><strong>melius</strong></span> <span class='ocrx_word' id='word_1_602' title='bbox 2952 2111 3072 2152; x_wconf 87' lang='lat' dir='ltr'><strong>esse</strong></span> <span class='ocrx_word' id='word_1_603' title='bbox 3101 2093 3370 2148; x_wconf 90' lang='lat' dir='ltr'><strong>videatur.</strong></span> <span class='ocrx_word' id='word_1_604' title='bbox 3401 2087 3528 2143; x_wconf 88' lang='lat' dir='ltr'><strong>Phi-</strong></span> 
     </span>
    </p>
   </div>
   <div class='ocr_carea' id='block_1_80' title="bbox 1935 2181 3530 2269">
    <p class='ocr_par' dir='ltr' id='par_1_80' title="bbox 1935 2181 3530 2269">
     <span class='ocr_line' id='line_1_80' title="bbox 1935 2181 3530 2269; baseline -0.014 -15"><span class='ocrx_word' id='word_1_605' title='bbox 1935 2199 2144 2268; x_wconf 91' lang='lat' dir='ltr'><strong>losophi</strong></span> <span class='ocrx_word' id='word_1_606' title='bbox 2183 2212 2398 2269; x_wconf 88' lang='lat' dir='ltr'><strong>quoque</strong></span> <span class='ocrx_word' id='word_1_607' title='bbox 2450 2193 2639 2258; x_wconf 91' lang='lat' dir='ltr'><strong>Stoici,</strong></span> <span class='ocrx_word' id='word_1_608' title='bbox 2697 2188 3064 2260; x_wconf 86' lang='lat' dir='ltr'><strong>Peripatetici,</strong></span> <span class='ocrx_word' id='word_1_609' title='bbox 3116 2181 3428 2240; x_wconf 89' lang='lat' dir='ltr'><strong>Academici</strong></span> <span class='ocrx_word' id='word_1_610' title='bbox 3475 2185 3530 2239; x_wconf 83' lang='lat' dir='ltr'><strong>et</strong></span> 
     </span>
    </p>
   </div>
   <div class='ocr_carea' id='block_1_81' title="bbox 1934 2272 3528 2359">
    <p class='ocr_par' dir='ltr' id='par_1_81' title="bbox 1934 2272 3528 2359">
     <span class='ocr_line' id='line_1_81' title="bbox 1934 2272 3528 2359; baseline -0.012 -15"><span class='ocrx_word' id='word_1_611' title='bbox 1934 2288 2218 2359; x_wconf 89' lang='lat' dir='ltr'><strong>Epicurei,</strong></span> <span class='ocrx_word' id='word_1_612' title='bbox 2245 2287 2389 2341; x_wconf 91' lang='lat' dir='ltr'><strong>illius</strong></span> <span class='ocrx_word' id='word_1_613' title='bbox 2412 2285 2497 2340; x_wconf 88' lang='lat' dir='ltr'><strong>vel</strong></span> <span class='ocrx_word' id='word_1_614' title='bbox 2543 2285 2687 2339; x_wconf 92' lang='lat' dir='ltr'><strong>illius</strong></span> <span class='ocrx_word' id='word_1_615' title='bbox 2721 2283 2992 2338; x_wconf 88' lang='lat' dir='ltr'><strong>haereseos</strong></span> <span class='ocrx_word' id='word_1_616' title='bbox 3033 2277 3390 2350; x_wconf 86' lang='lat' dir='ltr'><strong>appellantur.</strong></span> <span class='ocrx_word' id='word_1_617' title='bbox 3425 2272 3528 2327; x_wconf 87' lang='lat' dir='ltr'><strong>Su-</strong></span> 
     </span>
    </p>
   </div>
   <div class='ocr_carea' id='block_1_82' title="bbox 1933 2365 3527 2452">
    <p class='ocr_par' dir='ltr' id='par_1_82' title="bbox 1933 2365 3527 2452">
     <span class='ocr_line' id='line_1_82' title="bbox 1933 2365 3527 2452; baseline -0.013 -14"><span class='ocrx_word' id='word_1_618' title='bbox 1933 2380 2200 2452; x_wconf 84' lang='lat' dir='ltr'><strong>perﬂuum</strong></span> <span class='ocrx_word' id='word_1_619' title='bbox 2226 2387 2312 2435; x_wconf 90' lang='lat' dir='ltr'><strong>est</strong></span> <span class='ocrx_word' id='word_1_620' title='bbox 2339 2380 2419 2434; x_wconf 92' lang='lat' dir='ltr'><strong>ire</strong></span> <span class='ocrx_word' id='word_1_621' title='bbox 2447 2393 2545 2448; x_wconf 90' lang='lat' dir='ltr'><strong>per</strong></span> <span class='ocrx_word' id='word_1_622' title='bbox 2567 2375 2798 2445; x_wconf 87' lang='lat' dir='ltr'><strong>singula,</strong></span> <span class='ocrx_word' id='word_1_623' title='bbox 2823 2385 2878 2428; x_wconf 89' lang='lat' dir='ltr'><strong>et</strong></span> <span class='ocrx_word' id='word_1_624' title='bbox 2905 2371 3252 2434; x_wconf 85' lang='lat' dir='ltr'><strong>Marcionem,</strong></span> <span class='ocrx_word' id='word_1_625' title='bbox 3281 2365 3527 2422; x_wconf 83' lang='lat' dir='ltr'><strong>Valenti-</strong></span> 
     </span>
    </p>
   </div>
   <div class='ocr_carea' id='block_1_83' title="bbox 1934 2460 3528 2544">
    <p class='ocr_par' dir='ltr' id='par_1_83' title="bbox 1934 2460 3528 2544">
     <span class='ocr_line' id='line_1_83' title="bbox 1934 2460 3528 2544; baseline -0.013 -14"><span class='ocrx_word' id='word_1_626' title='bbox 1934 2492 2086 2541; x_wconf 87' lang='lat' dir='ltr'><strong>num,</strong></span> <span class='ocrx_word' id='word_1_627' title='bbox 2114 2474 2358 2544; x_wconf 84' lang='lat' dir='ltr'><strong>Apellen,</strong></span> <span class='ocrx_word' id='word_1_628' title='bbox 2396 2471 2714 2534; x_wconf 87' lang='lat' dir='ltr'><strong>Hebionem,</strong></span> <span class='ocrx_word' id='word_1_629' title='bbox 2744 2467 3057 2522; x_wconf 87' lang='lat' dir='ltr'><strong>Montanum</strong></span> <span class='ocrx_word' id='word_1_630' title='bbox 3091 2473 3146 2519; x_wconf 90' lang='lat' dir='ltr'><strong>et</strong></span> <span class='ocrx_word' id='word_1_631' title='bbox 3169 2460 3528 2516; x_wconf 66' lang='lat' dir='ltr'><strong>Manichmum</strong></span> 
     </span>
    </p>
   </div>
   <div class='ocr_carea' id='block_1_84' title="bbox 1935 2549 3531 2634">
    <p class='ocr_par' dir='ltr' id='par_1_84' title="bbox 1935 2549 3531 2634">
     <span class='ocr_line' id='line_1_84' title="bbox 1935 2549 3531 2634; baseline -0.014 -9"><span class='ocrx_word' id='word_1_632' title='bbox 1935 2576 2060 2625; x_wconf 85' lang='lat' dir='ltr'><strong>cum</strong></span> <span class='ocrx_word' id='word_1_633' title='bbox 2089 2569 2201 2624; x_wconf 91' lang='lat' dir='ltr'><strong>suis</strong></span> <span class='ocrx_word' id='word_1_634' title='bbox 2231 2579 2554 2622; x_wconf 89' lang='lat' dir='ltr'><strong>enumerare</strong></span> <span class='ocrx_word' id='word_1_635' title='bbox 2596 2561 2961 2634; x_wconf 87' lang='lat' dir='ltr'><strong>dogmatibus,</strong></span> <span class='ocrx_word' id='word_1_636' title='bbox 3010 2572 3134 2613; x_wconf 91' lang='lat' dir='ltr'><strong>cum</strong></span> <span class='ocrx_word' id='word_1_637' title='bbox 3160 2551 3416 2625; x_wconf 87' lang='lat' dir='ltr'><strong>perfacile</strong></span> <span class='ocrx_word' id='word_1_638' title='bbox 3459 2549 3531 2603; x_wconf 90' lang='lat' dir='ltr'><strong>sit</strong></span> 
     </span>
    </p>
   </div>
   <div class='ocr_carea' id='block_1_85' title="bbox 1939 2648 3532 2727">
    <p class='ocr_par' dir='ltr' id='par_1_85' title="bbox 1939 2648 3532 2727">
     <span class='ocr_line' id='line_1_85' title="bbox 1939 2648 3532 2727; baseline -0.013 -13"><span class='ocrx_word' id='word_1_639' title='bbox 1939 2660 2231 2727; x_wconf 87' lang='lat' dir='ltr'><strong>unicuique</strong></span> <span class='ocrx_word' id='word_1_640' title='bbox 2254 2670 2606 2726; x_wconf 84' lang='lat' dir='ltr'><strong>cognoscere,</strong></span> <span class='ocrx_word' id='word_1_641' title='bbox 2632 2653 2829 2722; x_wconf 79' lang='lat' dir='ltr'><strong>(iuibus</strong></span> <span class='ocrx_word' id='word_1_642' title='bbox 2853 2649 3048 2720; x_wconf 87' lang='lat' dir='ltr'><strong>singuli</strong></span> <span class='ocrx_word' id='word_1_643' title='bbox 3083 2648 3351 2702; x_wconf 89' lang='lat' dir='ltr'><strong>ducantur</strong></span> <span class='ocrx_word' id='word_1_644' title='bbox 3384 2655 3532 2694; x_wconf 81' lang='lat' dir='ltr'><strong>erro-</strong></span> 
     </span>
    </p>
   </div>
   <div class='ocr_carea' id='block_1_86' title="bbox 1940 2740 3529 2804">
    <p class='ocr_par' dir='ltr' id='par_1_86' title="bbox 1940 2740 3529 2804">
     <span class='ocr_line' id='line_1_86' title="bbox 1940 2740 3529 2804; baseline -0.009 0"><span class='ocrx_word' id='word_1_645' title='bbox 1940 2749 2107 2804; x_wconf 91' lang='lat' dir='ltr'><strong>ribus.</strong></span> <span class='ocrx_word' id='word_1_646' title='bbox 2137 2748 2298 2803; x_wconf 82' lang='lat' dir='ltr'><strong>Arius</strong></span> <span class='ocrx_word' id='word_1_647' title='bbox 2323 2756 2379 2802; x_wconf 90' lang='lat' dir='ltr'><strong>et</strong></span> <span class='ocrx_word' id='word_1_648' title='bbox 2407 2745 2705 2800; x_wconf 88' lang='lat' dir='ltr'><strong>Eunomius</strong></span> <span class='ocrx_word' id='word_1_649' title='bbox 2733 2753 2790 2798; x_wconf 90' lang='lat' dir='ltr'><strong>et</strong></span> <span class='ocrx_word' id='word_1_650' title='bbox 2818 2759 2972 2798; x_wconf 71' lang='lat' dir='ltr'><strong>nova:</strong></span> <span class='ocrx_word' id='word_1_651' title='bbox 3016 2749 3205 2796; x_wconf 87' lang='lat' dir='ltr'><strong>auctor</strong></span> <span class='ocrx_word' id='word_1_652' title='bbox 3237 2740 3529 2798; x_wconf 68' lang='lat' dir='ltr'><strong>haareseos,</strong></span> 
     </span>
    </p>
   </div>
   <div class='ocr_carea' id='block_1_87' title="bbox 1937 2829 3531 2901">
    <p class='ocr_par' dir='ltr' id='par_1_87' title="bbox 1937 2829 3531 2901">
     <span class='ocr_line' id='line_1_87' title="bbox 1937 2829 3531 2901; baseline -0.011 -2"><span class='ocrx_word' id='word_1_653' title='bbox 1937 2845 2145 2898; x_wconf 89' lang='lat' dir='ltr'><strong>utinam</strong></span> <span class='ocrx_word' id='word_1_654' title='bbox 2188 2851 2299 2896; x_wconf 87' lang='lat' dir='ltr'><strong>tam</strong></span> <span class='ocrx_word' id='word_1_655' title='bbox 2337 2841 2452 2897; x_wconf 89' lang='lat' dir='ltr'><strong>noti</strong></span> <span class='ocrx_word' id='word_1_656' title='bbox 2499 2854 2606 2894; x_wconf 91' lang='lat' dir='ltr'><strong>non</strong></span> <span class='ocrx_word' id='word_1_657' title='bbox 2633 2845 2836 2900; x_wconf 90' lang='lat' dir='ltr'><strong>essent,</strong></span> <span class='ocrx_word' id='word_1_658' title='bbox 2876 2836 3056 2890; x_wconf 91' lang='lat' dir='ltr'><strong>minus</strong></span> <span class='ocrx_word' id='word_1_659' title='bbox 3103 2832 3334 2888; x_wconf 86' lang='lat' dir='ltr'><strong>forsitan</strong></span> <span class='ocrx_word' id='word_1_660' title='bbox 3363 2829 3531 2901; x_wconf 89' lang='lat' dir='ltr'><strong>pluri-</strong></span> 
     </span>
    </p>
   </div>
   <div class='ocr_carea' id='block_1_88' title="bbox 1937 2925 3534 3005">
    <p class='ocr_par' dir='ltr' id='par_1_88' title="bbox 1937 2925 3534 3005">
     <span class='ocr_line' id='line_1_88' title="bbox 1937 2925 3534 3005; baseline -0.011 -13"><span class='ocrx_word' id='word_1_661' title='bbox 1937 2952 2055 2992; x_wconf 89' lang='lat' dir='ltr'><strong>mos</strong></span> <span class='ocrx_word' id='word_1_662' title='bbox 2097 2935 2466 3005; x_wconf 86' lang='lat' dir='ltr'><strong>decepissent!</strong></span> <span class='ocrx_word' id='word_1_663' title='bbox 2509 2931 2835 2986; x_wconf 74' lang='lat' dir='ltr'><strong>Hzereticum</strong></span> <span class='ocrx_word' id='word_1_664' title='bbox 2884 2927 3050 2996; x_wconf 85' lang='lat' dir='ltr'><strong>igitur</strong></span> <span class='ocrx_word' id='word_1_665' title='bbox 3097 2925 3372 2980; x_wconf 87' lang='lat' dir='ltr'><strong>hominem</strong></span> <span class='ocrx_word' id='word_1_666' title='bbox 3410 2929 3534 2990; x_wconf 91' lang='lat' dir='ltr'><strong>post</strong></span> 
     </span>
    </p>
   </div>
   <div class='ocr_carea' id='block_1_89' title="bbox 1937 3013 3533 3096">
    <p class='ocr_par' dir='ltr' id='par_1_89' title="bbox 1937 3013 3533 3096">
     <span class='ocr_line' id='line_1_89' title="bbox 1937 3013 3533 3096; baseline -0.012 -12"><span class='ocrx_word' id='word_1_667' title='bbox 1937 3044 2103 3084; x_wconf 87' lang='lat' dir='ltr'><strong>unam</strong></span> <span class='ocrx_word' id='word_1_668' title='bbox 2133 3028 2552 3096; x_wconf 57' lang='lat' dir='ltr'><strong>correptionet‘n,</strong></span> <span class='ocrx_word' id='word_1_669' title='bbox 2597 3023 2712 3078; x_wconf 88' lang='lat' dir='ltr'><strong>sive</strong></span> <span class='ocrx_word' id='word_1_670' title='bbox 2736 3031 2795 3076; x_wconf 88' lang='lat' dir='ltr'><strong>ut</strong></span> <span class='ocrx_word' id='word_1_671' title='bbox 2823 3022 2878 3075; x_wconf 93' lang='lat' dir='ltr'><strong>in</strong></span> <span class='ocrx_word' id='word_1_672' title='bbox 2918 3018 3108 3074; x_wconf 63' lang='lat' dir='ltr'><strong>Graeco</strong></span> <span class='ocrx_word' id='word_1_673' title='bbox 3133 3015 3329 3071; x_wconf 88' lang='lat' dir='ltr'><strong>melius</strong></span> <span class='ocrx_word' id='word_1_674' title='bbox 3366 3013 3533 3069; x_wconf 88' lang='lat' dir='ltr'><strong>hahe-</strong></span> 
     </span>
    </p>
   </div>
   <div class='ocr_carea' id='block_1_90' title="bbox 1940 3107 3530 3188">
    <p class='ocr_par' dir='ltr' id='par_1_90' title="bbox 1940 3107 3530 3188">
     <span class='ocr_line' id='line_1_90' title="bbox 1940 3107 3530 3188; baseline -0.009 -12"><span class='ocrx_word' id='word_1_675' title='bbox 1940 3131 2046 3188; x_wconf 69' lang='lat' dir='ltr'><strong>ttll‘,</strong></span> <span class='ocrx_word' id='word_1_676' title='bbox 2093 3123 2371 3179; x_wconf 73' lang='grc' dir='ltr'><strong>νσυθεσίαν,</strong></span> <span class='ocrx_word' id='word_1_677' title='bbox 2399 3118 2574 3172; x_wconf 88' lang='lat' dir='ltr'><strong>devita</strong></span> <span class='ocrx_word' id='word_1_678' title='bbox 2609 3135 2622 3170; x_wconf 88' lang='lat'><strong>:</strong></span> <span class='ocrx_word' id='word_1_679' title='bbox 2653 3117 2884 3172; x_wconf 73' lang='grc' dir='ltr'><strong>νςυθεσία</strong></span> <span class='ocrx_word' id='word_1_680' title='bbox 2929 3121 3108 3167; x_wconf 88' lang='lat' dir='ltr'><strong>autem</strong></span> <span class='ocrx_word' id='word_1_681' title='bbox 3149 3107 3530 3166; x_wconf 82' lang='lat' dir='ltr'><strong>commonitio-</strong></span> 
     </span>
    </p>
   </div>
   <div class='ocr_carea' id='block_1_91' title="bbox 1938 3201 3536 3285">
    <p class='ocr_par' dir='ltr' id='par_1_91' title="bbox 1938 3201 3536 3285">
     <span class='ocr_line' id='line_1_91' title="bbox 1938 3201 3536 3285; baseline -0.01 -14"><span class='ocrx_word' id='word_1_682' title='bbox 1938 3232 2062 3272; x_wconf 88' lang='lat' dir='ltr'><strong>nem</strong></span> <span class='ocrx_word' id='word_1_683' title='bbox 2094 3214 2268 3285; x_wconf 88' lang='lat' dir='ltr'><strong>magis</strong></span> <span class='ocrx_word' id='word_1_684' title='bbox 2301 3220 2357 3267; x_wconf 91' lang='lat' dir='ltr'><strong>et</strong></span> <span class='ocrx_word' id='word_1_685' title='bbox 2383 3211 2685 3266; x_wconf 82' lang='lat' dir='ltr'><strong>doctrinam</strong></span> <span class='ocrx_word' id='word_1_686' title='bbox 2725 3207 2927 3277; x_wconf 90' lang='lat' dir='ltr'><strong>absque</strong></span> <span class='ocrx_word' id='word_1_687' title='bbox 2960 3204 3328 3274; x_wconf 86' lang='lat' dir='ltr'><strong>increpatione</strong></span> <span class='ocrx_word' id='word_1_688' title='bbox 3371 3201 3536 3273; x_wconf 89' lang='lat' dir='ltr'><strong>signi-</strong></span> 
     </span>
    </p>
   </div>
   <div class='ocr_carea' id='block_1_92' title="bbox 1937 3296 3532 3377">
    <p class='ocr_par' dir='ltr' id='par_1_92' title="bbox 1937 3296 3532 3377">
     <span class='ocr_line' id='line_1_92' title="bbox 1937 3296 3532 3377; baseline -0.009 -15"><span class='ocrx_word' id='word_1_689' title='bbox 1937 3307 2085 3365; x_wconf 78' lang='lat' dir='ltr'><strong>ficat.</strong></span> <span class='ocrx_word' id='word_1_690' title='bbox 2115 3305 2346 3377; x_wconf 86' lang='lat' dir='ltr'><strong>Legitur</strong></span> <span class='ocrx_word' id='word_1_691' title='bbox 2371 3305 2426 3358; x_wconf 93' lang='lat' dir='ltr'><strong>in</strong></span> <span class='ocrx_word' id='word_1_692' title='bbox 2459 3302 2642 3356; x_wconf 89' lang='lat' dir='ltr'><strong>latinis</strong></span> <span class='ocrx_word' id='word_1_693' title='bbox 2674 3300 2970 3362; x_wconf 88' lang='lat' dir='ltr'><strong>codicibus,</strong></span> <span class='ocrx_word' id='word_1_694' title='bbox 2995 3297 3140 3368; x_wconf 88' lang='lat' dir='ltr'><strong>quod</strong></span> <span class='ocrx_word' id='word_1_695' title='bbox 3169 3311 3356 3353; x_wconf 89' lang='lat' dir='ltr'><strong>verum</strong></span> <span class='ocrx_word' id='word_1_696' title='bbox 3386 3296 3532 3366; x_wconf 86' lang='lat' dir='ltr'><strong>Papa</strong></span> 
     </span>
    </p>
   </div>
   <div class='ocr_carea' id='block_1_93' title="bbox 1938 3391 3534 3473">
    <p class='ocr_par' dir='ltr' id='par_1_93' title="bbox 1938 3391 3534 3473">
     <span class='ocr_line' id='line_1_93' title="bbox 1938 3391 3534 3473; baseline -0.009 -16"><span class='ocrx_word' id='word_1_697' title='bbox 1938 3415 2155 3473; x_wconf 89' lang='lat' dir='ltr'><strong>quoque</strong></span> <span class='ocrx_word' id='word_1_698' title='bbox 2203 3397 2535 3452; x_wconf 82' lang='lat' dir='ltr'><strong>Athanasius</strong></span> <span class='ocrx_word' id='word_1_699' title='bbox 2587 3391 2919 3465; x_wconf 90' lang='lat' dir='ltr'><strong>approbabat</strong></span> <span class='ocrx_word' id='word_1_700' title='bbox 2951 3432 2967 3457; x_wconf 91' lang='lat'><strong>,</strong></span> <span class='ocrx_word' id='word_1_701' title='bbox 3025 3409 3044 3442; x_wconf 72' lang='grc' dir='ltr'>ι</span> <span class='ocrx_word' id='word_1_702' title='bbox 3081 3397 3205 3461; x_wconf 89' lang='lat' dir='ltr'><strong>post</strong></span> <span class='ocrx_word' id='word_1_703' title='bbox 3255 3404 3417 3443; x_wconf 89' lang='lat' dir='ltr'><strong>unam</strong></span> <span class='ocrx_word' id='word_1_704' title='bbox 3479 3397 3534 3442; x_wconf 89' lang='lat' dir='ltr'><strong>ct</strong></span> 
     </span>
    </p>
   </div>
   <div class='ocr_carea' id='block_1_94' title="bbox 1939 3483 3536 3563">
    <p class='ocr_par' dir='ltr' id='par_1_94' title="bbox 1939 3483 3536 3563">
     <span class='ocr_line' id='line_1_94' title="bbox 1939 3483 3536 3563; baseline -0.01 -11"><span class='ocrx_word' id='word_1_705' title='bbox 1939 3497 2168 3552; x_wconf 89' lang='lat' dir='ltr'><strong>alteram</strong></span> <span class='ocrx_word' id='word_1_706' title='bbox 2217 3492 2616 3563; x_wconf 89' lang='lat' dir='ltr'><strong>correptionem</strong></span> <span class='ocrx_word' id='word_1_707' title='bbox 2635 3530 2652 3556; x_wconf 91' lang='lat'><strong>,</strong></span> <span class='ocrx_word' id='word_1_708' title='bbox 2683 3509 2702 3541; x_wconf 75' lang='grc' dir='ltr'><strong><em>ι</em></strong></span> <span class='ocrx_word' id='word_1_709' title='bbox 2731 3488 2876 3560; x_wconf 89' lang='lat' dir='ltr'><strong>quod</strong></span> <span class='ocrx_word' id='word_1_710' title='bbox 2905 3486 3113 3542; x_wconf 90' lang='lat' dir='ltr'><strong>scilicet</strong></span> <span class='ocrx_word' id='word_1_711' title='bbox 3143 3500 3254 3540; x_wconf 90' lang='lat' dir='ltr'><strong>non</strong></span> <span class='ocrx_word' id='word_1_712' title='bbox 3303 3483 3536 3539; x_wconf 77' lang='lat' dir='ltr'><strong>sufﬁciat</strong></span> 
     </span>
    </p>
   </div>
   <div class='ocr_carea' id='block_1_95' title="bbox 1940 3576 3534 3651">
    <p class='ocr_par' dir='ltr' id='par_1_95' title="bbox 1940 3576 3534 3651">
     <span class='ocr_line' id='line_1_95' title="bbox 1940 3576 3534 3651; baseline -0.009 -8"><span class='ocrx_word' id='word_1_713' title='bbox 1940 3597 2154 3642; x_wconf 89' lang='lat' dir='ltr'><strong>tantum</strong></span> <span class='ocrx_word' id='word_1_714' title='bbox 2182 3585 2350 3642; x_wconf 89' lang='lat' dir='ltr'><strong>semel</strong></span> <span class='ocrx_word' id='word_1_715' title='bbox 2381 3599 2504 3638; x_wconf 91' lang='lat' dir='ltr'><strong>eum</strong></span> <span class='ocrx_word' id='word_1_716' title='bbox 2535 3581 2739 3651; x_wconf 91' lang='lat' dir='ltr'><strong>corripi</strong></span> <span class='ocrx_word' id='word_1_717' title='bbox 2787 3579 2875 3636; x_wconf 90' lang='lat' dir='ltr'><strong>vel</strong></span> <span class='ocrx_word' id='word_1_718' title='bbox 2901 3580 3236 3635; x_wconf 90' lang='lat' dir='ltr'><strong>commoneri</strong></span> <span class='ocrx_word' id='word_1_719' title='bbox 3286 3579 3378 3648; x_wconf 88' lang='lat' dir='ltr'><strong>qui</strong></span> <span class='ocrx_word' id='word_1_720' title='bbox 3432 3576 3534 3630; x_wconf 85' lang='lat' dir='ltr'><strong>ali-</strong></span> 
     </span>
    </p>
   </div>
   <div class='ocr_carea' id='block_1_96' title="bbox 1939 3672 3534 3755">
    <p class='ocr_par' dir='ltr' id='par_1_96' title="bbox 1939 3672 3534 3755">
     <span class='ocr_line' id='line_1_96' title="bbox 1939 3672 3534 3755; baseline -0.009 -16"><span class='ocrx_word' id='word_1_721' title='bbox 1939 3700 2049 3755; x_wconf 91' lang='lat' dir='ltr'><strong>quo</strong></span> <span class='ocrx_word' id='word_1_722' title='bbox 2095 3683 2168 3738; x_wconf 90' lang='lat' dir='ltr'><strong>sit</strong></span> <span class='ocrx_word' id='word_1_723' title='bbox 2207 3683 2534 3752; x_wconf 90' lang='lat' dir='ltr'><strong>depravatus</strong></span> <span class='ocrx_word' id='word_1_724' title='bbox 2581 3693 2802 3743; x_wconf 89' lang='lat' dir='ltr'><strong>errore;</strong></span> <span class='ocrx_word' id='word_1_725' title='bbox 2847 3676 2944 3732; x_wconf 91' lang='lat' dir='ltr'><strong>sed</strong></span> <span class='ocrx_word' id='word_1_726' title='bbox 2988 3685 3042 3730; x_wconf 90' lang='lat' dir='ltr'><strong>et</strong></span> <span class='ocrx_word' id='word_1_727' title='bbox 3071 3674 3309 3730; x_wconf 89' lang='lat' dir='ltr'><strong>secunda</strong></span> <span class='ocrx_word' id='word_1_728' title='bbox 3359 3672 3411 3727; x_wconf 89' lang='lat' dir='ltr'><strong>ei</strong></span> <span class='ocrx_word' id='word_1_729' title='bbox 3461 3673 3534 3726; x_wconf 92' lang='lat' dir='ltr'><strong>sit</strong></span> 
     </span>
    </p>
   </div>
   <div class='ocr_carea' id='block_1_97' title="bbox 1939 3766 3534 3838">
    <p class='ocr_par' dir='ltr' id='par_1_97' title="bbox 1939 3766 3534 3838">
     <span class='ocr_line' id='line_1_97' title="bbox 1939 3766 3534 3838; baseline -0.011 -5"><span class='ocrx_word' id='word_1_730' title='bbox 1939 3777 2243 3834; x_wconf 90' lang='lat' dir='ltr'><strong>adhibenda</strong></span> <span class='ocrx_word' id='word_1_731' title='bbox 2267 3775 2532 3838; x_wconf 88' lang='lat' dir='ltr'><strong>doctrina,</strong></span> <span class='ocrx_word' id='word_1_732' title='bbox 2570 3780 2630 3826; x_wconf 91' lang='lat' dir='ltr'><strong>ut</strong></span> <span class='ocrx_word' id='word_1_733' title='bbox 2671 3772 2724 3824; x_wconf 94' lang='lat' dir='ltr'><strong>in</strong></span> <span class='ocrx_word' id='word_1_734' title='bbox 2751 3786 2846 3826; x_wconf 89' lang='lat' dir='ltr'><strong>ore</strong></span> <span class='ocrx_word' id='word_1_735' title='bbox 2876 3770 3106 3826; x_wconf 90' lang='lat' dir='ltr'><strong>duorum</strong></span> <span class='ocrx_word' id='word_1_736' title='bbox 3133 3775 3228 3822; x_wconf 88' lang='lat' dir='ltr'><strong>aut</strong></span> <span class='ocrx_word' id='word_1_737' title='bbox 3261 3766 3426 3820; x_wconf 91' lang='lat' dir='ltr'><strong>trium</strong></span> <span class='ocrx_word' id='word_1_738' title='bbox 3455 3772 3534 3818; x_wconf 92' lang='lat' dir='ltr'><strong>te-</strong></span> 
     </span>
    </p>
   </div>
   <div class='ocr_carea' id='block_1_98' title="bbox 1939 3859 3532 3930">
    <p class='ocr_par' dir='ltr' id='par_1_98' title="bbox 1939 3859 3532 3930">
     <span class='ocr_line' id='line_1_98' title="bbox 1939 3859 3532 3930; baseline -0.011 -2"><span class='ocrx_word' id='word_1_739' title='bbox 1939 3873 2105 3928; x_wconf 90' lang='lat' dir='ltr'><strong>stium</strong></span> <span class='ocrx_word' id='word_1_740' title='bbox 2131 3878 2239 3924; x_wconf 90' lang='lat' dir='ltr'><strong>stet</strong></span> <span class='ocrx_word' id='word_1_741' title='bbox 2263 3884 2422 3923; x_wconf 89' lang='lat' dir='ltr'><strong>omne</strong></span> <span class='ocrx_word' id='word_1_742' title='bbox 2449 3864 2696 3921; x_wconf 88' lang='lat' dir='ltr'><strong>verbum.</strong></span> <span class='ocrx_word' id='word_1_743' title='bbox 2736 3863 2914 3930; x_wconf 87' lang='lat' dir='ltr'><strong>Quare</strong></span> <span class='ocrx_word' id='word_1_744' title='bbox 2943 3870 3123 3916; x_wconf 89' lang='lat' dir='ltr'><strong>autem</strong></span> <span class='ocrx_word' id='word_1_745' title='bbox 3154 3868 3280 3930; x_wconf 90' lang='lat' dir='ltr'><strong>post</strong></span> <span class='ocrx_word' id='word_1_746' title='bbox 3297 3859 3532 3930; x_wconf 88' lang='lat' dir='ltr'><strong>primam</strong></span> 
     </span>
    </p>
   </div>
   <div class='ocr_carea' id='block_1_99' title="bbox 1937 3951 3534 4028">
    <p class='ocr_par' dir='ltr' id='par_1_99' title="bbox 1937 3951 3534 4028">
     <span class='ocr_line' id='line_1_99' title="bbox 1937 3951 3534 4028; baseline -0.011 -7"><span class='ocrx_word' id='word_1_747' title='bbox 1937 3974 1993 4022; x_wconf 91' lang='lat' dir='ltr'><strong>et</strong></span> <span class='ocrx_word' id='word_1_748' title='bbox 2046 3963 2338 4018; x_wconf 89' lang='lat' dir='ltr'><strong>secundam</strong></span> <span class='ocrx_word' id='word_1_749' title='bbox 2390 3958 2784 4028; x_wconf 89' lang='lat' dir='ltr'><strong>correptionem</strong></span> <span class='ocrx_word' id='word_1_750' title='bbox 2838 3951 3160 4008; x_wconf 88' lang='lat' dir='ltr'><strong>devitandus</strong></span> <span class='ocrx_word' id='word_1_751' title='bbox 3203 3953 3306 4018; x_wconf 91' lang='lat' dir='ltr'><strong>sit,</strong></span> <span class='ocrx_word' id='word_1_752' title='bbox 3354 3951 3534 4005; x_wconf 86' lang='lat' dir='ltr'><strong>reddit</strong></span> 
     </span>
    </p>
   </div>
   <div class='ocr_carea' id='block_1_100' title="bbox 1939 4043 3532 4119">
    <p class='ocr_par' dir='ltr' id='par_1_100' title="bbox 1939 4043 3532 4119">
     <span class='ocr_line' id='line_1_100' title="bbox 1939 4043 3532 4119; baseline -0.008 -8"><span class='ocrx_word' id='word_1_753' title='bbox 1939 4069 2135 4111; x_wconf 87' lang='lat' dir='ltr'><strong>causas</strong></span> <span class='ocrx_word' id='word_1_754' title='bbox 2181 4053 2406 4108; x_wconf 89' lang='lat' dir='ltr'><strong>dicens:</strong></span> <span class='ocrx_word' id='word_1_755' title='bbox 2445 4069 2462 4100; x_wconf 87' lang='grc'><em>‹</em></span> <span class='ocrx_word' id='word_1_756' title='bbox 2493 4049 2636 4119; x_wconf 89' lang='lat' dir='ltr'><strong>quod</strong></span> <span class='ocrx_word' id='word_1_757' title='bbox 2687 4048 2980 4102; x_wconf 88' lang='lat' dir='ltr'><strong>subversus</strong></span> <span class='ocrx_word' id='word_1_758' title='bbox 3025 4054 3110 4098; x_wconf 89' lang='lat' dir='ltr'><strong>est</strong></span> <span class='ocrx_word' id='word_1_759' title='bbox 3150 4043 3437 4113; x_wconf 88' lang='lat' dir='ltr'><strong>eiusmodi,</strong></span> <span class='ocrx_word' id='word_1_760' title='bbox 3475 4053 3532 4098; x_wconf 90' lang='lat' dir='ltr'><strong>et</strong></span> 
     </span>
    </p>
   </div>
   <div class='ocr_carea' id='block_1_101' title="bbox 1938 4135 3534 4215">
    <p class='ocr_par' dir='ltr' id='par_1_101' title="bbox 1938 4135 3534 4215">
     <span class='ocr_line' id='line_1_101' title="bbox 1938 4135 3534 4215; baseline -0.005 -17"><span class='ocrx_word' id='word_1_761' title='bbox 1938 4151 2131 4215; x_wconf 89' lang='lat' dir='ltr'><strong>peccat</strong></span> <span class='ocrx_word' id='word_1_762' title='bbox 2169 4157 2290 4198; x_wconf 91' lang='lat' dir='ltr'><strong>cum</strong></span> <span class='ocrx_word' id='word_1_763' title='bbox 2335 4142 2462 4196; x_wconf 90' lang='lat' dir='ltr'><strong>sita</strong></span> <span class='ocrx_word' id='word_1_764' title='bbox 2490 4138 2784 4207; x_wconf 87' lang='lat' dir='ltr'><strong>semetipso</strong></span> <span class='ocrx_word' id='word_1_765' title='bbox 2835 4137 3147 4191; x_wconf 88' lang='lat' dir='ltr'><strong>damnatus.</strong></span> <span class='ocrx_word' id='word_1_766' title='bbox 3184 4155 3202 4187; x_wconf 78' lang='grc' dir='ltr'><strong><em>ι</em></strong></span> <span class='ocrx_word' id='word_1_767' title='bbox 3245 4135 3350 4203; x_wconf 89' lang='lat' dir='ltr'><strong>Qui</strong></span> <span class='ocrx_word' id='word_1_768' title='bbox 3389 4135 3534 4190; x_wconf 88' lang='lat' dir='ltr'><strong>enim</strong></span> 
     </span>
    </p>
   </div>
   <div class='ocr_carea' id='block_1_102' title="bbox 1939 4227 3535 4305">
    <p class='ocr_par' dir='ltr' id='par_1_102' title="bbox 1939 4227 3535 4305">
     <span class='ocr_line' id='line_1_102' title="bbox 1939 4227 3535 4305; baseline -0.008 -12"><span class='ocrx_word' id='word_1_769' title='bbox 1939 4236 2107 4294; x_wconf 92' lang='lat' dir='ltr'><strong>semel</strong></span> <span class='ocrx_word' id='word_1_770' title='bbox 2137 4235 2330 4305; x_wconf 89' lang='lat' dir='ltr'><strong>bisque</strong></span> <span class='ocrx_word' id='word_1_771' title='bbox 2371 4239 2674 4302; x_wconf 90' lang='lat' dir='ltr'><strong>correptus,</strong></span> <span class='ocrx_word' id='word_1_772' title='bbox 2707 4229 2891 4284; x_wconf 90' lang='lat' dir='ltr'><strong>audito</strong></span> <span class='ocrx_word' id='word_1_773' title='bbox 2919 4244 3108 4285; x_wconf 87' lang='lat' dir='ltr'><strong>errore</strong></span> <span class='ocrx_word' id='word_1_774' title='bbox 3145 4243 3264 4295; x_wconf 91' lang='lat' dir='ltr'><strong>suo,</strong></span> <span class='ocrx_word' id='word_1_775' title='bbox 3288 4244 3396 4284; x_wconf 90' lang='lat' dir='ltr'><strong>non</strong></span> <span class='ocrx_word' id='word_1_776' title='bbox 3421 4227 3535 4282; x_wconf 90' lang='lat' dir='ltr'><strong>vult</strong></span> 
     </span>
    </p>
   </div>
   <div class='ocr_carea' id='block_1_103' title="bbox 1939 4321 3534 4402">
    <p class='ocr_par' dir='ltr' id='par_1_103' title="bbox 1939 4321 3534 4402">
     <span class='ocr_line' id='line_1_103' title="bbox 1939 4321 3534 4402; baseline -0.008 -16"><span class='ocrx_word' id='word_1_777' title='bbox 1939 4330 2163 4402; x_wconf 89' lang='lat' dir='ltr'><strong>corrigi,</strong></span> <span class='ocrx_word' id='word_1_778' title='bbox 2211 4342 2395 4383; x_wconf 90' lang='lat' dir='ltr'><strong>errare</strong></span> <span class='ocrx_word' id='word_1_779' title='bbox 2435 4325 2670 4382; x_wconf 68' lang='lat' dir='ltr'><strong>atstimat</strong></span> <span class='ocrx_word' id='word_1_780' title='bbox 2698 4325 3083 4396; x_wconf 88' lang='lat' dir='ltr'><strong>corrigentem,</strong></span> <span class='ocrx_word' id='word_1_781' title='bbox 3112 4331 3167 4379; x_wconf 91' lang='lat' dir='ltr'><strong>et</strong></span> <span class='ocrx_word' id='word_1_782' title='bbox 3201 4340 3232 4378; x_wconf 89' lang='lat' dir='ltr'><strong>e</strong></span> <span class='ocrx_word' id='word_1_783' title='bbox 3258 4321 3534 4378; x_wconf 90' lang='lat' dir='ltr'><strong>contrario</strong></span> 
     </span>
    </p>
   </div>
   <div class='ocr_carea' id='block_1_104' title="bbox 1940 4413 3534 4492">
    <p class='ocr_par' dir='ltr' id='par_1_104' title="bbox 1940 4413 3534 4492">
     <span class='ocr_line' id='line_1_104' title="bbox 1940 4413 3534 4492; baseline -0.008 -13"><span class='ocrx_word' id='word_1_784' title='bbox 1940 4438 2000 4479; x_wconf 89' lang='lat' dir='ltr'><strong>se</strong></span> <span class='ocrx_word' id='word_1_785' title='bbox 2043 4424 2111 4478; x_wconf 89' lang='lat' dir='ltr'><strong>ad</strong></span> <span class='ocrx_word' id='word_1_786' title='bbox 2133 4435 2337 4492; x_wconf 88' lang='lat' dir='ltr'><strong>pugnas</strong></span> <span class='ocrx_word' id='word_1_787' title='bbox 2377 4426 2432 4474; x_wconf 86' lang='lat' dir='ltr'><strong>et</strong></span> <span class='ocrx_word' id='word_1_788' title='bbox 2469 4418 2649 4491; x_wconf 88' lang='lat' dir='ltr'><strong>iurgia</strong></span> <span class='ocrx_word' id='word_1_789' title='bbox 2691 4419 2981 4473; x_wconf 90' lang='lat' dir='ltr'><strong>verborum</strong></span> <span class='ocrx_word' id='word_1_790' title='bbox 3007 4431 3228 4485; x_wconf 90' lang='lat' dir='ltr'><strong>parans,</strong></span> <span class='ocrx_word' id='word_1_791' title='bbox 3253 4429 3374 4468; x_wconf 92' lang='lat' dir='ltr'><strong>eum</strong></span> <span class='ocrx_word' id='word_1_792' title='bbox 3418 4413 3534 4468; x_wconf 89' lang='lat' dir='ltr'><strong>vult</strong></span> 
     </span>
    </p>
   </div>
   <div class='ocr_carea' id='block_1_105' title="bbox 1939 4511 3529 4584">
    <p class='ocr_par' dir='ltr' id='par_1_105' title="bbox 1939 4511 3529 4584">
     <span class='ocr_line' id='line_1_105' title="bbox 1939 4511 3529 4584; baseline -0.006 -13"><span class='ocrx_word' id='word_1_793' title='bbox 1939 4516 2258 4572; x_wconf 88' lang='lat' dir='ltr'><strong>lucrifacere</strong></span> <span class='ocrx_word' id='word_1_794' title='bbox 2281 4531 2310 4569; x_wconf 89' lang='lat' dir='ltr'><strong>a</strong></span> <span class='ocrx_word' id='word_1_795' title='bbox 2339 4529 2447 4584; x_wconf 90' lang='lat' dir='ltr'><strong>quo</strong></span> <span class='ocrx_word' id='word_1_796' title='bbox 2485 4513 2730 4569; x_wconf 89' lang='lat' dir='ltr'><strong>docetur.</strong></span> <span class='ocrx_word' id='word_1_797' title='bbox 2772 4511 3065 4583; x_wconf 88' lang='lat' dir='ltr'><strong>Propterea</strong></span> <span class='ocrx_word' id='word_1_798' title='bbox 3092 4524 3224 4564; x_wconf 89' lang='lat' dir='ltr'><strong>vero</strong></span> <span class='ocrx_word' id='word_1_799' title='bbox 3266 4524 3296 4562; x_wconf 92' lang='lat' dir='ltr'><strong>a</strong></span> <span class='ocrx_word' id='word_1_800' title='bbox 3345 4516 3529 4562; x_wconf 88' lang='lat' dir='ltr'><strong>semet-</strong></span> 
     </span>
    </p>
   </div>
   <div class='ocr_carea' id='block_1_106' title="bbox 1861 4602 3532 4694">
    <p class='ocr_par' dir='ltr' id='par_1_106' title="bbox 1861 4602 3532 4694">
     <span class='ocr_line' id='line_1_106' title="bbox 1861 4602 3532 4694; baseline -0.005 -29"><span class='ocrx_word' id='word_1_801' title='bbox 1861 4635 1916 4694; x_wconf 78' lang='lat' dir='ltr'><strong>D</strong></span> <span class='ocrx_word' id='word_1_802' title='bbox 1943 4612 2060 4682; x_wconf 91' lang='lat' dir='ltr'><strong>ipso</strong></span> <span class='ocrx_word' id='word_1_803' title='bbox 2085 4611 2286 4666; x_wconf 89' lang='lat' dir='ltr'><strong>dicitur</strong></span> <span class='ocrx_word' id='word_1_804' title='bbox 2313 4624 2434 4664; x_wconf 92' lang='lat' dir='ltr'><strong>esse</strong></span> <span class='ocrx_word' id='word_1_805' title='bbox 2457 4609 2770 4673; x_wconf 91' lang='lat' dir='ltr'><strong>damnatus,</strong></span> <span class='ocrx_word' id='word_1_806' title='bbox 2798 4607 2924 4676; x_wconf 89' lang='lat' dir='ltr'><strong>quia</strong></span> <span class='ocrx_word' id='word_1_807' title='bbox 2946 4605 3264 4669; x_wconf 84' lang='lat' dir='ltr'><strong>fomicator,</strong></span> <span class='ocrx_word' id='word_1_808' title='bbox 3301 4602 3532 4667; x_wconf 87' lang='lat' dir='ltr'><strong>adulter,</strong></span> 
     </span>
    </p>
   </div>
   <div class='ocr_carea' id='block_1_107' title="bbox 1942 4695 3532 4769">
    <p class='ocr_par' dir='ltr' id='par_1_107' title="bbox 1942 4695 3532 4769">
     <span class='ocr_line' id='line_1_107' title="bbox 1942 4695 3532 4769; baseline -0.008 -11"><span class='ocrx_word' id='word_1_809' title='bbox 1942 4703 2232 4768; x_wconf 88' lang='lat' dir='ltr'><strong>homicida,</strong></span> <span class='ocrx_word' id='word_1_810' title='bbox 2261 4710 2316 4757; x_wconf 91' lang='lat' dir='ltr'><strong>et</strong></span> <span class='ocrx_word' id='word_1_811' title='bbox 2343 4709 2541 4757; x_wconf 61' lang='lat' dir='ltr'><strong>castera</strong></span> <span class='ocrx_word' id='word_1_812' title='bbox 2571 4701 2725 4765; x_wconf 88' lang='lat' dir='ltr'><strong>vitia,</strong></span> <span class='ocrx_word' id='word_1_813' title='bbox 2752 4715 2851 4769; x_wconf 90' lang='lat' dir='ltr'><strong>per</strong></span> <span class='ocrx_word' id='word_1_814' title='bbox 2881 4696 3279 4768; x_wconf 59' lang='lat' dir='ltr'><strong>sacerdotesde</strong></span> <span class='ocrx_word' id='word_1_815' title='bbox 3293 4695 3532 4752; x_wconf 86' lang='lat' dir='ltr'><strong>Ecclesia</strong></span> 
     </span>
    </p>
   </div>
   <div class='ocr_carea' id='block_1_108' title="bbox 1939 4790 3533 4866">
    <p class='ocr_par' dir='ltr' id='par_1_108' title="bbox 1939 4790 3533 4866">
     <span class='ocr_line' id='line_1_108' title="bbox 1939 4790 3533 4866; baseline -0.004 -15"><span class='ocrx_word' id='word_1_816' title='bbox 1939 4795 2337 4866; x_wconf 87' lang='lat' dir='ltr'><strong>propelluntur.</strong></span> <span class='ocrx_word' id='word_1_817' title='bbox 2370 4793 2619 4849; x_wconf 72' lang='lat' dir='ltr'><strong>Hzeretici</strong></span> <span class='ocrx_word' id='word_1_818' title='bbox 2654 4801 2834 4847; x_wconf 90' lang='lat' dir='ltr'><strong>autem</strong></span> <span class='ocrx_word' id='word_1_819' title='bbox 2890 4793 2943 4845; x_wconf 93' lang='lat' dir='ltr'><strong>in</strong></span> <span class='ocrx_word' id='word_1_820' title='bbox 2972 4791 3179 4862; x_wconf 89' lang='lat' dir='ltr'><strong>seipsos</strong></span> <span class='ocrx_word' id='word_1_821' title='bbox 3210 4790 3533 4846; x_wconf 88' lang='lat' dir='ltr'><strong>sententiam</strong></span> 
     </span>
    </p>
   </div>
   <div class='ocr_carea' id='block_1_109' title="bbox 1942 4885 3530 4954">
    <p class='ocr_par' dir='ltr' id='par_1_109' title="bbox 1942 4885 3530 4954">
     <span class='ocr_line' id='line_1_109' title="bbox 1942 4885 3530 4954; baseline -0.003 -11"><span class='ocrx_word' id='word_1_822' title='bbox 1942 4888 2144 4954; x_wconf 90' lang='lat' dir='ltr'><strong>ferunt,</strong></span> <span class='ocrx_word' id='word_1_823' title='bbox 2175 4904 2272 4943; x_wconf 92' lang='lat' dir='ltr'><strong>suo</strong></span> <span class='ocrx_word' id='word_1_824' title='bbox 2303 4889 2531 4943; x_wconf 89' lang='lat' dir='ltr'><strong>arbitrio</strong></span> <span class='ocrx_word' id='word_1_825' title='bbox 2559 4887 2624 4942; x_wconf 91' lang='lat' dir='ltr'><strong>de</strong></span> <span class='ocrx_word' id='word_1_826' title='bbox 2653 4886 2893 4942; x_wconf 89' lang='lat' dir='ltr'><strong>Ecclesia</strong></span> <span class='ocrx_word' id='word_1_827' title='bbox 2918 4885 3265 4951; x_wconf 90' lang='lat' dir='ltr'><strong>recedentes;</strong></span> <span class='ocrx_word' id='word_1_828' title='bbox 3299 4899 3418 4954; x_wconf 67' lang='lat' dir='ltr'><strong>quae</strong></span> <span class='ocrx_word' id='word_1_829' title='bbox 3450 4900 3530 4939; x_wconf 86' lang='lat' dir='ltr'><strong>re-</strong></span> 
     </span>
    </p>
   </div>
   <div class='ocr_carea' id='block_1_110' title="bbox 1941 4977 3533 5051">
    <p class='ocr_par' dir='ltr' id='par_1_110' title="bbox 1941 4977 3533 5051">
     <span class='ocr_line' id='line_1_110' title="bbox 1941 4977 3533 5051; baseline -0.001 -14"><span class='ocrx_word' id='word_1_830' title='bbox 1941 4982 2116 5038; x_wconf 86' lang='lat' dir='ltr'><strong>cessio</strong></span> <span class='ocrx_word' id='word_1_831' title='bbox 2159 4981 2391 5051; x_wconf 70' lang='lat' dir='ltr'><strong>propria:</strong></span> <span class='ocrx_word' id='word_1_832' title='bbox 2425 4980 2770 5036; x_wconf 78' lang='lat' dir='ltr'><strong>conscientize</strong></span> <span class='ocrx_word' id='word_1_833' title='bbox 2811 4977 3026 5033; x_wconf 88' lang='lat' dir='ltr'><strong>videtur</strong></span> <span class='ocrx_word' id='word_1_834' title='bbox 3073 4993 3194 5034; x_wconf 88' lang='lat' dir='ltr'><strong>esse</strong></span> <span class='ocrx_word' id='word_1_835' title='bbox 3240 4980 3533 5038; x_wconf 90' lang='lat' dir='ltr'><strong>damnatio.</strong></span> 
     </span>
    </p>
   </div>
   <div class='ocr_carea' id='block_1_111' title="bbox 1939 5060 3534 5145">
    <p class='ocr_par' dir='ltr' id='par_1_111' title="bbox 1939 5060 3534 5145">
     <span class='ocr_line' id='line_1_111' title="bbox 1939 5060 3534 5145; baseline 0.001 -16"><span class='ocrx_word' id='word_1_836' title='bbox 1939 5060 2086 5129; x_wconf 86' lang='lat' dir='ltr'><strong>inter</strong></span> <span class='ocrx_word' id='word_1_837' title='bbox 2113 5074 2360 5130; x_wconf 78' lang='lat' dir='ltr'><strong>haeresim</strong></span> <span class='ocrx_word' id='word_1_838' title='bbox 2388 5083 2443 5128; x_wconf 89' lang='lat' dir='ltr'><strong>et</strong></span> <span class='ocrx_word' id='word_1_839' title='bbox 2471 5073 2706 5128; x_wconf 88' lang='lat' dir='ltr'><strong>schisma</strong></span> <span class='ocrx_word' id='word_1_840' title='bbox 2732 5073 2835 5127; x_wconf 91' lang='lat' dir='ltr'><strong>hoc</strong></span> <span class='ocrx_word' id='word_1_841' title='bbox 2861 5086 2982 5127; x_wconf 87' lang='lat' dir='ltr'><strong>esse</strong></span> <span class='ocrx_word' id='word_1_842' title='bbox 3005 5073 3360 5140; x_wconf 88' lang='lat' dir='ltr'><strong>arbitrantur,</strong></span> <span class='ocrx_word' id='word_1_843' title='bbox 3391 5076 3534 5145; x_wconf 91' lang='lat' dir='ltr'><strong>quod</strong></span> 
     </span>
    </p>
   </div>
   <div class='ocr_carea' id='block_1_112' title="bbox 1942 5163 3530 5237">
    <p class='ocr_par' dir='ltr' id='par_1_112' title="bbox 1942 5163 3530 5237">
     <span class='ocr_line' id='line_1_112' title="bbox 1942 5163 3530 5237; baseline -0.001 -14"><span class='ocrx_word' id='word_1_844' title='bbox 1942 5167 2163 5223; x_wconf 63' lang='lat' dir='ltr'><strong>haeresis</strong></span> <span class='ocrx_word' id='word_1_845' title='bbox 2201 5180 2512 5235; x_wconf 87' lang='lat' dir='ltr'><strong>perversum</strong></span> <span class='ocrx_word' id='word_1_846' title='bbox 2561 5163 2754 5235; x_wconf 90' lang='lat' dir='ltr'><strong>dogma</strong></span> <span class='ocrx_word' id='word_1_847' title='bbox 2805 5163 3019 5228; x_wconf 88' lang='lat' dir='ltr'><strong>habeat,</strong></span> <span class='ocrx_word' id='word_1_848' title='bbox 3053 5165 3289 5221; x_wconf 84' lang='lat' dir='ltr'><strong>schisma</strong></span> <span class='ocrx_word' id='word_1_849' title='bbox 3313 5176 3530 5237; x_wconf 78' lang='lat' dir='ltr'><strong>propter</strong></span> 
     </span>
    </p>
   </div>
   <div class='ocr_carea' id='block_1_113' title="bbox 1939 5256 3529 5330">
    <p class='ocr_par' dir='ltr' id='par_1_113' title="bbox 1939 5256 3529 5330">
     <span class='ocr_line' id='line_1_113' title="bbox 1939 5256 3529 5330; baseline -0.001 -16"><span class='ocrx_word' id='word_1_850' title='bbox 1939 5259 2300 5330; x_wconf 87' lang='lat' dir='ltr'><strong>episc0palem</strong></span> <span class='ocrx_word' id='word_1_851' title='bbox 2341 5256 2734 5311; x_wconf 86' lang='lat' dir='ltr'><strong>dissensionem</strong></span> <span class='ocrx_word' id='word_1_852' title='bbox 2791 5257 2858 5311; x_wconf 83' lang='lat' dir='ltr'><strong>ab</strong></span> <span class='ocrx_word' id='word_1_853' title='bbox 2918 5256 3162 5314; x_wconf 82' lang='lat' dir='ltr'><strong>Ecclesia</strong></span> <span class='ocrx_word' id='word_1_854' title='bbox 3215 5267 3529 5328; x_wconf 87' lang='lat' dir='ltr'><strong>separetur,</strong></span> 
     </span>
    </p>
   </div>
   <div class='ocr_carea' id='block_1_114' title="bbox 1941 5348 3531 5424">
    <p class='ocr_par' dir='ltr' id='par_1_114' title="bbox 1941 5348 3531 5424">
     <span class='ocr_line' id='line_1_114' title="bbox 1941 5348 3531 5424; baseline 0.001 -20"><span class='ocrx_word' id='word_1_855' title='bbox 1941 5351 2086 5422; x_wconf 90' lang='lat' dir='ltr'><strong>quod</strong></span> <span class='ocrx_word' id='word_1_856' title='bbox 2115 5349 2331 5420; x_wconf 89' lang='lat' dir='ltr'><strong>quidem</strong></span> <span class='ocrx_word' id='word_1_857' title='bbox 2363 5349 2418 5402; x_wconf 91' lang='lat' dir='ltr'><strong>in</strong></span> <span class='ocrx_word' id='word_1_858' title='bbox 2461 5348 2727 5419; x_wconf 85' lang='lat' dir='ltr'><strong>principio</strong></span> <span class='ocrx_word' id='word_1_859' title='bbox 2771 5350 2950 5421; x_wconf 88' lang='lat' dir='ltr'><strong>aliqua</strong></span> <span class='ocrx_word' id='word_1_860' title='bbox 2997 5368 3061 5407; x_wconf 81' lang='lat' dir='ltr'><strong>ex</strong></span> <span class='ocrx_word' id='word_1_861' title='bbox 3106 5361 3259 5422; x_wconf 90' lang='lat' dir='ltr'><strong>parte</strong></span> <span class='ocrx_word' id='word_1_862' title='bbox 3309 5353 3531 5424; x_wconf 86' lang='lat' dir='ltr'><strong>intelligi</strong></span> 
     </span>
    </p>
   </div>
   <div class='ocr_carea' id='block_1_115' title="bbox 1941 5440 3529 5515">
    <p class='ocr_par' dir='ltr' id='par_1_115' title="bbox 1941 5440 3529 5515">
     <span class='ocr_line' id='line_1_115' title="bbox 1941 5440 3529 5515; baseline 0.002 -19"><span class='ocrx_word' id='word_1_863' title='bbox 1941 5450 2136 5515; x_wconf 89' lang='lat' dir='ltr'><strong>potest.</strong></span> <span class='ocrx_word' id='word_1_864' title='bbox 2168 5440 2432 5496; x_wconf 65' lang='lat' dir='ltr'><strong>Caeterum</strong></span> <span class='ocrx_word' id='word_1_865' title='bbox 2484 5441 2684 5496; x_wconf 92' lang='lat' dir='ltr'><strong>nullum</strong></span> <span class='ocrx_word' id='word_1_866' title='bbox 2739 5443 2977 5499; x_wconf 89' lang='lat' dir='ltr'><strong>schisma</strong></span> <span class='ocrx_word' id='word_1_867' title='bbox 3017 5461 3124 5500; x_wconf 90' lang='lat' dir='ltr'><strong>non</strong></span> <span class='ocrx_word' id='word_1_868' title='bbox 3153 5445 3257 5500; x_wconf 90' lang='lat' dir='ltr'><strong>sibi</strong></span> <span class='ocrx_word' id='word_1_869' title='bbox 3295 5445 3529 5514; x_wconf 90' lang='lat' dir='ltr'><strong>aliquam</strong></span> 
     </span>
    </p>
   </div>
   <div class='ocr_carea' id='block_1_116' title="bbox 1944 5533 3527 5607">
    <p class='ocr_par' dir='ltr' id='par_1_116' title="bbox 1944 5533 3527 5607">
     <span class='ocr_line' id='line_1_116' title="bbox 1944 5533 3527 5607; baseline 0.001 -16"><span class='ocrx_word' id='word_1_870' title='bbox 1944 5533 2204 5607; x_wconf 84' lang='lat' dir='ltr'><strong>conﬁngit</strong></span> <span class='ocrx_word' id='word_1_871' title='bbox 2234 5535 2484 5591; x_wconf 83' lang='lat' dir='ltr'><strong>haeresim</strong></span> <span class='ocrx_word' id='word_1_872' title='bbox 2512 5544 2570 5589; x_wconf 88' lang='lat' dir='ltr'><strong>ut</strong></span> <span class='ocrx_word' id='word_1_873' title='bbox 2599 5545 2746 5592; x_wconf 88' lang='lat' dir='ltr'><strong>recte</strong></span> <span class='ocrx_word' id='word_1_874' title='bbox 2767 5537 2835 5591; x_wconf 88' lang='lat' dir='ltr'><strong>ab</strong></span> <span class='ocrx_word' id='word_1_875' title='bbox 2864 5537 3104 5593; x_wconf 86' lang='lat' dir='ltr'><strong>Ecclesia</strong></span> <span class='ocrx_word' id='word_1_876' title='bbox 3131 5539 3423 5594; x_wconf 67' lang='lat' dir='ltr'><strong>recessisse</strong></span> <span class='ocrx_word' id='word_1_877' title='bbox 3458 5539 3527 5593; x_wconf 77' lang='lat' dir='ltr'><strong>vi-</strong></span> 
     </span>
    </p>
   </div>
   <div class='ocr_carea' id='block_1_117' title="bbox 1945 5627 2158 5682">
    <p class='ocr_par' dir='ltr' id='par_1_117' title="bbox 1945 5627 2158 5682">
     <span class='ocr_line' id='line_1_117' title="bbox 1945 5627 2158 5682; baseline -0.005 0"><span class='ocrx_word' id='word_1_878' title='bbox 1945 5627 2158 5682; x_wconf 89' lang='lat' dir='ltr'><strong>deatur.</strong></span> 
     </span>
    </p>
   </div>
   <div class='ocr_carea' id='block_1_118' title="bbox 2023 5719 3516 5796">
    <p class='ocr_par' dir='ltr' id='par_1_118' title="bbox 2023 5719 3516 5796">
     <span class='ocr_line' id='line_1_118' title="bbox 2023 5719 3516 5796; baseline 0.007 -26"><span class='ocrx_word' id='word_1_879' title='bbox 2023 5740 2041 5770; x_wconf 85' lang='grc'><em>‹</em></span> <span class='ocrx_word' id='word_1_880' title='bbox 2076 5719 2210 5776; x_wconf 90' lang='lat' dir='ltr'><strong>Cum</strong></span> <span class='ocrx_word' id='word_1_881' title='bbox 2240 5722 2438 5777; x_wconf 90' lang='lat' dir='ltr'><strong>misero</strong></span> <span class='ocrx_word' id='word_1_882' title='bbox 2479 5723 2736 5779; x_wconf 85' lang='lat' dir='ltr'><strong>Arteman</strong></span> <span class='ocrx_word' id='word_1_883' title='bbox 2789 5724 2856 5779; x_wconf 90' lang='lat' dir='ltr'><strong>ad</strong></span> <span class='ocrx_word' id='word_1_884' title='bbox 2900 5734 2953 5780; x_wconf 91' lang='lat' dir='ltr'><strong>te</strong></span> <span class='ocrx_word' id='word_1_885' title='bbox 2991 5724 3074 5778; x_wconf 92' lang='lat' dir='ltr'><strong>vel</strong></span> <span class='ocrx_word' id='word_1_886' title='bbox 3110 5724 3423 5796; x_wconf 87' lang='lat' dir='ltr'><strong>Tychicum,</strong></span> <span class='ocrx_word' id='word_1_887' title='bbox 3454 5724 3516 5781; x_wconf 84' lang='lat' dir='ltr'><strong>fe-</strong></span> 
     </span>
    </p>
   </div>
   <div class='ocr_carea' id='block_1_119' title="bbox 1951 5813 3523 5887">
    <p class='ocr_par' dir='ltr' id='par_1_119' title="bbox 1951 5813 3523 5887">
     <span class='ocr_line' id='line_1_119' title="bbox 1951 5813 3523 5887; baseline 0.007 -23"><span class='ocrx_word' id='word_1_888' title='bbox 1951 5833 1969 5864; x_wconf 75' lang='grc' dir='ltr'>ι</span> <span class='ocrx_word' id='word_1_889' title='bbox 2008 5813 2149 5868; x_wconf 91' lang='lat' dir='ltr'><strong>stina</strong></span> <span class='ocrx_word' id='word_1_890' title='bbox 2173 5813 2359 5870; x_wconf 89' lang='lat' dir='ltr'><strong>venire</strong></span> <span class='ocrx_word' id='word_1_891' title='bbox 2392 5815 2459 5870; x_wconf 90' lang='lat' dir='ltr'><strong>ad</strong></span> <span class='ocrx_word' id='word_1_892' title='bbox 2489 5831 2576 5872; x_wconf 90' lang='lat' dir='ltr'><strong>me</strong></span> <span class='ocrx_word' id='word_1_893' title='bbox 2603 5815 2920 5887; x_wconf 88' lang='lat' dir='ltr'><strong>Nicopolim,</strong></span> <span class='ocrx_word' id='word_1_894' title='bbox 2947 5817 3018 5871; x_wconf 87' lang='lat' dir='ltr'><strong>ibi</strong></span> <span class='ocrx_word' id='word_1_895' title='bbox 3048 5817 3190 5872; x_wconf 90' lang='lat' dir='ltr'><strong>enim</strong></span> <span class='ocrx_word' id='word_1_896' title='bbox 3227 5818 3391 5873; x_wconf 87' lang='lat' dir='ltr'><strong>statui</strong></span> <span class='ocrx_word' id='word_1_897' title='bbox 3418 5819 3523 5875; x_wconf 89' lang='lat' dir='ltr'><strong>hle-</strong></span> 
     </span>
    </p>
   </div>
   <div class='ocr_carea' id='block_1_120' title="bbox 1952 5903 3520 5982">
    <p class='ocr_par' dir='ltr' id='par_1_120' title="bbox 1952 5903 3520 5982">
     <span class='ocr_line' id='line_1_120' title="bbox 1952 5903 3520 5982; baseline 0.008 -26"><span class='ocrx_word' id='word_1_898' title='bbox 1952 5923 1971 5956; x_wconf 74' lang='grc' dir='ltr'>ι</span> <span class='ocrx_word' id='word_1_899' title='bbox 2007 5920 2178 5960; x_wconf 88' lang='lat' dir='ltr'><strong>mare.</strong></span> <span class='ocrx_word' id='word_1_900' title='bbox 2214 5925 2232 5958; x_wconf 68' lang='grc' dir='ltr'><strong>ι</strong></span> <span class='ocrx_word' id='word_1_901' title='bbox 2269 5903 2469 5978; x_wconf 75' lang='grc' dir='ltr'><strong>(Ηὲεν.)</strong></span> <span class='ocrx_word' id='word_1_902' title='bbox 2498 5906 2750 5979; x_wconf 88' lang='lat' dir='ltr'><strong>Legimus</strong></span> <span class='ocrx_word' id='word_1_903' title='bbox 2785 5909 2840 5962; x_wconf 90' lang='lat' dir='ltr'><strong>in</strong></span> <span class='ocrx_word' id='word_1_904' title='bbox 2872 5907 3098 5964; x_wconf 74' lang='lat' dir='ltr'><strong>exordio</strong></span> <span class='ocrx_word' id='word_1_905' title='bbox 3134 5909 3291 5965; x_wconf 80' lang='lat' dir='ltr'><strong>istius</strong></span> <span class='ocrx_word' id='word_1_906' title='bbox 3317 5909 3520 5982; x_wconf 87' lang='lat' dir='ltr'><strong>Episto-</strong></span> 
     </span>
    </p>
   </div>
  </div>
