  <div class='ocr_page' id='page_1' title='image "/cluster/home/n/w/nwhite01/storage/ocr_20150623/112/hvd.32044015685407/351.png"; bbox 0 0 3992 6338; ppageno 0'>
   <div class='ocr_carea' id='block_1_1' title="bbox 478 462 575 519">
    <p class='ocr_par' dir='ltr' id='par_1_1' title="bbox 478 462 575 519">
     <span class='ocr_line' id='line_1_1' title="bbox 478 462 575 519; baseline 0 -1"><span class='ocrx_word' id='word_1_1' title='bbox 478 462 575 519; x_wconf 73' lang='grc'><strong>891</strong></span> 
     </span>
    </p>
   </div>
   <div class='ocr_carea' id='block_1_2' title="bbox 1161 436 3137 517">
    <p class='ocr_par' dir='ltr' id='par_1_2' title="bbox 1161 436 3137 517">
     <span class='ocr_line' id='line_1_2' title="bbox 1161 436 3137 517; baseline -0.003 0"><span class='ocrx_word' id='word_1_2' title='bbox 1161 463 1220 517; x_wconf 81' lang='grc' dir='ltr'>Β.</span> <span class='ocrx_word' id='word_1_3' title='bbox 1260 459 1512 516; x_wconf 80' lang='lat' dir='ltr'><strong>RABANI</strong></span> <span class='ocrx_word' id='word_1_4' title='bbox 1551 459 1773 517; x_wconf 82' lang='lat' dir='ltr'><strong>MAURI</strong></span> <span class='ocrx_word' id='word_1_5' title='bbox 1809 460 2128 516; x_wconf 82' lang='lat' dir='ltr'><strong>ARCHIEP.</strong></span> <span class='ocrx_word' id='word_1_6' title='bbox 2171 448 2484 516; x_wconf 79' lang='lat' dir='ltr'><strong>MOCUNT.</strong></span> <span class='ocrx_word' id='word_1_7' title='bbox 2510 436 2796 514; x_wconf 63' lang='lat' dir='ltr'><strong>creduit</strong></span> <span class='ocrx_word' id='word_1_8' title='bbox 2831 436 3012 514; x_wconf 56' lang='lat' dir='ltr'><strong>ritas</strong></span> <span class='ocrx_word' id='word_1_9' title='bbox 3049 444 3137 512; x_wconf 85' lang='lat' dir='ltr'><strong>in.</strong></span> 
     </span>
    </p>
   </div>
   <div class='ocr_carea' id='block_1_3' title="bbox 3665 456 3775 515">
    <p class='ocr_par' dir='ltr' id='par_1_3' title="bbox 3665 456 3775 515">
     <span class='ocr_line' id='line_1_3' title="bbox 3665 456 3775 515; baseline 0.018 -2"><span class='ocrx_word' id='word_1_10' title='bbox 3665 456 3775 515; x_wconf 70' lang='lat'><strong>692</strong></span> 
     </span>
    </p>
   </div>
   <div class='ocr_carea' id='block_1_4' title="bbox 471 573 3777 651">
    <p class='ocr_par' dir='ltr' id='par_1_4' title="bbox 471 573 3777 651">
     <span class='ocr_line' id='line_1_4' title="bbox 471 573 3777 651; baseline -0.002 -16"><span class='ocrx_word' id='word_1_11' title='bbox 471 581 581 637; x_wconf 82' lang='lat' dir='ltr'><strong>lae:</strong></span> <span class='ocrx_word' id='word_1_12' title='bbox 612 598 633 633; x_wconf 84' lang='grc'><strong>‹</strong></span> <span class='ocrx_word' id='word_1_13' title='bbox 670 578 840 651; x_wconf 82' lang='lat' dir='ltr'><strong>Hujus</strong></span> <span class='ocrx_word' id='word_1_14' title='bbox 867 580 945 635; x_wconf 91' lang='lat' dir='ltr'><strong>rei</strong></span> <span class='ocrx_word' id='word_1_15' title='bbox 994 580 1172 651; x_wconf 88' lang='lat' dir='ltr'><strong>gratia</strong></span> <span class='ocrx_word' id='word_1_16' title='bbox 1217 579 1412 649; x_wconf 85' lang='lat' dir='ltr'><strong>reliqui</strong></span> <span class='ocrx_word' id='word_1_17' title='bbox 1450 588 1502 634; x_wconf 89' lang='lat' dir='ltr'><strong>te</strong></span> <span class='ocrx_word' id='word_1_18' title='bbox 1540 578 1735 644; x_wconf 74' lang='lat' dir='ltr'><strong>Cretze,</strong></span> <span class='ocrx_word' id='word_1_19' title='bbox 1764 587 1823 633; x_wconf 88' lang='lat' dir='ltr'><strong>ut</strong></span> <span class='ocrx_word' id='word_1_20' title='bbox 1845 592 1909 633; x_wconf 89' lang='lat' dir='ltr'><strong>ea</strong></span> <span class='ocrx_word' id='word_1_21' title='bbox 1952 594 2072 649; x_wconf 77' lang='lat' dir='ltr'><strong>quae</strong></span> <span class='ocrx_word' id='word_1_22' title='bbox 2096 585 2150 645; x_wconf 77' lang='grc' dir='ltr'>Α</span> <span class='ocrx_word' id='word_1_23' title='bbox 2175 586 2439 644; x_wconf 89' lang='lat' dir='ltr'><strong>mentum,</strong></span> <span class='ocrx_word' id='word_1_24' title='bbox 2467 577 2553 633; x_wconf 90' lang='lat' dir='ltr'><strong>bis</strong></span> <span class='ocrx_word' id='word_1_25' title='bbox 2578 583 2819 633; x_wconf 78' lang='lat' dir='ltr'><strong>contenti</strong></span> <span class='ocrx_word' id='word_1_26' title='bbox 2841 589 3011 630; x_wconf 80' lang='lat' dir='ltr'><strong>simus</strong></span> <span class='ocrx_word' id='word_1_27' title='bbox 3032 573 3085 647; x_wconf 84' lang='grc'><strong>(1</strong></span> <span class='ocrx_word' id='word_1_28' title='bbox 3117 573 3254 629; x_wconf 81' lang='lat' dir='ltr'><strong>Tim.</strong></span> <span class='ocrx_word' id='word_1_29' title='bbox 3280 573 3380 647; x_wconf 79' lang='lat' dir='ltr'><strong>vi);</strong></span> <span class='ocrx_word' id='word_1_30' title='bbox 3403 582 3502 630; x_wconf 73' lang='lat' dir='ltr'><strong>iet</strong></span> <span class='ocrx_word' id='word_1_31' title='bbox 3518 576 3615 646; x_wconf 86' lang='lat' dir='ltr'><strong>qui</strong></span> <span class='ocrx_word' id='word_1_32' title='bbox 3637 578 3777 637; x_wconf 74' lang='lat' dir='ltr'><strong>alta-</strong></span> 
     </span>
    </p>
   </div>
   <div class='ocr_carea' id='block_1_5' title="bbox 475 670 2069 743">
    <p class='ocr_par' dir='ltr' id='par_1_5' title="bbox 475 670 2069 743">
     <span class='ocr_line' id='line_1_5' title="bbox 475 670 2069 743; baseline -0.003 -14"><span class='ocrx_word' id='word_1_33' title='bbox 475 672 703 729; x_wconf 83' lang='lat' dir='ltr'><strong>deerant</strong></span> <span class='ocrx_word' id='word_1_34' title='bbox 730 673 997 743; x_wconf 76' lang='lat' dir='ltr'><strong>corrigas,</strong></span> <span class='ocrx_word' id='word_1_35' title='bbox 1019 680 1073 728; x_wconf 86' lang='lat' dir='ltr'><strong>et</strong></span> <span class='ocrx_word' id='word_1_36' title='bbox 1101 671 1400 727; x_wconf 74' lang='lat' dir='ltr'><strong>constituas</strong></span> <span class='ocrx_word' id='word_1_37' title='bbox 1442 686 1539 741; x_wconf 91' lang='lat' dir='ltr'><strong>per</strong></span> <span class='ocrx_word' id='word_1_38' title='bbox 1568 670 1815 725; x_wconf 88' lang='lat' dir='ltr'><strong>civitates</strong></span> <span class='ocrx_word' id='word_1_39' title='bbox 1842 671 2069 742; x_wconf 86' lang='lat' dir='ltr'><strong>presby-</strong></span> 
     </span>
    </p>
   </div>
   <div class='ocr_carea' id='block_1_6' title="bbox 476 748 2069 836">
    <p class='ocr_par' dir='ltr' id='par_1_6' title="bbox 476 748 2069 836">
     <span class='ocr_line' id='line_1_6' title="bbox 476 748 2069 836; baseline -0.004 -13"><span class='ocrx_word' id='word_1_40' title='bbox 476 776 627 823; x_wconf 84' lang='lat' dir='ltr'><strong>teros</strong></span> <span class='ocrx_word' id='word_1_41' title='bbox 676 765 817 821; x_wconf 83' lang='lat' dir='ltr'><strong>sicut</strong></span> <span class='ocrx_word' id='word_1_42' title='bbox 860 780 960 836; x_wconf 91' lang='lat' dir='ltr'><strong>ego</strong></span> <span class='ocrx_word' id='word_1_43' title='bbox 1000 764 1096 819; x_wconf 85' lang='lat' dir='ltr'><strong>tibi</strong></span> <span class='ocrx_word' id='word_1_44' title='bbox 1144 748 1418 833; x_wconf 76' lang='lat' dir='ltr'><strong>disposui;</strong></span> <span class='ocrx_word' id='word_1_45' title='bbox 1454 782 1471 813; x_wconf 73' lang='grc' dir='ltr'><strong>ι</strong></span> <span class='ocrx_word' id='word_1_46' title='bbox 1518 770 1578 816; x_wconf 80' lang='grc' dir='ltr'><strong>ιιι</strong></span> <span class='ocrx_word' id='word_1_47' title='bbox 1614 762 1741 831; x_wconf 90' lang='lat' dir='ltr'><strong>quia</strong></span> <span class='ocrx_word' id='word_1_48' title='bbox 1785 762 2069 817; x_wconf 85' lang='lat' dir='ltr'><strong>Cretenses</strong></span> 
     </span>
    </p>
   </div>
   <div class='ocr_carea' id='block_1_7' title="bbox 475 852 2069 927">
    <p class='ocr_par' dir='ltr' id='par_1_7' title="bbox 475 852 2069 927">
     <span class='ocr_line' id='line_1_7' title="bbox 475 852 2069 927; baseline -0.001 -17"><span class='ocrx_word' id='word_1_49' title='bbox 475 872 651 927; x_wconf 83' lang='lat' dir='ltr'><strong>nuper</strong></span> <span class='ocrx_word' id='word_1_50' title='bbox 676 856 1045 921; x_wconf 86' lang='lat' dir='ltr'><strong>crediderant,</strong></span> <span class='ocrx_word' id='word_1_51' title='bbox 1093 852 1380 911; x_wconf 86' lang='lat' dir='ltr'><strong>recedente</strong></span> <span class='ocrx_word' id='word_1_52' title='bbox 1406 854 1576 908; x_wconf 89' lang='lat' dir='ltr'><strong>Paulo</strong></span> <span class='ocrx_word' id='word_1_53' title='bbox 1604 864 1658 907; x_wconf 90' lang='lat' dir='ltr'><strong>et</strong></span> <span class='ocrx_word' id='word_1_54' title='bbox 1686 854 1755 909; x_wconf 89' lang='lat' dir='ltr'><strong>ad</strong></span> <span class='ocrx_word' id='word_1_55' title='bbox 1800 854 1932 909; x_wconf 73' lang='lat' dir='ltr'><strong>alias</strong></span> <span class='ocrx_word' id='word_1_56' title='bbox 1964 853 2069 909; x_wconf 83' lang='lat' dir='ltr'><strong>Ec-</strong></span> 
     </span>
    </p>
   </div>
   <div class='ocr_carea' id='block_1_8' title="bbox 475 943 2070 1015">
    <p class='ocr_par' dir='ltr' id='par_1_8' title="bbox 475 943 2070 1015">
     <span class='ocr_line' id='line_1_8' title="bbox 475 943 2070 1015; baseline -0.003 -13"><span class='ocrx_word' id='word_1_57' title='bbox 475 946 672 1002; x_wconf 88' lang='lat' dir='ltr'><strong>clesias</strong></span> <span class='ocrx_word' id='word_1_58' title='bbox 710 953 1048 1011; x_wconf 88' lang='lat' dir='ltr'><strong>transeunte,</strong></span> <span class='ocrx_word' id='word_1_59' title='bbox 1098 960 1203 1000; x_wconf 81' lang='lat' dir='ltr'><strong>non</strong></span> <span class='ocrx_word' id='word_1_60' title='bbox 1248 944 1649 1001; x_wconf 82' lang='lat' dir='ltr'><strong>dimitterentur</strong></span> <span class='ocrx_word' id='word_1_61' title='bbox 1692 944 1943 1015; x_wconf 90' lang='lat' dir='ltr'><strong>orphani,</strong></span> <span class='ocrx_word' id='word_1_62' title='bbox 1975 943 2070 999; x_wconf 91' lang='lat' dir='ltr'><strong>sed</strong></span> 
     </span>
    </p>
   </div>
   <div class='ocr_carea' id='block_1_9' title="bbox 474 1035 2071 1107">
    <p class='ocr_par' dir='ltr' id='par_1_9' title="bbox 474 1035 2071 1107">
     <span class='ocr_line' id='line_1_9' title="bbox 474 1035 2071 1107; baseline -0.001 -15"><span class='ocrx_word' id='word_1_63' title='bbox 474 1038 743 1093; x_wconf 79' lang='lat' dir='ltr'><strong>haberent</strong></span> <span class='ocrx_word' id='word_1_64' title='bbox 782 1037 1141 1107; x_wconf 87' lang='lat' dir='ltr'><strong>apostolicum</strong></span> <span class='ocrx_word' id='word_1_65' title='bbox 1183 1037 1382 1101; x_wconf 89' lang='lat' dir='ltr'><strong>virum,</strong></span> <span class='ocrx_word' id='word_1_66' title='bbox 1422 1037 1515 1106; x_wconf 88' lang='lat' dir='ltr'><strong>qui</strong></span> <span class='ocrx_word' id='word_1_67' title='bbox 1556 1050 1640 1102; x_wconf 88' lang='lat' dir='ltr'><strong>ea,</strong></span> <span class='ocrx_word' id='word_1_68' title='bbox 1668 1051 1787 1105; x_wconf 69' lang='lat' dir='ltr'><strong>quae</strong></span> <span class='ocrx_word' id='word_1_69' title='bbox 1812 1035 2071 1090; x_wconf 86' lang='lat' dir='ltr'><strong>videban-</strong></span> 
     </span>
    </p>
   </div>
   <div class='ocr_carea' id='block_1_10' title="bbox 475 1126 2072 1203">
    <p class='ocr_par' dir='ltr' id='par_1_10' title="bbox 475 1126 2072 1203">
     <span class='ocr_line' id='line_1_10' title="bbox 475 1126 2072 1203; baseline -0.002 -19"><span class='ocrx_word' id='word_1_70' title='bbox 475 1138 568 1184; x_wconf 86' lang='lat' dir='ltr'><strong>tur</strong></span> <span class='ocrx_word' id='word_1_71' title='bbox 618 1131 829 1195; x_wconf 83' lang='lat' dir='ltr'><strong>deesse,</strong></span> <span class='ocrx_word' id='word_1_72' title='bbox 876 1131 1176 1203; x_wconf 72' lang='lat' dir='ltr'><strong>corrigeret</strong></span> <span class='ocrx_word' id='word_1_73' title='bbox 1206 1146 1218 1182; x_wconf 92' lang='lat'><strong>:</strong></span> <span class='ocrx_word' id='word_1_74' title='bbox 1246 1129 1372 1198; x_wconf 84' lang='lat' dir='ltr'><strong>quia</strong></span> <span class='ocrx_word' id='word_1_75' title='bbox 1416 1143 1546 1199; x_wconf 80' lang='lat' dir='ltr'><strong>ergo</strong></span> <span class='ocrx_word' id='word_1_76' title='bbox 1585 1136 1701 1198; x_wconf 87' lang='lat' dir='ltr'><strong>post</strong></span> <span class='ocrx_word' id='word_1_77' title='bbox 1752 1126 2072 1183; x_wconf 89' lang='lat' dir='ltr'><strong>fundamen-</strong></span> 
     </span>
    </p>
   </div>
   <div class='ocr_carea' id='block_1_11' title="bbox 477 1220 2070 1305">
    <p class='ocr_par' dir='ltr' id='par_1_11' title="bbox 477 1220 2070 1305">
     <span class='ocr_line' id='line_1_11' title="bbox 477 1220 2070 1305; baseline 0 -29"><span class='ocrx_word' id='word_1_78' title='bbox 477 1229 592 1277; x_wconf 85' lang='lat' dir='ltr'><strong>tum</strong></span> <span class='ocrx_word' id='word_1_79' title='bbox 616 1222 844 1277; x_wconf 90' lang='lat' dir='ltr'><strong>aliarum</strong></span> <span class='ocrx_word' id='word_1_80' title='bbox 882 1222 1248 1277; x_wconf 82' lang='lat' dir='ltr'><strong>Ecelesiarum</strong></span> <span class='ocrx_word' id='word_1_81' title='bbox 1277 1223 1619 1277; x_wconf 86' lang='lat' dir='ltr'><strong>necessarius</strong></span> <span class='ocrx_word' id='word_1_82' title='bbox 1639 1224 1757 1277; x_wconf 86' lang='lat' dir='ltr'><strong>erat</strong></span> <span class='ocrx_word' id='word_1_83' title='bbox 1779 1220 1952 1287; x_wconf 87' lang='lat' dir='ltr'><strong>Titus,</strong></span> <span class='ocrx_word' id='word_1_84' title='bbox 1977 1220 2070 1305; x_wconf 78' lang='lat' dir='ltr'><strong>qui</strong></span> 
     </span>
    </p>
   </div>
   <div class='ocr_carea' id='block_1_12' title="bbox 474 1314 2072 1386">
    <p class='ocr_par' dir='ltr' id='par_1_12' title="bbox 474 1314 2072 1386">
     <span class='ocr_line' id='line_1_12' title="bbox 474 1314 2072 1386; baseline 0 -16"><span class='ocrx_word' id='word_1_85' title='bbox 474 1314 762 1371; x_wconf 65' lang='lat' dir='ltr'><strong>aediﬁcium</strong></span> <span class='ocrx_word' id='word_1_86' title='bbox 813 1324 1231 1386; x_wconf 83' lang='lat' dir='ltr'><strong>superstrueret,</strong></span> <span class='ocrx_word' id='word_1_87' title='bbox 1284 1316 1476 1371; x_wconf 84' lang='lat' dir='ltr'><strong>scribit</strong></span> <span class='ocrx_word' id='word_1_88' title='bbox 1514 1315 1588 1382; x_wconf 91' lang='lat' dir='ltr'><strong>ei,</strong></span> <span class='ocrx_word' id='word_1_89' title='bbox 1632 1323 1692 1370; x_wconf 92' lang='lat' dir='ltr'><strong>ut</strong></span> <span class='ocrx_word' id='word_1_90' title='bbox 1745 1332 1868 1371; x_wconf 92' lang='lat' dir='ltr'><strong>cum</strong></span> <span class='ocrx_word' id='word_1_91' title='bbox 1912 1316 2072 1370; x_wconf 84' lang='lat' dir='ltr'><strong>Arte-</strong></span> 
     </span>
    </p>
   </div>
   <div class='ocr_carea' id='block_1_13' title="bbox 473 1406 2073 1479">
    <p class='ocr_par' dir='ltr' id='par_1_13' title="bbox 473 1406 2073 1479">
     <span class='ocr_line' id='line_1_13' title="bbox 473 1406 2073 1479; baseline 0 -17"><span class='ocrx_word' id='word_1_92' title='bbox 473 1423 620 1462; x_wconf 89' lang='lat' dir='ltr'><strong>mam</strong></span> <span class='ocrx_word' id='word_1_93' title='bbox 655 1406 739 1461; x_wconf 84' lang='lat' dir='ltr'><strong>vel</strong></span> <span class='ocrx_word' id='word_1_94' title='bbox 763 1407 1080 1479; x_wconf 83' lang='lat' dir='ltr'><strong>Tychicum,</strong></span> <span class='ocrx_word' id='word_1_95' title='bbox 1106 1423 1273 1463; x_wconf 92' lang='lat' dir='ltr'><strong>unum</strong></span> <span class='ocrx_word' id='word_1_96' title='bbox 1301 1407 1508 1463; x_wconf 88' lang='lat' dir='ltr'><strong>scilicet</strong></span> <span class='ocrx_word' id='word_1_97' title='bbox 1546 1421 1577 1462; x_wconf 91' lang='lat' dir='ltr'><strong>e</strong></span> <span class='ocrx_word' id='word_1_98' title='bbox 1618 1406 1825 1463; x_wconf 91' lang='lat' dir='ltr'><strong>duobus</strong></span> <span class='ocrx_word' id='word_1_99' title='bbox 1862 1408 1953 1478; x_wconf 87' lang='lat' dir='ltr'><strong>qui</strong></span> <span class='ocrx_word' id='word_1_100' title='bbox 1988 1421 2073 1462; x_wconf 87' lang='lat' dir='ltr'><strong>se-</strong></span> 
     </span>
    </p>
   </div>
   <div class='ocr_carea' id='block_1_14' title="bbox 475 1486 2071 1569">
    <p class='ocr_par' dir='ltr' id='par_1_14' title="bbox 475 1486 2071 1569">
     <span class='ocr_line' id='line_1_14' title="bbox 475 1486 2071 1569; baseline 0 -14"><span class='ocrx_word' id='word_1_101' title='bbox 475 1516 600 1557; x_wconf 79' lang='lat' dir='ltr'><strong>cum</strong></span> <span class='ocrx_word' id='word_1_102' title='bbox 647 1499 885 1565; x_wconf 79' lang='lat' dir='ltr'><strong>fuerant,</strong></span> <span class='ocrx_word' id='word_1_103' title='bbox 915 1498 1133 1555; x_wconf 88' lang='lat' dir='ltr'><strong>Cretam</strong></span> <span class='ocrx_word' id='word_1_104' title='bbox 1176 1500 1436 1565; x_wconf 85' lang='lat' dir='ltr'><strong>misisset,</strong></span> <span class='ocrx_word' id='word_1_105' title='bbox 1495 1486 1841 1569; x_wconf 78' lang='lat' dir='ltr'><strong>impleturum</strong></span> <span class='ocrx_word' id='word_1_106' title='bbox 1894 1499 2071 1555; x_wconf 90' lang='lat' dir='ltr'><strong>locum</strong></span> 
     </span>
    </p>
   </div>
   <div class='ocr_carea' id='block_1_15' title="bbox 472 1590 2072 1664">
    <p class='ocr_par' dir='ltr' id='par_1_15' title="bbox 472 1590 2072 1664">
     <span class='ocr_line' id='line_1_15' title="bbox 472 1590 2072 1664; baseline 0.001 -17"><span class='ocrx_word' id='word_1_107' title='bbox 472 1590 611 1661; x_wconf 74' lang='lat' dir='ltr'><strong>ejus,</strong></span> <span class='ocrx_word' id='word_1_108' title='bbox 634 1592 750 1664; x_wconf 87' lang='lat' dir='ltr'><strong>ipse</strong></span> <span class='ocrx_word' id='word_1_109' title='bbox 775 1590 1074 1663; x_wconf 86' lang='lat' dir='ltr'><strong>Nicopolim</strong></span> <span class='ocrx_word' id='word_1_110' title='bbox 1094 1593 1327 1659; x_wconf 81' lang='lat' dir='ltr'><strong>veniret,</strong></span> <span class='ocrx_word' id='word_1_111' title='bbox 1349 1592 1447 1664; x_wconf 87' lang='lat' dir='ltr'><strong>ipsi</strong></span> <span class='ocrx_word' id='word_1_112' title='bbox 1472 1607 1532 1649; x_wconf 91' lang='lat' dir='ltr'><strong>se</strong></span> <span class='ocrx_word' id='word_1_113' title='bbox 1560 1594 1924 1648; x_wconf 88' lang='lat' dir='ltr'><strong>hiematurum</strong></span> <span class='ocrx_word' id='word_1_114' title='bbox 1950 1606 2072 1649; x_wconf 84' lang='lat' dir='ltr'><strong>esse</strong></span> 
     </span>
    </p>
   </div>
   <div class='ocr_carea' id='block_1_16' title="bbox 473 1685 2073 1757">
    <p class='ocr_par' dir='ltr' id='par_1_16' title="bbox 473 1685 2073 1757">
     <span class='ocr_line' id='line_1_16' title="bbox 473 1685 2073 1757; baseline 0.001 -17"><span class='ocrx_word' id='word_1_115' title='bbox 473 1693 805 1740; x_wconf 84' lang='lat' dir='ltr'><strong>contestans.</strong></span> <span class='ocrx_word' id='word_1_116' title='bbox 836 1685 918 1739; x_wconf 78' lang='lat' dir='ltr'><strong>Ex</strong></span> <span class='ocrx_word' id='word_1_117' title='bbox 938 1701 1047 1755; x_wconf 86' lang='lat' dir='ltr'><strong>quo</strong></span> <span class='ocrx_word' id='word_1_118' title='bbox 1074 1695 1357 1757; x_wconf 71' lang='lat' dir='ltr'><strong>paternum</strong></span> <span class='ocrx_word' id='word_1_119' title='bbox 1386 1686 1538 1742; x_wconf 84' lang='lat' dir='ltr'><strong>Pauli</strong></span> <span class='ocrx_word' id='word_1_120' title='bbox 1561 1688 1613 1742; x_wconf 89' lang='lat' dir='ltr'><strong>in</strong></span> <span class='ocrx_word' id='word_1_121' title='bbox 1637 1686 1924 1742; x_wconf 86' lang='lat' dir='ltr'><strong>Cretenses</strong></span> <span class='ocrx_word' id='word_1_122' title='bbox 1946 1702 2073 1757; x_wconf 85' lang='lat' dir='ltr'><strong>pro-</strong></span> 
     </span>
    </p>
   </div>
   <div class='ocr_carea' id='block_1_17' title="bbox 468 1770 2072 1843">
    <p class='ocr_par' dir='ltr' id='par_1_17' title="bbox 468 1770 2072 1843">
     <span class='ocr_line' id='line_1_17' title="bbox 468 1770 2072 1843; baseline 0.002 -12"><span class='ocrx_word' id='word_1_123' title='bbox 468 1774 665 1831; x_wconf 90' lang='lat' dir='ltr'><strong>bamus</strong></span> <span class='ocrx_word' id='word_1_124' title='bbox 690 1775 979 1843; x_wconf 74' lang='lat' dir='ltr'><strong>allectum;</strong></span> <span class='ocrx_word' id='word_1_125' title='bbox 1009 1778 1375 1833; x_wconf 88' lang='lat' dir='ltr'><strong>necessarium</strong></span> <span class='ocrx_word' id='word_1_126' title='bbox 1407 1770 1570 1833; x_wconf 83' lang='lat' dir='ltr'><strong>habet</strong></span> <span class='ocrx_word' id='word_1_127' title='bbox 1600 1778 1779 1834; x_wconf 90' lang='lat' dir='ltr'><strong>Titum</strong></span> <span class='ocrx_word' id='word_1_128' title='bbox 1810 1779 1863 1833; x_wconf 88' lang='lat' dir='ltr'><strong>in</strong></span> <span class='ocrx_word' id='word_1_129' title='bbox 1895 1778 2072 1834; x_wconf 84' lang='lat' dir='ltr'><strong>Evan-</strong></span> 
     </span>
    </p>
   </div>
   <div class='ocr_carea' id='block_1_18' title="bbox 469 1866 2071 1937">
    <p class='ocr_par' dir='ltr' id='par_1_18' title="bbox 469 1866 2071 1937">
     <span class='ocr_line' id='line_1_18' title="bbox 469 1866 2071 1937; baseline 0.002 -15"><span class='ocrx_word' id='word_1_130' title='bbox 469 1866 595 1937; x_wconf 86' lang='lat' dir='ltr'><strong>gelii</strong></span> <span class='ocrx_word' id='word_1_131' title='bbox 618 1867 1001 1935; x_wconf 77' lang='lat' dir='ltr'><strong>ministerium,</strong></span> <span class='ocrx_word' id='word_1_132' title='bbox 1041 1877 1223 1924; x_wconf 89' lang='lat' dir='ltr'><strong>tamen</strong></span> <span class='ocrx_word' id='word_1_133' title='bbox 1250 1885 1357 1925; x_wconf 89' lang='lat' dir='ltr'><strong>non</strong></span> <span class='ocrx_word' id='word_1_134' title='bbox 1375 1886 1501 1925; x_wconf 89' lang='lat' dir='ltr'><strong>eum</strong></span> <span class='ocrx_word' id='word_1_135' title='bbox 1523 1880 1649 1926; x_wconf 88' lang='lat' dir='ltr'><strong>ante</strong></span> <span class='ocrx_word' id='word_1_136' title='bbox 1672 1871 1741 1926; x_wconf 89' lang='lat' dir='ltr'><strong>ad</strong></span> <span class='ocrx_word' id='word_1_137' title='bbox 1766 1887 1824 1926; x_wconf 90' lang='lat' dir='ltr'><strong>se</strong></span> <span class='ocrx_word' id='word_1_138' title='bbox 1846 1870 1959 1925; x_wconf 91' lang='lat' dir='ltr'><strong>vult</strong></span> <span class='ocrx_word' id='word_1_139' title='bbox 1986 1886 2071 1926; x_wconf 87' lang='lat' dir='ltr'><strong>ve-</strong></span> 
     </span>
    </p>
   </div>
   <div class='ocr_carea' id='block_1_19' title="bbox 2171 665 3777 740">
    <p class='ocr_par' dir='ltr' id='par_1_19' title="bbox 2171 665 3777 740">
     <span class='ocr_line' id='line_1_19' title="bbox 2171 665 3777 740; baseline -0.003 -14"><span class='ocrx_word' id='word_1_140' title='bbox 2171 671 2253 726; x_wconf 91' lang='lat' dir='ltr'><strong>rio</strong></span> <span class='ocrx_word' id='word_1_141' title='bbox 2279 671 2519 726; x_wconf 84' lang='lat' dir='ltr'><strong>serviunt</strong></span> <span class='ocrx_word' id='word_1_142' title='bbox 2554 668 2621 723; x_wconf 90' lang='lat' dir='ltr'><strong>de</strong></span> <span class='ocrx_word' id='word_1_143' title='bbox 2666 666 2859 722; x_wconf 89' lang='lat' dir='ltr'><strong>altario</strong></span> <span class='ocrx_word' id='word_1_144' title='bbox 2892 665 3100 731; x_wconf 89' lang='lat' dir='ltr'><strong>vivant,</strong></span> <span class='ocrx_word' id='word_1_145' title='bbox 3129 673 3186 721; x_wconf 90' lang='lat' dir='ltr'><strong>et</strong></span> <span class='ocrx_word' id='word_1_146' title='bbox 3216 665 3308 736; x_wconf 87' lang='lat' dir='ltr'><strong>qui</strong></span> <span class='ocrx_word' id='word_1_147' title='bbox 3336 666 3638 737; x_wconf 83' lang='lat' dir='ltr'><strong>participes</strong></span> <span class='ocrx_word' id='word_1_148' title='bbox 3665 668 3777 740; x_wconf 84' lang='lat' dir='ltr'><strong>spi-</strong></span> 
     </span>
    </p>
   </div>
   <div class='ocr_carea' id='block_1_20' title="bbox 2172 742 3779 821">
    <p class='ocr_par' dir='ltr' id='par_1_20' title="bbox 2172 742 3779 821">
     <span class='ocr_line' id='line_1_20' title="bbox 2172 742 3779 821; baseline -0.002 -4"><span class='ocrx_word' id='word_1_149' title='bbox 2172 762 2451 817; x_wconf 89' lang='lat' dir='ltr'><strong>ritualium</strong></span> <span class='ocrx_word' id='word_1_150' title='bbox 2506 767 2816 814; x_wconf 89' lang='lat' dir='ltr'><strong>nostrorum</strong></span> <span class='ocrx_word' id='word_1_151' title='bbox 2860 742 2991 813; x_wconf 77' lang='lat' dir='ltr'><strong>facti</strong></span> <span class='ocrx_word' id='word_1_152' title='bbox 3032 765 3181 821; x_wconf 92' lang='lat' dir='ltr'><strong>sunt,</strong></span> <span class='ocrx_word' id='word_1_153' title='bbox 3228 754 3431 811; x_wconf 87' lang='lat' dir='ltr'><strong>debent</strong></span> <span class='ocrx_word' id='word_1_154' title='bbox 3472 742 3638 812; x_wconf 80' lang='lat' dir='ltr'><strong>nobis</strong></span> <span class='ocrx_word' id='word_1_155' title='bbox 3677 772 3779 813; x_wconf 80' lang='lat' dir='ltr'><strong>sua</strong></span> 
     </span>
    </p>
   </div>
   <div class='ocr_carea' id='block_1_21' title="bbox 2169 828 3779 925">
    <p class='ocr_par' dir='ltr' id='par_1_21' title="bbox 2169 828 3779 925">
     <span class='ocr_line' id='line_1_21' title="bbox 2169 828 3779 925; baseline -0.002 -18"><span class='ocrx_word' id='word_1_156' title='bbox 2169 853 2494 925; x_wconf 82' lang='lat' dir='ltr'><strong>participare</strong></span> <span class='ocrx_word' id='word_1_157' title='bbox 2532 848 2792 906; x_wconf 88' lang='lat' dir='ltr'><strong>carnalia.</strong></span> <span class='ocrx_word' id='word_1_158' title='bbox 2845 836 2913 903; x_wconf 78' lang='lat' dir='ltr'><strong>Et</strong></span> <span class='ocrx_word' id='word_1_159' title='bbox 2956 863 3024 901; x_wconf 91' lang='lat' dir='ltr'><strong>ue</strong></span> <span class='ocrx_word' id='word_1_160' title='bbox 3061 840 3289 903; x_wconf 82' lang='lat' dir='ltr'><strong>forsitan</strong></span> <span class='ocrx_word' id='word_1_161' title='bbox 3338 842 3423 900; x_wconf 84' lang='lat' dir='ltr'><strong>vel</strong></span> <span class='ocrx_word' id='word_1_162' title='bbox 3473 828 3779 917; x_wconf 65' lang='lat' dir='ltr'><strong>EpistoLam</strong></span> 
     </span>
    </p>
   </div>
   <div class='ocr_carea' id='block_1_22' title="bbox 2171 938 3780 1014">
    <p class='ocr_par' dir='ltr' id='par_1_22' title="bbox 2171 938 3780 1014">
     <span class='ocr_line' id='line_1_22' title="bbox 2171 938 3780 1014; baseline -0.003 -14"><span class='ocrx_word' id='word_1_163' title='bbox 2171 942 2347 1011; x_wconf 90' lang='lat' dir='ltr'><strong>Pauli,</strong></span> <span class='ocrx_word' id='word_1_164' title='bbox 2378 943 2462 999; x_wconf 84' lang='lat' dir='ltr'><strong>vel</strong></span> <span class='ocrx_word' id='word_1_165' title='bbox 2498 951 2830 1014; x_wconf 71' lang='lat' dir='ltr'><strong>praeceptum</strong></span> <span class='ocrx_word' id='word_1_166' title='bbox 2873 938 2979 995; x_wconf 89' lang='lat' dir='ltr'><strong>Titi</strong></span> <span class='ocrx_word' id='word_1_167' title='bbox 3023 938 3181 995; x_wconf 87' lang='lat' dir='ltr'><strong>facile</strong></span> <span class='ocrx_word' id='word_1_168' title='bbox 3223 947 3663 1003; x_wconf 83' lang='lat' dir='ltr'><strong>contemnerent,</strong></span> <span class='ocrx_word' id='word_1_169' title='bbox 3696 940 3780 996; x_wconf 83' lang='lat' dir='ltr'><strong>in-</strong></span> 
     </span>
    </p>
   </div>
   <div class='ocr_carea' id='block_1_23' title="bbox 2172 1020 3782 1105">
    <p class='ocr_par' dir='ltr' id='par_1_23' title="bbox 2172 1020 3782 1105">
     <span class='ocr_line' id='line_1_23' title="bbox 2172 1020 3782 1105; baseline -0.003 -11"><span class='ocrx_word' id='word_1_170' title='bbox 2172 1039 2483 1094; x_wconf 85' lang='lat' dir='ltr'><strong>fructuosos</strong></span> <span class='ocrx_word' id='word_1_171' title='bbox 2510 1046 2687 1101; x_wconf 76' lang='lat' dir='ltr'><strong>vocat,</strong></span> <span class='ocrx_word' id='word_1_172' title='bbox 2720 1033 3034 1105; x_wconf 86' lang='lat' dir='ltr'><strong>quicunque</strong></span> <span class='ocrx_word' id='word_1_173' title='bbox 3075 1020 3436 1103; x_wconf 79' lang='lat' dir='ltr'><strong>Evangelistis</strong></span> <span class='ocrx_word' id='word_1_174' title='bbox 3476 1048 3591 1088; x_wconf 90' lang='lat' dir='ltr'><strong>non</strong></span> <span class='ocrx_word' id='word_1_175' title='bbox 3618 1034 3782 1089; x_wconf 85' lang='lat' dir='ltr'><strong>mini-</strong></span> 
     </span>
    </p>
   </div>
   <div class='ocr_carea' id='block_1_24' title="bbox 2173 1108 3781 1189">
    <p class='ocr_par' dir='ltr' id='par_1_24' title="bbox 2173 1108 3781 1189">
     <span class='ocr_line' id='line_1_24' title="bbox 2173 1108 3781 1189; baseline -0.004 -3"><span class='ocrx_word' id='word_1_176' title='bbox 2173 1129 2482 1186; x_wconf 88' lang='lat' dir='ltr'><strong>straverint.</strong></span> <span class='ocrx_word' id='word_1_177' title='bbox 2522 1127 2663 1184; x_wconf 90' lang='lat' dir='ltr'><strong>Dicit</strong></span> <span class='ocrx_word' id='word_1_178' title='bbox 2701 1133 2757 1181; x_wconf 90' lang='lat' dir='ltr'><strong>et</strong></span> <span class='ocrx_word' id='word_1_179' title='bbox 2791 1124 3047 1180; x_wconf 84' lang='lat' dir='ltr'><strong>Salomon</strong></span> <span class='ocrx_word' id='word_1_180' title='bbox 3070 1124 3124 1180; x_wconf 92' lang='lat' dir='ltr'><strong>in</strong></span> <span class='ocrx_word' id='word_1_181' title='bbox 3151 1108 3487 1189; x_wconf 73' lang='lat' dir='ltr'><strong>Proverbiis,</strong></span> <span class='ocrx_word' id='word_1_182' title='bbox 3522 1122 3781 1181; x_wconf 71' lang='lat' dir='ltr'><strong>«fructus</strong></span> 
     </span>
    </p>
   </div>
   <div class='ocr_carea' id='block_1_25' title="bbox 2172 1202 3785 1292">
    <p class='ocr_par' dir='ltr' id='par_1_25' title="bbox 2172 1202 3785 1292">
     <span class='ocr_line' id='line_1_25' title="bbox 2172 1202 3785 1292; baseline -0.002 -16"><span class='ocrx_word' id='word_1_183' title='bbox 2172 1237 2302 1278; x_wconf 88' lang='lat' dir='ltr'><strong>vero</strong></span> <span class='ocrx_word' id='word_1_184' title='bbox 2321 1216 2659 1292; x_wconf 82' lang='lat' dir='ltr'><strong>eleemosyna</strong></span> <span class='ocrx_word' id='word_1_185' title='bbox 2671 1260 2686 1284; x_wconf 91' lang='lat'><strong>,</strong></span> <span class='ocrx_word' id='word_1_186' title='bbox 2699 1240 2717 1271; x_wconf 85' lang='grc'><strong>›</strong></span> <span class='ocrx_word' id='word_1_187' title='bbox 2736 1227 2791 1273; x_wconf 91' lang='lat' dir='ltr'><strong>et</strong></span> <span class='ocrx_word' id='word_1_188' title='bbox 2806 1219 2918 1289; x_wconf 85' lang='lat' dir='ltr'><strong>ipse</strong></span> <span class='ocrx_word' id='word_1_189' title='bbox 2930 1202 3128 1272; x_wconf 82' lang='lat' dir='ltr'><strong>Paulus</strong></span> <span class='ocrx_word' id='word_1_190' title='bbox 3144 1216 3383 1288; x_wconf 89' lang='lat' dir='ltr'><strong>primum</strong></span> <span class='ocrx_word' id='word_1_191' title='bbox 3399 1216 3634 1287; x_wconf 85' lang='lat' dir='ltr'><strong>spiritus</strong></span> <span class='ocrx_word' id='word_1_192' title='bbox 3660 1213 3785 1272; x_wconf 84' lang='lat' dir='ltr'><strong>fru-</strong></span> 
     </span>
    </p>
   </div>
   <div class='ocr_carea' id='block_1_26' title="bbox 2173 1307 3784 1378">
    <p class='ocr_par' dir='ltr' id='par_1_26' title="bbox 2173 1307 3784 1378">
     <span class='ocr_line' id='line_1_26' title="bbox 2173 1307 3784 1378; baseline -0.002 -11"><span class='ocrx_word' id='word_1_193' title='bbox 2173 1321 2319 1368; x_wconf 91' lang='lat' dir='ltr'><strong>ctum</strong></span> <span class='ocrx_word' id='word_1_194' title='bbox 2342 1313 2443 1367; x_wconf 90' lang='lat' dir='ltr'><strong>cha</strong></span> <span class='ocrx_word' id='word_1_195' title='bbox 2453 1311 2549 1365; x_wconf 84' lang='lat' dir='ltr'><strong>rita</strong></span> <span class='ocrx_word' id='word_1_196' title='bbox 2559 1318 2665 1365; x_wconf 88' lang='lat' dir='ltr'><strong>tem</strong></span> <span class='ocrx_word' id='word_1_197' title='bbox 2680 1308 3115 1378; x_wconf 71' lang='lat' dir='ltr'><strong>vocat,,charitas</strong></span> <span class='ocrx_word' id='word_1_198' title='bbox 3135 1316 3314 1363; x_wconf 90' lang='lat' dir='ltr'><strong>autem</strong></span> <span class='ocrx_word' id='word_1_199' title='bbox 3336 1307 3389 1362; x_wconf 92' lang='lat' dir='ltr'><strong>in</strong></span> <span class='ocrx_word' id='word_1_200' title='bbox 3404 1308 3784 1364; x_wconf 82' lang='lat' dir='ltr'><strong>communica-</strong></span> 
     </span>
    </p>
   </div>
   <div class='ocr_carea' id='block_1_27' title="bbox 2177 1398 3791 1471">
    <p class='ocr_par' dir='ltr' id='par_1_27' title="bbox 2177 1398 3791 1471">
     <span class='ocr_line' id='line_1_27' title="bbox 2177 1398 3791 1471; baseline -0.001 -12"><span class='ocrx_word' id='word_1_201' title='bbox 2177 1405 2322 1460; x_wconf 89' lang='lat' dir='ltr'><strong>tione</strong></span> <span class='ocrx_word' id='word_1_202' title='bbox 2344 1413 2397 1458; x_wconf 92' lang='lat' dir='ltr'><strong>ct</strong></span> <span class='ocrx_word' id='word_1_203' title='bbox 2420 1404 2473 1458; x_wconf 92' lang='lat' dir='ltr'><strong>in</strong></span> <span class='ocrx_word' id='word_1_204' title='bbox 2500 1401 2803 1457; x_wconf 88' lang='lat' dir='ltr'><strong>ministerio</strong></span> <span class='ocrx_word' id='word_1_205' title='bbox 2825 1400 2907 1456; x_wconf 88' lang='lat' dir='ltr'><strong>vel</strong></span> <span class='ocrx_word' id='word_1_206' title='bbox 2946 1400 3179 1455; x_wconf 86' lang='lat' dir='ltr'><strong>maxime</strong></span> <span class='ocrx_word' id='word_1_207' title='bbox 3202 1398 3618 1471; x_wconf 86' lang='lat' dir='ltr'><strong>comprobatur.</strong></span> <span class='ocrx_word' id='word_1_208' title='bbox 3667 1420 3685 1450; x_wconf 75' lang='grc' dir='ltr'><strong>ι</strong></span> <span class='ocrx_word' id='word_1_209' title='bbox 3719 1401 3791 1457; x_wconf 69' lang='grc' dir='ltr'>[ι</span> 
     </span>
    </p>
   </div>
   <div class='ocr_carea' id='block_1_28' title="bbox 2173 1480 3787 1567">
    <p class='ocr_par' dir='ltr' id='par_1_28' title="bbox 2173 1480 3787 1567">
     <span class='ocr_line' id='line_1_28' title="bbox 2173 1480 3787 1567; baseline -0.002 -14"><span class='ocrx_word' id='word_1_210' title='bbox 2173 1513 2303 1561; x_wconf 83' lang='grc' dir='ltr'>ιιοιι,</span> <span class='ocrx_word' id='word_1_211' title='bbox 2322 1496 2518 1567; x_wconf 89' lang='lat' dir='ltr'><strong>inquit,</strong></span> <span class='ocrx_word' id='word_1_212' title='bbox 2542 1494 2861 1550; x_wconf 83' lang='lat' dir='ltr'><strong>infructuosi</strong></span> <span class='ocrx_word' id='word_1_213' title='bbox 2877 1493 2986 1548; x_wconf 89' lang='lat' dir='ltr'><strong>sint</strong></span> <span class='ocrx_word' id='word_1_214' title='bbox 3005 1512 3017 1547; x_wconf 87' lang='lat'>:</span> <span class='ocrx_word' id='word_1_215' title='bbox 3044 1512 3060 1544; x_wconf 79' lang='grc' dir='ltr'><strong>ι</strong></span> <span class='ocrx_word' id='word_1_216' title='bbox 3088 1491 3305 1547; x_wconf 74' lang='lat' dir='ltr'><strong>«Omnis</strong></span> <span class='ocrx_word' id='word_1_217' title='bbox 3317 1492 3465 1548; x_wconf 90' lang='lat' dir='ltr'><strong>enim</strong></span> <span class='ocrx_word' id='word_1_218' title='bbox 3479 1480 3655 1549; x_wconf 79' lang='lat' dir='ltr'><strong>arbor</strong></span> <span class='ocrx_word' id='word_1_219' title='bbox 3667 1509 3787 1564; x_wconf 77' lang='lat' dir='ltr'><strong>qua:</strong></span> 
     </span>
    </p>
   </div>
   <div class='ocr_carea' id='block_1_29' title="bbox 2174 1586 3789 1661">
    <p class='ocr_par' dir='ltr' id='par_1_29' title="bbox 2174 1586 3789 1661">
     <span class='ocr_line' id='line_1_29' title="bbox 2174 1586 3789 1661; baseline -0.001 -16"><span class='ocrx_word' id='word_1_220' title='bbox 2174 1607 2280 1647; x_wconf 88' lang='lat' dir='ltr'><strong>non</strong></span> <span class='ocrx_word' id='word_1_221' title='bbox 2301 1586 2430 1645; x_wconf 80' lang='lat' dir='ltr'><strong>facit</strong></span> <span class='ocrx_word' id='word_1_222' title='bbox 2451 1590 2687 1645; x_wconf 88' lang='lat' dir='ltr'><strong>fructum</strong></span> <span class='ocrx_word' id='word_1_223' title='bbox 2712 1589 2931 1650; x_wconf 91' lang='lat' dir='ltr'><strong>bonum,</strong></span> <span class='ocrx_word' id='word_1_224' title='bbox 2949 1587 3230 1643; x_wconf 86' lang='lat' dir='ltr'><strong>excidetur</strong></span> <span class='ocrx_word' id='word_1_225' title='bbox 3252 1596 3309 1642; x_wconf 90' lang='lat' dir='ltr'><strong>et</strong></span> <span class='ocrx_word' id='word_1_226' title='bbox 3324 1588 3380 1643; x_wconf 89' lang='lat' dir='ltr'><strong>in</strong></span> <span class='ocrx_word' id='word_1_227' title='bbox 3398 1588 3582 1661; x_wconf 80' lang='lat' dir='ltr'><strong>ignem</strong></span> <span class='ocrx_word' id='word_1_228' title='bbox 3602 1589 3789 1644; x_wconf 79' lang='lat' dir='ltr'><strong>mitte-</strong></span> 
     </span>
    </p>
   </div>
   <div class='ocr_carea' id='block_1_30' title="bbox 2175 1677 3788 1752">
    <p class='ocr_par' dir='ltr' id='par_1_30' title="bbox 2175 1677 3788 1752">
     <span class='ocr_line' id='line_1_30' title="bbox 2175 1677 3788 1752; baseline 0 -16"><span class='ocrx_word' id='word_1_229' title='bbox 2175 1691 2264 1736; x_wconf 89' lang='lat' dir='ltr'><strong>tur</strong></span> <span class='ocrx_word' id='word_1_230' title='bbox 2286 1679 2503 1752; x_wconf 78' lang='lat' dir='ltr'><strong>(Matlh.</strong></span> <span class='ocrx_word' id='word_1_231' title='bbox 2535 1679 2642 1751; x_wconf 86' lang='grc' dir='ltr'>ιιι).</span> <span class='ocrx_word' id='word_1_232' title='bbox 2677 1700 2695 1732; x_wconf 76' lang='grc' dir='ltr'><strong>ι</strong></span> <span class='ocrx_word' id='word_1_233' title='bbox 2726 1678 2839 1734; x_wconf 89' lang='lat' dir='ltr'><strong>lloc</strong></span> <span class='ocrx_word' id='word_1_234' title='bbox 2855 1687 3036 1734; x_wconf 87' lang='lat' dir='ltr'><strong>autem</strong></span> <span class='ocrx_word' id='word_1_235' title='bbox 3073 1678 3192 1735; x_wconf 86' lang='lat' dir='ltr'><strong>dico</strong></span> <span class='ocrx_word' id='word_1_236' title='bbox 3230 1697 3243 1734; x_wconf 88' lang='lat'><strong>:</strong></span> <span class='ocrx_word' id='word_1_237' title='bbox 3274 1698 3292 1730; x_wconf 76' lang='grc' dir='ltr'><strong>ι</strong></span> <span class='ocrx_word' id='word_1_238' title='bbox 3331 1677 3472 1747; x_wconf 81' lang='lat' dir='ltr'><strong>Quia</strong></span> <span class='ocrx_word' id='word_1_239' title='bbox 3500 1678 3595 1750; x_wconf 86' lang='lat' dir='ltr'><strong>qui</strong></span> <span class='ocrx_word' id='word_1_240' title='bbox 3620 1695 3788 1751; x_wconf 83' lang='lat' dir='ltr'><strong>parce</strong></span> 
     </span>
    </p>
   </div>
   <div class='ocr_carea' id='block_1_31' title="bbox 2174 1768 3789 1845">
    <p class='ocr_par' dir='ltr' id='par_1_31' title="bbox 2174 1768 3789 1845">
     <span class='ocr_line' id='line_1_31' title="bbox 2174 1768 3789 1845; baseline -0.002 -14"><span class='ocrx_word' id='word_1_241' title='bbox 2174 1774 2426 1841; x_wconf 86' lang='lat' dir='ltr'><strong>seminat,</strong></span> <span class='ocrx_word' id='word_1_242' title='bbox 2457 1789 2624 1845; x_wconf 78' lang='lat' dir='ltr'><strong>parce</strong></span> <span class='ocrx_word' id='word_1_243' title='bbox 2645 1782 2701 1828; x_wconf 90' lang='lat' dir='ltr'><strong>et</strong></span> <span class='ocrx_word' id='word_1_244' title='bbox 2721 1781 2889 1828; x_wconf 87' lang='lat' dir='ltr'><strong>metet</strong></span> <span class='ocrx_word' id='word_1_245' title='bbox 2910 1771 2992 1845; x_wconf 85' lang='lat' dir='ltr'><strong>(Il</strong></span> <span class='ocrx_word' id='word_1_246' title='bbox 3028 1768 3151 1826; x_wconf 84' lang='lat' dir='ltr'><strong>Cor.</strong></span> <span class='ocrx_word' id='word_1_247' title='bbox 3178 1772 3280 1844; x_wconf 77' lang='lat' dir='ltr'><strong>1x);</strong></span> <span class='ocrx_word' id='word_1_248' title='bbox 3303 1791 3322 1824; x_wconf 77' lang='grc' dir='ltr'><strong>ι</strong></span> <span class='ocrx_word' id='word_1_249' title='bbox 3358 1773 3684 1845; x_wconf 85' lang='lat' dir='ltr'><strong>apostolicis</strong></span> <span class='ocrx_word' id='word_1_250' title='bbox 3710 1773 3789 1828; x_wconf 79' lang='lat' dir='ltr'><strong>vi-</strong></span> 
     </span>
    </p>
   </div>
   <div class='ocr_carea' id='block_1_32' title="bbox 2174 1864 3791 1939">
    <p class='ocr_par' dir='ltr' id='par_1_32' title="bbox 2174 1864 3791 1939">
     <span class='ocr_line' id='line_1_32' title="bbox 2174 1864 3791 1939; baseline -0.001 -15"><span class='ocrx_word' id='word_1_251' title='bbox 2174 1868 2252 1924; x_wconf 89' lang='lat' dir='ltr'><strong>ris</strong></span> <span class='ocrx_word' id='word_1_252' title='bbox 2280 1875 2336 1923; x_wconf 89' lang='lat' dir='ltr'><strong>et</strong></span> <span class='ocrx_word' id='word_1_253' title='bbox 2359 1865 2888 1939; x_wconf 78' lang='lat' dir='ltr'><strong>evangelizatoribus</strong></span> <span class='ocrx_word' id='word_1_254' title='bbox 2913 1864 3115 1921; x_wconf 86' lang='lat' dir='ltr'><strong>Christi</strong></span> <span class='ocrx_word' id='word_1_255' title='bbox 3152 1865 3207 1920; x_wconf 90' lang='lat' dir='ltr'><strong>in</strong></span> <span class='ocrx_word' id='word_1_256' title='bbox 3236 1866 3571 1922; x_wconf 84' lang='lat' dir='ltr'><strong>necessariis</strong></span> <span class='ocrx_word' id='word_1_257' title='bbox 3602 1865 3791 1922; x_wconf 84' lang='lat' dir='ltr'><strong>usibus</strong></span> 
     </span>
    </p>
   </div>
   <div class='ocr_carea' id='block_1_33' title="bbox 468 1948 3787 2037">
    <p class='ocr_par' dir='ltr' id='par_1_33' title="bbox 468 1948 3787 2037">
     <span class='ocr_line' id='line_1_33' title="bbox 468 1948 3787 2037; baseline 0.001 -25"><span class='ocrx_word' id='word_1_258' title='bbox 468 1958 612 2025; x_wconf 82' lang='lat' dir='ltr'><strong>nite,</strong></span> <span class='ocrx_word' id='word_1_259' title='bbox 635 1959 739 2015; x_wconf 90' lang='lat' dir='ltr'><strong>nisi</strong></span> <span class='ocrx_word' id='word_1_260' title='bbox 768 1958 824 2013; x_wconf 91' lang='lat' dir='ltr'><strong>in</strong></span> <span class='ocrx_word' id='word_1_261' title='bbox 851 1958 1029 2015; x_wconf 87' lang='lat' dir='ltr'><strong>locum</strong></span> <span class='ocrx_word' id='word_1_262' title='bbox 1072 1961 1189 2032; x_wconf 83' lang='lat' dir='ltr'><strong>ejus</strong></span> <span class='ocrx_word' id='word_1_263' title='bbox 1219 1961 1470 2018; x_wconf 82' lang='lat' dir='ltr'><strong>Artemas</strong></span> <span class='ocrx_word' id='word_1_264' title='bbox 1508 1962 1597 2019; x_wconf 87' lang='lat' dir='ltr'><strong>vel</strong></span> <span class='ocrx_word' id='word_1_265' title='bbox 1645 1963 1916 2035; x_wconf 82' lang='lat' dir='ltr'><strong>Tychicus</strong></span> <span class='ocrx_word' id='word_1_266' title='bbox 1948 1980 2069 2021; x_wconf 88' lang='lat' dir='ltr'><strong>suc—</strong></span> <span class='ocrx_word' id='word_1_267' title='bbox 2094 1948 2146 2010; x_wconf 80' lang='grc' dir='ltr'>Β</span> <span class='ocrx_word' id='word_1_268' title='bbox 2173 1959 2317 2017; x_wconf 90' lang='lat' dir='ltr'><strong>nolle</strong></span> <span class='ocrx_word' id='word_1_269' title='bbox 2351 1961 2613 2025; x_wconf 83' lang='lat' dir='ltr'><strong>tribuere,</strong></span> <span class='ocrx_word' id='word_1_270' title='bbox 2644 1957 2949 2013; x_wconf 82' lang='lat' dir='ltr'><strong>sterilitatis</strong></span> <span class='ocrx_word' id='word_1_271' title='bbox 2992 1958 3230 2028; x_wconf 91' lang='lat' dir='ltr'><strong>seipsum</strong></span> <span class='ocrx_word' id='word_1_272' title='bbox 3259 1967 3345 2013; x_wconf 91' lang='lat' dir='ltr'><strong>est</strong></span> <span class='ocrx_word' id='word_1_273' title='bbox 3387 1958 3787 2037; x_wconf 78' lang='lat' dir='ltr'><strong>condemnare.</strong></span> 
     </span>
    </p>
   </div>
   <div class='ocr_carea' id='block_1_34' title="bbox 470 2050 2070 2125">
    <p class='ocr_par' dir='ltr' id='par_1_34' title="bbox 470 2050 2070 2125">
     <span class='ocr_line' id='line_1_34' title="bbox 470 2050 2070 2125; baseline 0.005 -22"><span class='ocrx_word' id='word_1_274' title='bbox 470 2062 656 2105; x_wconf 84' lang='lat' dir='ltr'><strong>cessor</strong></span> <span class='ocrx_word' id='word_1_275' title='bbox 675 2050 976 2106; x_wconf 87' lang='lat' dir='ltr'><strong>advenerit.</strong></span> <span class='ocrx_word' id='word_1_276' title='bbox 1005 2050 1276 2123; x_wconf 81' lang='lat' dir='ltr'><strong>Nicopolis</strong></span> <span class='ocrx_word' id='word_1_277' title='bbox 1303 2055 1417 2124; x_wconf 85' lang='lat' dir='ltr'><strong>ipsa</strong></span> <span class='ocrx_word' id='word_1_278' title='bbox 1438 2062 1515 2110; x_wconf 85' lang='lat' dir='ltr'><strong>est</strong></span> <span class='ocrx_word' id='word_1_279' title='bbox 1529 2095 1543 2119; x_wconf 88' lang='lat'><strong>,</strong></span> <span class='ocrx_word' id='word_1_280' title='bbox 1557 2071 1678 2125; x_wconf 84' lang='lat' dir='ltr'><strong>quae</strong></span> <span class='ocrx_word' id='word_1_281' title='bbox 1699 2055 1769 2111; x_wconf 91' lang='lat' dir='ltr'><strong>ob</strong></span> <span class='ocrx_word' id='word_1_282' title='bbox 1783 2056 2070 2111; x_wconf 82' lang='lat' dir='ltr'><strong>victoriam</strong></span> 
     </span>
    </p>
   </div>
   <div class='ocr_carea' id='block_1_35' title="bbox 466 2144 2072 2227">
    <p class='ocr_par' dir='ltr' id='par_1_35' title="bbox 466 2144 2072 2227">
     <span class='ocr_line' id='line_1_35' title="bbox 466 2144 2072 2227; baseline 0.007 -27"><span class='ocrx_word' id='word_1_283' title='bbox 466 2144 725 2218; x_wconf 78' lang='lat' dir='ltr'><strong>Augusti,</strong></span> <span class='ocrx_word' id='word_1_284' title='bbox 751 2149 895 2218; x_wconf 83' lang='lat' dir='ltr'><strong>quod</strong></span> <span class='ocrx_word' id='word_1_285' title='bbox 921 2148 995 2205; x_wconf 89' lang='lat' dir='ltr'><strong>ibi</strong></span> <span class='ocrx_word' id='word_1_286' title='bbox 1029 2150 1325 2207; x_wconf 79' lang='lat' dir='ltr'><strong>Antonium</strong></span> <span class='ocrx_word' id='word_1_287' title='bbox 1353 2152 1807 2225; x_wconf 86' lang='lat' dir='ltr'><strong>Cleopatramque</strong></span> <span class='ocrx_word' id='word_1_288' title='bbox 1847 2172 2072 2227; x_wconf 88' lang='lat' dir='ltr'><strong>supera-</strong></span> 
     </span>
    </p>
   </div>
   <div class='ocr_carea' id='block_1_36' title="bbox 466 2245 2079 2318">
    <p class='ocr_par' dir='ltr' id='par_1_36' title="bbox 466 2245 2079 2318">
     <span class='ocr_line' id='line_1_36' title="bbox 466 2245 2079 2318; baseline 0.006 -25"><span class='ocrx_word' id='word_1_289' title='bbox 466 2247 637 2307; x_wconf 82' lang='lat' dir='ltr'><strong>verit,</strong></span> <span class='ocrx_word' id='word_1_290' title='bbox 679 2256 877 2297; x_wconf 88' lang='lat' dir='ltr'><strong>nomen</strong></span> <span class='ocrx_word' id='word_1_291' title='bbox 909 2245 1138 2313; x_wconf 88' lang='lat' dir='ltr'><strong>accepit.</strong></span> <span class='ocrx_word' id='word_1_292' title='bbox 1203 2263 1222 2297; x_wconf 85' lang='grc'>‹</span> <span class='ocrx_word' id='word_1_293' title='bbox 1272 2245 1475 2300; x_wconf 83' lang='lat' dir='ltr'><strong>Zenam</strong></span> <span class='ocrx_word' id='word_1_294' title='bbox 1525 2246 1657 2318; x_wconf 81' lang='lat' dir='ltr'><strong>legis</strong></span> <span class='ocrx_word' id='word_1_295' title='bbox 1696 2247 1976 2303; x_wconf 85' lang='lat' dir='ltr'><strong>doctorem</strong></span> <span class='ocrx_word' id='word_1_296' title='bbox 2016 2257 2079 2303; x_wconf 72' lang='lat' dir='ltr'><strong>et</strong></span> 
     </span>
    </p>
   </div>
   <div class='ocr_carea' id='block_1_37' title="bbox 475 2324 2069 2412">
    <p class='ocr_par' dir='ltr' id='par_1_37' title="bbox 475 2324 2069 2412">
     <span class='ocr_line' id='line_1_37' title="bbox 475 2324 2069 2412; baseline 0.007 -30"><span class='ocrx_word' id='word_1_297' title='bbox 475 2346 496 2380; x_wconf 75' lang='grc' dir='ltr'><strong>ι</strong></span> <span class='ocrx_word' id='word_1_298' title='bbox 531 2328 727 2400; x_wconf 81' lang='lat' dir='ltr'><strong>Apollo</strong></span> <span class='ocrx_word' id='word_1_299' title='bbox 748 2332 979 2389; x_wconf 88' lang='lat' dir='ltr'><strong>sollicite</strong></span> <span class='ocrx_word' id='word_1_300' title='bbox 995 2335 1264 2405; x_wconf 75' lang='lat' dir='ltr'><strong>prtemitte</strong></span> <span class='ocrx_word' id='word_1_301' title='bbox 1284 2344 1345 2391; x_wconf 91' lang='lat' dir='ltr'><strong>ut</strong></span> <span class='ocrx_word' id='word_1_302' title='bbox 1368 2337 1502 2392; x_wconf 89' lang='lat' dir='ltr'><strong>nihil</strong></span> <span class='ocrx_word' id='word_1_303' title='bbox 1526 2337 1630 2394; x_wconf 89' lang='lat' dir='ltr'><strong>illis</strong></span> <span class='ocrx_word' id='word_1_304' title='bbox 1650 2324 1807 2393; x_wconf 84' lang='lat' dir='ltr'><strong>desit.</strong></span> <span class='ocrx_word' id='word_1_305' title='bbox 1821 2359 1840 2391; x_wconf 76' lang='grc' dir='ltr'><strong>ι</strong></span> <span class='ocrx_word' id='word_1_306' title='bbox 1870 2337 2069 2412; x_wconf 75' lang='grc' dir='ltr'><strong>(Ηὶεν.)</strong></span> 
     </span>
    </p>
   </div>
   <div class='ocr_carea' id='block_1_38' title="bbox 468 2416 2066 2496">
    <p class='ocr_par' dir='ltr' id='par_1_38' title="bbox 468 2416 2066 2496">
     <span class='ocr_line' id='line_1_38' title="bbox 468 2416 2066 2496; baseline 0.007 -23"><span class='ocrx_word' id='word_1_307' title='bbox 468 2416 580 2474; x_wconf 86' lang='lat' dir='ltr'><strong>Iste</strong></span> <span class='ocrx_word' id='word_1_308' title='bbox 607 2428 693 2476; x_wconf 88' lang='lat' dir='ltr'><strong>est</strong></span> <span class='ocrx_word' id='word_1_309' title='bbox 735 2419 950 2491; x_wconf 83' lang='lat' dir='ltr'><strong>Apollo,</strong></span> <span class='ocrx_word' id='word_1_310' title='bbox 991 2423 1058 2479; x_wconf 92' lang='lat' dir='ltr'><strong>de</strong></span> <span class='ocrx_word' id='word_1_311' title='bbox 1087 2440 1195 2496; x_wconf 83' lang='lat' dir='ltr'><strong>quo</strong></span> <span class='ocrx_word' id='word_1_312' title='bbox 1235 2434 1292 2481; x_wconf 89' lang='lat' dir='ltr'><strong>et</strong></span> <span class='ocrx_word' id='word_1_313' title='bbox 1321 2429 1388 2481; x_wconf 91' lang='lat' dir='ltr'><strong>ad</strong></span> <span class='ocrx_word' id='word_1_314' title='bbox 1424 2426 1736 2484; x_wconf 87' lang='lat' dir='ltr'><strong>Corinthios</strong></span> <span class='ocrx_word' id='word_1_315' title='bbox 1772 2429 2066 2485; x_wconf 88' lang='lat' dir='ltr'><strong>scribitur:</strong></span> 
     </span>
    </p>
   </div>
   <div class='ocr_carea' id='block_1_39' title="bbox 476 2502 2073 2590">
    <p class='ocr_par' dir='ltr' id='par_1_39' title="bbox 476 2502 2073 2590">
     <span class='ocr_line' id='line_1_39' title="bbox 476 2502 2073 2590; baseline 0.008 -27"><span class='ocrx_word' id='word_1_316' title='bbox 476 2526 498 2561; x_wconf 74' lang='grc' dir='ltr'><strong>ι</strong></span> <span class='ocrx_word' id='word_1_317' title='bbox 536 2502 923 2582; x_wconf 72' lang='lat' dir='ltr'><strong>Unusquisque</strong></span> <span class='ocrx_word' id='word_1_318' title='bbox 957 2524 1203 2571; x_wconf 88' lang='lat' dir='ltr'><strong>vestrum</strong></span> <span class='ocrx_word' id='word_1_319' title='bbox 1255 2516 1565 2590; x_wconf 77' lang='lat' dir='ltr'><strong>dicitzEgo</strong></span> <span class='ocrx_word' id='word_1_320' title='bbox 1623 2534 1742 2575; x_wconf 91' lang='lat' dir='ltr'><strong>sum</strong></span> <span class='ocrx_word' id='word_1_321' title='bbox 1791 2510 1965 2586; x_wconf 84' lang='lat' dir='ltr'><strong>Pauli,</strong></span> <span class='ocrx_word' id='word_1_322' title='bbox 2016 2529 2073 2577; x_wconf 90' lang='lat' dir='ltr'><strong>et</strong></span> 
     </span>
    </p>
   </div>
   <div class='ocr_carea' id='block_1_40' title="bbox 469 2600 2071 2683">
    <p class='ocr_par' dir='ltr' id='par_1_40' title="bbox 469 2600 2071 2683">
     <span class='ocr_line' id='line_1_40' title="bbox 469 2600 2071 2683; baseline 0.006 -24"><span class='ocrx_word' id='word_1_323' title='bbox 469 2617 572 2673; x_wconf 75' lang='lat' dir='ltr'><strong>ego</strong></span> <span class='ocrx_word' id='word_1_324' title='bbox 612 2601 829 2675; x_wconf 85' lang='lat' dir='ltr'><strong>Apollo,</strong></span> <span class='ocrx_word' id='word_1_325' title='bbox 858 2614 915 2660; x_wconf 88' lang='lat' dir='ltr'><strong>et</strong></span> <span class='ocrx_word' id='word_1_326' title='bbox 940 2621 1045 2679; x_wconf 79' lang='lat' dir='ltr'><strong>ego</strong></span> <span class='ocrx_word' id='word_1_327' title='bbox 1066 2606 1262 2680; x_wconf 68' lang='lat' dir='ltr'><strong>Cephte</strong></span> <span class='ocrx_word' id='word_1_328' title='bbox 1293 2606 1350 2681; x_wconf 93' lang='grc' dir='ltr'><strong>(Ι</strong></span> <span class='ocrx_word' id='word_1_329' title='bbox 1374 2607 1497 2664; x_wconf 89' lang='lat' dir='ltr'><strong>Cor.</strong></span> <span class='ocrx_word' id='word_1_330' title='bbox 1542 2610 1647 2683; x_wconf 87' lang='grc' dir='ltr'>ιιι).</span> <span class='ocrx_word' id='word_1_331' title='bbox 1679 2630 1698 2663; x_wconf 86' lang='grc'>›</span> <span class='ocrx_word' id='word_1_332' title='bbox 1730 2600 1857 2666; x_wconf 76' lang='lat' dir='ltr'><strong>Fuit</strong></span> <span class='ocrx_word' id='word_1_333' title='bbox 1888 2621 2071 2668; x_wconf 88' lang='lat' dir='ltr'><strong>autem</strong></span> 
     </span>
    </p>
   </div>
   <div class='ocr_carea' id='block_1_41' title="bbox 468 2696 2073 2774">
    <p class='ocr_par' dir='ltr' id='par_1_41' title="bbox 468 2696 2073 2774">
     <span class='ocr_line' id='line_1_41' title="bbox 468 2696 2073 2774; baseline 0.004 -22"><span class='ocrx_word' id='word_1_334' title='bbox 468 2697 556 2752; x_wconf 88' lang='lat' dir='ltr'><strong>vir</strong></span> <span class='ocrx_word' id='word_1_335' title='bbox 583 2696 981 2755; x_wconf 79' lang='lat' dir='ltr'><strong>Alexandrinus</strong></span> <span class='ocrx_word' id='word_1_336' title='bbox 1016 2714 1084 2754; x_wconf 84' lang='lat' dir='ltr'><strong>ex</strong></span> <span class='ocrx_word' id='word_1_337' title='bbox 1113 2699 1334 2769; x_wconf 69' lang='lat' dir='ltr'><strong>Judaeis,</strong></span> <span class='ocrx_word' id='word_1_338' title='bbox 1356 2701 1513 2758; x_wconf 85' lang='lat' dir='ltr'><strong>valde</strong></span> <span class='ocrx_word' id='word_1_339' title='bbox 1555 2701 1835 2773; x_wconf 89' lang='lat' dir='ltr'><strong>eloquens,</strong></span> <span class='ocrx_word' id='word_1_340' title='bbox 1868 2711 1923 2759; x_wconf 92' lang='lat' dir='ltr'><strong>et</strong></span> <span class='ocrx_word' id='word_1_341' title='bbox 1948 2717 2073 2774; x_wconf 88' lang='lat' dir='ltr'><strong>per-</strong></span> 
     </span>
    </p>
   </div>
   <div class='ocr_carea' id='block_1_42' title="bbox 468 2784 2071 2865">
    <p class='ocr_par' dir='ltr' id='par_1_42' title="bbox 468 2784 2071 2865">
     <span class='ocr_line' id='line_1_42' title="bbox 468 2784 2071 2865; baseline 0.005 -24"><span class='ocrx_word' id='word_1_342' title='bbox 468 2784 648 2844; x_wconf 81' lang='lat' dir='ltr'><strong>fectus</strong></span> <span class='ocrx_word' id='word_1_343' title='bbox 686 2787 744 2845; x_wconf 89' lang='lat' dir='ltr'><strong>in</strong></span> <span class='ocrx_word' id='word_1_344' title='bbox 770 2788 911 2860; x_wconf 82' lang='lat' dir='ltr'><strong>lege,</strong></span> <span class='ocrx_word' id='word_1_345' title='bbox 956 2789 1254 2861; x_wconf 85' lang='lat' dir='ltr'><strong>Episcopus</strong></span> <span class='ocrx_word' id='word_1_346' title='bbox 1296 2791 1726 2861; x_wconf 90' lang='lat' dir='ltr'><strong>Corinthiorum,</strong></span> <span class='ocrx_word' id='word_1_347' title='bbox 1754 2808 1917 2865; x_wconf 90' lang='lat' dir='ltr'><strong>quem</strong></span> <span class='ocrx_word' id='word_1_348' title='bbox 1943 2809 2071 2865; x_wconf 85' lang='lat' dir='ltr'><strong>pro-</strong></span> 
     </span>
    </p>
   </div>
   <div class='ocr_carea' id='block_1_43' title="bbox 467 2874 2073 2954">
    <p class='ocr_par' dir='ltr' id='par_1_43' title="bbox 467 2874 2073 2954">
     <span class='ocr_line' id='line_1_43' title="bbox 467 2874 2073 2954; baseline 0.004 -18"><span class='ocrx_word' id='word_1_349' title='bbox 467 2889 592 2951; x_wconf 86' lang='lat' dir='ltr'><strong>pter</strong></span> <span class='ocrx_word' id='word_1_350' title='bbox 619 2876 1005 2948; x_wconf 84' lang='lat' dir='ltr'><strong>dissensiones,</strong></span> <span class='ocrx_word' id='word_1_351' title='bbox 1054 2899 1177 2954; x_wconf 79' lang='lat' dir='ltr'><strong>quae</strong></span> <span class='ocrx_word' id='word_1_352' title='bbox 1207 2883 1263 2939; x_wconf 91' lang='lat' dir='ltr'><strong>in</strong></span> <span class='ocrx_word' id='word_1_353' title='bbox 1304 2882 1566 2943; x_wconf 88' lang='lat' dir='ltr'><strong>Corintho</strong></span> <span class='ocrx_word' id='word_1_354' title='bbox 1605 2893 1784 2953; x_wconf 88' lang='lat' dir='ltr'><strong>erant,</strong></span> <span class='ocrx_word' id='word_1_355' title='bbox 1832 2874 1907 2941; x_wconf 84' lang='lat' dir='ltr'><strong>ad</strong></span> <span class='ocrx_word' id='word_1_356' title='bbox 1940 2885 2073 2942; x_wconf 90' lang='lat' dir='ltr'><strong>vici-</strong></span> 
     </span>
    </p>
   </div>
   <div class='ocr_carea' id='block_1_44' title="bbox 467 2971 2071 3051">
    <p class='ocr_par' dir='ltr' id='par_1_44' title="bbox 467 2971 2071 3051">
     <span class='ocr_line' id='line_1_44' title="bbox 467 2971 2071 3051; baseline 0.007 -28"><span class='ocrx_word' id='word_1_357' title='bbox 467 2986 597 3026; x_wconf 87' lang='lat' dir='ltr'><strong>nam</strong></span> <span class='ocrx_word' id='word_1_358' title='bbox 642 2971 875 3028; x_wconf 81' lang='lat' dir='ltr'><strong>insulant</strong></span> <span class='ocrx_word' id='word_1_359' title='bbox 918 2971 1158 3041; x_wconf 89' lang='lat' dir='ltr'><strong>Cretam,</strong></span> <span class='ocrx_word' id='word_1_360' title='bbox 1208 2991 1332 3031; x_wconf 89' lang='lat' dir='ltr'><strong>cum</strong></span> <span class='ocrx_word' id='word_1_361' title='bbox 1375 2975 1519 3032; x_wconf 87' lang='lat' dir='ltr'><strong>Zena</strong></span> <span class='ocrx_word' id='word_1_362' title='bbox 1556 2976 1691 3050; x_wconf 82' lang='lat' dir='ltr'><strong>legis</strong></span> <span class='ocrx_word' id='word_1_363' title='bbox 1714 2975 1938 3034; x_wconf 89' lang='lat' dir='ltr'><strong>doctore</strong></span> <span class='ocrx_word' id='word_1_364' title='bbox 1973 2995 2071 3051; x_wconf 90' lang='lat' dir='ltr'><strong>pu-</strong></span> 
     </span>
    </p>
   </div>
   <div class='ocr_carea' id='block_1_45' title="bbox 470 3056 2069 3143">
    <p class='ocr_par' dir='ltr' id='par_1_45' title="bbox 470 3056 2069 3143">
     <span class='ocr_line' id='line_1_45' title="bbox 470 3056 2069 3143; baseline 0.005 -24"><span class='ocrx_word' id='word_1_365' title='bbox 470 3063 698 3120; x_wconf 89' lang='lat' dir='ltr'><strong>tandum</strong></span> <span class='ocrx_word' id='word_1_366' title='bbox 749 3074 835 3121; x_wconf 90' lang='lat' dir='ltr'><strong>est</strong></span> <span class='ocrx_word' id='word_1_367' title='bbox 884 3065 1311 3138; x_wconf 85' lang='lat' dir='ltr'><strong>transfretasse,</strong></span> <span class='ocrx_word' id='word_1_368' title='bbox 1370 3080 1428 3125; x_wconf 92' lang='lat' dir='ltr'><strong>et</strong></span> <span class='ocrx_word' id='word_1_369' title='bbox 1468 3068 1624 3126; x_wconf 88' lang='lat' dir='ltr'><strong>Pauli</strong></span> <span class='ocrx_word' id='word_1_370' title='bbox 1669 3068 1913 3143; x_wconf 89' lang='lat' dir='ltr'><strong>Epistola</strong></span> <span class='ocrx_word' id='word_1_371' title='bbox 1955 3056 2069 3127; x_wconf 87' lang='lat' dir='ltr'><strong>dis-</strong></span> 
     </span>
    </p>
   </div>
   <div class='ocr_carea' id='block_1_46' title="bbox 472 3157 2071 3235">
    <p class='ocr_par' dir='ltr' id='par_1_46' title="bbox 472 3157 2071 3235">
     <span class='ocr_line' id='line_1_46' title="bbox 472 3157 2071 3235; baseline 0.006 -24"><span class='ocrx_word' id='word_1_372' title='bbox 472 3157 816 3215; x_wconf 89' lang='lat' dir='ltr'><strong>sensionibus</strong></span> <span class='ocrx_word' id='word_1_373' title='bbox 861 3175 982 3229; x_wconf 84' lang='lat' dir='ltr'><strong>quae</strong></span> <span class='ocrx_word' id='word_1_374' title='bbox 1008 3159 1259 3217; x_wconf 88' lang='lat' dir='ltr'><strong>Corinthi</strong></span> <span class='ocrx_word' id='word_1_375' title='bbox 1302 3171 1436 3217; x_wconf 82' lang='lat' dir='ltr'><strong>ortae</strong></span> <span class='ocrx_word' id='word_1_376' title='bbox 1474 3162 1694 3220; x_wconf 85' lang='lat' dir='ltr'><strong>fuerant</strong></span> <span class='ocrx_word' id='word_1_377' title='bbox 1730 3164 2071 3235; x_wconf 87' lang='lat' dir='ltr'><strong>temperatis,</strong></span> 
     </span>
    </p>
   </div>
   <div class='ocr_carea' id='block_1_47' title="bbox 473 3250 2072 3327">
    <p class='ocr_par' dir='ltr' id='par_1_47' title="bbox 473 3250 2072 3327">
     <span class='ocr_line' id='line_1_47' title="bbox 473 3250 2072 3327; baseline 0.006 -24"><span class='ocrx_word' id='word_1_378' title='bbox 473 3265 691 3306; x_wconf 87' lang='lat' dir='ltr'><strong>rursum</strong></span> <span class='ocrx_word' id='word_1_379' title='bbox 722 3250 1046 3309; x_wconf 86' lang='lat' dir='ltr'><strong>Corinthum</strong></span> <span class='ocrx_word' id='word_1_380' title='bbox 1072 3254 1386 3309; x_wconf 89' lang='lat' dir='ltr'><strong>revertisse.</strong></span> <span class='ocrx_word' id='word_1_381' title='bbox 1428 3254 1629 3310; x_wconf 86' lang='lat' dir='ltr'><strong>Zenam</strong></span> <span class='ocrx_word' id='word_1_382' title='bbox 1654 3270 1787 3312; x_wconf 91' lang='lat' dir='ltr'><strong>vero</strong></span> <span class='ocrx_word' id='word_1_383' title='bbox 1818 3255 1954 3327; x_wconf 78' lang='lat' dir='ltr'><strong>legis</strong></span> <span class='ocrx_word' id='word_1_384' title='bbox 1979 3256 2072 3312; x_wconf 90' lang='lat' dir='ltr'><strong>do-</strong></span> 
     </span>
    </p>
   </div>
   <div class='ocr_carea' id='block_1_48' title="bbox 2248 2048 3789 2120">
    <p class='ocr_par' dir='ltr' id='par_1_48' title="bbox 2248 2048 3789 2120">
     <span class='ocr_line' id='line_1_48' title="bbox 2248 2048 3789 2120; baseline 0.001 -16"><span class='ocrx_word' id='word_1_385' title='bbox 2248 2070 2268 2104; x_wconf 76' lang='grc'><strong>(</strong></span> <span class='ocrx_word' id='word_1_386' title='bbox 2304 2052 2558 2108; x_wconf 82' lang='lat' dir='ltr'><strong>Salutant</strong></span> <span class='ocrx_word' id='word_1_387' title='bbox 2583 2060 2634 2106; x_wconf 91' lang='lat' dir='ltr'><strong>te</strong></span> <span class='ocrx_word' id='word_1_388' title='bbox 2662 2050 2755 2120; x_wconf 85' lang='lat' dir='ltr'><strong>qui</strong></span> <span class='ocrx_word' id='word_1_389' title='bbox 2793 2064 3007 2105; x_wconf 85' lang='lat' dir='ltr'><strong>mecum</strong></span> <span class='ocrx_word' id='word_1_390' title='bbox 3036 2056 3163 2104; x_wconf 90' lang='lat' dir='ltr'><strong>sunt</strong></span> <span class='ocrx_word' id='word_1_391' title='bbox 3187 2063 3397 2105; x_wconf 88' lang='lat' dir='ltr'><strong>omnes.</strong></span> <span class='ocrx_word' id='word_1_392' title='bbox 3437 2069 3456 2102; x_wconf 74' lang='grc' dir='ltr'><strong>ι</strong></span> <span class='ocrx_word' id='word_1_393' title='bbox 3490 2048 3594 2105; x_wconf 72' lang='lat' dir='ltr'><strong>Vel</strong></span> <span class='ocrx_word' id='word_1_394' title='bbox 3628 2050 3789 2105; x_wconf 81' lang='lat' dir='ltr'><strong>solita</strong></span> 
     </span>
    </p>
   </div>
   <div class='ocr_carea' id='block_1_49' title="bbox 2172 2124 3791 2214">
    <p class='ocr_par' dir='ltr' id='par_1_49' title="bbox 2172 2124 3791 2214">
     <span class='ocr_line' id='line_1_49' title="bbox 2172 2124 3791 2214; baseline -0.001 -13"><span class='ocrx_word' id='word_1_395' title='bbox 2172 2144 2566 2201; x_wconf 87' lang='lat' dir='ltr'><strong>consuetudine</strong></span> <span class='ocrx_word' id='word_1_396' title='bbox 2611 2156 2743 2197; x_wconf 87' lang='lat' dir='ltr'><strong>usus</strong></span> <span class='ocrx_word' id='word_1_397' title='bbox 2786 2150 2889 2205; x_wconf 86' lang='lat' dir='ltr'><strong>est,</strong></span> <span class='ocrx_word' id='word_1_398' title='bbox 2942 2148 3002 2195; x_wconf 89' lang='lat' dir='ltr'><strong>ut</strong></span> <span class='ocrx_word' id='word_1_399' title='bbox 3043 2124 3224 2195; x_wconf 89' lang='lat' dir='ltr'><strong>Titum</strong></span> <span class='ocrx_word' id='word_1_400' title='bbox 3267 2140 3336 2195; x_wconf 84' lang='lat' dir='ltr'><strong>ab</strong></span> <span class='ocrx_word' id='word_1_401' title='bbox 3371 2126 3640 2197; x_wconf 78' lang='lat' dir='ltr'><strong>omnibus</strong></span> <span class='ocrx_word' id='word_1_402' title='bbox 3700 2144 3791 2214; x_wconf 86' lang='lat' dir='ltr'><strong>qui</strong></span> 
     </span>
    </p>
   </div>
   <div class='ocr_carea' id='block_1_50' title="bbox 2171 2234 3790 2306">
    <p class='ocr_par' dir='ltr' id='par_1_50' title="bbox 2171 2234 3790 2306">
     <span class='ocr_line' id='line_1_50' title="bbox 2171 2234 3790 2306; baseline -0.002 -13"><span class='ocrx_word' id='word_1_403' title='bbox 2171 2252 2355 2293; x_wconf 89' lang='lat' dir='ltr'><strong>secum</strong></span> <span class='ocrx_word' id='word_1_404' title='bbox 2383 2245 2543 2291; x_wconf 86' lang='lat' dir='ltr'><strong>erant</strong></span> <span class='ocrx_word' id='word_1_405' title='bbox 2564 2235 2770 2291; x_wconf 89' lang='lat' dir='ltr'><strong>diceret</strong></span> <span class='ocrx_word' id='word_1_406' title='bbox 2795 2234 3053 2300; x_wconf 84' lang='lat' dir='ltr'><strong>salutari;</strong></span> <span class='ocrx_word' id='word_1_407' title='bbox 3075 2234 3160 2289; x_wconf 89' lang='lat' dir='ltr'><strong>vel</strong></span> <span class='ocrx_word' id='word_1_408' title='bbox 3183 2242 3329 2291; x_wconf 87' lang='lat' dir='ltr'><strong>certe</strong></span> <span class='ocrx_word' id='word_1_409' title='bbox 3353 2236 3581 2306; x_wconf 77' lang='lat' dir='ltr'><strong>proprie</strong></span> <span class='ocrx_word' id='word_1_410' title='bbox 3612 2237 3671 2291; x_wconf 91' lang='lat' dir='ltr'><strong>in</strong></span> <span class='ocrx_word' id='word_1_411' title='bbox 3704 2238 3790 2293; x_wconf 78' lang='lat' dir='ltr'><strong>Ti-</strong></span> 
     </span>
    </p>
   </div>
   <div class='ocr_carea' id='block_1_51' title="bbox 2173 2314 3791 2401">
    <p class='ocr_par' dir='ltr' id='par_1_51' title="bbox 2173 2314 3791 2401">
     <span class='ocr_line' id='line_1_51' title="bbox 2173 2314 3791 2401; baseline 0.001 -17"><span class='ocrx_word' id='word_1_412' title='bbox 2173 2337 2287 2384; x_wconf 90' lang='lat' dir='ltr'><strong>tum</strong></span> <span class='ocrx_word' id='word_1_413' title='bbox 2325 2314 2475 2401; x_wconf 83' lang='lat' dir='ltr'><strong>quod</strong></span> <span class='ocrx_word' id='word_1_414' title='bbox 2503 2326 2625 2383; x_wconf 84' lang='lat' dir='ltr'><strong>talis</strong></span> <span class='ocrx_word' id='word_1_415' title='bbox 2674 2335 2841 2396; x_wconf 89' lang='lat' dir='ltr'><strong>esset,</strong></span> <span class='ocrx_word' id='word_1_416' title='bbox 2891 2335 2953 2382; x_wconf 91' lang='lat' dir='ltr'><strong>ut</strong></span> <span class='ocrx_word' id='word_1_417' title='bbox 2980 2341 3220 2383; x_wconf 89' lang='lat' dir='ltr'><strong>amorem</strong></span> <span class='ocrx_word' id='word_1_418' title='bbox 3262 2342 3478 2393; x_wconf 87' lang='lat' dir='ltr'><strong>eorum,</strong></span> <span class='ocrx_word' id='word_1_419' title='bbox 3513 2330 3611 2398; x_wconf 85' lang='lat' dir='ltr'><strong>q‘ui</strong></span> <span class='ocrx_word' id='word_1_420' title='bbox 3668 2346 3791 2387; x_wconf 85' lang='lat' dir='ltr'><strong>cum</strong></span> 
     </span>
    </p>
   </div>
   <div class='ocr_carea' id='block_1_52' title="bbox 2170 2404 3793 2487">
    <p class='ocr_par' dir='ltr' id='par_1_52' title="bbox 2170 2404 3793 2487">
     <span class='ocr_line' id='line_1_52' title="bbox 2170 2404 3793 2487; baseline 0.001 -12"><span class='ocrx_word' id='word_1_421' title='bbox 2170 2419 2340 2475; x_wconf 89' lang='lat' dir='ltr'><strong>Paulo</strong></span> <span class='ocrx_word' id='word_1_422' title='bbox 2378 2428 2553 2483; x_wconf 91' lang='lat' dir='ltr'><strong>erant,</strong></span> <span class='ocrx_word' id='word_1_423' title='bbox 2602 2417 2845 2474; x_wconf 88' lang='lat' dir='ltr'><strong>omnium</strong></span> <span class='ocrx_word' id='word_1_424' title='bbox 2895 2426 3217 2474; x_wconf 87' lang='lat' dir='ltr'><strong>mereretur.</strong></span> <span class='ocrx_word' id='word_1_425' title='bbox 3259 2404 3452 2487; x_wconf 68' lang='lat' dir='ltr'><strong>Magna</strong></span> <span class='ocrx_word' id='word_1_426' title='bbox 3486 2434 3627 2474; x_wconf 82' lang='lat' dir='ltr'><strong>vero</strong></span> <span class='ocrx_word' id='word_1_427' title='bbox 3677 2420 3793 2477; x_wconf 81' lang='lat' dir='ltr'><strong>laus</strong></span> 
     </span>
    </p>
   </div>
   <div class='ocr_carea' id='block_1_53' title="bbox 2172 2494 3793 2584">
    <p class='ocr_par' dir='ltr' id='par_1_53' title="bbox 2172 2494 3793 2584">
     <span class='ocr_line' id='line_1_53' title="bbox 2172 2494 3793 2584; baseline -0.001 -16"><span class='ocrx_word' id='word_1_428' title='bbox 2172 2502 2281 2569; x_wconf 84' lang='lat' dir='ltr'><strong>Titi</strong></span> <span class='ocrx_word' id='word_1_429' title='bbox 2326 2528 2423 2584; x_wconf 91' lang='lat' dir='ltr'><strong>per</strong></span> <span class='ocrx_word' id='word_1_430' title='bbox 2459 2511 2683 2566; x_wconf 87' lang='lat' dir='ltr'><strong>Paulum</strong></span> <span class='ocrx_word' id='word_1_431' title='bbox 2712 2512 2781 2567; x_wconf 90' lang='lat' dir='ltr'><strong>ab</strong></span> <span class='ocrx_word' id='word_1_432' title='bbox 2809 2497 3063 2567; x_wconf 86' lang='lat' dir='ltr'><strong>omnibus</strong></span> <span class='ocrx_word' id='word_1_433' title='bbox 3103 2494 3349 2566; x_wconf 81' lang='lat' dir='ltr'><strong>salutari.</strong></span> <span class='ocrx_word' id='word_1_434' title='bbox 3380 2530 3400 2563; x_wconf 78' lang='grc' dir='ltr'><strong>ι</strong></span> <span class='ocrx_word' id='word_1_435' title='bbox 3428 2510 3630 2566; x_wconf 84' lang='lat' dir='ltr'><strong>Saluta</strong></span> <span class='ocrx_word' id='word_1_436' title='bbox 3675 2528 3793 2581; x_wconf 68' lang='lat' dir='ltr'><strong>eos,</strong></span> 
     </span>
    </p>
   </div>
   <div class='ocr_carea' id='block_1_54' title="bbox 2172 2588 3793 2685">
    <p class='ocr_par' dir='ltr' id='par_1_54' title="bbox 2172 2588 3793 2685">
     <span class='ocr_line' id='line_1_54' title="bbox 2172 2588 3793 2685; baseline 0.001 -24"><span class='ocrx_word' id='word_1_437' title='bbox 2172 2606 2263 2679; x_wconf 86' lang='lat' dir='ltr'><strong>qui</strong></span> <span class='ocrx_word' id='word_1_438' title='bbox 2301 2621 2401 2661; x_wconf 89' lang='lat' dir='ltr'><strong>nos</strong></span> <span class='ocrx_word' id='word_1_439' title='bbox 2438 2614 2624 2660; x_wconf 89' lang='lat' dir='ltr'><strong>amant</strong></span> <span class='ocrx_word' id='word_1_440' title='bbox 2651 2605 2705 2659; x_wconf 93' lang='lat' dir='ltr'><strong>in</strong></span> <span class='ocrx_word' id='word_1_441' title='bbox 2739 2592 2863 2660; x_wconf 74' lang='lat' dir='ltr'><strong>fide.</strong></span> <span class='ocrx_word' id='word_1_442' title='bbox 2899 2625 2917 2656; x_wconf 77' lang='grc' dir='ltr'><strong>ι</strong></span> <span class='ocrx_word' id='word_1_443' title='bbox 2955 2588 3013 2659; x_wconf 89' lang='lat' dir='ltr'><strong>Si</strong></span> <span class='ocrx_word' id='word_1_444' title='bbox 3045 2604 3224 2685; x_wconf 87' lang='lat' dir='ltr'><strong>omnis</strong></span> <span class='ocrx_word' id='word_1_445' title='bbox 3265 2604 3358 2675; x_wconf 84' lang='lat' dir='ltr'><strong>qui</strong></span> <span class='ocrx_word' id='word_1_446' title='bbox 3394 2614 3550 2659; x_wconf 88' lang='lat' dir='ltr'><strong>amat</strong></span> <span class='ocrx_word' id='word_1_447' title='bbox 3575 2614 3793 2662; x_wconf 73' lang='lat' dir='ltr'><strong>amaret</strong></span> 
     </span>
    </p>
   </div>
   <div class='ocr_carea' id='block_1_55' title="bbox 2172 2694 3790 2769">
    <p class='ocr_par' dir='ltr' id='par_1_55' title="bbox 2172 2694 3790 2769">
     <span class='ocr_line' id='line_1_55' title="bbox 2172 2694 3790 2769; baseline -0.001 -14"><span class='ocrx_word' id='word_1_448' title='bbox 2172 2716 2227 2755; x_wconf 85' lang='grc' dir='ltr'><strong>ιιι</strong></span> <span class='ocrx_word' id='word_1_449' title='bbox 2253 2700 2378 2765; x_wconf 81' lang='lat' dir='ltr'><strong>fide,</strong></span> <span class='ocrx_word' id='word_1_450' title='bbox 2419 2707 2476 2753; x_wconf 91' lang='lat' dir='ltr'><strong>et</strong></span> <span class='ocrx_word' id='word_1_451' title='bbox 2504 2713 2611 2753; x_wconf 91' lang='lat' dir='ltr'><strong>non</strong></span> <span class='ocrx_word' id='word_1_452' title='bbox 2638 2702 2821 2752; x_wconf 78' lang='lat' dir='ltr'><strong>essent</strong></span> <span class='ocrx_word' id='word_1_453' title='bbox 2848 2695 2939 2751; x_wconf 89' lang='lat' dir='ltr'><strong>alii</strong></span> <span class='ocrx_word' id='word_1_454' title='bbox 2969 2695 3061 2767; x_wconf 91' lang='lat' dir='ltr'><strong>qui</strong></span> <span class='ocrx_word' id='word_1_455' title='bbox 3088 2694 3294 2766; x_wconf 86' lang='lat' dir='ltr'><strong>absque</strong></span> <span class='ocrx_word' id='word_1_456' title='bbox 3329 2695 3438 2753; x_wconf 79' lang='lat' dir='ltr'><strong>fide</strong></span> <span class='ocrx_word' id='word_1_457' title='bbox 3468 2696 3790 2769; x_wconf 78' lang='lat' dir='ltr'><strong>diligerent,</strong></span> 
     </span>
    </p>
   </div>
   <div class='ocr_carea' id='block_1_56' title="bbox 2171 2789 3786 2863">
    <p class='ocr_par' dir='ltr' id='par_1_56' title="bbox 2171 2789 3786 2863">
     <span class='ocr_line' id='line_1_56' title="bbox 2171 2789 3786 2863; baseline 0 -15"><span class='ocrx_word' id='word_1_458' title='bbox 2171 2806 2451 2863; x_wconf 86' lang='lat' dir='ltr'><strong>nunquam</strong></span> <span class='ocrx_word' id='word_1_459' title='bbox 2488 2791 2692 2848; x_wconf 85' lang='lat' dir='ltr'><strong>Paulus</strong></span> <span class='ocrx_word' id='word_1_460' title='bbox 2728 2792 2797 2847; x_wconf 91' lang='lat' dir='ltr'><strong>ad</strong></span> <span class='ocrx_word' id='word_1_461' title='bbox 2844 2806 3097 2848; x_wconf 86' lang='lat' dir='ltr'><strong>amorem</strong></span> <span class='ocrx_word' id='word_1_462' title='bbox 3121 2789 3283 2849; x_wconf 83' lang='lat' dir='ltr'><strong>ﬁdem</strong></span> <span class='ocrx_word' id='word_1_463' title='bbox 3322 2792 3683 2862; x_wconf 80' lang='lat' dir='ltr'><strong>apposuisset</strong></span> <span class='ocrx_word' id='word_1_464' title='bbox 3706 2792 3786 2848; x_wconf 78' lang='lat' dir='ltr'><strong>di-</strong></span> 
     </span>
    </p>
   </div>
   <div class='ocr_carea' id='block_1_57' title="bbox 2172 2867 3787 2955">
    <p class='ocr_par' dir='ltr' id='par_1_57' title="bbox 2172 2867 3787 2955">
     <span class='ocr_line' id='line_1_57' title="bbox 2172 2867 3787 2955; baseline 0 -15"><span class='ocrx_word' id='word_1_465' title='bbox 2172 2899 2323 2951; x_wconf 84' lang='lat' dir='ltr'><strong>cens,</strong></span> <span class='ocrx_word' id='word_1_466' title='bbox 2354 2904 2372 2936; x_wconf 83' lang='grc' dir='ltr'><strong>ι</strong></span> <span class='ocrx_word' id='word_1_467' title='bbox 2408 2883 2597 2939; x_wconf 89' lang='lat' dir='ltr'><strong>Saluta</strong></span> <span class='ocrx_word' id='word_1_468' title='bbox 2644 2899 2738 2940; x_wconf 90' lang='lat' dir='ltr'><strong>eos</strong></span> <span class='ocrx_word' id='word_1_469' title='bbox 2765 2884 2856 2955; x_wconf 91' lang='lat' dir='ltr'><strong>qui</strong></span> <span class='ocrx_word' id='word_1_470' title='bbox 2902 2898 3002 2940; x_wconf 87' lang='lat' dir='ltr'><strong>nos</strong></span> <span class='ocrx_word' id='word_1_471' title='bbox 3048 2892 3238 2939; x_wconf 88' lang='lat' dir='ltr'><strong>amant</strong></span> <span class='ocrx_word' id='word_1_472' title='bbox 3268 2868 3324 2939; x_wconf 85' lang='lat' dir='ltr'><strong>in</strong></span> <span class='ocrx_word' id='word_1_473' title='bbox 3364 2867 3511 2953; x_wconf 84' lang='lat' dir='ltr'><strong>ﬁde;</strong></span> <span class='ocrx_word' id='word_1_474' title='bbox 3544 2906 3565 2939; x_wconf 73' lang='grc' dir='ltr'><strong>ι</strong></span> <span class='ocrx_word' id='word_1_475' title='bbox 3598 2895 3787 2941; x_wconf 83' lang='lat' dir='ltr'><strong>amant</strong></span> 
     </span>
    </p>
   </div>
   <div class='ocr_carea' id='block_1_58' title="bbox 2174 2960 3786 3051">
    <p class='ocr_par' dir='ltr' id='par_1_58' title="bbox 2174 2960 3786 3051">
     <span class='ocr_line' id='line_1_58' title="bbox 2174 2960 3786 3051; baseline 0.003 -18"><span class='ocrx_word' id='word_1_476' title='bbox 2174 2979 2371 3051; x_wconf 81' lang='lat' dir='ltr'><strong>quippe</strong></span> <span class='ocrx_word' id='word_1_477' title='bbox 2399 2985 2453 3034; x_wconf 90' lang='lat' dir='ltr'><strong>et</strong></span> <span class='ocrx_word' id='word_1_478' title='bbox 2472 2984 2675 3034; x_wconf 86' lang='lat' dir='ltr'><strong>matres</strong></span> <span class='ocrx_word' id='word_1_479' title='bbox 2708 2960 2871 3046; x_wconf 80' lang='lat' dir='ltr'><strong>ﬁlios,</strong></span> <span class='ocrx_word' id='word_1_480' title='bbox 2906 2978 2981 3033; x_wconf 88' lang='lat' dir='ltr'><strong>ita</strong></span> <span class='ocrx_word' id='word_1_481' title='bbox 3020 2986 3082 3034; x_wconf 91' lang='lat' dir='ltr'><strong>ut</strong></span> <span class='ocrx_word' id='word_1_482' title='bbox 3122 2985 3355 3035; x_wconf 82' lang='lat' dir='ltr'><strong>mortem</strong></span> <span class='ocrx_word' id='word_1_483' title='bbox 3402 2995 3507 3051; x_wconf 77' lang='lat' dir='ltr'><strong>pro</strong></span> <span class='ocrx_word' id='word_1_484' title='bbox 3558 2981 3646 3037; x_wconf 81' lang='lat' dir='ltr'><strong>eis</strong></span> <span class='ocrx_word' id='word_1_485' title='bbox 3692 2996 3786 3051; x_wconf 44' lang='lat' dir='ltr'><strong>op.</strong></span> 
     </span>
    </p>
   </div>
   <div class='ocr_carea' id='block_1_59' title="bbox 2173 3056 3789 3143">
    <p class='ocr_par' dir='ltr' id='par_1_59' title="bbox 2173 3056 3789 3143">
     <span class='ocr_line' id='line_1_59' title="bbox 2173 3056 3789 3143; baseline 0.001 -15"><span class='ocrx_word' id='word_1_486' title='bbox 2173 3079 2358 3142; x_wconf 83' lang='lat' dir='ltr'><strong>petere</strong></span> <span class='ocrx_word' id='word_1_487' title='bbox 2389 3071 2499 3127; x_wconf 89' lang='lat' dir='ltr'><strong>sint</strong></span> <span class='ocrx_word' id='word_1_488' title='bbox 2517 3080 2751 3143; x_wconf 68' lang='lat' dir='ltr'><strong>paratae;</strong></span> <span class='ocrx_word' id='word_1_489' title='bbox 2776 3056 2875 3129; x_wconf 82' lang='lat' dir='ltr'><strong>sed</strong></span> <span class='ocrx_word' id='word_1_490' title='bbox 2903 3073 3012 3127; x_wconf 83' lang='lat' dir='ltr'><strong>non</strong></span> <span class='ocrx_word' id='word_1_491' title='bbox 3040 3081 3228 3128; x_wconf 88' lang='lat' dir='ltr'><strong>amant</strong></span> <span class='ocrx_word' id='word_1_492' title='bbox 3257 3056 3311 3128; x_wconf 83' lang='lat' dir='ltr'><strong>in</strong></span> <span class='ocrx_word' id='word_1_493' title='bbox 3342 3072 3561 3129; x_wconf 79' lang='lat' dir='ltr'><strong>fidezet</strong></span> <span class='ocrx_word' id='word_1_494' title='bbox 3590 3089 3789 3130; x_wconf 71' lang='lat' dir='ltr'><strong>uxores</strong></span> 
     </span>
    </p>
   </div>
   <div class='ocr_carea' id='block_1_60' title="bbox 2174 3164 3787 3236">
    <p class='ocr_par' dir='ltr' id='par_1_60' title="bbox 2174 3164 3787 3236">
     <span class='ocr_line' id='line_1_60' title="bbox 2174 3164 3787 3236; baseline 0.002 -16"><span class='ocrx_word' id='word_1_495' title='bbox 2174 3166 2423 3232; x_wconf 90' lang='lat' dir='ltr'><strong>maritos,</strong></span> <span class='ocrx_word' id='word_1_496' title='bbox 2465 3164 2664 3235; x_wconf 89' lang='lat' dir='ltr'><strong>quibus</strong></span> <span class='ocrx_word' id='word_1_497' title='bbox 2696 3164 3145 3236; x_wconf 84' lang='lat' dir='ltr'><strong>frequentissime</strong></span> <span class='ocrx_word' id='word_1_498' title='bbox 3185 3166 3657 3231; x_wconf 79' lang='lat' dir='ltr'><strong>commoriuntur,</strong></span> <span class='ocrx_word' id='word_1_499' title='bbox 3698 3168 3787 3223; x_wconf 78' lang='lat' dir='ltr'><strong>sed</strong></span> 
     </span>
    </p>
   </div>
   <div class='ocr_carea' id='block_1_61' title="bbox 2178 3258 3785 3317">
    <p class='ocr_par' dir='ltr' id='par_1_61' title="bbox 2178 3258 3785 3317">
     <span class='ocr_line' id='line_1_61' title="bbox 2178 3258 3785 3317; baseline 0.003 -5"><span class='ocrx_word' id='word_1_500' title='bbox 2178 3273 2332 3314; x_wconf 87' lang='lat' dir='ltr'><strong>amor</strong></span> <span class='ocrx_word' id='word_1_501' title='bbox 2361 3258 2452 3314; x_wconf 90' lang='lat' dir='ltr'><strong>ille</strong></span> <span class='ocrx_word' id='word_1_502' title='bbox 2494 3274 2605 3315; x_wconf 88' lang='lat' dir='ltr'><strong>non</strong></span> <span class='ocrx_word' id='word_1_503' title='bbox 2660 3258 2785 3315; x_wconf 85' lang='lat' dir='ltr'><strong>ﬁdei</strong></span> <span class='ocrx_word' id='word_1_504' title='bbox 2813 3268 2921 3316; x_wconf 81' lang='lat' dir='ltr'><strong>est.</strong></span> <span class='ocrx_word' id='word_1_505' title='bbox 2949 3258 3076 3315; x_wconf 90' lang='lat' dir='ltr'><strong>Sola</strong></span> <span class='ocrx_word' id='word_1_506' title='bbox 3113 3268 3429 3316; x_wconf 83' lang='lat' dir='ltr'><strong>sanctorum</strong></span> <span class='ocrx_word' id='word_1_507' title='bbox 3474 3260 3707 3317; x_wconf 79' lang='lat' dir='ltr'><strong>dilectio</strong></span> <span class='ocrx_word' id='word_1_508' title='bbox 3734 3263 3785 3317; x_wconf 80' lang='lat' dir='ltr'><strong>in</strong></span> 
     </span>
    </p>
   </div>
   <div class='ocr_carea' id='block_1_62' title="bbox 473 3302 3787 3423">
    <p class='ocr_par' dir='ltr' id='par_1_62' title="bbox 473 3302 3787 3423">
     <span class='ocr_line' id='line_1_62' title="bbox 473 3302 3787 3423; baseline 0.005 -28"><span class='ocrx_word' id='word_1_509' title='bbox 473 3349 682 3397; x_wconf 90' lang='lat' dir='ltr'><strong>ctorem</strong></span> <span class='ocrx_word' id='word_1_510' title='bbox 713 3342 780 3396; x_wconf 90' lang='lat' dir='ltr'><strong>de</strong></span> <span class='ocrx_word' id='word_1_511' title='bbox 810 3342 918 3397; x_wconf 84' lang='lat' dir='ltr'><strong>alio</strong></span> <span class='ocrx_word' id='word_1_512' title='bbox 943 3339 1237 3413; x_wconf 71' lang='lat' dir='ltr'><strong>Scriptura:</strong></span> <span class='ocrx_word' id='word_1_513' title='bbox 1275 3344 1394 3400; x_wconf 91' lang='lat' dir='ltr'><strong>loco</strong></span> <span class='ocrx_word' id='word_1_514' title='bbox 1420 3346 1512 3415; x_wconf 91' lang='lat' dir='ltr'><strong>qui</strong></span> <span class='ocrx_word' id='word_1_515' title='bbox 1543 3344 1706 3401; x_wconf 82' lang='lat' dir='ltr'><strong>fuerit</strong></span> <span class='ocrx_word' id='word_1_516' title='bbox 1742 3361 1850 3402; x_wconf 92' lang='lat' dir='ltr'><strong>non</strong></span> <span class='ocrx_word' id='word_1_517' title='bbox 1871 3302 2073 3419; x_wconf 67' lang='lat' dir='ltr'><strong>lpossu-</strong></span> <span class='ocrx_word' id='word_1_518' title='bbox 2098 3302 2153 3381; x_wconf 68' lang='lat' dir='ltr'><strong><em>c</em></strong></span> <span class='ocrx_word' id='word_1_519' title='bbox 2180 3349 2285 3405; x_wconf 85' lang='lat' dir='ltr'><strong>fide</strong></span> <span class='ocrx_word' id='word_1_520' title='bbox 2304 3349 2567 3423; x_wconf 87' lang='lat' dir='ltr'><strong>diligit,in</strong></span> <span class='ocrx_word' id='word_1_521' title='bbox 2596 3358 2829 3418; x_wconf 82' lang='lat' dir='ltr'><strong>tantum,</strong></span> <span class='ocrx_word' id='word_1_522' title='bbox 2850 3359 2914 3406; x_wconf 87' lang='lat' dir='ltr'><strong>ut</strong></span> <span class='ocrx_word' id='word_1_523' title='bbox 2932 3352 3098 3407; x_wconf 91' lang='lat' dir='ltr'><strong>etiam</strong></span> <span class='ocrx_word' id='word_1_524' title='bbox 3122 3351 3176 3407; x_wconf 79' lang='lat' dir='ltr'><strong>si</strong></span> <span class='ocrx_word' id='word_1_525' title='bbox 3196 3351 3287 3411; x_wconf 76' lang='lat' dir='ltr'><strong>ille</strong></span> <span class='ocrx_word' id='word_1_526' title='bbox 3308 3351 3401 3422; x_wconf 79' lang='lat' dir='ltr'><strong>qui</strong></span> <span class='ocrx_word' id='word_1_527' title='bbox 3428 3352 3690 3422; x_wconf 71' lang='lat' dir='ltr'><strong>diligitur</strong></span> <span class='ocrx_word' id='word_1_528' title='bbox 3710 3355 3787 3409; x_wconf 50' lang='lat' dir='ltr'><strong>inn</strong></span> 
     </span>
    </p>
   </div>
   <div class='ocr_carea' id='block_1_63' title="bbox 474 3432 2074 3511">
    <p class='ocr_par' dir='ltr' id='par_1_63' title="bbox 474 3432 2074 3511">
     <span class='ocr_line' id='line_1_63' title="bbox 474 3432 2074 3511; baseline 0.005 -24"><span class='ocrx_word' id='word_1_529' title='bbox 474 3448 599 3489; x_wconf 91' lang='lat' dir='ltr'><strong>mus</strong></span> <span class='ocrx_word' id='word_1_530' title='bbox 627 3433 835 3499; x_wconf 87' lang='lat' dir='ltr'><strong>dicere,</strong></span> <span class='ocrx_word' id='word_1_531' title='bbox 864 3434 969 3489; x_wconf 90' lang='lat' dir='ltr'><strong>nisi</strong></span> <span class='ocrx_word' id='word_1_532' title='bbox 998 3435 1103 3490; x_wconf 89' lang='lat' dir='ltr'><strong>hoc</strong></span> <span class='ocrx_word' id='word_1_533' title='bbox 1137 3445 1346 3491; x_wconf 89' lang='lat' dir='ltr'><strong>tantum</strong></span> <span class='ocrx_word' id='word_1_534' title='bbox 1374 3437 1517 3508; x_wconf 85' lang='lat' dir='ltr'><strong>quod</strong></span> <span class='ocrx_word' id='word_1_535' title='bbox 1560 3445 1617 3493; x_wconf 91' lang='lat' dir='ltr'><strong>et</strong></span> <span class='ocrx_word' id='word_1_536' title='bbox 1650 3439 1767 3510; x_wconf 88' lang='lat' dir='ltr'><strong>ipse</strong></span> <span class='ocrx_word' id='word_1_537' title='bbox 1802 3432 2074 3511; x_wconf 84' lang='lat' dir='ltr'><strong>Apostoli-</strong></span> 
     </span>
    </p>
   </div>
   <div class='ocr_carea' id='block_1_64' title="bbox 475 3514 2071 3601">
    <p class='ocr_par' dir='ltr' id='par_1_64' title="bbox 475 3514 2071 3601">
     <span class='ocr_line' id='line_1_64' title="bbox 475 3514 2071 3601; baseline 0.004 -21"><span class='ocrx_word' id='word_1_538' title='bbox 475 3540 574 3580; x_wconf 89' lang='lat' dir='ltr'><strong>cus</strong></span> <span class='ocrx_word' id='word_1_539' title='bbox 600 3524 705 3592; x_wconf 90' lang='lat' dir='ltr'><strong>vir,</strong></span> <span class='ocrx_word' id='word_1_540' title='bbox 740 3514 801 3582; x_wconf 86' lang='lat' dir='ltr'><strong>id</strong></span> <span class='ocrx_word' id='word_1_541' title='bbox 820 3526 1018 3598; x_wconf 89' lang='lat' dir='ltr'><strong>operis,</strong></span> <span class='ocrx_word' id='word_1_542' title='bbox 1047 3528 1193 3599; x_wconf 89' lang='lat' dir='ltr'><strong>quod</strong></span> <span class='ocrx_word' id='word_1_543' title='bbox 1237 3520 1430 3601; x_wconf 71' lang='lat' dir='ltr'><strong>Apollo</strong></span> <span class='ocrx_word' id='word_1_544' title='bbox 1458 3530 1764 3600; x_wconf 82' lang='lat' dir='ltr'><strong>exercebat,</strong></span> <span class='ocrx_word' id='word_1_545' title='bbox 1797 3530 2071 3599; x_wconf 82' lang='lat' dir='ltr'><strong>habuerit,</strong></span> 
     </span>
    </p>
   </div>
   <div class='ocr_carea' id='block_1_65' title="bbox 477 3615 2074 3697">
    <p class='ocr_par' dir='ltr' id='par_1_65' title="bbox 477 3615 2074 3697">
     <span class='ocr_line' id='line_1_65' title="bbox 477 3615 2074 3697; baseline 0.005 -25"><span class='ocrx_word' id='word_1_546' title='bbox 477 3615 679 3674; x_wconf 87' lang='lat' dir='ltr'><strong>Christi</strong></span> <span class='ocrx_word' id='word_1_547' title='bbox 702 3617 967 3676; x_wconf 87' lang='lat' dir='ltr'><strong>ecclesias</strong></span> <span class='ocrx_word' id='word_1_548' title='bbox 987 3623 1319 3677; x_wconf 80' lang='lat' dir='ltr'><strong>exstruendi.</strong></span> <span class='ocrx_word' id='word_1_549' title='bbox 1354 3623 1610 3696; x_wconf 73' lang='lat' dir='ltr'><strong>Praecipit</strong></span> <span class='ocrx_word' id='word_1_550' title='bbox 1650 3624 1833 3697; x_wconf 90' lang='lat' dir='ltr'><strong>itaque</strong></span> <span class='ocrx_word' id='word_1_551' title='bbox 1859 3616 1982 3681; x_wconf 82' lang='lat' dir='ltr'><strong>Tito</strong></span> <span class='ocrx_word' id='word_1_552' title='bbox 2012 3633 2074 3680; x_wconf 91' lang='lat' dir='ltr'><strong>ut</strong></span> 
     </span>
    </p>
   </div>
   <div class='ocr_carea' id='block_1_66' title="bbox 480 3708 2069 3791">
    <p class='ocr_par' dir='ltr' id='par_1_66' title="bbox 480 3708 2069 3791">
     <span class='ocr_line' id='line_1_66' title="bbox 480 3708 2069 3791; baseline 0.006 -26"><span class='ocrx_word' id='word_1_553' title='bbox 480 3709 739 3781; x_wconf 81' lang='lat' dir='ltr'><strong>quoniam</strong></span> <span class='ocrx_word' id='word_1_554' title='bbox 791 3711 859 3768; x_wconf 93' lang='lat' dir='ltr'><strong>de</strong></span> <span class='ocrx_word' id='word_1_555' title='bbox 897 3708 1058 3769; x_wconf 88' lang='lat' dir='ltr'><strong>Creta</strong></span> <span class='ocrx_word' id='word_1_556' title='bbox 1111 3714 1179 3771; x_wconf 87' lang='lat' dir='ltr'><strong>ad</strong></span> <span class='ocrx_word' id='word_1_557' title='bbox 1224 3714 1489 3772; x_wconf 74' lang='lat' dir='ltr'><strong>Grzeciam</strong></span> <span class='ocrx_word' id='word_1_558' title='bbox 1538 3716 1846 3791; x_wconf 75' lang='lat' dir='ltr'><strong>navigaturi</strong></span> <span class='ocrx_word' id='word_1_559' title='bbox 1894 3732 2069 3787; x_wconf 85' lang='lat' dir='ltr'><strong>erant,</strong></span> 
     </span>
    </p>
   </div>
   <div class='ocr_carea' id='block_1_67' title="bbox 479 3802 2074 3883">
    <p class='ocr_par' dir='ltr' id='par_1_67' title="bbox 479 3802 2074 3883">
     <span class='ocr_line' id='line_1_67' title="bbox 479 3802 2074 3883; baseline 0.005 -23"><span class='ocrx_word' id='word_1_560' title='bbox 479 3817 591 3860; x_wconf 79' lang='lat' dir='ltr'><strong>non</strong></span> <span class='ocrx_word' id='word_1_561' title='bbox 616 3818 712 3860; x_wconf 91' lang='lat' dir='ltr'><strong>eos</strong></span> <span class='ocrx_word' id='word_1_562' title='bbox 736 3802 903 3861; x_wconf 88' lang='lat' dir='ltr'><strong>faciat</strong></span> <span class='ocrx_word' id='word_1_563' title='bbox 935 3805 1170 3863; x_wconf 89' lang='lat' dir='ltr'><strong>sitarciis</strong></span> <span class='ocrx_word' id='word_1_564' title='bbox 1198 3804 1467 3881; x_wconf 76' lang='lat' dir='ltr'><strong>indigere,</strong></span> <span class='ocrx_word' id='word_1_565' title='bbox 1501 3810 1596 3867; x_wconf 90' lang='lat' dir='ltr'><strong>sed</strong></span> <span class='ocrx_word' id='word_1_566' title='bbox 1630 3808 1831 3867; x_wconf 88' lang='lat' dir='ltr'><strong>habere</strong></span> <span class='ocrx_word' id='word_1_567' title='bbox 1859 3826 1923 3868; x_wconf 90' lang='lat' dir='ltr'><strong>ea</strong></span> <span class='ocrx_word' id='word_1_568' title='bbox 1952 3827 2074 3883; x_wconf 79' lang='lat' dir='ltr'><strong>quae</strong></span> 
     </span>
    </p>
   </div>
   <div class='ocr_carea' id='block_1_68' title="bbox 479 3894 2075 3963">
    <p class='ocr_par' dir='ltr' id='par_1_68' title="bbox 479 3894 2075 3963">
     <span class='ocr_line' id='line_1_68' title="bbox 479 3894 2075 3963; baseline 0.008 -13"><span class='ocrx_word' id='word_1_569' title='bbox 479 3894 549 3951; x_wconf 90' lang='lat' dir='ltr'><strong>ad</strong></span> <span class='ocrx_word' id='word_1_570' title='bbox 579 3894 834 3952; x_wconf 87' lang='lat' dir='ltr'><strong>viaticum</strong></span> <span class='ocrx_word' id='word_1_571' title='bbox 866 3899 1175 3957; x_wconf 84' lang='lat' dir='ltr'><strong>necessaria</strong></span> <span class='ocrx_word' id='word_1_572' title='bbox 1209 3910 1355 3957; x_wconf 89' lang='lat' dir='ltr'><strong>sunt.</strong></span> <span class='ocrx_word' id='word_1_573' title='bbox 1390 3922 1410 3955; x_wconf 78' lang='grc' dir='ltr'><strong>ι</strong></span> <span class='ocrx_word' id='word_1_574' title='bbox 1440 3900 1666 3960; x_wconf 89' lang='lat' dir='ltr'><strong>Discant</strong></span> <span class='ocrx_word' id='word_1_575' title='bbox 1689 3914 1868 3960; x_wconf 86' lang='lat' dir='ltr'><strong>autem</strong></span> <span class='ocrx_word' id='word_1_576' title='bbox 1897 3916 1953 3961; x_wconf 93' lang='lat' dir='ltr'><strong>et</strong></span> <span class='ocrx_word' id='word_1_577' title='bbox 1977 3924 2075 3963; x_wconf 92' lang='lat' dir='ltr'><strong>no-</strong></span> 
     </span>
    </p>
   </div>
   <div class='ocr_carea' id='block_1_69' title="bbox 485 3986 2075 4064">
    <p class='ocr_par' dir='ltr' id='par_1_69' title="bbox 485 3986 2075 4064">
     <span class='ocr_line' id='line_1_69' title="bbox 485 3986 2075 4064; baseline 0.009 -25"><span class='ocrx_word' id='word_1_578' title='bbox 485 4004 506 4039; x_wconf 84' lang='grc'><em>‹</em></span> <span class='ocrx_word' id='word_1_579' title='bbox 540 3986 639 4042; x_wconf 90' lang='lat' dir='ltr'><strong>stri</strong></span> <span class='ocrx_word' id='word_1_580' title='bbox 687 3987 849 4045; x_wconf 83' lang='lat' dir='ltr'><strong>bonis</strong></span> <span class='ocrx_word' id='word_1_581' title='bbox 898 3990 1154 4063; x_wconf 91' lang='lat' dir='ltr'><strong>operibus</strong></span> <span class='ocrx_word' id='word_1_582' title='bbox 1203 4008 1441 4064; x_wconf 80' lang='lat' dir='ltr'><strong>praeesse</strong></span> <span class='ocrx_word' id='word_1_583' title='bbox 1495 3994 1550 4049; x_wconf 92' lang='lat' dir='ltr'><strong>in</strong></span> <span class='ocrx_word' id='word_1_584' title='bbox 1591 3996 1921 4053; x_wconf 90' lang='lat' dir='ltr'><strong>necessariis</strong></span> <span class='ocrx_word' id='word_1_585' title='bbox 1970 3996 2075 4053; x_wconf 89' lang='lat' dir='ltr'><strong>usi-</strong></span> 
     </span>
    </p>
   </div>
   <div class='ocr_carea' id='block_1_70' title="bbox 485 4078 2070 4157">
    <p class='ocr_par' dir='ltr' id='par_1_70' title="bbox 485 4078 2070 4157">
     <span class='ocr_line' id='line_1_70' title="bbox 485 4078 2070 4157; baseline 0.011 -28"><span class='ocrx_word' id='word_1_586' title='bbox 485 4095 505 4128; x_wconf 88' lang='grc'><strong>‹</strong></span> <span class='ocrx_word' id='word_1_587' title='bbox 535 4078 657 4144; x_wconf 91' lang='lat' dir='ltr'><strong>bus,</strong></span> <span class='ocrx_word' id='word_1_588' title='bbox 685 4088 747 4135; x_wconf 88' lang='lat' dir='ltr'><strong>ut</strong></span> <span class='ocrx_word' id='word_1_589' title='bbox 784 4096 891 4137; x_wconf 93' lang='lat' dir='ltr'><strong>non</strong></span> <span class='ocrx_word' id='word_1_590' title='bbox 921 4080 1242 4139; x_wconf 89' lang='lat' dir='ltr'><strong>infructuosi</strong></span> <span class='ocrx_word' id='word_1_591' title='bbox 1266 4085 1425 4141; x_wconf 70' lang='lat' dir='ltr'><strong>siut.)</strong></span> <span class='ocrx_word' id='word_1_592' title='bbox 1461 4080 1637 4157; x_wconf 88' lang='lat' dir='ltr'><strong>Supra</strong></span> <span class='ocrx_word' id='word_1_593' title='bbox 1662 4088 1893 4157; x_wconf 80' lang='lat' dir='ltr'><strong>dixerat,</strong></span> <span class='ocrx_word' id='word_1_594' title='bbox 1924 4109 1941 4141; x_wconf 72' lang='grc' dir='ltr'><strong>ι</strong></span> <span class='ocrx_word' id='word_1_595' title='bbox 1966 4088 2070 4146; x_wconf 90' lang='lat' dir='ltr'><strong>Ze-</strong></span> 
     </span>
    </p>
   </div>
   <div class='ocr_carea' id='block_1_71' title="bbox 477 4172 2079 4251">
    <p class='ocr_par' dir='ltr' id='par_1_71' title="bbox 477 4172 2079 4251">
     <span class='ocr_line' id='line_1_71' title="bbox 477 4172 2079 4251; baseline 0.009 -26"><span class='ocrx_word' id='word_1_596' title='bbox 477 4186 605 4225; x_wconf 88' lang='lat' dir='ltr'><strong>nam</strong></span> <span class='ocrx_word' id='word_1_597' title='bbox 637 4172 771 4243; x_wconf 81' lang='lat' dir='ltr'><strong>legis</strong></span> <span class='ocrx_word' id='word_1_598' title='bbox 794 4173 1075 4231; x_wconf 89' lang='lat' dir='ltr'><strong>doctorem</strong></span> <span class='ocrx_word' id='word_1_599' title='bbox 1118 4176 1384 4247; x_wconf 67' lang='lat' dir='ltr'><strong>etjApollo</strong></span> <span class='ocrx_word' id='word_1_600' title='bbox 1425 4178 1659 4236; x_wconf 88' lang='lat' dir='ltr'><strong>sollicite</strong></span> <span class='ocrx_word' id='word_1_601' title='bbox 1695 4183 1989 4251; x_wconf 72' lang='lat' dir='ltr'><strong>pmamitte,</strong></span> <span class='ocrx_word' id='word_1_602' title='bbox 2016 4182 2079 4238; x_wconf 71' lang='lat' dir='ltr'><strong>ut</strong></span> 
     </span>
    </p>
   </div>
   <div class='ocr_carea' id='block_1_72' title="bbox 476 4262 2071 4341">
    <p class='ocr_par' dir='ltr' id='par_1_72' title="bbox 476 4262 2071 4341">
     <span class='ocr_line' id='line_1_72' title="bbox 476 4262 2071 4341; baseline 0.01 -25"><span class='ocrx_word' id='word_1_603' title='bbox 476 4263 614 4317; x_wconf 89' lang='lat' dir='ltr'><strong>nihil</strong></span> <span class='ocrx_word' id='word_1_604' title='bbox 640 4262 747 4318; x_wconf 90' lang='lat' dir='ltr'><strong>illis</strong></span> <span class='ocrx_word' id='word_1_605' title='bbox 772 4264 931 4321; x_wconf 91' lang='lat' dir='ltr'><strong>desit.</strong></span> <span class='ocrx_word' id='word_1_606' title='bbox 954 4288 974 4320; x_wconf 73' lang='grc' dir='ltr'><strong>ι</strong></span> <span class='ocrx_word' id='word_1_607' title='bbox 1010 4266 1145 4335; x_wconf 85' lang='lat' dir='ltr'><strong>Quia</strong></span> <span class='ocrx_word' id='word_1_608' title='bbox 1181 4285 1310 4341; x_wconf 74' lang='lat' dir='ltr'><strong>ergo</strong></span> <span class='ocrx_word' id='word_1_609' title='bbox 1338 4279 1556 4341; x_wconf 87' lang='lat' dir='ltr'><strong>poterat</strong></span> <span class='ocrx_word' id='word_1_610' title='bbox 1594 4274 1832 4330; x_wconf 89' lang='lat' dir='ltr'><strong>suboriri</strong></span> <span class='ocrx_word' id='word_1_611' title='bbox 1861 4272 2071 4332; x_wconf 85' lang='lat' dir='ltr'><strong>oceulta</strong></span> 
     </span>
    </p>
   </div>
   <div class='ocr_carea' id='block_1_73' title="bbox 484 4355 2073 4439">
    <p class='ocr_par' dir='ltr' id='par_1_73' title="bbox 484 4355 2073 4439">
     <span class='ocr_line' id='line_1_73' title="bbox 484 4355 2073 4439; baseline 0.01 -31"><span class='ocrx_word' id='word_1_612' title='bbox 484 4355 791 4425; x_wconf 86' lang='lat' dir='ltr'><strong>responsio,</strong></span> <span class='ocrx_word' id='word_1_613' title='bbox 831 4366 893 4413; x_wconf 92' lang='lat' dir='ltr'><strong>ut</strong></span> <span class='ocrx_word' id='word_1_614' title='bbox 927 4374 1035 4414; x_wconf 93' lang='lat' dir='ltr'><strong>non</strong></span> <span class='ocrx_word' id='word_1_615' title='bbox 1067 4368 1176 4414; x_wconf 88' lang='lat' dir='ltr'><strong>tam</strong></span> <span class='ocrx_word' id='word_1_616' title='bbox 1206 4359 1381 4429; x_wconf 87' lang='lat' dir='ltr'><strong>Titus,</strong></span> <span class='ocrx_word' id='word_1_617' title='bbox 1411 4377 1575 4432; x_wconf 88' lang='lat' dir='ltr'><strong>quam</strong></span> <span class='ocrx_word' id='word_1_618' title='bbox 1610 4365 1920 4439; x_wconf 89' lang='lat' dir='ltr'><strong>quicunque</strong></span> <span class='ocrx_word' id='word_1_619' title='bbox 1950 4364 2073 4439; x_wconf 84' lang='lat' dir='ltr'><strong>Epi-</strong></span> 
     </span>
    </p>
   </div>
   <div class='ocr_carea' id='block_1_74' title="bbox 486 4447 2075 4527">
    <p class='ocr_par' dir='ltr' id='par_1_74' title="bbox 486 4447 2075 4527">
     <span class='ocr_line' id='line_1_74' title="bbox 486 4447 2075 4527; baseline 0.011 -24"><span class='ocrx_word' id='word_1_620' title='bbox 486 4447 639 4505; x_wconf 72' lang='lat' dir='ltr'><strong>stola:</strong></span> <span class='ocrx_word' id='word_1_621' title='bbox 668 4448 840 4506; x_wconf 89' lang='lat' dir='ltr'><strong>lector</strong></span> <span class='ocrx_word' id='word_1_622' title='bbox 866 4451 971 4509; x_wconf 92' lang='lat' dir='ltr'><strong>hoc</strong></span> <span class='ocrx_word' id='word_1_623' title='bbox 1015 4453 1219 4510; x_wconf 89' lang='lat' dir='ltr'><strong>diceret</strong></span> <span class='ocrx_word' id='word_1_624' title='bbox 1249 4472 1263 4510; x_wconf 90' lang='lat'><strong>:</strong></span> <span class='ocrx_word' id='word_1_625' title='bbox 1295 4464 1352 4511; x_wconf 90' lang='lat' dir='ltr'><strong>et</strong></span> <span class='ocrx_word' id='word_1_626' title='bbox 1380 4456 1521 4513; x_wconf 89' lang='lat' dir='ltr'><strong>unde</strong></span> <span class='ocrx_word' id='word_1_627' title='bbox 1556 4452 1702 4527; x_wconf 91' lang='lat' dir='ltr'><strong>Tito,</strong></span> <span class='ocrx_word' id='word_1_628' title='bbox 1727 4471 1789 4517; x_wconf 93' lang='lat' dir='ltr'><strong>ut</strong></span> <span class='ocrx_word' id='word_1_629' title='bbox 1813 4462 2075 4520; x_wconf 89' lang='lat' dir='ltr'><strong>viaticum</strong></span> 
     </span>
    </p>
   </div>
   <div class='ocr_carea' id='block_1_75' title="bbox 479 4538 2075 4623">
    <p class='ocr_par' dir='ltr' id='par_1_75' title="bbox 479 4538 2075 4623">
     <span class='ocr_line' id='line_1_75' title="bbox 479 4538 2075 4623; baseline 0.008 -29"><span class='ocrx_word' id='word_1_630' title='bbox 479 4555 589 4595; x_wconf 89' lang='lat' dir='ltr'><strong>non</strong></span> <span class='ocrx_word' id='word_1_631' title='bbox 631 4538 959 4601; x_wconf 86' lang='lat' dir='ltr'><strong>habentibus</strong></span> <span class='ocrx_word' id='word_1_632' title='bbox 987 4542 1299 4616; x_wconf 80' lang='lat' dir='ltr'><strong>largiretur,</strong></span> <span class='ocrx_word' id='word_1_633' title='bbox 1332 4547 1492 4603; x_wconf 83' lang='lat' dir='ltr'><strong>solvit</strong></span> <span class='ocrx_word' id='word_1_634' title='bbox 1519 4548 1662 4607; x_wconf 86' lang='lat' dir='ltr'><strong>hanc</strong></span> <span class='ocrx_word' id='word_1_635' title='bbox 1688 4552 2075 4623; x_wconf 60' lang='lat' dir='ltr'><strong>quaestionem,</strong></span> 
     </span>
    </p>
   </div>
   <div class='ocr_carea' id='block_1_76' title="bbox 476 4634 2148 4746">
    <p class='ocr_par' dir='ltr' id='par_1_76' title="bbox 476 4634 2148 4746">
     <span class='ocr_line' id='line_1_76' title="bbox 476 4634 2148 4746; baseline -0.006 -40"><span class='ocrx_word' id='word_1_636' title='bbox 476 4640 534 4689; x_wconf 74' lang='grc' dir='ltr'><strong>θῑ</strong></span> <span class='ocrx_word' id='word_1_637' title='bbox 569 4634 725 4704; x_wconf 71' lang='lat' dir='ltr'><strong>Quasi</strong></span> <span class='ocrx_word' id='word_1_638' title='bbox 778 4636 911 4691; x_wconf 89' lang='lat' dir='ltr'><strong>nihil</strong></span> <span class='ocrx_word' id='word_1_639' title='bbox 965 4634 1068 4692; x_wconf 90' lang='lat' dir='ltr'><strong>sibi</strong></span> <span class='ocrx_word' id='word_1_640' title='bbox 1115 4646 1417 4708; x_wconf 89' lang='lat' dir='ltr'><strong>opponatur</strong></span> <span class='ocrx_word' id='word_1_641' title='bbox 1458 4640 1611 4696; x_wconf 84' lang='lat' dir='ltr'><strong>elidit</strong></span> <span class='ocrx_word' id='word_1_642' title='bbox 1658 4642 1907 4709; x_wconf 88' lang='lat' dir='ltr'><strong>dicendo,</strong></span> <span class='ocrx_word' id='word_1_643' title='bbox 1937 4662 1955 4694; x_wconf 85' lang='grc'><strong>‹</strong></span> <span class='ocrx_word' id='word_1_644' title='bbox 1990 4644 2071 4698; x_wconf 87' lang='lat' dir='ltr'><strong>di-</strong></span> <span class='ocrx_word' id='word_1_645' title='bbox 2093 4674 2148 4746; x_wconf 62' lang='grc' dir='ltr'><strong>Β</strong></span> 
     </span>
    </p>
   </div>
   <div class='ocr_carea' id='block_1_77' title="bbox 480 4730 2064 4806">
    <p class='ocr_par' dir='ltr' id='par_1_77' title="bbox 480 4730 2064 4806">
     <span class='ocr_line' id='line_1_77' title="bbox 480 4730 2064 4806; baseline 0.004 -23"><span class='ocrx_word' id='word_1_646' title='bbox 480 4734 638 4783; x_wconf 86' lang='lat' dir='ltr'><strong>scant</strong></span> <span class='ocrx_word' id='word_1_647' title='bbox 665 4736 844 4783; x_wconf 91' lang='lat' dir='ltr'><strong>autem</strong></span> <span class='ocrx_word' id='word_1_648' title='bbox 870 4737 923 4784; x_wconf 92' lang='lat' dir='ltr'><strong>et</strong></span> <span class='ocrx_word' id='word_1_649' title='bbox 952 4730 1127 4787; x_wconf 86' lang='lat' dir='ltr'><strong>nostri</strong></span> <span class='ocrx_word' id='word_1_650' title='bbox 1160 4732 1316 4789; x_wconf 92' lang='lat' dir='ltr'><strong>bonis</strong></span> <span class='ocrx_word' id='word_1_651' title='bbox 1340 4732 1600 4805; x_wconf 88' lang='lat' dir='ltr'><strong>Operibus</strong></span> <span class='ocrx_word' id='word_1_652' title='bbox 1626 4749 1861 4806; x_wconf 74' lang='lat' dir='ltr'><strong>praeesse</strong></span> <span class='ocrx_word' id='word_1_653' title='bbox 1890 4735 1945 4790; x_wconf 91' lang='lat' dir='ltr'><strong>in</strong></span> <span class='ocrx_word' id='word_1_654' title='bbox 1968 4751 2064 4789; x_wconf 84' lang='lat' dir='ltr'><strong>ne-</strong></span> 
     </span>
    </p>
   </div>
   <div class='ocr_carea' id='block_1_78' title="bbox 477 4816 2065 4885">
    <p class='ocr_par' dir='ltr' id='par_1_78' title="bbox 477 4816 2065 4885">
     <span class='ocr_line' id='line_1_78' title="bbox 477 4816 2065 4885; baseline 0.008 -13"><span class='ocrx_word' id='word_1_655' title='bbox 477 4819 734 4873; x_wconf 88' lang='lat' dir='ltr'><strong>cessariis</strong></span> <span class='ocrx_word' id='word_1_656' title='bbox 765 4816 952 4876; x_wconf 90' lang='lat' dir='ltr'><strong>usibus</strong></span> <span class='ocrx_word' id='word_1_657' title='bbox 993 4831 1053 4878; x_wconf 90' lang='lat' dir='ltr'><strong>ut</strong></span> <span class='ocrx_word' id='word_1_658' title='bbox 1088 4839 1196 4878; x_wconf 90' lang='lat' dir='ltr'><strong>non</strong></span> <span class='ocrx_word' id='word_1_659' title='bbox 1243 4823 1567 4883; x_wconf 85' lang='lat' dir='ltr'><strong>infructuosi</strong></span> <span class='ocrx_word' id='word_1_660' title='bbox 1617 4827 1747 4881; x_wconf 91' lang='lat' dir='ltr'><strong>sint.</strong></span> <span class='ocrx_word' id='word_1_661' title='bbox 1780 4846 1800 4879; x_wconf 75' lang='grc'><strong>»</strong></span> <span class='ocrx_word' id='word_1_662' title='bbox 1834 4826 2065 4885; x_wconf 85' lang='lat' dir='ltr'><strong>Nostros</strong></span> 
     </span>
    </p>
   </div>
   <div class='ocr_carea' id='block_1_79' title="bbox 475 4913 2065 4991">
    <p class='ocr_par' dir='ltr' id='par_1_79' title="bbox 475 4913 2065 4991">
     <span class='ocr_line' id='line_1_79' title="bbox 475 4913 2065 4991; baseline 0.008 -26"><span class='ocrx_word' id='word_1_663' title='bbox 475 4924 607 4965; x_wconf 89' lang='lat' dir='ltr'><strong>suos</strong></span> <span class='ocrx_word' id='word_1_664' title='bbox 648 4918 825 4977; x_wconf 86' lang='lat' dir='ltr'><strong>vocat,</strong></span> <span class='ocrx_word' id='word_1_665' title='bbox 874 4913 969 4982; x_wconf 89' lang='lat' dir='ltr'><strong>qui</strong></span> <span class='ocrx_word' id='word_1_666' title='bbox 1018 4914 1074 4970; x_wconf 90' lang='lat' dir='ltr'><strong>in</strong></span> <span class='ocrx_word' id='word_1_667' title='bbox 1124 4915 1344 4973; x_wconf 86' lang='lat' dir='ltr'><strong>Christo</strong></span> <span class='ocrx_word' id='word_1_668' title='bbox 1386 4919 1778 4975; x_wconf 90' lang='lat' dir='ltr'><strong>crediderant:</strong></span> <span class='ocrx_word' id='word_1_669' title='bbox 1816 4919 1907 4990; x_wconf 90' lang='lat' dir='ltr'><strong>qui</strong></span> <span class='ocrx_word' id='word_1_670' title='bbox 1939 4921 2065 4991; x_wconf 90' lang='lat' dir='ltr'><strong>quia</strong></span> 
     </span>
    </p>
   </div>
   <div class='ocr_carea' id='block_1_80' title="bbox 478 5000 2065 5082">
    <p class='ocr_par' dir='ltr' id='par_1_80' title="bbox 478 5000 2065 5082">
     <span class='ocr_line' id='line_1_80' title="bbox 478 5000 2065 5082; baseline 0.009 -28"><span class='ocrx_word' id='word_1_671' title='bbox 478 5000 682 5057; x_wconf 89' lang='lat' dir='ltr'><strong>Christi</strong></span> <span class='ocrx_word' id='word_1_672' title='bbox 711 5008 883 5069; x_wconf 89' lang='lat' dir='ltr'><strong>erant,</strong></span> <span class='ocrx_word' id='word_1_673' title='bbox 914 5013 1060 5063; x_wconf 88' lang='lat' dir='ltr'><strong>recte</strong></span> <span class='ocrx_word' id='word_1_674' title='bbox 1097 5016 1151 5063; x_wconf 91' lang='lat' dir='ltr'><strong>et</strong></span> <span class='ocrx_word' id='word_1_675' title='bbox 1179 5004 1334 5064; x_wconf 89' lang='lat' dir='ltr'><strong>Pauli</strong></span> <span class='ocrx_word' id='word_1_676' title='bbox 1366 5019 1421 5065; x_wconf 92' lang='lat' dir='ltr'><strong>et</strong></span> <span class='ocrx_word' id='word_1_677' title='bbox 1450 5006 1555 5065; x_wconf 89' lang='lat' dir='ltr'><strong>Titi</strong></span> <span class='ocrx_word' id='word_1_678' title='bbox 1594 5010 1853 5082; x_wconf 85' lang='lat' dir='ltr'><strong>appellari</strong></span> <span class='ocrx_word' id='word_1_679' title='bbox 1885 5027 2065 5068; x_wconf 89' lang='lat' dir='ltr'><strong>mere-</strong></span> 
     </span>
    </p>
   </div>
   <div class='ocr_carea' id='block_1_81' title="bbox 476 5092 2069 5176">
    <p class='ocr_par' dir='ltr' id='par_1_81' title="bbox 476 5092 2069 5176">
     <span class='ocr_line' id='line_1_81' title="bbox 476 5092 2069 5176; baseline 0.006 -26"><span class='ocrx_word' id='word_1_680' title='bbox 476 5095 695 5150; x_wconf 87' lang='lat' dir='ltr'><strong>bantur.</strong></span> <span class='ocrx_word' id='word_1_681' title='bbox 724 5092 921 5164; x_wconf 86' lang='lat' dir='ltr'><strong>Habes,</strong></span> <span class='ocrx_word' id='word_1_682' title='bbox 950 5100 1143 5172; x_wconf 87' lang='lat' dir='ltr'><strong>inquit,</strong></span> <span class='ocrx_word' id='word_1_683' title='bbox 1170 5102 1225 5156; x_wconf 90' lang='lat' dir='ltr'><strong>in</strong></span> <span class='ocrx_word' id='word_1_684' title='bbox 1248 5101 1541 5176; x_wconf 91' lang='lat' dir='ltr'><strong>discipulos</strong></span> <span class='ocrx_word' id='word_1_685' title='bbox 1563 5112 1909 5175; x_wconf 87' lang='lat' dir='ltr'><strong>potestatem,</strong></span> <span class='ocrx_word' id='word_1_686' title='bbox 1936 5104 2069 5160; x_wconf 87' lang='lat' dir='ltr'><strong>doce</strong></span> 
     </span>
    </p>
   </div>
   <div class='ocr_carea' id='block_1_82' title="bbox 476 5191 2071 5267">
    <p class='ocr_par' dir='ltr' id='par_1_82' title="bbox 476 5191 2071 5267">
     <span class='ocr_line' id='line_1_82' title="bbox 476 5191 2071 5267; baseline 0.006 -25"><span class='ocrx_word' id='word_1_687' title='bbox 476 5202 573 5243; x_wconf 91' lang='lat' dir='ltr'><strong>eos</strong></span> <span class='ocrx_word' id='word_1_688' title='bbox 602 5202 709 5244; x_wconf 91' lang='lat' dir='ltr'><strong>non</strong></span> <span class='ocrx_word' id='word_1_689' title='bbox 746 5202 865 5246; x_wconf 87' lang='lat' dir='ltr'><strong>esse</strong></span> <span class='ocrx_word' id='word_1_690' title='bbox 900 5191 1282 5259; x_wconf 88' lang='lat' dir='ltr'><strong>infructuosos,</strong></span> <span class='ocrx_word' id='word_1_691' title='bbox 1330 5196 1424 5251; x_wconf 91' lang='lat' dir='ltr'><strong>sed</strong></span> <span class='ocrx_word' id='word_1_692' title='bbox 1456 5195 1813 5266; x_wconf 82' lang='lat' dir='ltr'><strong>Evangelistis</strong></span> <span class='ocrx_word' id='word_1_693' title='bbox 1837 5204 1891 5251; x_wconf 91' lang='lat' dir='ltr'><strong>et</strong></span> <span class='ocrx_word' id='word_1_694' title='bbox 1928 5196 2071 5267; x_wconf 88' lang='lat' dir='ltr'><strong>Apo-</strong></span> 
     </span>
    </p>
   </div>
   <div class='ocr_carea' id='block_1_83' title="bbox 477 5279 2069 5355">
    <p class='ocr_par' dir='ltr' id='par_1_83' title="bbox 477 5279 2069 5355">
     <span class='ocr_line' id='line_1_83' title="bbox 477 5279 2069 5355; baseline 0.006 -20"><span class='ocrx_word' id='word_1_695' title='bbox 477 5279 687 5337; x_wconf 87' lang='lat' dir='ltr'><strong>stolicis</strong></span> <span class='ocrx_word' id='word_1_696' title='bbox 705 5282 857 5350; x_wconf 83' lang='lat' dir='ltr'><strong>viris,</strong></span> <span class='ocrx_word' id='word_1_697' title='bbox 885 5283 978 5354; x_wconf 92' lang='lat' dir='ltr'><strong>qui</strong></span> <span class='ocrx_word' id='word_1_698' title='bbox 1004 5284 1161 5339; x_wconf 90' lang='lat' dir='ltr'><strong>bouis</strong></span> <span class='ocrx_word' id='word_1_699' title='bbox 1192 5287 1448 5355; x_wconf 88' lang='lat' dir='ltr'><strong>operibus</strong></span> <span class='ocrx_word' id='word_1_700' title='bbox 1474 5287 1718 5342; x_wconf 87' lang='lat' dir='ltr'><strong>serviunt</strong></span> <span class='ocrx_word' id='word_1_701' title='bbox 1737 5288 2069 5355; x_wconf 90' lang='lat' dir='ltr'><strong>ministrare,</strong></span> 
     </span>
    </p>
   </div>
   <div class='ocr_carea' id='block_1_84' title="bbox 477 5372 2075 5447">
    <p class='ocr_par' dir='ltr' id='par_1_84' title="bbox 477 5372 2075 5447">
     <span class='ocr_line' id='line_1_84' title="bbox 477 5372 2075 5447; baseline 0.004 -19"><span class='ocrx_word' id='word_1_702' title='bbox 477 5381 535 5428; x_wconf 88' lang='lat' dir='ltr'><strong>et</strong></span> <span class='ocrx_word' id='word_1_703' title='bbox 557 5372 870 5429; x_wconf 86' lang='lat' dir='ltr'><strong>ministrare</strong></span> <span class='ocrx_word' id='word_1_704' title='bbox 898 5388 1005 5430; x_wconf 88' lang='lat' dir='ltr'><strong>non</strong></span> <span class='ocrx_word' id='word_1_705' title='bbox 1033 5375 1087 5429; x_wconf 92' lang='lat' dir='ltr'><strong>in</strong></span> <span class='ocrx_word' id='word_1_706' title='bbox 1117 5376 1525 5447; x_wconf 90' lang='lat' dir='ltr'><strong>quibuscunque</strong></span> <span class='ocrx_word' id='word_1_707' title='bbox 1548 5378 1749 5446; x_wconf 84' lang='lat' dir='ltr'><strong>causis,</strong></span> <span class='ocrx_word' id='word_1_708' title='bbox 1781 5379 1874 5436; x_wconf 90' lang='lat' dir='ltr'><strong>sed</strong></span> <span class='ocrx_word' id='word_1_709' title='bbox 1898 5380 1955 5435; x_wconf 92' lang='lat' dir='ltr'><strong>in</strong></span> <span class='ocrx_word' id='word_1_710' title='bbox 1982 5396 2075 5435; x_wconf 90' lang='lat' dir='ltr'><strong>ne-</strong></span> 
     </span>
    </p>
   </div>
   <div class='ocr_carea' id='block_1_85' title="bbox 480 5466 2078 5544">
    <p class='ocr_par' dir='ltr' id='par_1_85' title="bbox 480 5466 2078 5544">
     <span class='ocr_line' id='line_1_85' title="bbox 480 5466 2078 5544; baseline 0.004 -24"><span class='ocrx_word' id='word_1_711' title='bbox 480 5466 736 5525; x_wconf 75' lang='lat' dir='ltr'><strong>cessariis</strong></span> <span class='ocrx_word' id='word_1_712' title='bbox 764 5466 952 5524; x_wconf 87' lang='lat' dir='ltr'><strong>usibus</strong></span> <span class='ocrx_word' id='word_1_713' title='bbox 976 5485 990 5523; x_wconf 85' lang='lat'><strong>:</strong></span> <span class='ocrx_word' id='word_1_714' title='bbox 1019 5486 1039 5521; x_wconf 79' lang='grc' dir='ltr'><strong>ι</strong></span> <span class='ocrx_word' id='word_1_715' title='bbox 1074 5467 1349 5526; x_wconf 82' lang='lat' dir='ltr'><strong>Habentes</strong></span> <span class='ocrx_word' id='word_1_716' title='bbox 1368 5471 1566 5544; x_wconf 90' lang='lat' dir='ltr'><strong>quippe</strong></span> <span class='ocrx_word' id='word_1_717' title='bbox 1592 5471 1796 5528; x_wconf 86' lang='lat' dir='ltr'><strong>victum</strong></span> <span class='ocrx_word' id='word_1_718' title='bbox 1831 5481 1887 5530; x_wconf 89' lang='lat' dir='ltr'><strong>et</strong></span> <span class='ocrx_word' id='word_1_719' title='bbox 1914 5472 2078 5528; x_wconf 86' lang='lat' dir='ltr'><strong>vesti-</strong></span> 
     </span>
    </p>
   </div>
   <div class='ocr_carea' id='block_1_86' title="bbox 2177 3428 3785 3517">
    <p class='ocr_par' dir='ltr' id='par_1_86' title="bbox 2177 3428 3785 3517">
     <span class='ocr_line' id='line_1_86' title="bbox 2177 3428 3785 3517; baseline 0.004 -21"><span class='ocrx_word' id='word_1_720' title='bbox 2177 3428 2349 3497; x_wconf 77' lang='lat' dir='ltr'><strong>ﬁdelis</strong></span> <span class='ocrx_word' id='word_1_721' title='bbox 2378 3443 2470 3508; x_wconf 85' lang='lat' dir='ltr'><strong>sit,</strong></span> <span class='ocrx_word' id='word_1_722' title='bbox 2503 3451 2683 3498; x_wconf 89' lang='lat' dir='ltr'><strong>tamen</strong></span> <span class='ocrx_word' id='word_1_723' title='bbox 2720 3451 2947 3499; x_wconf 84' lang='lat' dir='ltr'><strong>sanctus</strong></span> <span class='ocrx_word' id='word_1_724' title='bbox 2970 3444 3027 3498; x_wconf 87' lang='lat' dir='ltr'><strong>in</strong></span> <span class='ocrx_word' id='word_1_725' title='bbox 3057 3442 3161 3498; x_wconf 86' lang='lat' dir='ltr'><strong>fide</strong></span> <span class='ocrx_word' id='word_1_726' title='bbox 3188 3459 3314 3499; x_wconf 85' lang='lat' dir='ltr'><strong>eum</strong></span> <span class='ocrx_word' id='word_1_727' title='bbox 3343 3444 3566 3517; x_wconf 77' lang='lat' dir='ltr'><strong>diligat,</strong></span> <span class='ocrx_word' id='word_1_728' title='bbox 3592 3462 3785 3503; x_wconf 75' lang='lat' dir='ltr'><strong>secan-</strong></span> 
     </span>
    </p>
   </div>
   <div class='ocr_carea' id='block_1_87' title="bbox 2176 3535 3779 3606">
    <p class='ocr_par' dir='ltr' id='par_1_87' title="bbox 2176 3535 3779 3606">
     <span class='ocr_line' id='line_1_87' title="bbox 2176 3535 3779 3606; baseline 0.002 -14"><span class='ocrx_word' id='word_1_729' title='bbox 2176 3536 2304 3592; x_wconf 90' lang='lat' dir='ltr'><strong>dum</strong></span> <span class='ocrx_word' id='word_1_730' title='bbox 2345 3536 2505 3592; x_wconf 89' lang='lat' dir='ltr'><strong>illud:</strong></span> <span class='ocrx_word' id='word_1_731' title='bbox 2539 3555 2556 3587; x_wconf 82' lang='grc' dir='ltr'><strong>ι</strong></span> <span class='ocrx_word' id='word_1_732' title='bbox 2594 3535 2787 3592; x_wconf 86' lang='lat' dir='ltr'><strong>Omnia</strong></span> <span class='ocrx_word' id='word_1_733' title='bbox 2810 3544 2993 3593; x_wconf 85' lang='lat' dir='ltr'><strong>vestra</strong></span> <span class='ocrx_word' id='word_1_734' title='bbox 3032 3537 3089 3593; x_wconf 88' lang='lat' dir='ltr'><strong>in</strong></span> <span class='ocrx_word' id='word_1_735' title='bbox 3131 3537 3240 3593; x_wconf 80' lang='lat' dir='ltr'><strong>fide</strong></span> <span class='ocrx_word' id='word_1_736' title='bbox 3270 3536 3443 3606; x_wconf 75' lang='lat' dir='ltr'><strong>fiant;</strong></span> <span class='ocrx_word' id='word_1_737' title='bbox 3468 3557 3491 3589; x_wconf 73' lang='grc' dir='ltr'><strong>ι</strong></span> <span class='ocrx_word' id='word_1_738' title='bbox 3532 3548 3592 3595; x_wconf 90' lang='lat' dir='ltr'><strong>et</strong></span> <span class='ocrx_word' id='word_1_739' title='bbox 3613 3539 3779 3595; x_wconf 79' lang='lat' dir='ltr'><strong>alibi:</strong></span> 
     </span>
    </p>
   </div>
   <div class='ocr_carea' id='block_1_88' title="bbox 2182 3628 3785 3703">
    <p class='ocr_par' dir='ltr' id='par_1_88' title="bbox 2182 3628 3785 3703">
     <span class='ocr_line' id='line_1_88' title="bbox 2182 3628 3785 3703; baseline 0.008 -25"><span class='ocrx_word' id='word_1_740' title='bbox 2182 3645 2199 3678; x_wconf 87' lang='grc'><strong><em>‹</em></strong></span> <span class='ocrx_word' id='word_1_741' title='bbox 2229 3628 2443 3699; x_wconf 73' lang='lat' dir='ltr'><strong>Diligite</strong></span> <span class='ocrx_word' id='word_1_742' title='bbox 2472 3630 2727 3686; x_wconf 87' lang='lat' dir='ltr'><strong>inimicos</strong></span> <span class='ocrx_word' id='word_1_743' title='bbox 2748 3638 2979 3686; x_wconf 80' lang='lat' dir='ltr'><strong>vestros.</strong></span> <span class='ocrx_word' id='word_1_744' title='bbox 3013 3651 3032 3685; x_wconf 72' lang='grc' dir='ltr'><strong>ι</strong></span> <span class='ocrx_word' id='word_1_745' title='bbox 3060 3630 3245 3703; x_wconf 81' lang='lat' dir='ltr'><strong>Diligit</strong></span> <span class='ocrx_word' id='word_1_746' title='bbox 3272 3642 3504 3689; x_wconf 82' lang='lat' dir='ltr'><strong>sanctus</strong></span> <span class='ocrx_word' id='word_1_747' title='bbox 3536 3634 3785 3692; x_wconf 73' lang='lat' dir='ltr'><strong>inimicos</strong></span> 
     </span>
    </p>
   </div>
   <div class='ocr_carea' id='block_1_89' title="bbox 2178 3710 3787 3797">
    <p class='ocr_par' dir='ltr' id='par_1_89' title="bbox 2178 3710 3787 3797">
     <span class='ocr_line' id='line_1_89' title="bbox 2178 3710 3787 3797; baseline 0.002 -20"><span class='ocrx_word' id='word_1_748' title='bbox 2178 3738 2322 3786; x_wconf 85' lang='lat' dir='ltr'><strong>suos,</strong></span> <span class='ocrx_word' id='word_1_749' title='bbox 2354 3732 2409 3779; x_wconf 81' lang='lat' dir='ltr'><strong>et</strong></span> <span class='ocrx_word' id='word_1_750' title='bbox 2436 3724 2561 3779; x_wconf 89' lang='lat' dir='ltr'><strong>ideo</strong></span> <span class='ocrx_word' id='word_1_751' title='bbox 2600 3724 2659 3778; x_wconf 84' lang='lat' dir='ltr'><strong>in</strong></span> <span class='ocrx_word' id='word_1_752' title='bbox 2686 3723 2792 3780; x_wconf 72' lang='lat' dir='ltr'><strong>fide</strong></span> <span class='ocrx_word' id='word_1_753' title='bbox 2832 3710 3031 3797; x_wconf 75' lang='lat' dir='ltr'><strong>diligit,</strong></span> <span class='ocrx_word' id='word_1_754' title='bbox 3059 3726 3189 3796; x_wconf 84' lang='lat' dir='ltr'><strong>quia</strong></span> <span class='ocrx_word' id='word_1_755' title='bbox 3230 3725 3407 3783; x_wconf 82' lang='lat' dir='ltr'><strong>erodit</strong></span> <span class='ocrx_word' id='word_1_756' title='bbox 3434 3726 3493 3780; x_wconf 79' lang='lat' dir='ltr'><strong>in</strong></span> <span class='ocrx_word' id='word_1_757' title='bbox 3536 3740 3667 3781; x_wconf 70' lang='lat' dir='ltr'><strong>eum</strong></span> <span class='ocrx_word' id='word_1_758' title='bbox 3697 3726 3787 3797; x_wconf 79' lang='lat' dir='ltr'><strong>qui</strong></span> 
     </span>
    </p>
   </div>
   <div class='ocr_carea' id='block_1_90' title="bbox 2175 3814 3783 3888">
    <p class='ocr_par' dir='ltr' id='par_1_90' title="bbox 2175 3814 3783 3888">
     <span class='ocr_line' id='line_1_90' title="bbox 2175 3814 3783 3888; baseline 0.002 -18"><span class='ocrx_word' id='word_1_759' title='bbox 2175 3814 2446 3885; x_wconf 81' lang='lat' dir='ltr'><strong>pollicitus</strong></span> <span class='ocrx_word' id='word_1_760' title='bbox 2472 3824 2555 3871; x_wconf 88' lang='lat' dir='ltr'><strong>est</strong></span> <span class='ocrx_word' id='word_1_761' title='bbox 2579 3831 2638 3872; x_wconf 86' lang='lat' dir='ltr'><strong>se</strong></span> <span class='ocrx_word' id='word_1_762' title='bbox 2658 3830 2759 3888; x_wconf 91' lang='lat' dir='ltr'><strong>pro</strong></span> <span class='ocrx_word' id='word_1_763' title='bbox 2780 3817 3087 3888; x_wconf 72' lang='lat' dir='ltr'><strong>expletione</strong></span> <span class='ocrx_word' id='word_1_764' title='bbox 3111 3816 3353 3872; x_wconf 77' lang='lat' dir='ltr'><strong>mandati</strong></span> <span class='ocrx_word' id='word_1_765' title='bbox 3386 3816 3783 3873; x_wconf 71' lang='lat' dir='ltr'><strong>retributunn</strong></span> 
     </span>
    </p>
   </div>
   <div class='ocr_carea' id='block_1_91' title="bbox 2177 3909 3785 3969">
    <p class='ocr_par' dir='ltr' id='par_1_91' title="bbox 2177 3909 3785 3969">
     <span class='ocr_line' id='line_1_91' title="bbox 2177 3909 3785 3969; baseline 0.004 -6"><span class='ocrx_word' id='word_1_766' title='bbox 2177 3925 2295 3967; x_wconf 81' lang='lat' dir='ltr'><strong>esse</strong></span> <span class='ocrx_word' id='word_1_767' title='bbox 2332 3910 2659 3966; x_wconf 76' lang='lat' dir='ltr'><strong>mercedem.</strong></span> <span class='ocrx_word' id='word_1_768' title='bbox 2696 3930 2717 3963; x_wconf 75' lang='grc' dir='ltr'><strong>ι</strong></span> <span class='ocrx_word' id='word_1_769' title='bbox 2744 3910 2936 3967; x_wconf 79' lang='lat' dir='ltr'><strong>Gratia</strong></span> <span class='ocrx_word' id='word_1_770' title='bbox 2976 3909 3197 3967; x_wconf 78' lang='lat' dir='ltr'><strong>Domini</strong></span> <span class='ocrx_word' id='word_1_771' title='bbox 3233 3910 3411 3965; x_wconf 77' lang='lat' dir='ltr'><strong>nostri</strong></span> <span class='ocrx_word' id='word_1_772' title='bbox 3449 3926 3585 3966; x_wconf 71' lang='lat' dir='ltr'><strong>curn</strong></span> <span class='ocrx_word' id='word_1_773' title='bbox 3612 3911 3785 3969; x_wconf 73' lang='lat' dir='ltr'><strong>omni-</strong></span> 
     </span>
    </p>
   </div>
   <div class='ocr_carea' id='block_1_92' title="bbox 2176 4000 3783 4072">
    <p class='ocr_par' dir='ltr' id='par_1_92' title="bbox 2176 4000 3783 4072">
     <span class='ocr_line' id='line_1_92' title="bbox 2176 4000 3783 4072; baseline 0.002 -17"><span class='ocrx_word' id='word_1_774' title='bbox 2176 4002 2277 4057; x_wconf 85' lang='lat' dir='ltr'><strong>bus</strong></span> <span class='ocrx_word' id='word_1_775' title='bbox 2326 4001 2498 4057; x_wconf 85' lang='lat' dir='ltr'><strong>vobis.</strong></span> <span class='ocrx_word' id='word_1_776' title='bbox 2531 4022 2551 4055; x_wconf 81' lang='grc'><strong>»</strong></span> <span class='ocrx_word' id='word_1_777' title='bbox 2607 4002 2901 4059; x_wconf 83' lang='lat' dir='ltr'><strong>Sciendum</strong></span> <span class='ocrx_word' id='word_1_778' title='bbox 2941 4004 3089 4072; x_wconf 81' lang='lat' dir='ltr'><strong>quod</strong></span> <span class='ocrx_word' id='word_1_779' title='bbox 3129 4002 3187 4057; x_wconf 90' lang='lat' dir='ltr'><strong>in</strong></span> <span class='ocrx_word' id='word_1_780' title='bbox 3231 4000 3443 4058; x_wconf 69' lang='lat' dir='ltr'><strong>Graecis</strong></span> <span class='ocrx_word' id='word_1_781' title='bbox 3500 4003 3783 4059; x_wconf 65' lang='lat' dir='ltr'><strong>codicibus</strong></span> 
     </span>
    </p>
   </div>
   <div class='ocr_carea' id='block_1_93' title="bbox 2179 4092 3783 4165">
    <p class='ocr_par' dir='ltr' id='par_1_93' title="bbox 2179 4092 3783 4165">
     <span class='ocr_line' id='line_1_93' title="bbox 2179 4092 3783 4165; baseline 0.003 -20"><span class='ocrx_word' id='word_1_782' title='bbox 2179 4092 2253 4145; x_wconf 87' lang='lat' dir='ltr'><strong>ita</strong></span> <span class='ocrx_word' id='word_1_783' title='bbox 2277 4092 2541 4162; x_wconf 83' lang='lat' dir='ltr'><strong>scriptum</strong></span> <span class='ocrx_word' id='word_1_784' title='bbox 2564 4101 2665 4158; x_wconf 85' lang='lat' dir='ltr'><strong>est,</strong></span> <span class='ocrx_word' id='word_1_785' title='bbox 2699 4111 2719 4144; x_wconf 78' lang='grc' dir='ltr'><strong>ι</strong></span> <span class='ocrx_word' id='word_1_786' title='bbox 2737 4093 2912 4165; x_wconf 85' lang='lat' dir='ltr'><strong>gratia</strong></span> <span class='ocrx_word' id='word_1_787' title='bbox 2936 4107 3061 4147; x_wconf 88' lang='lat' dir='ltr'><strong>cum</strong></span> <span class='ocrx_word' id='word_1_788' title='bbox 3084 4093 3337 4149; x_wconf 83' lang='lat' dir='ltr'><strong>omnibus</strong></span> <span class='ocrx_word' id='word_1_789' title='bbox 3367 4093 3535 4150; x_wconf 84' lang='lat' dir='ltr'><strong>vobis</strong></span> <span class='ocrx_word' id='word_1_790' title='bbox 3552 4114 3575 4147; x_wconf 74' lang='grc' dir='ltr'><strong>ι</strong></span> <span class='ocrx_word' id='word_1_791' title='bbox 3600 4104 3665 4151; x_wconf 77' lang='lat' dir='ltr'><strong>ut</strong></span> <span class='ocrx_word' id='word_1_792' title='bbox 3689 4110 3783 4150; x_wconf 67' lang='lat' dir='ltr'><strong>na</strong></span> 
     </span>
    </p>
   </div>
   <div class='ocr_carea' id='block_1_94' title="bbox 2183 4170 3777 4247">
    <p class='ocr_par' dir='ltr' id='par_1_94' title="bbox 2183 4170 3777 4247">
     <span class='ocr_line' id='line_1_94' title="bbox 2183 4170 3777 4247; baseline 0.006 -12"><span class='ocrx_word' id='word_1_793' title='bbox 2183 4204 2201 4235; x_wconf 71' lang='grc' dir='ltr'><em>ς</em></span> <span class='ocrx_word' id='word_1_794' title='bbox 2226 4184 2437 4238; x_wconf 85' lang='lat' dir='ltr'><strong>Domini</strong></span> <span class='ocrx_word' id='word_1_795' title='bbox 2460 4204 2479 4236; x_wconf 76' lang='grc' dir='ltr'><strong>ι</strong></span> <span class='ocrx_word' id='word_1_796' title='bbox 2516 4199 2617 4238; x_wconf 82' lang='lat' dir='ltr'><strong>nec</strong></span> <span class='ocrx_word' id='word_1_797' title='bbox 2642 4170 2877 4238; x_wconf 65' lang='lat' dir='ltr'><strong>«nostri»</strong></span> <span class='ocrx_word' id='word_1_798' title='bbox 2925 4183 2979 4239; x_wconf 83' lang='lat' dir='ltr'><strong>in</strong></span> <span class='ocrx_word' id='word_1_799' title='bbox 3009 4182 3165 4239; x_wconf 84' lang='lat' dir='ltr'><strong>libris</strong></span> <span class='ocrx_word' id='word_1_800' title='bbox 3185 4182 3398 4239; x_wconf 78' lang='lat' dir='ltr'><strong>feratur</strong></span> <span class='ocrx_word' id='word_1_801' title='bbox 3420 4186 3777 4247; x_wconf 70' lang='lat' dir='ltr'><strong>authenticis.</strong></span> 
     </span>
    </p>
   </div>
   <div class='ocr_carea' id='block_1_95' title="bbox 2176 4272 3782 4345">
    <p class='ocr_par' dir='ltr' id='par_1_95' title="bbox 2176 4272 3782 4345">
     <span class='ocr_line' id='line_1_95' title="bbox 2176 4272 3782 4345; baseline 0.005 -17"><span class='ocrx_word' id='word_1_802' title='bbox 2176 4274 2237 4329; x_wconf 78' lang='lat' dir='ltr'><strong>in</strong></span> <span class='ocrx_word' id='word_1_803' title='bbox 2262 4275 2533 4329; x_wconf 85' lang='lat' dir='ltr'><strong>communi</strong></span> <span class='ocrx_word' id='word_1_804' title='bbox 2564 4274 2743 4344; x_wconf 82' lang='lat' dir='ltr'><strong>itaque</strong></span> <span class='ocrx_word' id='word_1_805' title='bbox 2770 4272 2977 4330; x_wconf 84' lang='lat' dir='ltr'><strong>sanctis</strong></span> <span class='ocrx_word' id='word_1_806' title='bbox 3001 4282 3164 4345; x_wconf 81' lang='lat' dir='ltr'><strong>atque</strong></span> <span class='ocrx_word' id='word_1_807' title='bbox 3184 4273 3709 4344; x_wconf 80' lang='lat' dir='ltr'><strong>credentibus,Tito</strong></span> <span class='ocrx_word' id='word_1_808' title='bbox 3730 4287 3782 4336; x_wconf 70' lang='lat' dir='ltr'><strong>et</strong></span> 
     </span>
    </p>
   </div>
   <div class='ocr_carea' id='block_1_96' title="bbox 2175 4365 3781 4439">
    <p class='ocr_par' dir='ltr' id='par_1_96' title="bbox 2175 4365 3781 4439">
     <span class='ocr_line' id='line_1_96' title="bbox 2175 4365 3781 4439; baseline 0.003 -17"><span class='ocrx_word' id='word_1_809' title='bbox 2175 4366 2392 4422; x_wconf 66' lang='lat' dir='ltr'><strong>caeteris</strong></span> <span class='ocrx_word' id='word_1_810' title='bbox 2430 4365 2675 4436; x_wconf 84' lang='lat' dir='ltr'><strong>quicum</strong></span> <span class='ocrx_word' id='word_1_811' title='bbox 2723 4379 2790 4420; x_wconf 83' lang='lat' dir='ltr'><strong>eo</strong></span> <span class='ocrx_word' id='word_1_812' title='bbox 2820 4373 2998 4432; x_wconf 89' lang='lat' dir='ltr'><strong>erant,</strong></span> <span class='ocrx_word' id='word_1_813' title='bbox 3038 4365 3369 4437; x_wconf 81' lang='lat' dir='ltr'><strong>imprecatur</strong></span> <span class='ocrx_word' id='word_1_814' title='bbox 3412 4370 3687 4439; x_wconf 75' lang='lat' dir='ltr'><strong>gratiam;</strong></span> <span class='ocrx_word' id='word_1_815' title='bbox 3731 4380 3781 4427; x_wconf 88' lang='lat' dir='ltr'><strong>et</strong></span> 
     </span>
    </p>
   </div>
   <div class='ocr_carea' id='block_1_97' title="bbox 2174 4454 3777 4529">
    <p class='ocr_par' dir='ltr' id='par_1_97' title="bbox 2174 4454 3777 4529">
     <span class='ocr_line' id='line_1_97' title="bbox 2174 4454 3777 4529; baseline 0.004 -19"><span class='ocrx_word' id='word_1_816' title='bbox 2174 4456 2446 4528; x_wconf 78' lang='lat' dir='ltr'><strong>quouiodo</strong></span> <span class='ocrx_word' id='word_1_817' title='bbox 2492 4454 2646 4511; x_wconf 84' lang='lat' dir='ltr'><strong>Isaac</strong></span> <span class='ocrx_word' id='word_1_818' title='bbox 2694 4456 3005 4529; x_wconf 85' lang='lat' dir='ltr'><strong>patriarcha</strong></span> <span class='ocrx_word' id='word_1_819' title='bbox 3055 4456 3335 4512; x_wconf 74' lang='lat' dir='ltr'><strong>benedixit</strong></span> <span class='ocrx_word' id='word_1_820' title='bbox 3387 4456 3567 4514; x_wconf 74' lang='lat' dir='ltr'><strong>Ilium</strong></span> <span class='ocrx_word' id='word_1_821' title='bbox 3624 4476 3777 4515; x_wconf 75' lang='lat' dir='ltr'><strong>suum</strong></span> 
     </span>
    </p>
   </div>
   <div class='ocr_carea' id='block_1_98' title="bbox 2173 4545 3775 4620">
    <p class='ocr_par' dir='ltr' id='par_1_98' title="bbox 2173 4545 3775 4620">
     <span class='ocr_line' id='line_1_98' title="bbox 2173 4545 3775 4620; baseline 0 -15"><span class='ocrx_word' id='word_1_822' title='bbox 2173 4549 2365 4612; x_wconf 86' lang='lat' dir='ltr'><strong>Jacob,</strong></span> <span class='ocrx_word' id='word_1_823' title='bbox 2391 4555 2446 4603; x_wconf 91' lang='lat' dir='ltr'><strong>et</strong></span> <span class='ocrx_word' id='word_1_824' title='bbox 2476 4547 2590 4619; x_wconf 89' lang='lat' dir='ltr'><strong>ipse</strong></span> <span class='ocrx_word' id='word_1_825' title='bbox 2629 4545 2799 4603; x_wconf 86' lang='lat' dir='ltr'><strong>Jacob</strong></span> <span class='ocrx_word' id='word_1_826' title='bbox 2831 4546 3117 4603; x_wconf 87' lang='lat' dir='ltr'><strong>duodecim</strong></span> <span class='ocrx_word' id='word_1_827' title='bbox 3140 4547 3521 4619; x_wconf 75' lang='lat' dir='ltr'><strong>patriarchas;</strong></span> <span class='ocrx_word' id='word_1_828' title='bbox 3550 4550 3775 4620; x_wconf 78' lang='lat' dir='ltr'><strong>apostoli</strong></span> 
     </span>
    </p>
   </div>
   <div class='ocr_carea' id='block_1_99' title="bbox 2175 4637 3776 4711">
    <p class='ocr_par' dir='ltr' id='par_1_99' title="bbox 2175 4637 3776 4711">
     <span class='ocr_line' id='line_1_99' title="bbox 2175 4637 3776 4711; baseline 0.001 -18"><span class='ocrx_word' id='word_1_829' title='bbox 2175 4654 2389 4709; x_wconf 81' lang='lat' dir='ltr'><strong>quoque</strong></span> <span class='ocrx_word' id='word_1_830' title='bbox 2428 4638 2794 4711; x_wconf 77' lang='lat' dir='ltr'><strong>ingredientes</strong></span> <span class='ocrx_word' id='word_1_831' title='bbox 2844 4638 3063 4694; x_wconf 89' lang='lat' dir='ltr'><strong>domum</strong></span> <span class='ocrx_word' id='word_1_832' title='bbox 3115 4637 3403 4693; x_wconf 82' lang='lat' dir='ltr'><strong>dicebant:</strong></span> <span class='ocrx_word' id='word_1_833' title='bbox 3436 4657 3455 4690; x_wconf 76' lang='grc' dir='ltr'><strong>ι</strong></span> <span class='ocrx_word' id='word_1_834' title='bbox 3488 4637 3609 4694; x_wconf 66' lang='lat' dir='ltr'><strong>Pax</strong></span> <span class='ocrx_word' id='word_1_835' title='bbox 3660 4640 3776 4695; x_wconf 85' lang='lat' dir='ltr'><strong>huic</strong></span> 
     </span>
    </p>
   </div>
   <div class='ocr_carea' id='block_1_100' title="bbox 2173 4730 3773 4803">
    <p class='ocr_par' dir='ltr' id='par_1_100' title="bbox 2173 4730 3773 4803">
     <span class='ocr_line' id='line_1_100' title="bbox 2173 4730 3773 4803; baseline -0.001 -16"><span class='ocrx_word' id='word_1_836' title='bbox 2173 4732 2383 4798; x_wconf 85' lang='lat' dir='ltr'><strong>domui,</strong></span> <span class='ocrx_word' id='word_1_837' title='bbox 2406 4753 2425 4785; x_wconf 81' lang='grc' dir='ltr'><strong>ι</strong></span> <span class='ocrx_word' id='word_1_838' title='bbox 2460 4741 2515 4787; x_wconf 90' lang='lat' dir='ltr'><strong>et</strong></span> <span class='ocrx_word' id='word_1_839' title='bbox 2546 4733 2595 4789; x_wconf 83' lang='lat' dir='ltr'><strong>si</strong></span> <span class='ocrx_word' id='word_1_840' title='bbox 2637 4732 2798 4803; x_wconf 84' lang='lat' dir='ltr'><strong>digna</strong></span> <span class='ocrx_word' id='word_1_841' title='bbox 2839 4739 2959 4786; x_wconf 87' lang='lat' dir='ltr'><strong>erat</strong></span> <span class='ocrx_word' id='word_1_842' title='bbox 2996 4730 3217 4795; x_wconf 88' lang='lat' dir='ltr'><strong>domus,</strong></span> <span class='ocrx_word' id='word_1_843' title='bbox 3248 4730 3637 4800; x_wconf 84' lang='lat' dir='ltr'><strong>requiescebat</strong></span> <span class='ocrx_word' id='word_1_844' title='bbox 3676 4746 3773 4802; x_wconf 71' lang='lat' dir='ltr'><strong>pax</strong></span> 
     </span>
    </p>
   </div>
   <div class='ocr_carea' id='block_1_101' title="bbox 2173 4821 3771 4895">
    <p class='ocr_par' dir='ltr' id='par_1_101' title="bbox 2173 4821 3771 4895">
     <span class='ocr_line' id='line_1_101' title="bbox 2173 4821 3771 4895; baseline -0.003 -15"><span class='ocrx_word' id='word_1_845' title='bbox 2173 4840 2359 4880; x_wconf 87' lang='lat' dir='ltr'><strong>eorum</strong></span> <span class='ocrx_word' id='word_1_846' title='bbox 2398 4839 2561 4895; x_wconf 88' lang='lat' dir='ltr'><strong>super</strong></span> <span class='ocrx_word' id='word_1_847' title='bbox 2597 4838 2752 4891; x_wconf 87' lang='lat' dir='ltr'><strong>eam;</strong></span> <span class='ocrx_word' id='word_1_848' title='bbox 2784 4824 2831 4879; x_wconf 86' lang='lat' dir='ltr'><strong>si</strong></span> <span class='ocrx_word' id='word_1_849' title='bbox 2878 4837 3010 4878; x_wconf 90' lang='lat' dir='ltr'><strong>vero</strong></span> <span class='ocrx_word' id='word_1_850' title='bbox 3043 4837 3102 4877; x_wconf 91' lang='lat' dir='ltr'><strong>se</strong></span> <span class='ocrx_word' id='word_1_851' title='bbox 3142 4821 3437 4877; x_wconf 78' lang='lat' dir='ltr'><strong>exhibebat</strong></span> <span class='ocrx_word' id='word_1_852' title='bbox 3468 4822 3771 4894; x_wconf 76' lang='lat' dir='ltr'><strong>indignam,</strong></span> 
     </span>
    </p>
   </div>
   <div class='ocr_carea' id='block_1_102' title="bbox 2175 4912 3773 4983">
    <p class='ocr_par' dir='ltr' id='par_1_102' title="bbox 2175 4912 3773 4983">
     <span class='ocr_line' id='line_1_102' title="bbox 2175 4912 3773 4983; baseline -0.003 -12"><span class='ocrx_word' id='word_1_853' title='bbox 2175 4916 2554 4973; x_wconf 89' lang='lat' dir='ltr'><strong>revertebatur</strong></span> <span class='ocrx_word' id='word_1_854' title='bbox 2595 4912 2665 4969; x_wconf 86' lang='lat' dir='ltr'><strong>ad</strong></span> <span class='ocrx_word' id='word_1_855' title='bbox 2700 4928 2794 4969; x_wconf 90' lang='lat' dir='ltr'><strong>eos</strong></span> <span class='ocrx_word' id='word_1_856' title='bbox 2823 4912 2915 4983; x_wconf 92' lang='lat' dir='ltr'><strong>qui</strong></span> <span class='ocrx_word' id='word_1_857' title='bbox 2945 4927 3065 4968; x_wconf 89' lang='lat' dir='ltr'><strong>eam</strong></span> <span class='ocrx_word' id='word_1_858' title='bbox 3097 4912 3312 4967; x_wconf 88' lang='lat' dir='ltr'><strong>fuerant</strong></span> <span class='ocrx_word' id='word_1_859' title='bbox 3341 4912 3635 4982; x_wconf 84' lang='lat' dir='ltr'><strong>imprecati</strong></span> <span class='ocrx_word' id='word_1_860' title='bbox 3661 4927 3677 4967; x_wconf 87' lang='lat'><strong>:</strong></span> <span class='ocrx_word' id='word_1_861' title='bbox 3704 4912 3773 4966; x_wconf 73' lang='lat' dir='ltr'><strong>ita</strong></span> 
     </span>
    </p>
   </div>
   <div class='ocr_carea' id='block_1_103' title="bbox 2175 5000 3770 5077">
    <p class='ocr_par' dir='ltr' id='par_1_103' title="bbox 2175 5000 3770 5077">
     <span class='ocr_line' id='line_1_103' title="bbox 2175 5000 3770 5077; baseline -0.005 -12"><span class='ocrx_word' id='word_1_862' title='bbox 2175 5018 2231 5065; x_wconf 92' lang='lat' dir='ltr'><strong>et</strong></span> <span class='ocrx_word' id='word_1_863' title='bbox 2266 5025 2410 5064; x_wconf 92' lang='lat' dir='ltr'><strong>nunc</strong></span> <span class='ocrx_word' id='word_1_864' title='bbox 2436 5009 2489 5064; x_wconf 92' lang='lat' dir='ltr'><strong>in</strong></span> <span class='ocrx_word' id='word_1_865' title='bbox 2518 5008 2623 5064; x_wconf 83' lang='lat' dir='ltr'><strong>ﬁne</strong></span> <span class='ocrx_word' id='word_1_866' title='bbox 2651 5006 2905 5077; x_wconf 74' lang='lat' dir='ltr'><strong>Epistohc</strong></span> <span class='ocrx_word' id='word_1_867' title='bbox 2931 5020 3040 5060; x_wconf 73' lang='lat' dir='ltr'><strong>sua:</strong></span> <span class='ocrx_word' id='word_1_868' title='bbox 3066 5000 3357 5075; x_wconf 84' lang='lat' dir='ltr'><strong>Apostolus</strong></span> <span class='ocrx_word' id='word_1_869' title='bbox 3396 5005 3636 5074; x_wconf 82' lang='lat' dir='ltr'><strong>gratiam</strong></span> <span class='ocrx_word' id='word_1_870' title='bbox 3663 5017 3770 5059; x_wconf 86' lang='lat' dir='ltr'><strong>cre-</strong></span> 
     </span>
    </p>
   </div>
   <div class='ocr_carea' id='block_1_104' title="bbox 2177 5092 3769 5169">
    <p class='ocr_par' dir='ltr' id='par_1_104' title="bbox 2177 5092 3769 5169">
     <span class='ocr_line' id='line_1_104' title="bbox 2177 5092 3769 5169; baseline -0.007 -12"><span class='ocrx_word' id='word_1_871' title='bbox 2177 5101 2428 5157; x_wconf 86' lang='lat' dir='ltr'><strong>dentibus</strong></span> <span class='ocrx_word' id='word_1_872' title='bbox 2472 5100 2824 5169; x_wconf 86' lang='lat' dir='ltr'><strong>imprecatur,</strong></span> <span class='ocrx_word' id='word_1_873' title='bbox 2858 5112 2979 5168; x_wconf 70' lang='lat' dir='ltr'><strong>quae</strong></span> <span class='ocrx_word' id='word_1_874' title='bbox 3026 5110 3149 5151; x_wconf 89' lang='lat' dir='ltr'><strong>cum</strong></span> <span class='ocrx_word' id='word_1_875' title='bbox 3196 5104 3323 5148; x_wconf 91' lang='lat' dir='ltr'><strong>voto</strong></span> <span class='ocrx_word' id='word_1_876' title='bbox 3362 5093 3611 5151; x_wconf 86' lang='lat' dir='ltr'><strong>habebat</strong></span> <span class='ocrx_word' id='word_1_877' title='bbox 3655 5092 3769 5147; x_wconf 64' lang='lat' dir='ltr'><strong>effe»</strong></span> 
     </span>
    </p>
   </div>
   <div class='ocr_carea' id='block_1_105' title="bbox 2176 5188 3767 5259">
    <p class='ocr_par' dir='ltr' id='par_1_105' title="bbox 2176 5188 3767 5259">
     <span class='ocr_line' id='line_1_105' title="bbox 2176 5188 3767 5259; baseline -0.006 -9"><span class='ocrx_word' id='word_1_878' title='bbox 2176 5202 2343 5259; x_wconf 89' lang='lat' dir='ltr'><strong>ctum,</strong></span> <span class='ocrx_word' id='word_1_879' title='bbox 2375 5201 2430 5248; x_wconf 91' lang='lat' dir='ltr'><strong>et</strong></span> <span class='ocrx_word' id='word_1_880' title='bbox 2472 5199 2590 5246; x_wconf 88' lang='lat' dir='ltr'><strong>erat</strong></span> <span class='ocrx_word' id='word_1_881' title='bbox 2634 5191 2691 5245; x_wconf 85' lang='lat' dir='ltr'><strong>in</strong></span> <span class='ocrx_word' id='word_1_882' title='bbox 2732 5198 2998 5259; x_wconf 87' lang='lat' dir='ltr'><strong>potestate</strong></span> <span class='ocrx_word' id='word_1_883' title='bbox 3026 5188 3387 5253; x_wconf 87' lang='lat' dir='ltr'><strong>credentium,</strong></span> <span class='ocrx_word' id='word_1_884' title='bbox 3434 5189 3483 5243; x_wconf 86' lang='lat' dir='ltr'><strong>si</strong></span> <span class='ocrx_word' id='word_1_885' title='bbox 3517 5188 3679 5244; x_wconf 86' lang='lat' dir='ltr'><strong>talem</strong></span> <span class='ocrx_word' id='word_1_886' title='bbox 3714 5200 3767 5240; x_wconf 81' lang='lat' dir='ltr'><strong>se</strong></span> 
     </span>
    </p>
   </div>
   <div class='ocr_carea' id='block_1_106' title="bbox 2175 5280 3763 5354">
    <p class='ocr_par' dir='ltr' id='par_1_106' title="bbox 2175 5280 3763 5354">
     <span class='ocr_line' id='line_1_106' title="bbox 2175 5280 3763 5354; baseline -0.004 -12"><span class='ocrx_word' id='word_1_887' title='bbox 2175 5285 2523 5351; x_wconf 83' lang='lat' dir='ltr'><strong>benedictus,</strong></span> <span class='ocrx_word' id='word_1_888' title='bbox 2565 5281 2782 5354; x_wconf 79' lang='lat' dir='ltr'><strong>qualem</strong></span> <span class='ocrx_word' id='word_1_889' title='bbox 2826 5280 3152 5337; x_wconf 81' lang='lat' dir='ltr'><strong>benedicens</strong></span> <span class='ocrx_word' id='word_1_890' title='bbox 3199 5281 3444 5351; x_wconf 78' lang='lat' dir='ltr'><strong>praebere</strong></span> <span class='ocrx_word' id='word_1_891' title='bbox 3490 5280 3763 5337; x_wconf 74' lang='lat' dir='ltr'><strong>voluisset.</strong></span> 
     </span>
    </p>
   </div>
   <div class='ocr_carea' id='block_1_107' title="bbox 2174 5378 2368 5434">
    <p class='ocr_par' dir='ltr' id='par_1_107' title="bbox 2174 5378 2368 5434">
     <span class='ocr_line' id='line_1_107' title="bbox 2174 5378 2368 5434; baseline -0.015 0"><span class='ocrx_word' id='word_1_892' title='bbox 2174 5378 2368 5434; x_wconf 86' lang='lat' dir='ltr'><strong>Amen.</strong></span> 
     </span>
    </p>
   </div>
   <div class='ocr_carea' id='block_1_108' title="bbox 1545 5685 2708 5728">
    <p class='ocr_par' dir='ltr' id='par_1_108' title="bbox 1545 5685 2708 5728">
     <span class='ocr_line' id='line_1_108' title="bbox 1545 5685 2708 5728; baseline -0.001 -4"><span class='ocrx_word' id='word_1_893' title='bbox 1545 5685 2708 5728; x_wconf 44' lang='lat' dir='ltr'><strong>“eo”</strong></span> 
     </span>
    </p>
   </div>
  </div>
