3992 6338
464 536 473 543 .
1290 534 1299 539 .
1832 530 1837 557 ,

654 388 1204 451 manumanu
1241 356 1307 445 ira
1350 354 1499 445 m3.
1540 384 1748 442 PAULI
1786 383 1912 443 LIB.
1956 380 2145 438 xxvr.
2187 409 2255 422 —
2291 380 2357 439 IN
2397 358 2613 435 EPIST.
2654 376 2747 435 AD
2780 373 3054 433 PulLsu.

3385 369 3490 429 694

2468 512 3474 549 ..υ--ο--ι--α-*ι-ι

895 695 1307 811 LIBER
1388 674 2163 809 VICESIMUS
2243 656 2843 803 SEXTUS;

700 995 1245 1079 EXPOSITIO
1302 988 1432 1073 IN
1476 987 2064 1070 EPISTOLAM
2121 988 2254 1066 AD
2314 980 3025 1065 PHILEMONEM.

1634 887 2106 905 ψ

1637 1143 2110 1163 ῂ--η

772 1214 1281 1295 assensurum”.
1522 1306 1529 1315 .

327 1338 543 1403 'Ambr.)
578 1336 970 1405 Argumentum
998 1325 1250 1398 Epistulae
1273 1338 1437 1395 quam
1461 1320 1529 1377 ad
1550 1318 1821 1375 Philemo-

232 1446 365 1488 nem
396 1430 587 1483 beatus
611 1418 1133 1493 scripsitApustulus
1162 1416 1361 1471 Paulus
1384 1415 1439 1468 in
1460 1412 1547 1469 his
1569 1411 1817 1467 habetur.

234 1521 552 1581 Onesimus,
576 1529 765 1570 servus
785 1511 1113 1568 Philemonis
1134 1508 1436 1579 cujusdam,
1459 1504 1630 1560 ﬁdelis
1658 1510 1712 1558 et
1738 1515 1825 1555 re-

236 1610 419 1683 ligiosi
450 1608 575 1671 viri,
610 1605 811 1660 malum
846 1603 1052 1658 habens
1070 1598 1423 1672 propositum,
1446 1611 1542 1667 per
1576 1595 1756 1665 fugam
1791 1607 1825 1647 a

237 1718 344 1759 suo
373 1698 625 1756 discessit
660 1695 895 1753 domino.
940 1693 1092 1748 lluuc
1129 1700 1185 1746 et
1228 1689 1553 1769 procedente
1584 1697 1827 1756 tempore

237 1803 581 1863 cognoscens
628 1787 819 1842 beatus
860 1782 1149 1854 Apostolus
1196 1781 1262 1836 de
1318 1779 1478 1835 domo
1522 1785 1577 1833 et
1621 1775 1826 1831 lamilia

238 1899 365 1940 esse
401 1874 732 1936 Philemonis
773 1893 896 1933 cum
944 1875 1172 1931 essetin
1214 1872 1445 1929 vinculis
1480 1871 1635 1937 vidit,
1666 1884 1828 1940 quem

238 1972 495 2030 consiliis
511 1971 624 2027 suis
646 1978 701 2026 et
722 1965 1471 2025 exhortationibusintautum
1492 1963 1749 2035 placavit,
1767 1971 1829 2019 ut

239 2065 529 2138 pristinam
558 2046 817 2117 mafitiam
857 2058 940 2115 sui
968 2058 1178 2115 arbitrii
1223 2057 1553 2127 relinquens,
1579 2069 1831 2112 reversus

240 2157 418 2213 libero
452 2154 677 2210 arbitrio
710 2168 810 2208 suo
853 2153 1250 2223 obtemperaret
1284 2150 1525 2215 domino,
1560 2164 1721 2206 omne
1756 2147 1828 2215 ei,

240 2256 307 2302 ut
330 2246 580 2302 convenit
608 2243 920 2315 persolvens
946 2240 1296 2313 obsequium:
1321 2256 1481 2310 quem
1508 2240 1730 2311 placans
1752 2247 1833 2294 at-

246 2356 357 2412 que
408 2340 682 2395 instruens
721 2337 932 2393 remisit
969 2336 1035 2392 ad
1084 2334 1477 2400 Philemonem,
1519 2348 1626 2389 non
1657 2333 1831 2412 solum

240 2411 521 2506 obsequiis
540 2416 657 2503 ejus
692 2430 939 2511 idoneum
971 2443 1095 2483 eum
1118 2427 1404 2491 exhibens,
1448 2425 1542 2480 sed
1579 2431 1632 2480 et
1657 2411 1829 2495 pieia—

242 2528 322 2581 tis
372 2539 494 2580 eum
541 2523 742 2578 habere
793 2519 979 2576 docuit
1035 2519 1386 2590 diligentiam.
1451 2514 1653 2573 Scribit
1706 2531 1837 2588 ergo

244 2619 393 2674 hanc
434 2614 727 2687 Epistulam
776 2612 1102 2679 Philemoni,
1137 2586 1419 2683 postulans
1461 2620 1520 2667 ut
1561 2610 1663 2683 ipsi
1694 2586 1834 2666 Oue-
1862 2586 1911 2648 Β

246 2711 411 2773 simu,
438 2723 535 2779 pro
579 2707 775 2778 quibus
817 2703 1017 2759 dudum
1044 2704 1345 2774 deliquerat
1378 2702 1590 2757 veniam
1630 2702 1834 2756 tribue-

246 2810 357 2863 ret,
395 2799 661 2869 reciperet
693 2810 817 2852 eum
850 2795 909 2850 in
944 2794 1142 2851 affectu
1185 2793 1259 2849 ob
1284 2801 1603 2864 praesentem
1642 2805 1841 2861 propo-

248 2890 347 2946 siti
394 2886 513 2957 ejus
575 2885 986 2942 correctionem.
1021 2884 1126 2939 Sed
1190 2890 1564 2953 argumentum
1621 2880 1840 2950 quidem

250 2979 513 3053 Epistulae
538 2980 595 3033 in
635 2977 721 3033 his
749 2978 994 3033 habetur.
1028 2970 1155 3031 nate
1182 2978 1269 3029 est
1293 2980 1425 3045 ergo
1451 2970 1655 3028 utilitas
1675 2972 1843 3027 etiam

252 3072 420 3142 hujus
453 3070 706 3143 Epistulae
727 3079 786 3127 ut
808 3084 998 3126 omnes
1023 3069 1115 3141 qui
1144 3068 1201 3124 in
1224 3065 1601 3123 Ecclesiastica
1639 3064 1841 3120 haben-

256 3178 352 3223 tur
378 3166 674 3232 functione,
711 3152 949 3221 maxime
972 3161 1049 3218 illi
1075 3162 1167 3233 qui
1206 3170 1441 3232 messe
1465 3158 1723 3215 Eeclesiis
1764 3157 1844 3213 vin

254 3256 471 3319 dentur,
502 3264 563 3310 at
586 3255 762 3310 sciant
781 3251 1233 3323 quemadmodum
1259 3256 1504 3321 oporteat
1532 3263 1692 3320 agere
1718 3260 1843 3303 cum

256 3344 366 3404 illis
396 3344 491 3417 qui
528 3342 682 3401 nobis
710 3345 815 3401 ﬁde
848 3343 1029 3414 juncti
1061 3346 1206 3409 sunt,
1237 3336 1451 3413 quando
1478 3340 1564 3396 vel
1610 3340 1843 3397 maxime

258 3439 329 3496 de
356 3432 588 3510 negotiis
616 3437 795 3509 agitur
836 3436 962 3503 illis,
1004 3451 1124 3506 quae
1168 3434 1235 3490 ad
1271 3433 1392 3493 illos
1432 3433 1652 3504 proprie
1678 3431 1843 3502 perti-

257 3545 392 3587 nere
420 3530 689 3596 videntur,
724 3542 957 3599 quorum
982 3526 1271 3582 utilitatem
1309 3534 1440 3581 tunc
1470 3524 1704 3580 maxime
1723 3522 1846 3595 quis

256 3622 461 3694 poterit
498 3621 831 3695 perspicere,
877 3616 924 3676 si
970 3620 1272 3695 respexerit
1324 3617 1435 3685 illa,
1481 3632 1602 3689 qua:
1646 3616 1846 3673 nostris

260 3704 599 3787 temporibus
633 3728 664 3771 a
687 3713 870 3771 multis
897 3720 1176 3785 geruntur.
1202 3710 1357 3768 Nune
1384 3719 1561 3767 autem
1590 3710 1733 3766 sicut
1760 3710 1844 3765 in-

260 3815 562 3863 structurus
599 3805 852 3863 utilitatis
905 3807 1134 3861 aliorum
1177 3804 1456 3863 constituti
1506 3817 1849 3861 eommuuere

258 3899 507 3956 volemus
529 3914 644 3967 eos,
689 3898 783 3970 qui
819 3898 978 3955 nobis
1022 3897 1128 3955 title
1161 3897 1337 3967 juncti
1366 3903 1515 3962 sunt,
1561 3895 1627 3951 de
1652 3894 1847 3966 quibus
1873 3939 1920 4004 ε

261 3992 559 4048 convenire
584 3998 799 4065 oportet
822 4006 942 4063 cum
970 4004 1039 4046 eo
1073 3989 1318 4045 instituto
1362 4002 1487 4044 cum
1514 4002 1621 4058 quo
1649 3982 1847 4042 Paulus

260 4082 380 4137 vult
419 4096 629 4141 summa
664 4096 789 4137 cum
838 4080 1214 4139 obsecratione
1248 4092 1343 4136 eos
1372 4079 1685 4136 convenire.
1718 4077 1846 4135 Plu-

263 4173 392 4230 rimi
416 4188 546 4229 vero
571 4174 775 4231 nostris
807 4173 1139 4245 temporibus
1174 4171 1478 4229 nescientes
1499 4184 1640 4243 quae,
1672 4169 1847 4241 quali-

264 4272 372 4330 ter,
408 4273 466 4318 et
492 4263 710 4335 quando
738 4262 855 4318 ﬁeri
882 4263 1135 4327 debeant,
1174 4262 1488 4319 existimant
1523 4261 1851 4333 contempla-

266 4355 419 4410 tione
464 4354 684 4425 pietatis
747 4360 997 4424 epurtere
1044 4355 1222 4409 omnia
1264 4353 1547 4427 praesentis
1598 4354 1854 4425 temporis

268 4440 551 4511 confundi,
582 4452 638 4500 et
680 4444 883 4501 nullam
923 4459 1044 4502 esse
1071 4444 1457 4502 discretionem
1486 4444 1629 4501 inter
1667 4459 1853 4500 servus

267 4543 327 4590 et
353 4533 600 4590 dominos
628 4534 823 4589 divites
858 4542 912 4589 et
938 4549 1203 4609 pauperes
1227 4553 1240 4590 :
1267 4550 1360 4591 eos
1387 4534 1480 4606 qui
1518 4535 1619 4593 sub
1647 4535 1852 4606 princi-

266 4626 489 4697 patibus
523 4634 670 4693 sunt,
727 4635 783 4682 et
813 4627 903 4699 qui
940 4624 1235 4699 principari
1281 4626 1404 4683 aliis
1428 4626 1683 4685 videntur
1715 4645 1729 4680 :
1761 4626 1857 4683 sed

270 4717 378 4772 hoc
405 4715 583 4775 sulu'm
611 4717 713 4772 sibi
746 4724 1053 4787 competere
1080 4717 1412 4783 existimant,
1451 4725 1511 4772 ut
1534 4732 1661 4773 cum
1689 4716 1858 4772 multa

271 4807 599 4891 auctoritate
644 4796 711 4891 de
752 4805 837 4861 bis
870 4821 990 4877 quae
1016 4805 1118 4861 sibi
1154 4805 1405 4861 videntur
1432 4807 1704 4877 imperent
1731 4806 1859 4873 illis,

270 4896 462 4953 nescio
487 4882 630 4953 unde
662 4882 805 4953 banc
847 4904 1168 4967 potestatem
1198 4898 1301 4954 sibi
1328 4897 1688 4954 vindicantes.
1720 4898 1863 4955 Pau-

272 4990 358 5048 lus
388 5006 520 5048 vero
546 5007 578 5047 e
613 4991 888 5048 contrario
924 4992 1184 5062 optimum
1227 5007 1349 5049 esse
1392 4992 1760 5061 existimabat,
1802 5001 1863 5049 ut

276 5086 490 5158 singula
527 5086 581 5142 in
610 5101 707 5145 suo
751 5093 1033 5141 manerent
1054 5085 1264 5153 ordine,
1303 5086 1454 5140 salvo
1476 5086 1694 5156 pietatis
1733 5101 1861 5157 pro-

275 5179 476 5250 posito.
510 5175 662 5234 Unde
689 5185 869 5232 autem
903 5183 1021 5231 erat
1045 5177 1313 5248 placatus,
1336 5176 1589 5247 quoniam
1615 5175 1866 5233 diﬂ‘eren-

1837 1231 1893 1294 Α
1918 1224 2186 1282 voluerint
2225 1223 2363 1289 lteri,
2389 1222 2529 1289 erit;
2554 1214 2674 1295 quae
2700 1230 2896 1279 cuncta
2943 1221 3000 1279 in
3041 1235 3141 1278 suo
3164 1220 3357 1277 ordme
3390 1233 3516 1277 ma-

1924 1330 2058 1372 nere
2096 1314 2327 1371 volebat.
2353 1312 2507 1370 Unde
2548 1322 2604 1368 et
2633 1306 2970 1384 diligentiam
3009 1311 3270 1368 adhibens
3312 1325 3517 1369 conve-

1922 1408 2186 1473 nientem,
2217 1420 2406 1461 omnes
2428 1405 2633 1476 pariter
2654 1405 2959 1461 instruebat
2986 1421 3001 1458 :
3030 1404 3152 1459 ideo
3174 1412 3233 1459 et
3250 1403 3519 1475 principi-

1920 1500 2028 1556 bus
2057 1498 2421 1569 obtemperari
2444 1497 2617 1569 jubet,
2641 1512 2736 1553 eos
2765 1496 3013 1567 inquiens
3039 1510 3254 1551 omnem
3281 1501 3521 1566 potesta-

1927 1599 2038 1646 tem
2067 1607 2099 1644 a
2128 1592 2237 1646 Deo
2276 1605 2396 1645 esse
2443 1589 2779 1661 dispositam,
2808 1596 2863 1643 et
2911 1584 2983 1645 ad
3014 1588 3235 1661 plenum
3272 1586 3522 1659 pracipit

1926 1693 1990 1739 ut
2017 1684 2307 1754 unicuique
2360 1683 2598 1739 debitum
2639 1684 3030 1757 persulvamus,
3078 1683 3193 1739 sive
3236 1682 3521 1778 tributum,

1930 1777 2043 1833 sive
2068 1777 2325 1848 vectigal,
2361 1777 2475 1832 sive
2511 1777 2785 1843 timorem,
2836 1779 2950 1835 sive
2998 1775 3286 1842 honorem,
3322 1775 3525 1846 plenis-

1930 1870 2068 1926 sime
2096 1869 2417 1940 praecipiens
2457 1878 2518 1924 ut
2545 1869 2807 1942 quidquid
2850 1869 2906 1924 in
2937 1869 3177 1926 debitum
3205 1878 3263 1925 et
3299 1877 3521 1925 contra-

1933 1972 2080 2020 ctum
2126 1963 2357 2019 habetur
2390 1963 2748 2033 persolvatur.
2786 1961 2895 2018 Sed
2941 1975 3116 2031 neque
3155 1960 3224 2017 de
3270 1960 3525 2033 largitate

1931 2070 2052 2126 qua:
2079 2054 2140 2109 tit
2180 2054 2234 2111 in
2255 2068 2523 2124 pauperes
2563 2053 2808 2110 scribens
2843 2051 3165 2123 praeceptiva
3208 2050 3263 2107 id
3296 2049 3417 2105 fieri
3438 2064 3529 2121 ju-

1931 2148 2044 2213 bet,
2087 2147 2183 2202 sed
2221 2146 2414 2203 melius
2465 2160 2587 2202 esse
2622 2145 2953 2202 existimavit
2982 2146 3280 2201 concedere
3322 2144 3428 2200 illis
3464 2151 3527 2199 ut

1930 2238 2303 2309 unusquisque
2330 2237 2590 2308 propositi
2622 2237 2706 2292 sui
2731 2243 2857 2309 agat
2892 2236 3139 2292 arbitrio.
3158 2234 3353 2291 Adhuc
3388 2235 3531 2291 etil-

1934 2332 2025 2389 lud
2057 2331 2272 2403 adjecit,
2312 2339 2374 2387 ut
2421 2332 2714 2387 secundum
2744 2332 2893 2387 vires
2914 2346 3042 2387 suas
3069 2331 3351 2402 pmbeant
3378 2346 3397 2384 :
3427 2344 3531 2386 neu

1936 2436 2117 2481 autem
2145 2426 2348 2497 patitur
2377 2435 2434 2481 ut
2483 2426 2574 2481 alii
2617 2426 2835 2496 quidem
2881 2427 2991 2482 sint
3020 2426 3077 2481 in
3122 2427 3391 2496 requiem,
3421 2425 3525 2496 ipsi

1938 2534 2069 2575 vero
2096 2519 2189 2589 qui
2215 2521 2460 2589 praebent
2480 2519 2703 2589 penuria
2733 2527 3104 2575 conterantur.
3145 2519 3345 2579 Servos
3363 2532 3531 2573 omne

1940 2611 2139 2669 servile
2166 2612 2489 2682 obsequium
2528 2613 2641 2669 suis
2675 2611 2911 2669 dominis
2953 2611 3195 2682 praebere
3224 2624 3353 2669 cum
3378 2610 3530 2667 omni

1938 2704 2187 2774 praecipit
2208 2703 2590 2770 sollicitudine,
2618 2704 2733 2759 sive
2758 2704 2955 2773 impios
2983 2704 3243 2770 habeant,
3268 2704 3385 2759 sive
3403 2702 3529 2774 pios

1942 2798 2209 2873 dominos.
2250 2796 2385 2853 Nam
2418 2806 2476 2852 et
2510 2799 2564 2855 in
2589 2797 2843 2866 praesenti
2870 2796 3109 2867 Epistula
3134 2796 3379 2855 scribens
3407 2796 3529 2853 viro

1942 2888 2089 2945 ﬁdeli
2130 2896 2185 2943 et
2213 2904 2313 2945 suo
2344 2888 2609 2958 discipule
2631 2902 2861 2958 magntis
2889 2887 2985 2944 ille
3000 2887 3227 2955 Paulus,
3251 2895 3308 2944 et
3330 2888 3437 2944 hoe
3461 2887 3535 2943 de

1943 2994 2103 3036 servo
2126 2981 2179 3035 in
2216 2980 2427 3037 meliori
2457 2986 2605 3035 statu
2636 2994 2879 3045 reverso,
2905 2989 2963 3035 et
2988 2979 3360 3049 promittente,
3383 2978 3541 3048 Quod

1944 3071 2012 3128 de
2034 3080 2233 3128 caetero
2255 3071 2469 3142 integro
2494 3070 2723 3127 arbitrio
2741 3084 2864 3127 eum
2907 3070 3057 3127 omni
3079 3070 3371 3129 devotione
3403 3083 3527 3126 ser-

1942 3163 2057 3219 viat
2087 3162 2333 3227 Domino,
2369 3176 2477 3219 non
2511 3161 2665 3233 jubet
2699 3169 2759 3217 ut
2784 3160 3023 3218 dimittat
3046 3172 3263 3221 servum
3294 3161 3527 3221 liberm

1941 3270 2044 3326 per
2086 3254 2297 3311 arbitrii
2334 3254 2751 3310 mutabilitatem
2783 3255 2841 3309 in
2888 3254 3103 3321 melius,
3140 3255 3369 3313 vam
3398 3269 3535 3311 vero

1944 3347 2075 3405 dare
2106 3347 2159 3404 ei
2200 3355 2454 3418 precatur
2482 3354 2691 3403 tantum
2725 3345 2791 3403 de
2820 3345 2927 3403 iliis
2972 3358 3093 3417 quae
3115 3353 3241 3401 ante
3266 3359 3531 3417 peccave-

1944 3447 2050 3505 rat,
2088 3439 2191 3495 bec
2225 3437 2345 3494 ﬁeri
2382 3451 2507 3493 cum
2551 3435 2721 3492 multa
2748 3435 2987 3508 postulat
3022 3434 3434 3507 supplicatione.
3471 3432 3533 3490 Si

1944 3546 2076 3587 vero
2116 3530 2311 3600 aliquis
2335 3530 2403 3585 de
2451 3530 2557 3595 his,
2593 3528 2685 3599 qui
2732 3543 2879 3585 nune
2919 3536 3067 3594 sunt,
3110 3526 3275 3589 ωιτν
3308 3540 3531 3587 causam

1945 3623 2267 3689 invenisset,
2301 3623 2511 3678 veniam
2538 3621 2755 3693 quidem
2792 3632 2953 3681 serve
2975 3621 3096 3678 dari
3116 3636 3149 3677 a
3187 3621 3409 3679 domino
3432 3632 3535 3675 nec

1946 3714 2274 3785 supplicaret
2324 3727 2427 3770 nee
2461 3721 2697 3785 peteret;
2735 3714 2830 3773 sed
2876 3728 3001 3771 eum
3049 3713 3229 3770 multo
3270 3712 3535 3769 scriberet

1946 3806 2198 3876 imperio,
2244 3806 2502 3875 quoniam
2544 3812 2761 3876 oportet
2805 3818 3025 3863 servum
3074 3804 3230 3861 nobis
3274 3803 3385 3859 ﬁde
3410 3801 3537 3871 jun-

1949 3905 2123 3965 ctum,
2147 3905 2203 3955 et
2251 3896 2321 3951 ad
2362 3897 2620 3967 pietatem
2660 3905 2854 3966 sponte
2900 3903 3211 3955 currentem
3238 3892 3462 3951 liberari
3504 3907 3537 3947 a

1951 3989 2192 4047 servitio.
2222 3988 2382 4047 Tales
2419 3988 2564 4047 enim
2592 3988 2747 4044 multi
2775 3995 2907 4043 sunt
2942 3986 3227 4056 prmeentis
3255 3985 3537 4055 temporis,

1952 4087 2045 4157 qui
2067 4091 2257 4141 cautos
2285 4099 2345 4140 se
2372 4083 2561 4139 volunt
2591 4082 2766 4137 videri
2791 4080 2913 4137 aliis
2933 4094 3164 4137 onerosa
3194 4078 3531 4149 imperando.

1951 4175 2089 4232 Nam
2120 4175 2177 4231 in
2216 4174 2473 4245 pmsenti
2512 4172 2755 4243 Epistula
2797 4173 2923 4243 (pris
2953 4173 3033 4229 sic
3062 4170 3400 4229 insuadibilis
3428 4178 3535 4236 est,

1954 4276 2047 4325 aut
2078 4268 2317 4323 animum
2360 4267 2566 4323 habens
2604 4267 2936 4330 induratum,
2967 4265 3061 4335 qui
3108 4277 3221 4319 non
3245 4262 3540 4319 demirettrr

1954 4358 2180 4415 Paulum
2208 4368 2319 4415 tam
2349 4374 2607 4430 magnum
2640 4367 2697 4414 et
2734 4358 3085 4428 perspicuum
3103 4368 3203 4427 petI
3227 4355 3411 4413 omnia
3435 4368 3535 4409 ea-

1956 4459 2191 4509 stantem
2217 4458 2275 4506 et
2305 4450 2597 4507 virtutibus
2620 4450 2843 4520 pietatis
2866 4449 3121 4506 erunibus
3147 4448 3543 4519 propemodum

1956 4542 2266 4599 hominibus
2292 4541 2713 4613 prmeellentem,
2742 4541 2933 4601 videns
2970 4539 3241 4611 discipulo
3279 4554 3387 4596 suo
3411 4555 3543 4595 cum

1958 4641 2069 4691 tota
2096 4634 2333 4691 scribere
2359 4633 2752 4705 supplicatione
2780 4635 2851 4689 ub
2877 4632 3218 4703 prabendam
3246 4645 3407 4688 servo
3443 4646 3537 4685 ve-

1959 4728 2129 4793 niam,
2172 4735 2227 4783 et
2254 4727 2358 4782 hoe
2397 4742 2507 4783 non
2539 4726 2787 4797 apostolo
2808 4707 3087 4791 existenti,
3117 4723 3213 4781 sed
3237 4723 3359 4779 viro
3394 4720 3541 4779 ﬁdeli

1958 4829 2017 4877 et
2060 4820 2301 4875 moribus
2345 4828 2557 4883 ornatu,
2600 4830 2940 4873 communem
2982 4816 3125 4873 hane
3153 4821 3539 4885 «sequentem

1960 4912 2149 4977 vitam,
2170 4911 2313 4966 sicut
2333 4918 2417 4965 est
2440 4908 2497 4967 id
2525 4907 2778 4979 colligere
2800 4921 2869 4961 ex
2894 4905 3001 4961 illis
3021 4904 3221 4976 quibus
3254 4904 3445 4962 scribit
3463 4903 3535 4967 ei,

1961 5018 2085 5060 cum
2115 5017 2283 5059 uxore
2312 5010 2369 5057 et
2392 5001 2523 5067 liiie,
2543 5010 2600 5057 et
2620 5000 2841 5070 quidem
2868 5008 2924 5057 et
2947 4999 3051 5057 hoe
3075 4999 3145 5057 de
3171 5014 3347 5055 servo.
3377 4996 3542 5053 Nam-

1963 5109 2067 5165 que
2093 5094 2183 5164 qui
2205 5093 2395 5149 codem
2425 5101 2665 5162 tempore
2685 5099 2844 5149 erant
2878 5089 3125 5162 per-tecti,
3155 5091 3229 5147 ah
3254 5091 3343 5149 his
3370 5090 3542 5147 omni-

1964 5183 2067 5242 bus
2113 5194 2269 5239 erant
2309 5184 2492 5241 alieni.
2537 5182 2724 5253 itaque
2758 5184 2973 5240 videtur
3020 5184 3159 5241 mihi
3198 5184 3269 5241 ad
3316 5184 3423 5241 hoc
3454 5184 3543 5240 vel

280 5271 354 5366 tia
384 5269 503 5324 haec
526 5267 704 5325 inesse
739 5267 1071 5366 hominibus
1084 5283 1423 5366 nequaquam
1451 5277 1661 5366 poterat
1683 5271 1730 5326 si
1756 5284 1865 5366 non
1889 5304 1944 5366 Β
1967 5277 2201 5366 maxime
2235 5277 2532 5366 respexisse
2563 5274 2619 5331 hi
2659 5276 2749 5346 qui
2797 5278 2850 5332 in
2884 5276 3185 5348 primordio
3205 5276 3274 5335 de
3301 5276 3542 5348 legendis

280 5361 428 5418 Deus
464 5374 584 5415 eam
622 5373 742 5415 esse
772 5350 1074 5416 voluisset?
1102 5361 1149 5416 si
1184 5370 1363 5421 tamen
1396 5362 1501 5419 hoc
1539 5364 1731 5420 scisset
1766 5364 1861 5420 ho-

280 5450 524 5509 minibus
546 5450 817 5523 expedire.
851 5448 1042 5508 Sciens
1067 5467 1197 5508 vero
1232 5452 1359 5509 illud
1385 5454 1527 5525 quod
1553 5454 1676 5510 talis
1707 5454 1860 5511 dilfe-

281 5545 461 5603 rentia
484 5544 646 5615 Inulla
697 5545 754 5601 in
792 5555 947 5618 parte
974 5546 1194 5619 pietatis
1229 5545 1385 5602 laedat
1428 5547 1715 5615 rationem,
1739 5563 1860 5605 cum

280 5639 499 5713 possint
517 5647 572 5695 et
587 5636 780 5695 divites
797 5646 854 5694 et
876 5653 1158 5710 pauperes,
1185 5646 1242 5695 et
1264 5640 1405 5696 servi
1427 5648 1482 5695 et
1508 5640 1681 5708 liberi,
1704 5642 1749 5697 si
1780 5651 1862 5698 ta-

281 5748 415 5792 men
445 5731 630 5799 velint,
647 5730 863 5788 studere
877 5732 1061 5803 pietati
1085 5747 1100 5788 :
1122 5732 1281 5791 sicuti
1309 5742 1366 5789 et
1385 5748 1417 5789 e
1440 5734 1715 5790 contrario
1736 5750 1864 5805 pos-

281 5831 418 5883 sunt
446 5818 578 5879 illud
607 5820 752 5893 quod
773 5822 1012 5880 deterius
1037 5831 1124 5882 est
1153 5823 1487 5896 praeeligere,
1528 5825 1576 5881 si
1618 5824 1693 5894 id,
1723 5827 1867 5899 quod
1915 5900 1921 5906 _

1967 5366 2023 5421 in
2050 5365 2291 5421 Ecclesia
2319 5365 2569 5434 Epistolis
2594 5367 2904 5425 statuebant
2921 5366 3171 5437 iussisse,
3197 5374 3257 5423 ut
3286 5366 3391 5421 ista
3418 5365 3547 5435 Epi-

1967 5456 2107 5514 stula
2136 5458 2190 5513 in
2215 5457 2453 5513 Ecclesia
2484 5455 2768 5528 legeretur,
2797 5460 2939 5517 sicut
2962 5469 3019 5515 et
3048 5468 3279 5522 caetera},
3303 5472 3368 5513 eo
3398 5456 3543 5525 quod

1967 5550 2091 5621 plus
2122 5565 2285 5620 quam
2311 5559 2523 5607 cteterm
2556 5551 2805 5621 Epistulae
2832 5553 2949 5608 hate
2982 5551 3220 5623 Epistula
3261 5549 3541 5606 humilita-

1971 5650 2080 5699 tem
2114 5642 2307 5697 docere
2344 5652 2553 5713 poterat
2598 5644 2891 5699 auditores.
2927 5643 3061 5699 Nam
3094 5660 3198 5699 non
3241 5650 3326 5698 est
3352 5641 3544 5697 verisi-

1971 5734 2099 5791 mile
2126 5743 2186 5790 ut
2213 5737 2281 5790 ad
2304 5736 2568 5808 integram
2598 5737 2893 5794 Ecclesiam
2921 5739 2989 5795 de
3017 5748 3124 5794 tam
3153 5737 3363 5808 magnis
3384 5749 3544 5804 nego-

1972 5827 2064 5885 tiis
2091 5827 2334 5886 scribens
2362 5828 2670 5886 burniliaret
2707 5846 2788 5900 se,
2812 5832 2908 5888 sed
2947 5832 3051 5889 hoc
3096 5838 3179 5888 est
3223 5828 3541 5888 miraculum
