3992 6338
458 303 564 362 695

1108 307 1169 363 Β.
1213 301 1464 366 ΠΑΒΑΝΙ
1503 306 1722 362 MAURI
1759 305 2036 362 ARCHIEI

2147 306 2435 376 IOGUNT.
2478 306 2763 364 OPERUM
2798 306 2978 364 PARS
3015 307 3100 366 ΙΙΙ.

3634 309 3736 365 696

452 418 598 487 quod
630 418 698 472 ad
728 433 893 472 unum
917 419 1180 485 scribens,
1212 430 1267 475 et
1303 423 1443 476 hunc
1482 421 1802 491 discipulum
1848 429 1904 476 et
1939 437 2044 476 non
2072 425 2126 482 Α
2149 420 2314 489 lisper
2359 415 2773 475 neceSsitatibus
2821 420 3143 474 serviamus.
3191 439 3209 471 ι
3255 419 3452 486 Nolite,
3499 442 3519 474 ι
3568 422 3740 492 inquil-

454 509 592 563 adeo
626 510 925 580 egregium,
955 511 1020 566 de
1053 520 1161 566 tam
1185 512 1288 566 levi
1323 513 1537 584 negotio
1569 514 1713 583 quod
1741 527 1866 568 cum
1892 521 2043 568 tanta

456 599 760 654 humilitate
789 598 985 658 fecisse
1019 602 1254 668 videtur,
1285 604 1349 657 de
1377 603 1482 658 illis
1524 604 1575 659 ei
1606 605 1877 672 imperare
1910 619 2046 674 quo-

455 706 574 744 rum
598 699 839 760 potestas
866 708 1033 764 penes
1062 693 1212 748 illum
1237 709 1357 749 esse
1383 693 1686 748 videbatur.
1707 693 1908 766 (Hien)
1939 695 2043 762 Qui

453 781 648 840 nolunt
685 783 828 838 inter
875 784 1146 856 Epistolas
1187 785 1342 840 Pauli
1388 801 1510 840 eam
1551 788 1796 857 recipere
1829 803 1949 857 quae
1977 789 2044 843 ad

452 869 821 926 Philemonem
849 874 1126 940 scribitur,
1161 859 1312 929 aiunt
1339 889 1444 930 non
1465 891 1676 947 semper
1705 877 2040 947 Apostolum,

453 977 555 1018 nec
583 963 763 1018 omnia
798 963 1016 1020 Christo
1044 964 1099 1019 in
1145 980 1205 1021 se
1242 967 1495 1036 loquente
1520 967 1739 1032 dixisse,
1782 967 1904 1037 quia
1945 983 2042 1022 ne-

453 1069 560 1123 que
591 1055 826 1110 humana
867 1056 1211 1112 imbecillitas
1237 1071 1406 1111 unum
1439 1065 1681 1113 tenorem
1711 1057 1883 1113 sancti
1918 1055 2043 1127 Spi-

453 1147 594 1201 ritus
627 1146 769 1202 ferre
792 1149 1076 1219 potuisset,
1119 1163 1295 1220 neque
1333 1148 1492 1219 hujus
1521 1151 1822 1220 corpusculi
1850 1166 2040 1206 neces-

452 1240 590 1299 sitas
647 1242 746 1297 sub
793 1242 1082 1311 praesentia
1130 1255 1346 1312 semper
1390 1242 1604 1296 Domini
1656 1243 2039 1314 compleretur,

450 1337 599 1393 velut
621 1336 906 1405 disponere
932 1334 1239 1405 prandium,
1263 1335 1441 1390 cibum
1458 1349 1670 1405 capere,
1699 1335 1930 1400 esurire,
1957 1350 2042 1389 sa-

451 1430 597 1495 tiari,
647 1429 856 1500 ingesta
889 1427 1153 1497 digerere,
1203 1427 1466 1481 exhausta
1511 1426 1799 1496 complere.
1865 1425 2044 1481 Taceo

452 1522 518 1576 de
554 1519 768 1575 caeteris
789 1534 907 1588 qua:
932 1517 1202 1586 exquisite
1224 1527 1280 1574 et
1303 1525 1489 1573 coacta
1512 1517 1796 1587 replicant,
1823 1526 1882 1572 ut
1905 1517 2046 1572 aﬂir-

451 1620 601 1666 ment
630 1611 798 1665 fuisse
834 1609 1053 1680 aliquod
1098 1617 1333 1679 tempus,
1385 1609 1437 1662 in
1471 1623 1579 1678 quo
1624 1608 1819 1664 Paulus
1863 1608 2044 1664 dicere

447 1717 556 1756 non
585 1702 806 1757 auderet
831 1719 844 1754 :
877 1720 897 1753 ‹
927 1701 1064 1757 Vivo
1092 1717 1200 1756 non
1229 1701 1343 1771 iam
1364 1717 1484 1772 ego,
1510 1702 1644 1756 vivit
1668 1710 1846 1756 autem
1875 1703 1932 1756 in
1957 1715 2044 1757 me

2147 510 2462 581 Apostolus,
2492 531 2508 561 ι
2541 510 2869 566 contristare
2920 510 3184 580 Spiritum
3233 519 3504 575 sanctum,
3532 511 3586 565 in
3634 527 3740 581 quo

2148 605 2344 674 signati
2374 604 2505 658 estis
2528 605 2580 658 in
2605 603 2692 658 die
2712 602 3098 672 redemptionis
3125 602 3340 674 (Ephes.
3367 603 3463 674 Iv).
3489 622 3506 653 ι
3537 603 3740 670 Quibus

2147 695 2401 764 operibus
2427 693 2662 764 Spiritus
2685 703 2904 749 sanctus
2925 693 3278 748 contristetur
3296 695 3559 764 pr0pheta
3591 711 3739 748 com-

2147 797 2432 854 memorat,
2466 788 2649 843 multis
2689 789 2744 841 in
2785 787 3029 842 ordinem
3075 787 3226 841 vitiis
3269 789 3620 858 peccatisque
3665 788 3740 842 di-

2148 881 2338 950 gestis,
2367 881 2435 935 ad
2460 889 2766 933 extremum
2797 877 2961 933 infert
2986 895 2998 931 :
3037 897 3054 930 ι
3083 878 3142 932 1η
3169 878 3421 934 omnibus
3453 877 3580 932 istis
3614 893 3740 932 cou-

2127 972 2404 1049 ‘tristabas
2452 987 2540 1027 me
2573 971 2740 1044 μετ’.
2781 971 2932 1042 vm).
2968 991 2986 1023 ι
3011 970 3265 1042 Alioquin
3315 972 3544 1026 calicem
3593 987 3741 1040 aqua!

2147 1064 2358 1138 frigidae
2403 1063 2701 1135 porrigere,
2733 1063 2899 1134 pedes
2929 1063 3130 1127 lavare,
3159 1062 3445 1118 immolare
3491 1062 3739 1128 vitulum,

2145 1157 2434 1227 prandium
2461 1169 2792 1225 praeparare,
2821 1162 3106 1225 peccatum
3134 1154 3226 1221 sit,
3251 1169 3375 1208 cum
3406 1154 3651 1208 sciamus
3679 1169 3742 1208 ex

2148 1249 2234 1304 his
2263 1249 2426 1303 rebus
2455 1248 2509 1301 in
2539 1246 2636 1301 Dei
2669 1249 2934 1316 quosdam
2976 1246 3116 1302 ﬁlios
3146 1247 3432 1316 adoptari?
3462 1245 3573 1302 Sed
3611 1248 3740 1301 mihi

2146 1343 2422 1404 videntur,
2450 1339 2578 1394 dum
2604 1339 2886 1410 epistolam
2920 1337 3278 1408 simplicitatis
3306 1345 3561 1408 arguunt,
3592 1354 3742 1393 suam

2146 1431 2471 1502 imperitiam
2497 1430 2746 1500 prodere,
2780 1445 2889 1484 non
2920 1429 3283 1500 intelligentes
3306 1429 3437 1498 quid
3473 1429 3529 1482 in
3560 1428 3742 1500 singu-

2147 1521 2214 1576 lis
2263 1520 2608 1575 sermonibus
2660 1520 2880 1574 virtutis
2927 1527 2984 1574 et
3031 1519 3308 1590 sapientia
3341 1519 3550 1574 lateat:
3604 1536 3738 1591 quaa,

2146 1613 2429 1669 orantibus
2457 1611 2632 1677 vobis,
2663 1618 2718 1665 et
2755 1611 2871 1679 ipso
2897 1611 3054 1666 nobis
3083 1609 3293 1680 Spiritu
3321 1619 3518 1665 sancto
3546 1626 3742 1683 sugge-

2145 1714 2301 1760 rente
2320 1745 2334 1769 ,
2365 1718 2473 1772 quo
2498 1703 2702 1772 scripta
2728 1711 2877 1767 sunt,
2906 1703 3018 1757 suis
3045 1702 3178 1758 locis
3203 1702 3504 1773 explanare
3531 1703 3745 1758 conabi-

445 1791 695 1848 Christus
725 1791 925 1864 (Galat.
967 1793 1029 1863 ιι)
1047 1810 1066 1858 ;
1097 1812 1115 1844 ι
1149 1801 1208 1870 et
1234 1791 1363 1846 illud
1388 1809 1400 1845 :
1437 1813 1454 1844 ‹
1480 1791 1563 1847 Αη
1611 1793 2040 1864 experimentum
2068 1805 2116 1864 Β
2143 1813 2285 1851 mur.
2306 1795 2364 1851 Si
2394 1804 2576 1850 autem
2590 1795 2830 1851 brevitas
2861 1795 3092 1850 habetur
3121 1796 3744 1865 contemptui,contem-

443 1882 683 1950 quaeritis
725 1883 843 1952 ejus
880 1883 970 1951 qui
1013 1882 1067 1934 in
1109 1895 1196 1936 me
1224 1882 1487 1951 loquitur,
1541 1881 1793 1937 Christus
1834 1880 1886 1954 (1
1910 1879 2034 1936 Cor.

443 1972 606 2046 xm)?
635 1992 652 2023 ι
691 1971 880 2040 Quale,
921 1972 1194 2042 inquiunt,
1216 1974 1650 2044 experimentum
1690 1972 1916 2039 Christi,
1957 1981 2041 2028 est

443 2064 632 2120 audire
658 2083 670 2118 :
704 2083 722 2116 ι
752 2064 1013 2120 Penulam
1063 2080 1224 2135 quam
1255 2065 1449 2135 reliqui
1477 2064 1703 2120 Troada:
1741 2065 1882 2136 apud
1908 2063 2041 2120 Car-

441 2173 572 2228 pum
599 2160 824 2214 veniens
863 2167 1044 2214 tecum
1075 2157 1208 2214 affer
1235 2157 1320 2231 (II
1351 2157 1484 2212 Tim.
1511 2157 1625 2230 Vl);
1663 2178 1682 2211 ι
1717 2166 1774 2214 et
1812 2157 1943 2213 illud
1971 2158 2041 2213 ad

443 2247 666 2304 Galatas
695 2267 708 2304 :
741 2269 759 2301 ε
791 2249 1012 2306 Utinam
1055 2259 1118 2306 et.
1150 2249 1511 2304 excindantur
1551 2249 1643 2318 qui
1684 2263 1782 2304 vos
1823 2257 2042 2304 contur-

445 2339 579 2395 bant
605 2339 809 2413 (Gatat.
837 2340 916 2413 v),
947 2362 966 2394 ›
996 2349 1051 2396 et
1091 2341 1147 2396 in
1192 2341 1294 2396 hac
1333 2340 1449 2410 ipsa
1493 2339 1729 2410 Epistola
1765 2353 1780 2369 °
1815 2359 1833 2391 ‹
1867 2339 2041 2393 Simul

445 2443 630 2488 autem
665 2439 722 2487 et
753 2449 1000 2503 praepara
1030 2433 1162 2488 mihi
1188 2433 1505 2503 hospitium.
1537 2451 1555 2483 ι
1589 2431 1704 2488 Hoc
1727 2442 1907 2488 autem
1930 2449 2040 2489 non

442 2523 618 2580 solum
653 2523 932 2593 apostolis,
952 2524 1045 2579 sed
1073 2521 1352 2593 prophetis
1374 2537 1590 2592 quoque
1621 2522 1873 2578 similiter
1899 2524 2043 2579 acci-

444 2617 609 2672 disse.
655 2614 813 2672 Unde
853 2615 1048 2684 stepius
1097 2614 1361 2684 scriptum
1400 2613 1640 2681 feratur,
1675 2631 1694 2664 ι
1724 2612 1929 2669 factum
1955 2623 2042 2671 est

441 2707 672 2763 verbum
717 2705 932 2762 Domini
979 2706 1047 2761 ad
1097 2705 1372 2770 Ezechiel,
1400 2725 1419 2758 ι
1463 2706 1578 2761 sive
1635 2706 1703 2760 ad
1744 2706 2046 2776 quemlibet

442 2795 610 2855 alium
638 2799 1048 2870 prophetarum,
1089 2798 1217 2868 quia
1258 2805 1381 2867 post
1411 2797 1687 2868 espletum
1718 2798 2038 2854 vaticinium

441 2905 662 2946 rursum
688 2891 741 2945 in
769 2899 940 2946 semet
959 2897 1260 2956 revertens,
1287 2889 1452 2945 homo
1477 2890 1782 2946 communis
1799 2890 1953 2946 ﬁeret
1973 2905 2040 2946 ex

443 2977 735 3052 Propheta,
775 2990 1002 3054 excepto
1041 2983 1270 3038 Domino
1313 2979 1502 3038 nostro
1537 2981 1664 3038 Jesu
1707 2983 1949 3049 Christo,
1981 2983 2038 3038 in

439 3072 586 3130 nullo
625 3084 871 3130 sanetum
908 3072 1168 3144 Spiritum
1203 3075 1606 3143 permansisse;
1645 3075 1790 3144 quod
1820 3075 2032 3146 signum

439 3175 494 3221 et
539 3165 783 3235 Baptista
824 3163 1062 3220 Joannes
1111 3174 1396 3234 acceperat
1429 3163 1623 3236 (Marc.
1655 3165 1720 3237 ι),
1769 3175 1832 3222 ut
1873 3183 2036 3239 super
2063 3166 2108 3228 C

439 3271 602 3326 quem
640 3256 871 3318 vidisset,
917 3253 1178 3326 Spiritum
1231 3263 1479 3311 sanctum
1527 3257 1943 3314 descendentem
1979 3270 2035 3315 et

439 3356 750 3403 manentem
789 3347 845 3402 in
875 3361 963 3413 eo,
1007 3347 1183 3416 ipsum
1232 3360 1354 3401 esse
1397 3357 1768 3417 cognosceret.
1801 3349 1881 3403 Ex
1925 3366 2033 3420 quo

437 3438 746 3493 ostenditur
789 3452 951 3506 super
991 3437 1194 3492 multos
1236 3437 1454 3506 quidem
1493 3437 1824 3494 descendere
1866 3439 2035 3510 Spiri-

440 3540 558 3585 tum
581 3539 850 3596 sanctun,
867 3531 960 3586 sed
975 3531 1194 3601 proprie
1215 3531 1321 3587 hoc
1339 3547 1459 3586 esse
1475 3531 1774 3589 Salvatoris
1800 3534 2027 3605 insigne,

440 3623 566 3692 quia
593 3631 912 3692 permaneat
947 3623 1000 3676 in
1026 3637 1111 3677 eo.
1141 3621 1237 3678 His
1262 3632 1318 3676 et
1355 3623 1569 3678 caeteris
1594 3622 1903 3693 huiusmodi
1931 3640 2030 3680 vo-

437 3713 576 3778 lunt,
602 3721 696 3767 aut
722 3712 1018 3782 Epistolam
1037 3728 1148 3769 non
1169 3728 1292 3770 esse
1315 3714 1490 3780 Pauli,
1515 3729 1634 3785 qua:
1661 3716 1728 3771 ad
1753 3714 2030 3773 Philemo-

436 3819 564 3859 nem
594 3803 873 3870 scribitur,
923 3813 1018 3860 aut
1055 3805 1101 3861 si
1144 3807 1309 3862 etiam
1337 3806 1492 3862 Pauli
1525 3808 1616 3874 sit,
1651 3808 1786 3864 nihil
1831 3809 2031 3865 habere

439 3897 583 3969 quod
611 3897 881 3953 mdiﬁcare
901 3899 1088 3968 possit,
1119 3908 1174 3955 et
1205 3916 1236 3955 a
1262 3901 1537 3972 plerisque
1559 3903 1836 3958 veteribus
1873 3918 2032 3976 repu-

437 3991 660 4055 diatam,
716 3991 845 4046 dum
888 3993 1304 4049 commendandi
1362 4003 1570 4050 tantum
1608 3996 1800 4051 scribit
1828 3995 2030 4063 olIicio,

437 4100 546 4139 non
582 4084 830 4139 docendi.
853 4086 924 4138 At
947 4099 979 4140 e
1007 4087 1285 4142 contrario
1310 4087 1404 4157 qui
1433 4102 1704 4159 germanae
1728 4089 2028 4145 auctorita-

439 4176 507 4230 tis
549 4190 669 4229 eam
729 4189 851 4230 esse
898 4174 1218 4242 defendunt,
1249 4177 1437 4233 dicunt
1487 4194 1766 4250 nunquam
1816 4180 1870 4235 in
1916 4189 2031 4236 toto

438 4266 571 4320 orbe
598 4280 629 4318 a
675 4265 888 4320 cunctis
915 4265 1174 4324 Ecclesiis
1211 4267 1377 4324 fuisse
1405 4278 1711 4339 susceptam
1748 4271 1852 4326 nisi
1877 4271 2032 4326 Pauli

437 4356 664 4429 apostoli
704 4356 1048 4425 crederetur;
1077 4367 1133 4415 et
1173 4359 1277 4415 hac
1319 4360 1435 4432 lege
1482 4376 1550 4416 ne
1586 4363 1881 4418 secundam
1911 4365 2032 4433 qui-

439 4447 562 4502 dem
591 4447 659 4502 ad
693 4446 1062 4514 Timotheum,
1092 4459 1148 4506 et
1177 4451 1245 4506 ad
1270 4449 1493 4506 Galatas
1519 4466 1614 4508 eos
1634 4452 1830 4509 debere
1857 4457 2032 4511 susei—

2141 1898 2303 1945 natur
2341 1888 2564 1955 Abdias,
2614 1887 2809 1954 Naum,
2867 1886 3196 1958 Sophonias,
3227 1895 3283 1942 ct
3322 1887 3415 1941 alii
3452 1886 3741 1942 duodecim

2139 1985 2552 2055 prophetarum,
2579 1983 2632 2038 in
2654 1983 2852 2053 quibus
2879 1990 2990 2036 tam
3013 1982 3170 2048 mira,
3195 1990 3306 2036 tam
3330 1982 3566 2052 grandia
3596 1993 3741 2048 sunt,

2141 2093 2262 2147 quae
2296 2075 2577 2141 feruntur,
2605 2084 2665 2130 ut
2691 2077 2904 2132 nescias
2943 2085 3123 2130 utrum
3163 2076 3490 2130 brevitatem
3535 2091 3745 2131 εει-πιθα

2142 2186 2272 2226 num
2298 2170 2353 2224 in
2381 2170 2489 2226 illis
2521 2171 2778 2224 admirari
2809 2171 3028 2234 debeas,
3061 2185 3132 2225 an
3156 2169 3595 2241 magnitudinem
3630 2187 3746 2225 sen—

2142 2278 2319 2316 suum.
2377 2261 2530 2327 Quod
2586 2262 2634 2316 si
2686 2261 3050 2332 intelligerent
3093 2261 3150 2315 hi
3202 2262 3294 2331 qui
3343 2263 3640 2331 epistolam
3683 2264 3746 2318 ad

2141 2351 2511 2406 Philemonem
2546 2352 2855 2424 repudiant,
2889 2369 3165 2424 tulitquam
3205 2354 3534 2408 brevitatem
3561 2348 3743 2423 despi-

2142 2450 2365 2496 cerent:
2392 2458 2512 2511 quze
2537 2457 2637 2511 pro
2667 2441 2940 2498 laciniosis
2969 2442 3102 2514 legis
3142 2444 3399 2498 oneribus
3430 2443 3747 2514 evangelico

2143 2535 2341 2588 decore
2383 2535 2692 2604 conscripta
2731 2544 2839 2601 est,
2873 2536 2998 2590 dum
3045 2535 3348 2591 breviatum
3391 2551 3744 2592 consumma-

2143 2632 2366 2696 tumque
2391 2640 2700 2682 sermonem
2727 2626 2860 2683 facit
2896 2627 3158 2684 Dominus
3181 2643 3346 2699 super
3373 2637 3604 2684 terram.

2655 2800 2885 2858 CAPUT
2937 2800 3222 2859 UNlCUM.

2142 2936 2574 3022 DenPhitentone,
2589 2939 2851 3022 eLAgpia,
2866 2948 2915 2993 et
2938 2939 3234 3022 Archippo,
3245 2948 3294 2994 et
3316 2940 3612 3022 domestica
3635 2944 3744 3012 ejus

2213 3009 2476 3082 Ecclesia.
2508 3009 2586 3063 De
2616 3007 2923 3064 Philemone
2943 3020 2990 3064 et
3016 3007 3290 3082 Apostolo,
3318 3028 3415 3082 pro
3443 3029 3507 3065 eo
3534 3013 3589 3064 in
3630 3007 3747 3067 ότα-

2214 3079 2442 3133 tionibus
2468 3097 2690 3152 semper
2716 3081 3023 3152 memoriam
3063 3079 3328 3150 faciente.
3367 3081 3444 3136 De
3493 3082 3746 3152 Apostolo

2214 3166 2335 3225 sene
2355 3159 2402 3202 et
2415 3149 2604 3225 rincto’
2625 3149 2921 3225 Philemoni
2946 3149 3255 3225 imperante,
3277 3149 3634 3225 eamdemque
3654 3174 3747 3225 pa-

2211 3222 2354 3295 riter
2374 3221 2671 3295 obsecrante
2703 3237 2797 3291 pro
2828 3220 3249 3295 Onesinto_ser_tvo
3275 3224 3462 3292 ipsius,
3490 3220 3549 3279 et
3565 3220 3746 3295 parari

2208 3291 2306 3366 sibi
2335 3292 2619 3366 hospitium
2634 3292 3051 3366 commendante.
3072 3291 3148 3366 De
3165 3291 3420 3366 Epaphra
3436 3291 3743 3366 condqptieo

2208 3363 2462 3432 Apostoli,
2487 3371 2534 3414 et
2558 3360 2765 3432 Marco,
2789 3372 2837 3416 et
2860 3364 3188 3429 Aristarcho,
3208 3360 3256 3416 et
3287 3360 3477 3430 Dento,
3498 3376 3548 3420 et
3573 3360 3741 3431 Luca,

2206 3430 2544 3500 adjnwribus
2579 3430 2762 3488 Pauli.

2212 3565 2228 3594 ι
2260 3543 2458 3598 Paulus
2489 3545 2704 3600 vinctus
2728 3543 2857 3600 Jesu
2885 3545 3112 3613 Christi,
3139 3556 3194 3603 et
3224 3547 3550 3604 Timotheus
3576 3550 3744 3605 frater

2140 3654 2160 3688 ι
2202 3635 2506 3692 Philemoni
2539 3637 2736 3693 dilecto
2759 3645 2815 3693 et
2838 3641 3182 3708 cooperatori
3228 3649 3440 3704 nostro,
3471 3649 3528 3695 et
3556 3641 3744 3713 Appire

2139 3745 2158 3778 ε
2180 3729 2182 3731 ’
2202 3727 2398 3792 sorori,
2430 3735 2485 3782 et
2509 3727 2783 3798 Archippo
2829 3728 3185 3784 commilitoni
3222 3738 3430 3794 nostro,
3464 3739 3524 3785 et
3551 3731 3741 3786 Eccle-

2139 3836 2156 3868 ι
2199 3817 2292 3872 sim
2328 3832 2448 3886 quae
2488 3818 2544 3872 in
2585 3819 2746 3873 domo
2779 3827 2869 3872 tua
2907 3826 3011 3874 est.
3039 3838 3058 3872 ›
3086 3816 3288 3891 (Hier.)
3331 3818 3610 3887 Qu:eritur
3647 3839 3744 3876 cur

2133 3917 2228 3963 aut
2252 3924 2358 3979 quo
2383 3909 2608 3979 iubente
2636 3908 2837 3964 Paulus
2866 3909 2953 3965 vel
2978 3911 3258 3980 antiquum
3303 3925 3501 3966 nomen
3541 3914 3741 3968 amise—

2133 3999 2223 4064 rit,
2253 3999 2336 4054 vel
2365 4015 2564 4054 uovum
2604 4000 2930 4069 sumpserit?
2977 3999 3049 4056 Ut
3092 4016 3162 4056 ex
3208 4001 3411 4056 Abram
3458 4003 3739 4058 Abraham

2133 4093 2403 4147 diceretur
2425 4094 2516 4147 Dei
2535 4092 2778 4164 iussione
2800 4093 3100 4164 perfectum
3123 4102 3225 4157 est,
3241 4105 3302 4148 ut
3323 4109 3390 4148 ex
3407 4094 3475 4149 Sa
3485 4096 3570 4150 rai
3592 4095 3741 4150 Same

2135 4184 2455 4238 vocabulum
2505 4183 2682 4249 ﬁeret,
2713 4199 2865 4252 aeque
2915 4183 3008 4238 Dei
3069 4185 3360 4253 imperium
3388 4183 3529 4250 fuit;
3578 4197 3658 4250 et,
3683 4197 3738 4240 ut

2133 4274 2201 4329 ad
2252 4290 2450 4331 novum
2490 4273 2917 4330 lnstrumentum
2971 4276 3209 4342 veniam,
3247 4284 3307 4330 ut
3349 4275 3546 4330 Simon
3593 4277 3738 4331 Petri

2135 4383 2334 4423 nomen
2387 4369 2685 4438 acciperet,
2734 4378 2786 4422 et
2833 4369 2929 4424 lilii
2974 4370 3220 4426 Zebedzei
3270 4371 3608 4443 Boancrges,
3639 4373 3740 4426 hoc

2133 4467 2218 4514 est
2243 4457 2344 4528 ﬁlii
2375 4460 2591 4513 tonitrui
2614 4469 2960 4526 vocarentur,
2987 4459 3203 4517 Domini
3229 4463 3404 4516 nostri
3428 4461 3558 4516 Jesu
3585 4461 3715 4516 Chri

436 4551 588 4611 pere,
611 4540 677 4596 de
701 4541 900 4611 quibus
933 4551 989 4595 et
1027 4543 1130 4612 ipsi
1161 4542 1410 4599 humana:
1435 4543 1822 4602 imbecillitatis
1845 4561 2032 4603 exem-
2053 4529 2109 4589 Ῑ)
2134 4549 2204 4603 sti
2229 4563 2362 4604 voce
2389 4559 2721 4619 praeceptum
2747 4558 2849 4604 est.
2879 4549 3060 4618 Quare
3082 4559 3262 4606 autem
3284 4565 3315 4605 e
3337 4549 3509 4605 Saulo
3535 4551 3738 4604 Paulus

435 4631 522 4704 pla
541 4633 885 4702 protulerint,
907 4652 926 4686 ‹
953 4635 1206 4704 penulam
1235 4653 1397 4707 quam
1425 4637 1619 4708 reliqui
1641 4637 1867 4694 Troada:
1887 4639 2028 4709 apud

435 4723 691 4795 Carpum,
706 4727 929 4782 veniens
956 4737 1132 4783 tecum
1163 4727 1364 4793 defem
1383 4739 1458 4792 et,
1480 4729 1714 4784 «utinam
1734 4731 2028 4786 excindan-
2055 4734 2057 4736 ’

438 4827 529 4872 tur
549 4817 640 4886 qui
663 4834 762 4874 vos
781 4820 1132 4886 conturbant,
1145 4839 1162 4871 ι
1183 4821 1409 4876 inveniri
1428 4821 1583 4892 plura
1598 4830 1653 4877 et
1673 4822 1739 4879 ad
1754 4821 2029 4880 Romanos

434 4916 492 4963 et
517 4915 746 4963 caeteras
775 4908 1067 4975 Ecclesias,
1100 4910 1333 4965 maxime
1368 4927 1488 4982 qua:
1514 4911 1581 4968 ad
1609 4911 1923 4970 Corinthios
1947 4931 2029 4970 re-

437 4999 680 5066 missius,
711 5007 765 5055 et
793 5000 1109 5070 quotidiano
1126 5017 1264 5072 pene
1293 5017 1545 5059 sermone
1567 5003 1788 5069 dictata,
1817 5005 1872 5059 in
1905 5006 2028 5075 qui-

432 5092 539 5148 bus
552 5091 838 5162 Apostolus
859 5091 1133 5162 loquatur,
1154 5092 1401 5150 cCaateris
1423 5103 1605 5150 autem
1631 5111 1731 5167 ego
1753 5097 1897 5162 dico,
1922 5113 2030 5152 non

435 5181 718 5247 Dominus,
743 5203 762 5236 ›
789 5198 925 5254 quas
962 5192 1018 5240 et
1047 5185 1192 5256 ipsas
1229 5187 1356 5256 quia
1401 5185 1604 5255 aliquid
1634 5187 1740 5241 tale
1767 5188 2026 5252 habeant,
2052 5179 2054 5182 ’

435 5291 530 5336 aut
570 5281 721 5337 Pauli
762 5284 1016 5355 epistolas
1044 5300 1150 5338 non
1182 5285 1480 5354 putandas,
1511 5291 1605 5337 aut
1645 5284 1691 5339 si
1732 5284 1848 5340 istm
1889 5288 2030 5343 reci-

433 5375 678 5446 piuntur,
709 5379 1075 5449 recipiendam
1100 5391 1222 5432 esse
1245 5384 1300 5429 et
1320 5374 1387 5429 ad
1407 5375 1779 5433 Philemonem
1801 5394 1870 5434 ex
1892 5393 2027 5450 pra:-

427 5464 635 5536 iudicio
662 5469 917 5523 similium
955 5475 1315 5537 receptarum.
1357 5462 1526 5521 Valde
1554 5475 1737 5522 autem
1765 5483 1858 5523 eos
1889 5469 2021 5524 sim-

434 5557 652 5630 pliciter
698 5561 988 5626 errare,si
1030 5567 1222 5629 putent
1246 5557 1425 5612 cibum
1473 5573 1678 5624 emere,
1729 5560 2023 5630 hospitium

431 5665 764 5722 pneparare,
795 5653 1116 5707 vestimenta
1146 5649 1469 5720 conquirere
1494 5665 1615 5706 esse
1639 5663 1941 5722 peccatum,
1968 5661 2023 5709 et

437 5755 684 5797 asserere
715 5743 883 5814 fugari
916 5744 1173 5813 Spiritum
1195 5751 1466 5809 sanctum,
1490 5743 1536 5798 si
1557 5745 1860 5813 corpusculi
1887 5762 2016 5818 pau-

2136 4640 2314 4697 dictus
2341 4641 2431 4706 sit,
2459 4640 2605 4696 nulla
2635 4640 2914 4710 Scriptura
2945 4653 3361 4698 commemorat.
3391 4641 3585 4712 Neque
3607 4657 3738 4694 vero

2135 4731 2431 4802 putandum
2457 4739 2561 4797 est,
2579 4742 2683 4786 uta
2705 4732 3124 4802 simplicioribus
3146 4732 3330 4788 latinis
3350 4733 3574 4805 legitur,
3594 4732 3735 4788 Sau-

2135 4823 2246 4878 lum
2271 4832 2396 4878 ante
2432 4823 2635 4878 dictum
2678 4838 2818 4890 esse,
2844 4833 2899 4877 et
2930 4839 3036 4878 non
3073 4823 3223 4890 Saul,
3255 4825 3381 4895 quia
3411 4834 3469 4880 et
3493 4825 3565 4880 de
3595 4825 3735 4879 tribu

2135 4914 2416 4984 Beniamin
2450 4923 2568 4970 erat
2603 4916 2657 4970 in
2687 4932 2792 4986 qua
2829 4917 2930 4972 hoc
2965 4933 3159 4971 nomen
3204 4918 3527 4973 familiarius
3575 4919 3736 4973 habe-

2134 5011 2326 5075 batur;
2362 5009 2623 5079 siquidem
2651 5017 2706 5064 et
2738 5009 2827 5064 ille
2863 5009 2991 5065 Saul
3037 5026 3129 5064 rex
3171 5009 3386 5075 Iudaeae,
3410 5021 3736 5080 persecutor

2134 5102 2305 5157 David
2326 5101 2393 5156 de
2425 5101 2566 5156 tribu
2595 5100 2870 5170 Beniamin
2903 5101 3024 5156 fuit.
3059 5100 3210 5168 Quod
3251 5109 3430 5156 autem
3475 5100 3680 5156 Saulus
3704 5116 3732 5153 a

2129 5193 2290 5249 nobis
2316 5192 2538 5256 dicitur,
2565 5206 2671 5246 non
2701 5193 2900 5246 mirum
2929 5201 3012 5246 est
3051 5190 3275 5245 Hebraea
3308 5193 3532 5245 nomina
3563 5193 3631 5245 ad
3662 5192 3733 5244 si-

2130 5283 2490 5339 militudinem
2521 5281 2831 5337 Graecorum
2864 5291 2919 5337 et
2944 5281 3316 5336 Romanorum
3361 5297 3592 5336 casuum
3639 5282 3733 5337 de-

2129 5376 2342 5441 clinari,
2361 5386 2421 5430 ut
2444 5377 2584 5432 sicut
2603 5391 2703 5448 pro
2726 5376 2925 5447 Joseph
2953 5375 3240 5448 Iosephus,
3259 5393 3358 5448 pro
3379 5375 3556 5433 Iacob
3575 5378 3732 5434 Jaco-

2126 5471 2260 5536 DUS,
2288 5471 2361 5525 ita
2385 5485 2485 5541 pro
2513 5469 2644 5524 Saul
2672 5485 2885 5540 quoque
2916 5470 3111 5526 Saulus
3140 5471 3192 5526 iu
3223 5481 3407 5526 nostra
3449 5473 3630 5542 lingua
3667 5487 3732 5526 ac

2125 5577 2376 5617 sermone
2429 5564 2675 5618 dicatur:
2703 5572 2760 5617 ut
2803 5567 2944 5617 enim
2980 5563 3186 5633 Scipio,
3217 5564 3465 5633 subiecta
3518 5565 3728 5628 Africa,

2122 5655 2362 5709 Africani
2387 5654 2486 5708 sibi
2513 5669 2712 5709 nomen
2743 5657 3065 5725 assumpsit:
3089 5666 3142 5711 et
3173 5656 3436 5723 Metellus,
3453 5658 3615 5712 Creta
3639 5658 3730 5711 in-

2121 5746 2234 5801 sula
2254 5747 2558 5816 subiugata,
2576 5747 2783 5816 insigne
2795 5746 2992 5802 Cretici
3017 5765 3128 5804 sua:
3152 5749 3367 5804 fmnilice
3387 5749 3724 5820 reportavit;
