3992 6338
290 375 397 432 697
704 370 1252 436 ENARRATIONUM
1289 373 1357 432 IN
1396 375 1544 432 EPP.
1588 375 1791 433 PAULI
1833 377 1957 434 LIB.
1993 378 2179 434 XXVI.
2223 409 2292 420 -υ
2325 379 2392 435 IN
2433 379 2647 436 EPIST.
2691 381 2782 436 AD
2821 383 3095 442 PHILEM.
3453 393 3556 449 698

285 488 724 559 etimperatores
745 501 886 541 nunc
907 501 1078 556 usque
1094 487 1320 543 Romani
1340 505 1405 542 ex
1431 488 1687 556 subjectis
1707 490 1876 560 genti-
1901 500 1952 560 Α
1980 494 2324 548 contentione
2351 492 2626 550 Christum
2679 501 3020 566 annuntiant,
3052 519 3157 557 non
3186 522 3400 563 sincere
3431 514 3557 566 ‘exi-
3607 527 3618 533 ’

286 579 1422 645 bus,utAdiabenici,Parthici,Sarmatici
1457 589 1870 648 nuncupantur:
1980 585 2260 639 stimantes
2323 601 2632 654 pressuram
2695 604 2755 643 se
2813 593 3076 647 suscitare
3141 596 3368 652 vinculis
3423 603 3560 658 meis

283 674 365 729 ita
400 681 458 728 et
498 671 694 727 Saulus
723 671 810 732 ad,
833 671 1274 742 praedicationem
1314 670 1552 739 gentium
1591 671 1809 734 missus,
1841 685 1872 724 a
1977 673 2142 746 (Phil.
2174 674 2234 746 ι),
2281 695 2298 725 ι
2332 690 2492 744 porro
2531 678 2596 731 ad
2631 678 3340 756 Colossensesprincipium
3380 691 3558 750 simile

279 762 464 836 primo
491 761 746 817 Ecclesiae
773 761 942 831 spolio
964 761 1281 832 proconsule
1301 759 1498 831 Sergio
1517 760 1682 815 Paulo
1701 761 1873 824 victo-

280 855 382 910 riae
402 871 515 910 suae
536 855 772 924 trophaea
792 853 995 919 retulit,
1011 853 1290 922 erexitque
1309 852 1566 907 vexillum
1591 861 1648 907 ut
1669 852 1868 909 Paulus

279 948 556 1003 diceretur
583 959 613 1000 e
646 945 827 1000 Saulo.
865 945 923 1000 Si
950 954 1130 999 autem
1151 952 1206 1000 et
1228 944 1602 1014 interpretatio
1635 944 1868 1000 nominis

277 1040 564 1110 quaeritur,
579 1036 777 1092 Paulus
797 1037 853 1091 in
873 1036 1100 1092 Hebraeo
1132 1036 1424 1090 mirabilem
1460 1044 1649 1101 sonat;
1677 1051 1866 1092 revera

279 1131 567 1194 mirum,ut
579 1135 699 1198 post
714 1125 840 1182 Saul
851 1127 943 1196 qui
961 1127 1348 1196 interpretatur
1360 1128 1709 1196 expetitus,eo
1724 1128 1866 1197 quod

275 1222 348 1277 ad
371 1219 672 1276 vexandum
700 1218 996 1274 Ecclesiam
1027 1217 1213 1273 fuisset
1240 1233 1270 1271 a
1298 1217 1512 1273 diabolo
1541 1218 1862 1288 postulatus,

275 1312 347 1368 de
357 1319 706 1382 persecutore
722 1324 814 1364 vas
831 1308 983 1363 fieret
998 1306 1296 1362 electionis.
1316 1307 1443 1363 Plus
1458 1307 1683 1364 forsitan
1699 1326 1861 1378 quam

272 1402 536 1472 Oportuit,
570 1401 663 1456 sed
695 1399 1000 1455 necessarie
1024 1400 1353 1468 disputatum
1379 1409 1481 1455 est.
1499 1399 1650 1468 Quod
1681 1410 1860 1457 autem

273 1493 546 1563 sequitur,
567 1512 585 1543 ‹
605 1492 819 1546 vinctus
838 1489 967 1546 Jesu
992 1488 1250 1555 Christi,»
1279 1491 1332 1544 in
1362 1492 1616 1562 praesenti
1645 1493 1862 1563 negotio

271 1587 366 1642 vel
392 1585 629 1641 maxime
655 1593 738 1640 est
757 1583 1127 1640 demirandum
1153 1585 1218 1640 de
1237 1583 1546 1653 Apostolica
1573 1585 1860 1654 prudentia

272 1694 386 1749 quo
410 1677 626 1747 scripsit
647 1670 868 1747 quidem
907 1685 961 1732 et
1000 1677 1068 1731 ad
1109 1677 1244 1732 alios
1271 1677 1452 1746 plures
1482 1693 1604 1732 cum
1631 1687 1776 1734 esset
1805 1679 1859 1734 in

271 1771 531 1836 vinculis,
564 1770 706 1826 sicut
740 1785 808 1826 ex
831 1770 962 1840 ipsis
984 1770 1239 1840 Epistolis
1269 1771 1518 1842 quodque
1549 1772 1860 1843 perSpicere

1975 761 2111 836 (Col.
2143 764 2182 838 ι)
2215 784 2227 820 :
2277 785 2296 816 ‹
2333 765 2533 822 Paulus
2561 771 2837 838 apostolus
2863 772 3217 846 Christi‘Jesu
3247 794 3345 848 per
3372 783 3559 838 volun-

1973 863 2138 909 tatem
2167 855 2264 911 Dei
2290 865 2344 912 et
2369 858 2685 916 Timotheus
2712 861 2899 926 frater,
2944 884 2962 914 ι
2994 873 3049 918 et
3076 865 3132 920 in
3160 871 3512 937 sequentibus
3536 890 3550 929 :

1975 967 1993 1000 ‹
2031 946 2181 1016 cujus
2214 949 2388 1005 factus
2430 968 2546 1006 sum
2581 969 2679 1024 ego
2727 953 2926 1010 Paulus
2975 959 3240 1027 minister,
3275 961 3366 1030 qui
3409 980 3554 1020 nunc

1969 1038 2176 1109 gaudeo
2203 1039 2255 1094 in
2277 1042 2616 1111 passionibus
2643 1059 2742 1112 pro
2770 1046 2943 1111 vobis,
2973 1055 3028 1102 et
3054 1048 3322 1120 adimpleo
3344 1067 3406 1106 ea
3432 1069 3552 1124 quae

1968 1129 2162 1185 desunt
2188 1133 2497 1200 passionum
2521 1133 2720 1189 Christi
2748 1137 2804 1189 in
2834 1152 2999 1192 carne
3029 1154 3171 1206 mea,
3199 1155 3300 1210 pro
3326 1157 3553 1212 corpore

1965 1221 2104 1291 ejus,
2130 1236 2132 1238 '
2158 1223 2300 1291 quod
2333 1233 2415 1278 est
2442 1224 2710 1290 Ecclesia;
2747 1247 2766 1280 ι
2819 1236 2874 1282 et
2920 1228 2972 1282 in
3004 1228 3110 1285 fine
3157 1249 3171 1284 :
3227 1250 3246 1283 ‹
3283 1232 3552 1292 Salutatio

1965 1329 2084 1368 mea
2115 1329 2280 1368 manu
2322 1315 2493 1381 Pauli,
2522 1333 2794 1373 memores
2822 1329 2994 1374 estote
3025 1322 3360 1380 vinculorum
3402 1341 3552 1382 meo-

1965 1423 2104 1462 rum.
2142 1428 2162 1461 ›
2199 1407 2313 1464 Hoc
2343 1409 2487 1476 ideo,
2529 1419 2589 1464 ut
2623 1412 2860 1467 sciamus
2903 1414 3004 1468 has
3029 1430 3244 1486 quoque
3282 1419 3550 1488 Epistolas

1965 1500 2029 1555 de
2058 1515 2278 1556 carcere
2300 1510 2356 1556 et
2382 1502 2524 1558 inter
2554 1503 2766 1558 vincula
2797 1503 2965 1559 fuisse
2999 1507 3251 1563 dictatas.
3282 1509 3413 1564 lllud
3445 1526 3543 1565 au-

1963 1600 2070 1647 tem
2108 1593 2324 1663 proprie
2355 1593 2518 1649 habet
2545 1594 2612 1648 ad
2641 1593 3010 1663 Colossenses,
3041 1600 3185 1668 quod
3212 1599 3352 1654 idem
3398 1600 3544 1656 One-

1962 1683 2132 1738 simus
2157 1684 2244 1753 qui
2273 1701 2416 1738 nunc
2441 1685 2742 1741 Philemoni
2769 1689 3201 1764 commendatur,
3229 1691 3392 1746 etiam
3421 1709 3548 1764 per-

1961 1774 2102 1829 lator
2125 1775 2367 1844 ejusdem
2396 1778 2662 1832 sermonis
2685 1777 2806 1832 fuit.
2828 1779 3072 1850 Denique
3098 1781 3192 1844 ait,
3220 1801 3238 1832 ‹
3259 1798 3378 1852 quae
3397 1785 3543 1840 circa

269 1872 377 1918 est.
415 1861 572 1917 Nullo
592 1877 722 1918 vero
745 1861 799 1916 in
823 1862 940 1918 loco
968 1862 1207 1919 vinctum
1230 1879 1287 1920 se
1309 1865 1360 1919 in
1377 1863 1701 1946 praefatione
1729 1881 1853 1920 cum
1884 1871 1931 1931 B
1960 1882 2045 1922 me
2070 1875 2216 1928 sunt.
2243 1869 2423 1922 omnia
2453 1869 2608 1924 vobis
2628 1877 2754 1924 nota
2781 1868 2947 1925 faciet
2979 1869 3248 1941 Tychicus
3279 1873 3537 1929 charissi-

271 1955 495 2009 nomine
520 1969 618 2010 suo
649 1954 829 2025 posuit
861 1954 1128 2025 inquiens,
1164 1975 1182 2006 ι
1203 1954 1401 2011 Paulus
1427 1957 1664 2022 vinctus,
1695 1977 1714 2008 ι
1751 1957 1854 2011 hoc

268 2061 404 2101 vero
431 2046 484 2100 in
506 2046 625 2103 loco
645 2061 819 2117 neque
839 2060 1054 2101 servum
1076 2061 1251 2116 neque
1265 2047 1580 2117 Apostolum
1612 2064 1672 2102 se
1695 2049 1850 2114 dixit,

269 2139 414 2194 sicut
435 2146 551 2193 erat
575 2137 626 2194 ei
651 2139 984 2194 consuetudo
1008 2138 1294 2203 scribendi,
1322 2140 1416 2194 sed
1439 2141 1503 2195 de
1530 2140 1852 2209 specialibus

269 2232 505 2303 negotiis
525 2231 796 2287 scribebat
816 2231 883 2285 ad
903 2246 1048 2295 eum,
1065 2240 1120 2286 et
1141 2231 1207 2286 de
1229 2231 1334 2286 illis
1356 2247 1476 2300 quae
1501 2233 1552 2285 in
1575 2235 1853 2301 potestati—

267 2324 372 2380 bus
393 2323 561 2393 ipsius
580 2322 910 2378 Philemonis
931 2324 1105 2393 posita
1127 2334 1302 2379 erant.
1321 2323 1434 2379 Hoc
1454 2324 1552 2380 sibi
1579 2325 1750 2396 magis
1772 2324 1852 2378 di-

265 2429 396 2470 cere
429 2414 724 2480 arbitrans,
741 2423 798 2470 ut
820 2431 927 2470 non
957 2417 1279 2472 auctoritate
1298 2417 1606 2488 Apostolica
1629 2418 1848 2482 abusus,

267 2507 540 2576 imperare
561 2507 610 2561 ei
631 2522 696 2561 ex
727 2507 815 2562 tali
841 2508 1263 2578 praesumptione
1286 2509 1586 2573 videretur,
1603 2509 1695 2564 sed
1721 2509 1850 2564 illud

267 2601 445 2672 magis
473 2602 617 2672 quod
645 2602 955 2671 ponendum
999 2616 1118 2658 esse
1143 2602 1376 2668 censuit,
1425 2602 1567 2672 quod
1599 2611 1654 2656 et
1693 2602 1849 2656 valde

265 2695 500 2748 suadere
529 2702 759 2764 poterat.
794 2692 1110 2749 Philemone
1141 2695 1430 2765 cogitante
1451 2710 1559 2749 non
1593 2709 1848 2764 magnum

264 2799 391 2840 esse
418 2793 525 2840 tam
552 2784 818 2840 vilissima
844 2786 1086 2856 praebere
1113 2785 1164 2839 ei
1207 2785 1343 2849 viro,
1375 2785 1467 2854 qui
1491 2801 1590 2855 pro
1619 2784 1849 2840 aliorum

265 2876 444 2932 salute
471 2876 698 2932 habetur
723 2877 776 2931 in
804 2877 1035 2932 vinculis
1059 2891 1184 2931 cum
1207 2884 1264 2931 et
1293 2875 1482 2930 liceret
1502 2877 1552 2930 ei
1581 2877 1625 2930 si
1650 2876 1850 2930 voluiso

265 2977 353 3023 set
379 2968 482 3023 ista
511 2968 734 3024 minime
755 2969 885 3039 pati,
915 2968 1056 3024 sicut
1077 2969 1191 3038 ipse
1214 2968 1448 3038 quodam
1493 2967 1546 3022 in
1575 2969 1694 3024 loco
1719 2968 1850 3024 dicit

265 3060 322 3132 (Ι
349 3059 469 3114 Cor.
501 3059 605 3131 ix),
639 3078 658 3111 ι
687 3074 814 3115 nam
839 3076 960 3116 cum
995 3075 1172 3116 essem
1203 3060 1342 3116 liber
1367 3077 1432 3115 ex
1462 3062 1715 3127 omnibus
1749 3062 1848 3117 ho-

265 3151 524 3218 minibus,
575 3167 663 3207 me
708 3152 811 3207 feci
855 3167 1071 3208 servum
1117 3162 1174 3207 ut
1222 3153 1404 3222 plures
1436 3152 1790 3208 lucrifaciam.
1823 3174 1840 3204 ι

1956 1974 2077 2013 mus
2103 1957 2294 2023 frater,
2322 1967 2376 2013 et
2407 1959 2580 2015 fidelis
2622 1961 2872 2016 minister
2909 1970 2964 2016 et
2994 1977 3294 2018 conservus
3336 1965 3388 2018 in
3436 1964 3543 2018 Do-

1954 2050 2119 2114 mino,
2146 2066 2304 2120 quem
2348 2051 2467 2106 misi
2516 2052 2585 2107 ad
2616 2068 2710 2108 vos
2743 2055 2809 2108 ad
2841 2055 2966 2120 hoc,
3012 2065 3071 2110 ut
3097 2065 3390 2127 cognoscat
3418 2072 3539 2127 qua:

1953 2143 2096 2197 circa
2124 2157 2223 2198 VOS
2245 2152 2393 2208 sunt,
2417 2152 2471 2198 Cl
2491 2145 2800 2200 consoletur
2825 2147 2988 2207 corda
3030 2156 3209 2203 vestra
3240 2164 3362 2204 cum
3393 2147 3536 2205 One-

1951 2233 2090 2288 simo
2118 2235 2438 2290 charissimo
2475 2242 2530 2289 et
2562 2236 2706 2290 ﬁdeli
2732 2236 2922 2304 fratre,
2955 2239 3045 2308 qui
3080 2219 3165 2294 est
3195 2256 3262 2295 ex
3293 2242 3464 2296 vobis.
3507 2261 3526 2293 ι

1953 2323 2009 2378 Si
2037 2333 2214 2379 autem
2228 2325 2531 2393 Philemon,
2560 2327 2628 2382 ad
2653 2343 2815 2398 quem
2844 2329 2960 2384 haec
2991 2331 3232 2400 Epistola
3256 2319 3539 2397 scribitur,

1950 2417 2194 2472 Onesimi
2238 2419 2490 2474 dominus
2510 2428 2615 2486 est,
2651 2421 2757 2476 imo
2789 2420 2959 2476 frater
2983 2438 3102 2478 esse
3144 2425 3309 2494 cmpit
3349 2424 3404 2478 in
3437 2424 3542 2478 Do-

1949 2511 2126 2576 mino;
2161 2517 2217 2566 ct
2243 2512 2311 2564 ad
2337 2510 2688 2567 Colossenses
2714 2511 2969 2578 refertur,
2999 2515 3145 2584 quod
3167 2513 3455 2571 Onesimus
3474 2531 3538 2571 ex

1949 2607 2028 2660 eis
2053 2605 2142 2669 sit,
2176 2605 2318 2659 ratio
2349 2621 2448 2660 nos
2479 2605 2595 2676 ipsa
2639 2612 2694 2660 et
2730 2607 2865 2661 ordo
2891 2607 3108 2662 deducit
3136 2609 3281 2678 quod
3323 2618 3378 2663 et
3415 2609 3541 2665 Phi-

1948 2696 2129 2750 lemon
2152 2693 2492 2751 Colossensis
2522 2697 2622 2762 sit,
2648 2705 2708 2750 et
2740 2712 2806 2752 eo
2831 2705 3076 2768 tempore
3106 2715 3448 2756 communem
3471 2703 3539 2756 ad

1947 2801 2162 2842 omnem
2198 2786 2496 2842 Ecclesiam
2534 2787 2824 2842 Onesimus
2856 2789 3153 2858 Epistolam
3193 2790 3398 2857 tulerit,
3427 2808 3534 2860 quo

1947 2877 2190 2946 privatas
2233 2886 2288 2932 et
2332 2878 2416 2932 sui
2444 2879 2931 2934 commendatrices
2975 2880 3041 2932 ad
3078 2880 3357 2934 dominum
3387 2881 3534 2936 litte-

1949 2985 2038 3024 ras
2059 2978 2382 3040 sumpserat.
2415 2971 2510 3025 Est
2556 2979 2612 3026 et
2649 2970 2794 3024 aliud
2837 2971 3117 3036 indicium,
3149 2973 3292 3040 quod
3335 2973 3388 3027 in
3433 2974 3534 3028 hac

1948 3067 2138 3123 eadem
2160 3066 2396 3136 Epistola
2424 3077 2480 3122 et
2505 3067 2810 3137 Archippus
2833 3067 3160 3132 nominatur,
3193 3065 3279 3121 cui
3302 3065 3390 3121 hic
3411 3081 3534 3120 eum

1949 3158 2265 3214 Philemone
2298 3158 2554 3212 scribitur
2597 3177 2610 3210 ε
2647 3176 2666 3209 ‹
2705 3158 2898 3222 Dicite,
2953 3157 3147 3226 inquit,
3199 3157 3471 3226 Archippo
3518 3175 3529 3210 :

271 3242 550 3310 «Vinetus,
576 3245 768 3315 inquit,
789 3243 915 3300 Jesu
941 3245 1194 3310 Christi,»
1224 3247 1275 3299 in
1309 3245 1452 3299 nulla
1481 3245 1718 3314 Epistola
1743 3247 1845 3299 hoc
1871 3226 1916 3289 (ἶ
1947 3249 2082 3304 Vide
2107 3248 2488 3312 ministerium,
2519 3249 2664 3318 quod
2707 3248 2986 3318 accepisti.
3013 3249 3064 3302 in
3094 3248 3344 3311 Domino,
3385 3255 3441 3300 ut
3470 3247 3529 3300 il-

265 3337 589 3406 cognomine
608 3352 738 3392 usus
764 3344 868 3402 est,
892 3338 1019 3394 licet
1046 3338 1101 3393 in
1128 3353 1352 3407 corpore
1367 3339 1752 3408 Epistolarum,
1776 3339 1844 3395 ad

266 3426 529 3496 Ephesios
579 3427 828 3483 videlicet
873 3438 929 3483 et
975 3427 1346 3499 Philippenses
1399 3437 1454 3484 et
1493 3428 1843 3486 Colossenses

265 3533 387 3577 esse
414 3532 476 3574 se
503 3519 559 3574 in
586 3518 820 3597 vinculis
847 3534 947 3590 pro
975 3507 1311 3576 confessione
1341 3527 1588 3576 testetur.
1621 3519 1862 3594 Majoris.

267 3621 451 3668 autem
473 3613 607 3670 mihi
620 3613 832 3668 videtur
845 3613 1137 3684 supercilii,
1165 3615 1344 3669 vinetu
1354 3631 1404 3668 m
1423 3613 1552 3670 Jesu
1566 3614 1768 3670 Christi
1783 3629 1846 3669 se

267 3707 450 3762 dicere
477 3721 639 3776 quam
675 3705 1014 3777 Apostolum.
1046 3705 1431 3780 Gloriabantur
1464 3707 1662 3776 quippe
1709 3721 1861 3776 apo-_

266 3798 416 3862 stoli,
448 3799 590 3868 quod
641 3798 785 3867 digni
825 3796 1038 3853 fuerant
1077 3814 1174 3868 pro
1221 3799 1439 3854 nomine
1482 3796 1609 3852 Jesu
1640 3797 1844 3852 Christi

265 3888 652 3943 contumeliam
679 3889 822 3959 pati;
868 3889 962 3944 sed
1001 3889 1306 3944 necessaria
1337 3889 1630 3943 auctoritas
1661 3889 1843 3942 vincu-

265 3980 466 4035 lorum.
485 3980 791 4051 Rogaturus
817 3996 916 4050 pro
941 3977 1218 4044 Onesimo,
1251 3979 1372 4034 talis
1419 3993 1610 4050 rogare
1636 3978 1840 4044 debuit,

267 4074 357 4142 qui
388 4081 576 4142 posset
620 4073 913 4144 impetrare
942 4072 1083 4143 quod
1111 4080 1376 4142 posceret.
1408 4070 1560 4124 Felix
1589 4070 1841 4124 nimirum

267 4165 358 4234 qui
390 4179 499 4219 non
529 4164 582 4218 in
611 4164 894 4234 sapientia,
920 4179 1026 4218 non
1051 4165 1102 4218 in
1129 4163 1353 4228 divitiis,
1375 4178 1482 4218 non
1510 4163 1562 4216 in
1587 4163 1843 4232 eloquen-

269 4257 339 4310 tia
393 4265 450 4310 et
477 4255 718 4326 potentia
751 4254 1022 4320 saeculari,
1051 4256 1143 4310 sed
1177 4256 1232 4310 in
1260 4255 1461 4311 Christi
1502 4253 1843 4326 passionibus

265 4348 547 4415 gloriatur.
603 4346 720 4403 Non
757 4348 936 4403 omnis
969 4357 1150 4403 autem
1174 4349 1278 4418 qui
1320 4348 1534 4405 vinctus
1573 4356 1693 4414 est,
1725 4347 1843 4402 vin-

265 4447 387 4494 ctus
418 4438 767 4514 esthristi:
797 4441 1226 4511 sedquicunque
1266 4455 1364 4511 pro
1393 4439 1596 4496 Christi
1623 4439 1843 4494 nomine

264 4543 319 4586 et
346 4546 448 4602 pro
471 4531 589 4602 ejus
617 4531 959 4587 confessione
981 4532 1234 4596 vincitur,
1264 4532 1352 4588 ille
1379 4547 1505 4587 vere
1531 4533 1742 4587 vinctus
1763 4531 1842 4584 di-

264 4625 411 4677 citur
433 4621 562 4677 Jesu
586 4622 808 4688 Christi,
836 4630 891 4678 et
917 4624 1134 4694 sanguis
1163 4622 1366 4678 effusus
1391 4623 1671 4688 istantum
1693 4638 1858 4679 mar-.

265 4724 440 4783 tyrem
469 4711 621 4779 facit,
647 4713 741 4783 qui
768 4728 868 4782 pro
911 4711 1112 4768 Christi
1138 4715 1356 4769 nomine
1385 4713 1643 4769 funditur.
1694 4713 1861 4776 Scrin.

263 4804 343 4858 bit
372 4804 540 4874 igitur
581 4805 651 4858 ad
679 4804 1046 4860 Philemonem
1074 4804 1258 4860 Roma:
1281 4805 1496 4860 vinctus
1515 4807 1568 4860 in
1595 4821 1835 4871 carcere,

261 4909 372 4964 quo
401 4904 640 4965 tempore
673 4895 805 4949 mihi
830 4894 1082 4949 videntur
1109 4895 1197 4949 ad-
1220 4895 1612 4966 Pbilippenses,
1649 4895 1860 4955 Colos-.

261 5001 469 5050 scnscs,
501 4993 556 5038 et
577 4985 860 5056 Ephesios
888 4985 1138 5055 Epistola:
1186 4999 1308 5040 esse
1331 4985 1564 5041 dictatae.
1595 4985 1678 5040 Ad
1707 4985 1858 5046 Phis

261 5079 535 5148 lippenses
586 5075 678 5130 illa
737 5091 804 5130 ex
849 5092 1043 5142 causa,
1091 5077 1324 5146 primum
1371 5077 1512 5146 quod
1557 5092 1680 5131 cum
1729 5076 1843 5131 solo

260 5171 552 5226 Timotheo
572 5170 779 5232 scribit,
805 5170 948 5238 quod
988 5177 1043 5224 et
1070 5170 1122 5222 in
1147 5171 1248 5224 hac
1278 5168 1516 5238 Epistola
1549 5167 1698 5223 facit.
1732 5167 1861 5227 De-_

261 5265 418 5328 hinc,
466 5261 610 5331 quod
649 5260 860 5314 vincula
908 5275 1005 5315 sua
1049 5261 1345 5315 manifesta
1381 5261 1512 5315 dicit
1559 5260 1701 5314 facta
1744 5274 1844 5331 pro

259 5355 484 5410 Christo
505 5355 559 5408 in
586 5353 732 5410 omni
757 5353 1029 5421 praetorio.
1055 5351 1193 5419 Quid
1227 5352 1298 5406 sit
1323 5361 1501 5408 autem
1531 5353 1842 5422 prmtorium

261 5445 317 5498 in
362 5444 534 5514 ipsius
581 5443 836 5514 Epistolzc
877 5442 982 5497 fine
1018 5441 1346 5512 significat:
1399 5441 1700 5508 «Salutant
1746 5457 1841 5497 vos

259 5557 454 5595 omnes
485 5541 679 5606 sancti,
707 5540 940 5594 maxime
983 5548 1164 5593 autem
1195 5539 1283 5608 qui
1315 5539 1382 5593 de
1407 5539 1636 5594 Caesaris
1679 5542 1839 5596 domo

259 5640 392 5686 sunt
442 5629 665 5702 (Philip.
693 5631 800 5704 1v);
836 5653 855 5684 ι
888 5648 919 5686 a
948 5631 1159 5686 Cazsare
1196 5630 1393 5685 missus
1437 5631 1491 5684 in
1535 5647 1836 5699 carcerem,

259 5723 446 5777 notior
473 5721 689 5776 familia:
712 5722 827 5793 ejus
847 5722 1039 5786 factus,
1067 5719 1433 5790 persecutoris
1450 5719 1666 5774 domum
1686 5722 1838 5776 Chri-

260 5814 332 5868 sti
366 5812 497 5868 fecit
521 5814 833 5870 Ecclesiam.
865 5815 1066 5870 Deinde
1092 5815 1169 5868 ait
1211 5831 1222 5866 :
1259 5832 1276 5862 ‹
1309 5812 1536 5877 Quidam
1559 5821 1736 5867 autem
1769 5831 1836 5870 ex

1947 3343 2040 3398 lud
2069 3342 2315 3412 impleas.
2361 3362 2379 3395 ι
2411 3341 2563 3408 Quod
2601 3350 2686 3397 est
2726 3341 3091 3396 ministerium
3136 3340 3282 3410 quod
3305 3339 3533 3409 Archip-

1944 3450 2048 3504 pus
2073 3434 2280 3503 accepit
2305 3447 2336 3487 a
2360 3433 2629 3489 Domino?
2647 3432 2730 3488 Ad
2755 3431 3130 3488 Philemonem
3157 3431 3382 3504 legimus
3411 3452 3428 3482 ι
3477 3441 3533 3486 et

1942 3524 2213 3595 Archippo
2235 3525 2584 3580 commilitoni
2601 3533 2788 3580 nostro
2801 3533 2857 3580 et
2875 3523 3132 3579 Ecclesia:
3144 3539 3264 3596 (μεθ
3287 3522 3343 3577 in
3365 3522 3526 3578 domo

1944 3624 2035 3672 tua
2059 3625 2164 3691 est,
2191 3637 2208 3668 ι
2229 3633 2295 3672 ex
2320 3633 2426 3686 quo
2439 3626 2568 3688 puto
2579 3626 2670 3672 aut
2687 3617 2998 3686 episcopum
3014 3632 3138 3672 eum
3160 3615 3328 3670 fuisse
3346 3614 3532 3670 Eccle-

1944 3711 2038 3765 sia:
2065 3709 2418 3773 Colossensis,
2452 3710 2538 3764 cui
2566 3711 2889 3765 admonetur
2933 3710 3173 3765 studiose
3219 3707 3544 3782 diligenter:

1943 3822 2048 3877 que
2069 3821 2322 3876 praeesse,
2356 3813 2449 3860 aut
2475 3805 2748 3875 Evangelii
2777 3805 3204 3874 praedicatorem.
3241 3801 3350 3855 Aut
3379 3802 3425 3856 si
3455 3802 3530 3856 ita

1942 3912 2050 3952 non
2076 3903 2182 3960 est,
2211 3896 2343 3952 illud
2369 3896 2503 3951 mihi
2533 3897 2606 3950 im
2632 3898 3054 3965 praesentiarum
3076 3895 3295 3966 sufficit,
3311 3895 3454 3964 quod
3475 3903 3532 3950 et

1942 3987 2223 4042 Philemon
2247 3996 2302 4042 et
2327 3987 2635 4057 Archippus
2665 3995 2720 4040 et
2748 3986 3038 4041 Onesimus
3060 3987 3176 4056 ipse
3203 3986 3295 4055 qui
3320 3985 3530 4048 litteras

1943 4078 2266 4150 perferebat,
2315 4078 2518 4134 fuerint
2564 4077 2910 4134 Colossenses
2961 4085 3016 4132 et
3059 4077 3248 4132 eodem
3287 4085 3530 4146 tempore
3567 4103 3578 4113 ο

1943 4179 2193 4242 quatuor,
2228 4176 2286 4223 ut
2315 4176 2442 4224 ante
2479 4169 2734 4234 diximus,
2765 4167 3016 4238 Epistola)
3045 4167 3260 4238 scriptae
3288 4176 3430 4222 sunt.
3448 4166 3528 4222 Ad

1943 4261 2204 4332 Ephesios
2233 4275 2363 4315 vero
2397 4260 2540 4316 illam
2579 4260 2648 4315 ob
2695 4275 2935 4324 causam,
2981 4259 3124 4330 quod
3164 4274 3264 4329 pro
3308 4257 3526 4313 Christo

1943 4360 1999 4406 et
2021 4351 2110 4406 hic
2136 4352 2376 4408 vinctum
2402 4365 2523 4407 esse
2563 4366 2622 4407 se
2651 4350 2818 4416 dicat,
2845 4349 3112 4406 eteadem
3165 4365 3284 4420 qua:
3309 4347 3375 4404 ad
3422 4346 3527 4403 Co-

1945 4441 2212 4497 lossenses
2254 4442 2512 4512 jusserat,
2558 4441 2611 4496 in
2641 4443 2801 4512 hujus
2862 4457 3078 4512 quoque
3133 4440 3386 4510 Epistolze
3421 4440 3525 4494 fine

1945 4533 2240 4603 praecipiat,
2270 4543 2332 4588 ut
2371 4549 2568 4589 uxores
2591 4533 3135 4604 subjicianturhviris,
3160 4540 3216 4587 et
3245 4531 3347 4585 virl
3379 4546 3518 4585 uxo-

1947 4640 2036 4680 res
2060 4624 2305 4696 diligant,
2330 4634 2390 4678 ut
2430 4625 2526 4680 filii
2565 4624 2825 4681 obediant
2864 4624 3202 4694 parentibus,
3245 4630 3304 4676 ut
3331 4635 3526 4690 paren—

1949 4727 2031 4773 tes
2049 4732 2156 4772 non
2182 4727 2478 4788 provocent
2509 4717 2574 4772 ad
2601 4719 2940 4773 iracundiam
2971 4716 3108 4772 filios
3129 4731 3274 4779 suos,
3301 4725 3358 4770 ut
3383 4716 3523 4770 servi

1946 4809 2197 4865 obediant
2229 4809 2462 4864 dominis
2487 4809 2814 4873 carnalibus,
2844 4816 2902 4861 ut
2929 4806 3152 4872 domini,
3192 4805 3397 4861 relictis
3424 4806 3523 4860 mi-

1946 4901 2052 4967 nis,
2084 4915 2150 4956 ea
2185 4899 2359 4955 servis
2379 4913 2500 4968 quae
2516 4897 2664 4965 justa
2689 4905 2819 4952 sunt
2842 4897 3140 4966 praebeant,
3171 4903 3226 4951 et
3252 4897 3321 4952 ad
3341 4903 3522 4950 extre-

1948 5006 2092 5045 mum
2120 4989 2416 5059 Epistolam
2461 5003 2614 5043 suam
2658 4988 2761 5042 hoc
2809 4987 2915 5042 fine
2951 4986 3238 5041 concludat
3283 5005 3294 5040 :
3331 5006 3348 5036 ι
3383 4984 3522 5052 Quid

1946 5096 2126 5152 agam,
2154 5087 2342 5134 notum
2374 5078 2527 5132 vobis
2553 5076 2716 5133 faciet
2743 5076 3010 5148 Tychicus
3031 5075 3380 5132 charissimus
3410 5075 3520 5128 fra-

1947 5179 2028 5226 ter
2054 5179 2108 5226 et
2132 5170 2305 5226 fidelis
2333 5171 2580 5224 minister
2612 5170 2663 5224 in
2692 5169 2956 5236 Domino;
2989 5183 3152 5240 quem
3180 5169 3303 5224 misi
3334 5170 3400 5224 ad
3425 5186 3522 5223 vos

1946 5265 1998 5318 in
2029 5265 2132 5318 hoc
2157 5264 2355 5335 ipsum,
2378 5271 2434 5318 ut
2461 5262 2798 5331 cognoscatis
2826 5277 2946 5332 qua:
2967 5263 3114 5318 circa
3141 5277 3228 5318 me
3272 5271 3414 5325 sunt,
3466 5270 3520 5315 et

1944 5354 2253 5410 consoletur
2297 5353 2460 5408 corda
2489 5361 2688 5408 vestra.
2712 5419 2716 5426 ‘
2740 5374 2757 5405 ι
2789 5352 3058 5425 Tycbicus
3086 5363 3267 5408 autem
3309 5361 3391 5406 est
3426 5351 3519 5420 qui

1946 5453 2001 5501 et
2022 5446 2089 5500 ad
2129 5443 2476 5501 Colossenses
2500 5460 2624 5500 cum
2647 5443 2901 5500 Onesimo
2927 5445 3180 5510 mittitur,
3208 5452 3351 5500 eteo
3381 5452 3518 5496 tem-

1946 5552 2077 5608 pore
2117 5535 2427 5592 Onesimum
2474 5535 2962 5600 habuit-comitem,
2997 5549 3104 5606 quo
3141 5531 3424 5589 Onesimus
3451 5531 3518 5586 ad

1947 5629 2310 5683 Philemonem
2340 5627 2548 5682 litteras
2570 5625 2896 5696 perferebat.
2931 5643 2948 5675 ‹
2989 5624 3054 5678 Ει
3075 5623 3387 5677 Timotheus
3415 5619 3520 5672 fra-

1945 5727 2046 5772 ter.
2087 5740 2104 5768 »
2145 5717 2339 5788 (Δηώ.)
2370 5717 2437 5770 Ει
2464 5718 2514 5770 in
2550 5717 2688 5770 hanc
2721 5724 2924 5785 partem
2947 5712 3093 5781 justa
3124 5712 3332 5766 ratione
3362 5709 3520 5763 debet

1944 5812 2149 5868 laudari
2182 5811 2402 5876 Paulus,
2432 5811 2572 5880 quod
2614 5810 2666 5862 in
2699 5806 2914 5876 speciali
2945 5803 3180 5874 Epistola
3226 5816 3332 5856 non
3367 5801 3517 5856 dedi-
