3992 6338
1106 356 1165 418 Β.
1203 356 1455 417 RABANI
1491 354 1712 414 MAURI
1747 354 2069 413 ARCHIEP.
2106 352 2416 414 HOGUNT.
2457 348 2745 413 OPERUM
2779 350 2961 413 PARS
2996 346 3083 412 ill.

3630 357 3731 414 τω

466 486 662 550 gnatur
679 475 1022 532 Timotheum
1039 474 1143 531 sibi
1164 473 1517 530 iuseribendo
1538 468 2046 542 associarc.(Hier.)
2072 482 2127 545 Α
2150 482 2261 523 uno
2303 467 2676 522 sermocinari.
2715 465 2939 540 (Δηώ.)
2975 466 3225 524 Custodit
3269 482 3401 526 vero
3443 469 3731 540 Apostolus

464 570 525 626 ln
553 569 675 625 aliis
702 567 955 639 Epistolis
980 566 1274 622 Sostbenes
1312 574 1367 621 et
1392 564 1663 629 Silvanus,
1696 564 1961 619 interdum
1987 571 2043 617 et

467 664 784 722 Timotheus
797 658 999 720 a‘ssmni
1007 671 1115 728 tur,
1133 663 1184 717 in
1199 663 1302 717 hac
1316 656 1560 733 [Πίου-οη.
1571 659 1647 723 ,iu
1661 656 1914 729 quatuor]
1932 652 2045 711 tan-

467 766 585 813 tum
608 756 943 819 Timouieus,
958 754 1083 823 Quia
1110 752 1193 807 vel
1220 752 1409 806 eodem
1435 751 1491 805 in
1514 758 1778 820 tempore,
1797 748 1880 803 vel
1904 746 2044 817 prai-

467 857 621 904 sentc
635 845 917 901 Timotheo
935 845 1270 912 ceterisque,
1289 842 1504 897 dictata:
1523 840 1650 904 sint;
1675 834 1823 910 quod
1830 852 1930 908 ego
1948 837 2046 892 du-

466 940 592 1010 plici
613 952 678 993 ex
700 950 861 994 causa
885 935 1082 991 factum
1107 933 1647 1006 puto,utetEpistola
1674 929 1932 1000 majorem
1946 931 2043 983 hu-

466 1031 619 1086 beret
630 1029 1154 1098 auetoritatem,quae
1166 1042 1270 1081 non
1285 1027 1353 1080 ab
1367 1040 1474 1080 uno
1487 1023 1839 1085 scribebatur,
1855 1030 1910 1074 et
1920 1020 2047 1090 quia

466 1121 610 1176 nulla
626 1119 896 1175 aemulatio
909 1127 1026 1173 erat
1045 1118 1184 1172 inter
1205 1116 1489 1187 Apostolos
1512 1115 1554 1169 si
1576 1114 1703 1184 quid
1726 1112 1864 1167 forte
1882 1110 2047 1166 Paulo

466 1212 704 1268 dictante
725 1211 817 1266 atii
834 1202 1056 1281 spiritus
1076 1209 1451 1281 suggessisset,
1470 1207 1671 1277 absque
1694 1204 1798 1258 ulla
1827 1202 2044 1258 tristitia

465 1304 694 1359 addebat
724 1302 923 1357 Paulus
950 1302 1005 1356 in
1046 1301 1241 1355 litteris
1271 1312 1405 1369 quas
1453 1298 1708 1354 dictabat.
1740 1295 2046 1351 Secundum

465 1396 519 1451 id
542 1395 685 1466 quod
715 1396 831 1466 ipse
860 1394 1154 1449 Corinthiis
1180 1392 1459 1464 praecepit,
1508 1400 1566 1444 ut
1606 1389 1649 1444 si
1679 1388 1786 1443 aiio
1814 1387 2047 1457 prophe-

465 1496 632 1553 tante,
665 1485 752 1541 alii
784 1485 947 1541 fuerit
973 1476 1288 1549 revelatmn,
1314 1492 1491 1538 taceat
1516 1481 1603 1535 ille
1626 1480 1715 1550 qui
1748 1479 1897 1550 prius
1922 1488 2047 1548 pro-

463 1581 735 1650 phetabat.
788 1578 865 1633 Ita
902 1579 1017 1649 ipse
1057 1588 1271 1648 quoque
1316 1584 1641 1646 praeceptum
1684 1586 1841 1627 suum
1886 1582 2048 1639 opere

461 1672 788 1741 complebat,
836 1679 891 1726 et
943 1678 1162 1741 propter
1207 1680 1377 1739 pauca
1440 1681 1559 1737 quae
1616 1664 1721 1719 alio
1771 1663 2050 1718 addiderat

462 1770 780 1833 suggerente
814 1768 875 1816 ut
926 1774 1100 1826 suam,
1141 1758 1215 1814 ita
1244 1758 1467 1814 alterius
1511 1772 1727 1828 quoque
1755 1755 2047 1827 Epistolam

2144 559 2390 615 ordinem
2417 576 2432 612 :
2455 559 2594 614 sicut
2630 558 2778 613 enim
2813 559 3069 614 maritum
3097 568 3225 615 ante
3252 574 3481 616 uxorem
3501 560 3660 627 dixit,
3678 568 3733 617 ct

2142 662 2393 723 parentes
2415 658 2543 707 ante
2573 650 2763 718 ﬁlium,
2788 652 2867 707 sic
2885 660 3011 721 post
3035 652 3283 709 dominos
3316 653 3487 708 etiam
3516 645 3755 709 θείειν(

2144 758 2263 798 rum
2288 750 2621 798 memoratus
2643 750 2747 807 eat,
2883 743 2939 798 in
2964 743 3163 800 lh‘miiia
3185 759 3373 801 eorum
3396 740 3593 802 haberi
3613 758 3735 817 qua-

2144 836 2277 891 libet
2297 832 2505 890 ratione
2525 835 2973 892 existimabantur
2997 854 3011 891 :
3036 844 3091 892 et
3121 852 3227 893 non
3248 840 3387 893 dixit
3407 839 3730 904 domuitua,

2145 929 2237 983 sed
2267 946 2285 979 ε
2304 927 2577 992 Ecclesiae,
2599 940 2718 997 qum
2741 936 2825 983 est
2849 928 2901 983 in
2927 929 3086 984 domo
3110 937 3224 996 tua,
3246 949 3266 982 ι
3291 932 3590 986 ostendens
3607 938 3735 1001 Quo-

2146 1018 2288 1074 niam
2316 1019 2609 1073 Ecclesium
2638 1032 2759 1073 esse
2775 1020 3053 1074 existimat
3078 1016 3318 1085 domum,
3343 1022 3398 1075 in
3416 1034 3526 1091 qua
3551 1030 3735 1081 omnes

2146 1106 2331 1163 fideles
2347 1108 2543 1162 habere
2560 1107 2852 1180 [habitare]
2867 1110 3137 1172 videntur,
3152 1114 3207 1164 et
3223 1110 3295 1164 ita
3309 1109 3616 1180 dignoscas
3628 1112 3737 1167 exi-

2146 1198 2401 1254 stimabat
2425 1213 2644 1253 suorum
2670 1213 2790 1254 esse
2805 1199 3148 1268 scriptorum,
3178 1202 3331 1271 quasi
3360 1202 3453 1270 qui
3482 1200 3736 1259 Ecclesia

2146 1291 2323 1346 locum
2338 1292 2767 1348 retinerent.Nec
2780 1294 2923 1348 enim
2938 1294 3593 1352 multitudiuemvirormn
3612 1299 3738 1353 Pau-

2146 1383 2230 1439 lus
2251 1384 2547 1440 Ecclesium
2567 1400 2685 1441 esse
2705 1385 2913 1451 definit,
2932 1388 3029 1441 sed
3041 1388 3375 1457 propositum
3400 1389 3623 1445 iliorum
3649 1392 3737 1460 qui

2146 1477 2233 1548 pie
2256 1478 2308 1532 iu
2340 1479 2569 1548 idipsum
2598 1481 2942 1534 conveniunt.
2978 1478 3112 1535 Nam
3138 1491 3193 1535 et
3220 1481 3275 1535 in
3316 1482 3665 1538 circensibus
3687 1492 3737 1542 et

2147 1569 2201 1623 in
2234 1569 2460 1624 theatris
2509 1576 2595 1625 est
2642 1571 3036 1627 multitudinem
3080 1574 3393 1643 prospicere
3453 1576 3735 1634 hominum

2148 1658 2550 1725 conﬂuentium,
2583 1663 2676 1717 sed
2708 1670 2885 1716 tamen
2919 1678 3023 1718 non
3052 1672 3263 1732 poterat
3290 1665 3394 1719 dici
3434 1666 3526 1719 iiia
3552 1667 3735 1722 Iunili-

2150 1752 2277 1806 tudo
2320 1753 2559 1809 Ecclesia
2600 1748 2692 1809 Dei
2718 1765 2941 1824 propter
2960 1755 3171 1810 arbitrii
3195 1756 3525 1825 pravitatem
3548 1772 3735 1815 eurum

460 1852 859 1924 perscribebat,
914 1866 933 1903 ι
979 1844 1278 1905 Philemoni
1328 1848 1647 1904 charissimo
1700 1844 2035 1916 cooperatori
2067 1843 2232 1914 lqui
2287 1844 2377 1900 illo
2426 1844 2821 1902 conﬁnxerunt.
2868 1846 3107 1902 Ecclesia
3155 1862 3284 1903 vero
3335 1848 3429 1903 Dei
3485 1860 3729 1917 vocatur,

462 1952 665 1998 nostro.
695 1963 716 1996 ›
757 1942 957 2015 (Αηιθ.)
982 1941 1363 2012 Cooperarium
1400 1949 1559 1995 vocat
1602 1955 1664 1995 ea
1700 1940 1910 1994 ratione
1934 1948 2041 2008 qua

460 2050 587 2104 erga
616 2042 924 2092 sanctorum
954 2035 1209 2107 obsequia
1237 2034 1653 2090 sollicitudinem
1676 2032 2038 2104 impendebat,

460 2144 569 2187 non
605 2133 825 2186 minima
852 2130 1135 2187 conferens
1166 2130 1288 2195 illis,
1319 2128 1516 2200 quibus
1549 2126 1823 2199 Evangelii
1866 2125 2043 2181 fuerat

462 2223 701 2294 injuncta
731 2223 1059 2296 praedicatio.
1094 2222 1149 2278 Si
1183 2222 1253 2277 ad
1280 2220 1651 2293 Philippenses
1688 2220 1931 2276 scribens
1958 2218 2041 2273 di-

464 2320 541 2375 cit
563 2318 581 2374 :'
619 2338 638 2372 ι
658 2318 802 2376 Bene
834 2317 1013 2374 facitis
1037 2317 1497 2373 communicantes
1534 2311 1875 2369 tribulationi
1908 2324 2043 2366 meae

466 2407 736 2480 (Phil.rv).
752 2430 770 2462 ι
792 2407 1343 2465 Communieationem
1359 2421 1558 2461 vocans
1576 2405 1665 2459 illa
1684 2405 1914 2467 ratione,
1937 2414 2045 2471 qua

463 2496 518 2551 in
547 2497 775 2552 vinculis
800 2499 973 2567 posito
995 2510 1058 2552 ea
1081 2511 1201 2568 qme
1227 2496 1297 2551 ad
1322 2510 1453 2551 usus
1480 2494 1824 2566 quotidiauos
1852 2506 2044 2548 neces-

463 2586 605 2643 saria
634 2601 753 2643 esse
777 2588 829 2644 ei
850 2578 1185 2652 videbantur,
1207 2588 1263 2643 id
1292 2588 1555 2643 miserint.
1583 2586 1783 2659 (Hicin)
1810 2586 1925 2640 Non
1947 2587 2044 2641 ha-

462 2677 624 2732 betur
654 2677 709 2732 in
751 2675 942 2734 Ganeo
982 2681 1310 2753 ἠγαπηριινφ,
1365 2678 1508 2749 quod
1561 2677 1787 2731 ditentur:
1824 2672 2039 2742 dicitur,

464 2769 558 2824 sed
593 2772 841 2843 ἀγαπητῷ
867 2770 927 2825 id
967 2778 1051 2826 est
1082 2769 1361 2842 diligibili;
1399 2770 1541 2824 inter
1579 2769 1831 2823 dilectum
1861 2776 2041 2823 autem

462 2868 519 2914 et
550 2860 862 2931 diligibiiem
896 2858 999 2917 hoc
1044 2862 1286 2927 interest,
1333 2860 1477 2932 quod
1519 2860 1747 2915 dilectus
1786 2860 2041 2930 appellari

463 2960 640 3023 potest
666 2962 721 3008 et
752 2952 843 3008 ille
866 2954 963 3024 qui
979 2954 1323 3010 dilationem
1352 2968 1456 3009 non
1487 2963 1746 3018 meretur,
1769 2952 2043 3024 dﬂigibiiis

463 3059 595 3101 vero
627 3045 676 3101 is
698 3053 913 3101 tantum
939 3046 1030 3117 qui
1062 3046 1259 3102 merito
1284 3042 1549 3117 diligitur.
1578 3046 1821 3115 Denique
1852 3053 1909 3100 et
1942 3046 2045 3100 ini-

464 3137 635 3193 micos
672 3128 885 3194 nostros
910 3137 1131 3209 diligere
1154 3138 1515 3210 pracipimur,
1548 3138 1641 3209 qui
1685 3145 1810 3193 sunt
1839 3130 2039 3203 dilecti,

464 3227 560 3283 sed
584 3242 695 3282 non
719 3199 1035 3299 diiigibilesv;
1071 3199 1733 3299 ain-amasquippeiilos,
1774 3240 1883 3283 non
1917 3199 2042 3297 me.
2069 3199 2121 3262 (ἶ

466 3318 637 3373 amari
668 3326 975 3384 merentur,
1005 3319 1100 3374 sed
1138 3316 1263 3389 quia
1304 3317 1613 3390 praecipitur
1653 3334 1751 3373 eos
1785 3317 1911 3374 odio
1934 3330 2041 3372 non

466 3407 759 3462 habendos.
778 3406 913 3462 Illud
923 3420 1135 3478 quoque
1148 3406 1359 3479 quodin
1375 3424 1505 3464 utr
1524 3406 1713 3479 psalmi
1738 3408 1890 3465 timto
1908 3422 2044 3479 prae-

466 3508 686 3554 notatur
714 3518 733 3549 ι
754 3508 852 3569 κο
879 3496 1095 3566 iniecto,
1119 3519 1138 3553 ι
1172 3501 1365 3556 melius
1389 3501 1553 3556 habet
1579 3498 1631 3555 iu
1653 3500 1864 3567 Graeco,
1906 3520 1925 3551 ι
1944 3512 2047 3571 pro

465 3592 743 3663 dilig'rbil'i;
762 3611 781 3643 ι
799 3593 891 3662 qui
911 3593 1063 3649 locus
1081 3588 1517 3649 muikstissime
1537 3594 1829 3649 deChriSto
1850 3594 2044 3649 intelli-

463 3684 608 3754 gitur
641 3704 655 3736 :
690 3678 818 3738 licet
864 3680 1008 3738 enim
1050 3683 1221 3740 Judaei
1262 3683 1443 3739 Ididia
1470 3682 1799 3758 [lanam],
1828 3687 1933 3741 hoc
1959 3695 2045 3742 est

465 3787 697 3829 amatam
727 3772 847 3841 Dei,
878 3775 1218 3832 Salomouem
1244 3776 1348 3833 dici
1378 3786 1586 3848 putent,
1613 3777 1761 3847 quod
1792 3779 1843 3833 ei
1870 3794 1901 3833 a
1932 3779 2045 3833 Deo

462 3866 531 3921 sit
566 3866 638 3920 ob
678 3867 997 3937 sapientiam
1024 3883 1221 3923 nomen
1261 3868 1601 3939 impositum,
1631 3878 1808 3925 tamen
1835 3880 2049 3926 amatus

461 3957 561 4011 Dei
589 3958 709 4027 quis
751 3960 920 4032 magis
949 3961 1053 4016 dici
1099 3969 1297 4032 potest,
1336 3963 1441 4018 nisi
1481 3963 1527 4019 is
1555 3964 1622 4020 de
1645 3974 1751 4034 quo
1782 3966 1837 4020 in
1866 3965 2043 4020 Evan-

460 4050 599 4119 gelio
623 4049 783 4106 Pater
808 4051 1043 4123 loquitur
1076 4070 1089 4107 :
1127 4068 1145 4104 ι
1182 4052 1281 4109 ilic
1307 4063 1391 4110 est
1422 4053 1590 4110 Fiiius
1610 4070 1767 4111 meus
1789 4054 2041 4122 dilectus,

462 4140 515 4194 iu
546 4156 654 4210 quo
683 4143 812 4197 mihi
858 4141 999 4198 bene
1036 4142 1355 4215 complacui,
1410 4147 1552 4201 hunc
1598 4147 1780 4203 audite
1806 4146 2036 4218 (Matth.

463 4248 591 4298 xm,
626 4234 776 4297 xvii).
815 4253 835 4286 ι
876 4232 1130 4291 Scribunt
1176 4237 1339 4308 igitur
1384 4238 1583 4294 Paulus
1626 4248 1681 4294 et
1725 4238 2041 4295 Timotheus

459 4322 756 4379 Philemoni
787 4325 1107 4382 charissim
1145 4336 1203 4381 et
1235 4328 1595 4397 oooperatori,
1629 4328 1719 4396 qui
1758 4329 1878 4383 ideo
1912 4328 2041 4384 cha-

462 4400 709 4469 rissim'us
734 4413 912 4470 dictus
956 4424 1058 4478 est,
1110 4416 1252 4483 quod
1300 4416 1355 4469 in
1403 4416 1593 4469 eodem
1632 4416 1835 4471 Christi
1877 4430 2045 4487 opere

460 4513 735 4571 versetur;
780 4505 965 4574 Appiae
1011 4518 1225 4573 quoque
1278 4505 1453 4560 sorori
1498 4520 1604 4561 non
1653 4506 1870 4563 babenti
1905 4508 2041 4566 inse

460 4594 608 4650 falsa?
628 4595 831 4664 aliquid
855 4602 911 4648 et
940 4593 1078 4649 (tota
1103 4596 1500 4666 germanitatis,
1525 4606 1580 4653 et
1598 4597 1872 4672 Archippo
1895 4614 2039 4657 com-

461 4687 711 4750 militoni,
740 4700 900 4754 quem
926 4686 1163 4742 arbitror
1183 4703 1305 4742 cum
1330 4686 1495 4744 Panic
1518 4699 1573 4744 et
1600 4689 1885 4749 Timotheo
1911 4709 2042 4749 con-

461 4790 545 4834 tra
573 4778 912 4834 adversarios
924 4793 1024 4850 pro
1042 4778 1245 4837 Christi
1272 4782 1487 4838 nomine
1499 4783 1845 4841 dimicantem
1869 4789 2040 4843 exsti-

464 4871 593 4927 tisse
640 4870 933 4937 victorem,
984 4882 1039 4927 et
1089 4882 1373 4944 propterea
1426 4888 1569 4932 nunc
1618 4878 2039 4934 commilitonum

463 4960 591 5027 dici,
620 4963 763 5032 quod
796 4963 850 5018 iu
876 4965 1063 5019 eodem
1089 4968 1385 5025 certamine
1412 4970 1657 5040 belloque
1683 4972 2037 5041 superaverit.

464 5050 730 5105 Scribitur
773 5051 937 5108 etiam
984 5052 1237 5112 Ecclesia:
1283 5072 1402 5128 qua:
1453 5060 1507 5115 in
1552 5061 1714 5115 domo
1761 5059 1879 5128 eius
1907 5072 2037 5118 est:

464 5141 661 5197 Verum
688 5143 790 5198 hoe
816 5142 1148 5216 ambiguum,
1177 5159 1356 5204 utrum
1383 5150 1634 5207 Ecclesia:
1661 5166 1779 5223 qua:
1806 5154 1859 5208 in
1880 5152 2043 5209 domo

460 5234 714 5306 Archippi
764 5235 859 5301 sit,
884 5250 957 5291 an
996 5238 1044 5291 ei
1092 5252 1212 5307 quae
1256 5240 1311 5295 in
1358 5241 1519 5297 domo
1554 5242 1905 5299 Philemonis.
1930 5244 2040 5299 Sed

461 5324 590 5382 mihi
626 5327 841 5383 videtur
857 5342 969 5383 non
989 5326 1059 5383 ad
1081 5330 1359 5400 Archippi,
1396 5344 1581 5387 verum
1614 5334 1681 5388 ad
1708 5332 2041 5389 Philemonis

462 5421 801 5477 referendum
826 5436 945 5478 esse
969 5426 1274 5494 personam,
1303 5425 1395 5480 cui
1424 5425 1537 5494 ipsa
1563 5439 1777 5495 quoque
1802 5426 2041 5496 Epistola

459 5512 765 5584 deputatur.
802 5510 935 5569 Nam
980 5516 1104 5572 licet
1150 5515 1349 5570 Paulus
1385 5524 1443 5569 et
1486 5512 1799 5571 Timotheus
1835 5517 2043 5585 pariter

459 5604 697 5659 scribant
748 5606 817 5659 ad
862 5605 1249 5669 Philemonem,
1298 5602 1556 5675 Appiam,
1613 5605 1941 5677 Archippum
1988 5616 2041 5665 et

461 5692 777 5761 Ecclesiam,
806 5705 985 5752 tamen
1011 5698 1063 5751 iu
1092 5698 1439 5766 sequentibus
1462 5697 1792 5769 approbatur
1815 5698 2039 5754 Paulum

462 5787 834 5844 tantummodo
856 5789 927 5845 ad
949 5788 1314 5849 Philemonem
1350 5790 1613 5861 scribere,
1634 5800 1692 5848 et
1718 5804 1885 5848 unum
1916 5806 2043 5847 eum

2063 4556 2119 4618 D

2143 1938 2356 1993 etiamsi
2378 1939 2485 1993 duo
2506 1939 2589 1992 vel
2611 1947 2721 1995 tres
2743 1948 2949 1996 tantum
2969 1942 3161 1997 intuitu
3188 1944 3407 2013 pietatis
3426 1945 3485 2000 in
3504 1946 3739 2014 idipsum

2141 2031 2512 2095 convenerint,
2543 2045 2611 2086 eo
2641 2033 2791 2102 quod
2813 2044 3005 2088 verum
3033 2046 3136 2100 est,
3167 2037 3315 2106 quod
3338 2054 3369 2092 a
3400 2037 3737 2097 Dominodi-

2141 2129 2287 2176 ctum
2326 2129 2429 2185 est,
2451 2140 2473 2173 r
2498 2122 2586 2177 ubi
2617 2121 2821 2178 fuerint
2848 2125 2955 2178 duo
2983 2132 3077 2179 aut
3108 2132 3217 2181 tres
3243 2127 3297 2181 in
3327 2128 3555 2184 nomine
3594 2134 3731 2197 meo,

2140 2213 2250 2269 iliic
2275 2230 2392 2269 sum
2421 2214 2473 2269 in
2505 2215 2681 2270 medio
2708 2230 2917 2272 eorum.
2941 2237 2959 2269 ι
2990 2217 3058 2273 Et
3096 2220 3221 2289 quia
3247 2232 3477 2277 czetwos
3506 2224 3560 2278 in
3593 2236 3731 2296 pra-

2140 2303 2344 2360 fatione
2372 2305 2624 2376 Epistolas
2646 2308 2875 2362 credidit
2911 2307 3016 2363 illis
3053 2309 3443 2381 adjungendos,
3472 2328 3589 2368 non
3617 2330 3733 2371 mo-

2141 2396 2323 2451 dicum
2348 2396 2397 2451 ei
2427 2396 2681 2451 auxilium
2710 2398 2779 2452 ad
2814 2408 3055 2468 praesens
3091 2399 3305 2456 oonfert
3324 2413 3732 2473 argumentum.

2144 2484 2199 2541 Si
2238 2487 2385 2541 enim
2418 2486 2541 2542 ﬁdei
2570 2488 2883 2544 communio
2918 2497 3125 2544 tantam
3166 2490 3419 2547 ﬁduciam
3456 2496 3737 2564 praebebat

2142 2574 2271 2633 illis.
2302 2583 2358 2628 ut
2387 2583 2441 2630 et
2470 2576 2925 2647 conjungercntur
2948 2579 3063 2634 suis
3086 2579 3350 2646 dmuinis,
3375 2583 3593 2653 justum
3618 2594 3737 2640 erat

2141 2678 2196 2724 et
2219 2670 2535 2725 Onesimum
2557 2668 2627 2722 de
2652 2677 2852 2724 etatem
2894 2668 3191 2726 aleetuese'
3224 2672 3429 2739 videre,
3468 2676 3565 2744 qui
3612 2658 3759 2745 pro;

2141 2760 2302 2830 positi
2330 2761 2409 2814 sui
2450 2759 2851 2827 communione,
2889 2761 3033 2816 idem
3061 2765 3553 2833 numquam
3586 2766 3737 2823 soli-

2141 2851 2433 2907 citudinem
2458 2862 2793 2924 susceperat.
2822 2850 3025 2928 alter.)
3056 2852 3210 2921 Quod
3238 2863 3421 2909 autem
3438 2857 3545 2921 ait,
3561 2875 3589 2907 σ
3612 2870 3737 2928 gra-

2143 2943 2217 2997 tia
2250 2944 2401 2999 vobis
2435 2952 2492 2998 et
2522 2959 2629 3014 pax
2656 2960 2685 2999 a
2710 2945 2818 3003 Deo
2846 2948 3009 3004 Patre
3037 2946 3231 3005 nostro
3251 2954 3311 3001 et
3329 2944 3567 3002 numine
3606 2943 3737 3003 Iesu

2142 3032 2381 3101 Christo,
2404 3054 2423 3087 »
2476 3036 2654 3091 adhuc
2682 3051 2712 3091 a
2740 3038 2951 3095 duobus
2969 3041 3034 3095 ad
3060 3042 3247 3113 plures
3284 3038 3565 3113 scribitur,
3597 3049 3656 3096 ot
3684 3043 3735 3101 is

2142 3124 2393 3181 omnibus
2436 3141 2574 3197 pene
2622 3127 2879 3199 Epistolis
2915 3132 3123 3201 aequale
3164 3138 3493 3208 principium
3540 3150 3652 3207 est,
3682 3152 3737 3197 ut

2144 3219 2373 3291 gratiam
2415 3220 2499 3276 eis
2537 3228 2593 3276 et
2618 3235 2808 3291 pacem
2832 3239 2864 3281 a
2894 3226 3004 3281 Deo
3030 3224 3215 3295 Patre,
3239 3230 3293 3285 et
3318 3246 3348 3285 a
3373 3230 3603 3288 Christo
3640 3236 3737 3291 no-

2142 3311 2291 3366 mino
2306 3311 2633 3383 imprecetur
2648 3330 2665 3380 ;
2679 3329 2747 3371 ex
2766 3328 2879 3385 quo
2899 3314 3207 3375 ostenditur
3224 3334 3389 3376 unum
3416 3323 3517 3378 lilii
3537 3327 3739 3396 putris-

2141 3420 2248 3476 que
2273 3420 2397 3462 esse
2416 3414 2691 3475 naturam,
2711 3424 2837 3465 cum
2860 3406 2913 3465 id
2934 3420 3115 3480 potest
3142 3413 3289 3470 ﬁlius
3306 3420 3573 3486 przestare
3592 3421 3743 3489 quod

2144 3506 2320 3569 pater,
2345 3507 2400 3553 et
2427 3498 2483 3554 id
2502 3499 2705 3555 dicitur
2719 3509 2875 3571 pater
2892 3511 3157 3572 praestare
3179 3506 3329 3573 quod
3352 3496 3519 3561 ditus.
3549 3507 3737 3564 Gratia

2142 3599 2329 3647 autem
2352 3599 2435 3646 est
2457 3606 2563 3662 qua
2585 3592 2733 3646 nullo
2754 3593 2947 3649 merito
2966 3608 3067 3649 nec
3090 3590 3583 3667 operculum;
3606 3610 3731 3670 pa,

2142 3700 2263 3756 qua.
2297 3685 2632 3741 reconciliati
2680 3686 2795 3742 Deo
2840 3698 2939 3758 per
2980 3688 3261 3744 Christum
3302 3702 3519 3757 sumus,
3546 3702 3611 3748 ut
3640 3694 3737 3762 ibi,

2148 3796 2168 3830 σ
2200 3772 2548 3833 obsecramus
2572 3788 2675 3848 pro
2692 3775 2933 3845 Christo,
2966 3779 3395 3838 κοσκισίιίωωί
3420 3780 3561 3841 Deo.
3582 3803 3605 3838 ι
3642 3780 3741 3842 Se-

2143 3870 2331 3939 quitur
2361 3886 2375 3923 :

2219 3978 2239 4012 ‹
2269 3960 2485 4017 Gratias
2515 3970 2615 4032 ago
2640 3960 2755 4017 Deo
2782 3976 2905 4019 meo
2930 3976 3167 4035 semper,
3195 3968 3525 4024 memoriam
3553 3972 3637 4027 tui
3660 3971 3739 4026 fa-

2149 4071 2168 4105 c
2200 4052 2350 4108 ciens
2372 4053 2425 4107 in
2442 4053 2781 4109 orationibus
2805 4055 2962 4119 meis,
2992 4056 3218 4112 audiens
3238 4058 3573 4117 claritatem
3590 4070 3741 4118 tinam

2149 4163 2169 4196 ‹
2199 4154 2253 4201 et
2284 4143 2443 4200 tidem
2469 4158 2631 4215 quam
2666 4147 2835 4202 habes
2854 4148 2909 4201 in
2943 4147 3169 4205 Domine
3200 4146 3349 4215 lusu,
3377 4151 3516 4206 etin
3545 4166 3737 4208 omnes

2149 4254 2169 4286 ι
2202 4243 2419 4292 sanctos
2467 4235 2609 4307 eius.
2636 4248 2694 4292 ut
2740 4240 3162 4294 wmmanicatio
3206 4241 3329 4297 ﬁdei
3364 4250 3475 4297 tua:
3514 4244 3741 4300 evidens

2148 4324 2679 4396 «ﬂatiaaguitm
2715 4328 3067 4396 omisboni,
3111 4330 3739 4399 «manumissent.

2148 4435 2169 4470 ‹
2196 4416 2434 4472 Christo.
2459 4438 2479 4471 ι
2502 4417 2739 4491 (Δηιὼν.)
2756 4420 2804 4474 A
2823 4420 3121 4491 gratiarum
3144 4421 3361 4477 actions
3378 4423 3575 4495 incipit
3596 4426 3737 4481 seri-

2141 4510 2288 4573 bere,
2319 4524 2485 4579 agens
2515 4522 2615 4581 pro
2652 4510 2743 4566 iilo
2771 4511 2975 4583 gratias
3020 4513 3161 4575 Deo,
3193 4514 3355 4569 sicuti
3379 4526 3441 4569 et
3468 4516 3531 4570 in
3556 4518 3741 4572 mltis

2142 4602 2399 4673 Epistolis
2424 4603 2477 4657 id
2502 4603 2699 4658 iecisse
2726 4603 2957 4659 videtur.
3006 4603 3079 4660 Ut
3114 4615 3295 4659 autem
3320 4618 3431 4661 non
3460 4608 3739 4662 videretur

2144 4710 2289 4750 nunc
2333 4695 2785 4766 contemplatione
2830 4695 3133 4751 litterarum
3183 4697 3387 4767 gratias
3436 4710 3609 4767 agere
3642 4713 3739 4768 pro

2141 4801 2227 4852 eo,
2257 4788 2463 4857 optimc
2487 4785 2691 4856 adjicit,
2725 4805 2744 4838 ι
2774 4800 2989 4858 semper
3034 4790 3354 4843 memoriam
3402 4790 3483 4843 tui
3532 4791 3739 4845 faciens

2142 4877 2199 4931 in
2247 4877 2589 4934 orationibus
2630 4880 2784 4935 meis.
2810 4899 2830 4932 ι
2859 4879 2916 4934 lu
2955 4881 3295 4939 orationibus
3337 4881 3501 4938 meis.
3538 4881 3733 4952 inquit,

2141 4982 2352 5024 memor
2380 4982 2501 5024 sum
2526 4969 2603 5024 tui
2628 4977 2684 5024 et
2701 4970 2901 5039 gratias
2924 4986 3025 5041 pro
3048 4980 3105 5027 te
3131 4986 3231 5043 ago
3256 4971 3367 5025 Deo
3382 4986 3405 5037 ξ
3422 4980 3484 5025 et
3508 4987 3737 5028 causam

2143 5060 2314 5131 ipsam
2343 5060 2585 5116 iudicans
2604 5074 2703 5131 pro
2723 5072 2827 5131 qua
2850 5062 3053 5133 gratias
3074 5062 3184 5133 agit
3204 5060 3336 5125 Deo,
3360 5074 3435 5116 ne
3460 5063 3743 5119 videretur

2143 5149 2385 5204 absolute
2432 5150 2641 5205 donans
2685 5150 2737 5205 id
2766 5151 2983 5207 dicere:
3010 5170 3029 5204 ι
3057 5151 3329 5216 Audiens,
3360 5152 3571 5223 inquit,
3601 5157 3737 5210 cita-

2142 5242 2359 5296 ritutcm
2386 5252 2535 5297 tuam
2560 5249 2614 5296 et
2639 5241 2796 5297 ﬁdem
2835 5258 2999 5313 quam
3026 5242 3194 5299 habes
3220 5244 3291 5299 ad
3318 5243 3620 5306 Domitiam
3648 5244 3741 5300 Je-

2143 5347 2263 5388 sum
2285 5333 2587 5399 Christum;
2625 5350 2645 5385 ι
2669 5342 2727 5389 et
2748 5334 2891 5389 unde
2923 5335 3027 5391 hoc
3070 5335 3419 5407 cognovisset
3462 5336 3743 5392 incertum

2142 5436 2263 5478 esse
2282 5422 2577 5487 videretur,
2593 5422 2641 5476 si
2665 5438 2771 5478 nou
2792 5422 2987 5479 donata
3012 5425 3063 5480 ei
3084 5425 3189 5479 ista
3208 5440 3240 5478 a
3260 5424 3506 5482 Domino
3524 5436 3739 5491 essent,

2143 5529 2211 5568 eo
2252 5511 2397 5580 quod
2425 5512 2663 5567 charitas
2686 5520 2743 5567 et
2770 5512 2928 5579 ﬁdes,
2962 5527 3081 5582 quae
3116 5514 3171 5568 in
3214 5514 3513 5573 Durnium
3540 5525 3651 5581 est,
3684 5517 3740 5570 in

2142 5603 2474 5673 propositum
2502 5603 2697 5658 animat
2720 5605 2973 5669 habetur,
3001 5622 3020 5656 ι
3047 5613 3103 5660 et
3132 5606 3186 5659 iu
3215 5617 3414 5662 omnes
3443 5618 3693 5672 sanctos,
3714 5626 3737 5657 ι

2143 5711 2209 5749 ex
2238 5694 2339 5748 hoc
2366 5709 2518 5763 ergo,
2547 5700 2602 5748 et
2632 5694 2764 5749 illud
2788 5696 3154 5765 cognoscitur.
3184 5694 3321 5751 Nam
3352 5710 3487 5766 erga
3512 5706 3743 5753 sanctos

2143 5792 2385 5849 charitas
2424 5790 2485 5848 in
2529 5791 2782 5862 operibus
2823 5793 3214 5860 demonstrata,
3262 5791 3529 5850 eiectum
3568 5804 3743 5862 quem
