3992 6338
295 400 393 458 701
721 380 1269 462 ΕΝΑΒΒᾹΤῘΟΝΗΜ
1303 404 1371 461 IN
1406 398 1553 463 spe.
1595 388 1804 464 PAULI
1830 402 1960 464 LIB.
2001 388 2192 468 xm.
2230 441 2299 454 —
2336 408 2409 470 IN
2441 396 2659 471 sms'r.
2699 402 2797 473 Αις
2828 412 3104 476 Ρηιιιιιι.
3304 495 3313 501 _
3465 414 3567 477 τοι

291 531 425 588 erga
447 518 616 572 Deum
640 516 808 573 habes
829 512 1161 591 comprobat.
1191 518 1345 576 Unde
1365 532 1420 577 et
1444 523 1644 592 optime
1671 520 1875 592 adjicit,
1904 524 1953 586 Ᾱ
1984 532 2095 579 tam
2124 540 2268 597 esse,
2295 528 2420 600 quia
2458 527 2661 586 Christi
2701 540 2805 599 est,
2836 530 2895 587 ut
2938 524 3201 604 quidquid
3236 522 3364 591 boni
3410 538 3467 593 et
3510 534 3569 592 in

297 625 317 659 ι
352 616 415 663 ιιι
441 607 861 663 communicatio
886 604 1013 663 ﬁdei
1055 617 1158 666 tua:
1198 612 1436 682 perfecta
1462 606 1557 667 ﬁat
1596 612 1649 668 in
1697 614 1879 684 cogni-

290 697 445 755 tione
490 696 668 754 omnis
714 692 991 768 bonitatis,
1022 717 1141 773 qua:
1180 698 1235 757 in
1281 702 1435 759 nobis
1470 713 1552 759 est
1578 700 1632 758 in
1663 703 1880 761 Christo

284 786 440 846 Jesu.
474 811 493 843 ι
528 786 727 862 (Πὶεν.)
752 788 877 845 Ι]ωο
896 784 1008 860 jam
1038 807 1144 847 non
1176 798 1233 846 ut
1259 792 1457 847 Paulus
1486 792 1538 848 et
1564 792 1880 850 Timotheus

284 878 593 938 Philemoni
620 888 676 937 et
701 872 937 951 caneris,
968 874 1061 939 sed
1101 892 1160 938 ut
1203 885 1347 941 solus
1392 885 1585 941 Paulus
1610 884 1675 940 ad
1704 887 1878 943 soluat

284 968 663 1029 Philemonem
681 972 951 1044 loquitur:
984 994 1002 1026 ι
1025 974 1248 1046 gratias,
1275 976 1541 1049 inquiens,
1562 994 1664 1051 ago
1686 986 1739 1034 et
1766 993 1881 1034 mc-

280 1067 520 1122 moriam
553 1065 629 1120 tui
659 1064 862 1121 faciens
904 1066 957 1122 in
986 1066 1324 1125 orationibus
1360 1068 1512 1125 uicis.
1542 1090 1561 1122 ι
1614 1071 1879 1144 Ambigua

279 1172 423 1213 vero
449 1156 679 1223 dictum,
707 1146 885 1213 iurum
918 1150 1122 1231 gratias
1149 1170 1272 1233 agat
1290 1162 1399 1217 Deo
1424 1160 1523 1216 suo
1552 1178 1782 1235 semper,
1808 1179 1879 1219 an

277 1248 609 1304 memorian‘i
643 1242 760 1319 ejus
785 1246 947 1305 faciat
974 1249 1031 1304 in
1050 1250 1388 1308 orationibus
1409 1250 1521 1308 suis
1550 1268 1794 1324 semper;
1823 1258 1880 1309 et

275 1346 578 1411 utrumque
614 1324 837 1413 intelligi
866 1348 1064 1413 potest.
1091 1343 1193 1411 Qui
1222 1346 1367 1399 enim
1394 1346 1639 1419 praecipit
1670 1347 1792 1404 aliis
1820 1354 1880 1403 ut

275 1430 339 1487 in
370 1432 624 1489 omnibus
649 1435 855 1504 gratias
879 1445 1042 1506 agant
1069 1435 1199 1503 Deo,
1234 1437 1396 1493 nullis
1437 1434 1701 1509 angustiis
1730 1448 1878 1512 pote-

274 1526 359 1582 rit
381 1527 651 1582 coarctari
675 1536 734 1583 ut
758 1529 963 1601 gratias
992 1524 1207 1602 semper
1234 1530 1346 1586 Deo
1374 1531 1488 1603 ipse
1522 1549 1627 1588 non
1654 1533 1874 1589 referat.

274 1616 342 1674 Si
376 1628 556 1675 autem
580 1635 681 1691 pro
702 1622 904 1677 sanctis
928 1630 985 1677 et
1012 1622 1327 1680 melioribus
1346 1624 1646 1697 quibusque
1676 1624 1878 1685 Paulus

271 1726 500 1783 semper
530 1706 722 1767 orabat
750 1706 995 1787 (sanctus
1022 1725 1203 1771 autem
1227 1726 1284 1771 et
1309 1712 1592 1773 Philemon
1619 1727 1727 1787 est,
1757 1729 1878 1775 tan-

272 1812 393 1858 tam
417 1804 626 1861 habens
652 1804 706 1860 in
739 1821 799 1861 se
828 1805 989 1862 ﬁdem
1017 1816 1072 1862 et
1109 1806 1452 1877 charitatem,
1480 1821 1538 1866 ut
1564 1829 1671 1867 non
1701 1811 1875 1869 solum

1977 608 2293 674 Philemone
2346 616 2641 689 laudatur,
2693 630 2748 677 et
2799 622 2866 678 de
2916 620 3280 695 apo'stolbrum
3335 624 3568 682 Sumitur

1978 710 2245 795 exemplo,
2266 710 2391 769 inde
2405 713 2603 770 bonum
2620 712 2691 771 sit
2702 716 2846 795 quod
2862 712 2931 774 de
2942 714 3141 774 Christi
3159 706 3303 775 fonte
3316 706 3451 776 duca
3457 730 3563 777 tur.

2056 817 2074 850 ι
2118 794 2387 858 Gaudium
2429 805 2576 859 enim
2610 794 2863 881 magnum
2915 802 3209 863 habuimus
3242 814 3295 865 et
3323 812 3568 867 consola-

1982 884 2003 942 ἕ
2049 888 2249 947 tion‘em
2284 890 2339 947 in
2389 894 2655 951 charitate
2688 898 2802 964 tua,
2837 896 2961 968 quia
2994 899 3203 956 viscera
3252 906 3563 957 Sanctorum

1983 999 2003 1032 ι
2048 982 2432 1052 réq‘uievcrunt
2456 1002 2554 1057 per
2584 993 2657 1052 te,
2697 986 2889 1043 frater.
2932 1007 2951 1041 ι
2997 986 3226 1062 (Ambia)
3270 982 3447 1056 Iuste,
3477 990 3561 1047 itt-

1977 1072 2115 1145 q'u'it,
2150 1074 2414 1143 delector,
2445 1094 2545 1150 pro
2592 1078 2788 1150 quibus
2817 1081 2940 1137 cum
2988 1083 3161 1140 multo
3186 1074 3383 1140 aﬁ‘ectu'
3418 1076 3566 1140 sem-

1976 1160 2074 1238 p'er
2122 1166 2441 1238 obsequeris
2487 1172 2710 1239 sanctis,
2751 1186 2818 1228 ex
2854 1155 3051 1245 quibus
3080 1176 3243 1230 etiam
3298 1172 3568 1232 Suﬁicien-

1982 1266 2089 1314 tem
2120 1259 2174 1313 in
2223 1261 2359 1316 meis
2391 1260 2830 1320 tribulationibus
2868 1265 3293 1321 consolationem
3324 1265 3561 1333 invenio,

1979 1348 2205 1437 a‘udicns
2232 1353 2588 1410 intentionem
2634 1356 2801 1413 studii
2832 1359 2911 1412 tui
2939 1375 2954 1425 ;
2990 1359 3105 1414 hac
3135 1358 3321 1415 dicens
3347 1356 3403 1415 ιδ
3450 1358 3568 1414 lau-

1980 1442 2105 1499 dem'
2132 1446 2186 1499 et
2214 1445 2649 1502 exhortationem
2681 1446 3043 1504 Philemonis:
3076 1449 3211 1506 solet
3242 1458 3425 1506 autem
3450 1450 3571 1508 laus

1978 1536 2238 1607 praeteriti
2269 1539 2527 1609 temporis
2548 1528 2813 1611 explicata
2856 1536 3150 1598 alacriores
3178 1558 3272 1598 eos
3304 1541 3482 1598 facere
3509 1526 3569 1599 id

1980 1620 2456 1700 subSequentibus.
2518 1628 2721 1706 (Ηὶεν.)
2755 1626 2972 1690 Plenius
3010 1628 3246 1690 inculcat
3278 1644 3334 1690 et
3377 1632 3573 1692 edocet

1979 1741 2148 1796 quare
2199 1726 2434 1782 dixerit:
2466 1747 2485 1779 ι
2521 1724 2737 1785 Gratias
2762 1743 2862 1799 ago
2888 1724 2999 1784 Deo
3024 1743 3166 1796 meo,
3209 1726 3422 1799 semper
3448 1744 3569 1786 me-

1979 1816 2205 1871 moriam
2239 1816 2315 1871 tui
2346 1812 2553 1874 faciens
2606 1816 2660 1873 in
2708 1814 3050 1903 orationibns
3094 1818 3249 1875 meis.
3281 1840 3300 1873 ι
3335 1820 3566 1893 Dignum

268 1896 468 1952 auditu
483 1897 759 1963 ei,verum
780 1898 944 1954 etiam
967 1916 1131 1971 opere
1144 1903 1569 1977 nosceretur),et
1581 1920 1679 1975 pro
1696 1904 1874 1961 Pbile—
1901 1888 1950 1955 Β
1977 1906 2022 1963 si
2053 1909 2270 1979 quidem
2294 1908 2413 1965 erat
2460 1926 2623 1982 agere
2674 1913 2879 1983 gratias
2926 1894 3038 1968 Deo
3090 1912 3253 1983 super
3303 1888 3573 1971 charitate'

268 2004 441 2044 mone
463 1986 688 2044 Paulum
712 2004 927 2060 semper
950 2006 1139 2047 orasse
1165 1992 1421 2048 credibile
1446 2006 1560 2061 est;
1592 2012 1700 2066 quo
1728 1994 1873 2051 scili-

266 2086 368 2136 cet
382 2076 515 2136 ﬁdes
535 2076 589 2135 et
603 2080 844 2138 charita‘s
857 2097 1018 2153 quam
1039 2078 1343 2140 habebatin
1362 2084 1601 2152 Christo,
1618 2095 1672 2143 et
1688 2088 1738 2141 in
1756 2105 1872 2143 om-

265 2182 608 2228 nessanctos
623 2172 758 2242 ejus,
774 2188 871 2244 per
883 2174 1429 2249 communicationem
1448 2176 1573 2235 ﬁdei
1596 2188 1652 2235 et
1675 2196 1871 2251 opera-

265 2262 483 2322 tionem
511 2264 803 2339 agnitionis
833 2268 889 2324 in
918 2264 1065 2325 omni
1094 2252 1236 2327 bono
1270 2264 1471 2330 Christi
1502 2274 1871 2335 misericordia

264 2369 614 2418 servaretur.
641 2360 709 2419 Et
729 2360 795 2419 de
821 2358 1088 2421 charitate
1109 2364 1328 2439 quidem
1363 2385 1525 2440 quam
1552 2370 1788 2427 habebat
1816 2373 1871 2428 in

261 2450 499 2510 Christo
525 2450 675 2521 Jesu,
704 2464 761 2510 et
784 2452 836 2511 in
861 2472 1052 2513 omnes
1075 2468 1293 2532 sanctos
1327 2461 1465 2532 ejus,
1501 2477 1608 2518 non
1641 2462 1873 2521 diﬁicilis

264 2538 655 2618 interpretatio
684 2544 788 2614 est,
814 2547 939 2618 quia
960 2558 1085 2620 post
1111 2526 1280 2607 beam
1304 2526 1797 2625 diligerejubemur
1815 2563 1871 2613 et

259 2633 574 2709 proximas.
625 2636 780 2695 Nunc
831 2640 935 2697 hoc
983 2643 1246 2713 quaeritur
1303 2630 1575 2716 quomodo
1621 2649 1870 2704 eamdem

262 2728 444 2785 ﬁdem
470 2730 526 2785 in
547 2722 765 2787 Christo
788 2730 919 2788 Jesu
934 2730 1137 2789 habere
1162 2732 1287 2805 quis
1308 2735 1480 2806 possit
1500 2736 1557 2791 et
1580 2737 1632 2791 in
1655 2748 1873 2795 sanctos

261 2820 428 2891 ejus:
446 2818 553 2897 ἆπᾷ
574 2824 737 2881 ἐὰνοῦ
754 2822 899 2878 enim
915 2833 1075 2880 sonat
1099 2822 1425 2882 charitatem
1446 2843 1608 2897 quam
1630 2824 1797 2884 habes
1814 2829 1870 2885 in

264 2894 645 2973 Dominoiesu
666 2923 721 2971 et
747 2912 801 2970 in
828 2931 1019 2974 omnes
1038 2927 1257 2975 sanctos
1281 2912 1432 2987 ejus;
1456 2894 1512 2975 et
1534 2916 1693 2976 ﬁdem
1707 2937 1872 2993 quam

270 3000 446 3064 babes
470 3008 524 3063 in
542 3004 771 3065 Domino
791 3008 920 3065 .Iesu
937 3023 993 3066 et
1004 3027 1196 3067 omnes
1209 3021 1427 3069 sanctos
1443 3008 1578 3084 ejus.
1604 3002 1687 3068 Ad
1708 3029 1871 3086 expo-

262 3100 530 3163 sitionem
554 3099 714 3170 hujus
738 3094 844 3157 loci
869 3100 936 3156 de
963 3100 1151 3158 Exodo
1192 3102 1473 3159 sumamus
1520 3092 1868 3174 exeinplum:

272 3213 297 3245 ι
333 3190 580 3249 Credidit
608 3192 837 3267 populus
879 3192 987 3251 Deo
1019 3203 1075 3250 et
1100 3188 1268 3268 Moysi
1301 3210 1461 3251 servo
1499 3193 1634 3264 ejus.
1667 3190 1864 3269 (Exod.

1972 1994 2326 2080 Philemonis.
2370 2007 2461 2077 qui
2515 2006 2788 2063 internum
2824 2000 3007 2064 cordis
3055 2002 3330 2075 affectum,
3359 2018 3414 2066 ct
3439 2026 3566 2080 pro-

1974 2066 2170 2153 iundos
2201 2097 2363 2153 animi
2395 2107 2708 2153 sanctorum
2760 2114 3009 2155 recessus
3052 2094 3394 2172 suscipiendo
3424 2098 3566 2156 refc-

1974 2174 2143 2244 cei'at.
2175 2186 2244 2244 Et
2293 2186 2396 2246 hoc
2443 2188 2643 2246 idioma
2691 2184 3045 2263 apostolicum
3091 2200 3196 2259 est,
3244 2188 3306 2247 ut
3352 2207 3568 2265 semper

1970 2272 2181 2359 viscera
2208 2288 2383 2359 vocet,
2418 2278 2607 2336 volens
2632 2280 2848 2353 plenam
2888 2284 3087 2339 mentis
3119 2274 3407 2339 ostendere
3431 2282 3532 2338 cha

1973 2358 2216 2427 ritatciit.
2256 2358 2411 2428 Unde
2436 2374 2679 2449 gaudens
2706 2390 2828 2429 cum
2856 2376 3215 2447 gaudentibus
3242 2368 3296 2431 et
3326 2391 3447 2431 cum
3478 2372 3571 2431 bis’

1971 2460 2065 2533 qui
2092 2458 2547 2535 ré'qnieverantse
2576 2463 2838 2520 refectum
2858 2481 2978 2521 esse
3005 2466 3255 2533 credens,
3283 2464 3446 2522 habet
3472 2464 3563 2523 lae-

1973 2548 2148 2610 titiam
2170 2571 2275 2610 non
2301 2554 2668 2612 transitoriam
2688 2565 2742 2613 et
2762 2556 2959 2624 levem,
2984 2542 3038 2613 et
3055 2554 3174 2630 quia:
3191 2550 3415 2615 fortuito
3439 2575 3566 2631 pos-

1973 2630 2045 2701 sit
2074 2646 2339 2711 aecidcre,
2373 2646 2465 2701 sed
2498 2648 2772 2716 magnam,
2814 2652 2870 2704 et
2906 2650 3067 2721 prout
3097 2656 3218 2705 erat
3268 2649 3321 2704 in
3375 2630 3558 2705 Phile-

1975 2736 2135 2791 mone
2162 2734 2426 2802 Charitas,
2451 2728 2778 2793 eminentem
2798 2756 2811 2793 :
2830 2755 2990 2810 quam
3009 2740 3239 2813 angebat
3265 2740 3565 2796 consolatio

1975 2828 2138 2900 super
2160 2824 2494 2885 Philemonis
2519 2829 2786 2884 charitate
2805 2829 3161 2897 descendens,
3186 2818 3343 2902 plena
3357 2822 3389 2886 ti
3403 2826 3564 2887 Patre

1974 2916 2472 2974 misericordiarum
2510 2927 2564 2975 et
2602 2919 2713 2974 Deo
2738 2920 2905 2976 totius
2929 2918 3334 2978 consolationis.

2051 3002 2075 3061 ἐ
2112 3004 2340 3079 Propter
2365 3009 2511 3079 quod
2536 3009 2762 3065 multam
2794 2996 3055 3065 ﬁduciam‘
3094 3008 3299 3066 habens
3328 3006 3391 3067 in‘
3410 3004 3564 3067 Chri-

1981 3106 1999 3154 ι
2037 3100 2123 3158 s‘to
2176 3096 2305 3157 .lesu
2353 3101 2654 3173 imperandi
2716 3102 2832 3169 tibi,
2886 3100 3035 3175 q’uod
3080 3088 3304 3181 prodest
3343 3110 3570 3177 propter

1981 3213 2001 3246 ‹
2041 3192 2383 3262 charitatem,
2415 3194 2586 3267 magis
2626 3194 2872 3260 obsecro,
2905 3198 3033 3251 cudi
3057 3194 3135 3251 Sis
3165 3192 3309 3264 ta'lis,
3339 3202 3399 3252 ut
3424 3194 3565 3253 Paul-

264 3284 412 3358 ιιν).
435 3305 455 3338 ι
478 3254 774 3357 Unaatque
788 3286 977 3342 eadem
991 3254 1350 3343 credulitasin
1372 3287 1588 3359 Moysen
1612 3254 1865 3354 refertur,
1895 3254 1945 3323 α
1981 3307 1998 3339 ι
2037 3286 2121 3342 lu's
2164 3301 2354 3353 senex,
2403 3254 2549 3341 nunc
2581 3294 2762 3342 autem
2787 3294 2842 3343 et
2867 3287 3083 3343 vinctus
3128 3268 3253 3344 iesu
3280 3286 3504 3344 Christi.
3538 3292 3565 3344 ὅ

265 3378 399 3434 etin
420 3374 609 3446 Deum,
639 3378 941 3451 utpopulns
954 3378 1046 3451 qui
1064 3379 1388 3433 credebatin
1402 3374 1870 3450 Dotnlrtum,:eque

266 3462 573 3530 credidisse
587 3458 861 3543 scribatur
878 3474 934 3530 in
959 3490 1198 3530 servum.
1219 3452 1331 3529 l-loc
1357 3482 1536 3530 autem
1562 3489 1669 3543 non
1693 3470 1869 3529 solum

268 3566 332 3622 in
364 3562 574 3636 Moyse,
595 3542 695 3621 sed
718 3560 769 3619 in
810 3559 1062 3621 omnibus
1090 3562 1293 3620 sanctis
1320 3556 1426 3630 est,
1472 3554 1532 3618 ut
1561 3565 1871 3635 quicunque

264 3659 451 3714 credit
486 3658 619 3725 Deo,
650 3642 812 3714 aliter
829 3655 946 3727 ejus
973 3652 1134 3712 ﬁdem
1160 3656 1400 3727 recipere
1427 3671 1531 3711 non
1554 3644 1737 3731 queat,
1764 3648 1869 3711 nisi

263 3753 461 3809 credat
484 3761 540 3809 et
563 3752 617 3807 in
645 3744 866 3808 sanctos
894 3750 1030 3824 ejus.
1060 3742 1177 3805 Non
1197 3760 1282 3805 est
1300 3748 1444 3804 enim
1473 3742 1527 3803 in
1560 3740 1727 3803 Deum
1748 3762 1868 3824 per-_

264 3830 417 3899 fceta
449 3832 669 3898 dilectio
705 3852 759 3898 et
786 3820 939 3909 ﬁdes,
976 3856 1098 3913 quae
1124 3841 1178 3895 in
1205 3838 1483 3895 ministros
1507 3838 1624 3909 ejus
1648 3820 1774 3893 odio
1813 3820 1907 3892 et.

266 3932 597 3995 inﬁdelitate
625 3944 898 3993 tenuatur.
937 3934 1092 4004 Quod
1122 3936 1303 3989 autem
1326 3928 1465 3997 dico,
1499 3930 1605 3986 tale
1625 3928 1729 3998 es't,
1752 3944 1872 3986 cre-

264 4035 353 4090 dit
379 4023 649 4104 quispiam
684 4030 737 4088 in
782 4031 1121 4087 conditorem
1151 4030 1317 4085 Deum
1339 4068 1355 4094 ,
1382 4042 1488 4082 non
1521 4022 1700 4097 potest
1745 4038 1867 4079 crc-

264 4129 405 4185 dere
440 4127 546 4184 nisi
588 4126 739 4198 prius
783 4118 1079 4181 crediderit
1103 4120 1170 4177 de
1200 4120 1407 4176 sanctis
1449 4116 1566 4189 ejus
1593 4133 1720 4174 vera
1749 4130 1870 4172 esse

264 4236 395 4292 qua:
424 4220 626 4290 scripta
656 4226 800 4274 sunt.
844 4215 984 4271 Sunt
1007 4200 1168 4271 hodie
1188 4229 1405 4285 quoque
1450 4211 1698 4284 plerique
1740 4209 1870 4292 sim-_

264 4288 644 4389 pliciumpqui
674 4310 882 4367 faciunt
926 4324 1092 4380 opera
1130 4307 1378 4377 justitiaa,
1411 4315 1466 4362 et
1505 4322 1615 4361 non
1666 4288 1870 4391 habent

265 4386 462 4463 eorum
491 4420 613 4476 quae
647 4404 749 4475 ipsi
774 4411 1071 4475 operantur
1098 4400 1400 4456 scientiam.
1438 4392 1590 4483 Unde
1620 4386 1824 4453 addidit
1850 4386 1871 4451 ἓ

270 4521 290 4554 ι
324 4498 401 4556 Ut
432 4496 849 4553 communicatio
885 4494 1007 4550 ﬁdei
1039 4504 1143 4549 tua:
1175 4490 1449 4564 operatrix
1480 4488 1573 4547 ﬁat
1616 4488 1670 4546 in
1717 4488 1869 4563 agni-

266 4594 478 4649 tionem
509 4591 686 4647 omnis
732 4589 859 4646 boni
887 4604 902 4644 :
935 4608 954 4641 ι
989 4587 1208 4658 quantis
1243 4582 1500 4659 gradibus
1540 4580 1867 4675 quantisque
1892 4606 1947 4681 ﬁ

262 4685 606 4758 profectibus
636 4682 967 4755 apostolicus
1002 4680 1057 4736 in
1099 4679 1294 4734 altiora
1323 4692 1504 4733 sermo
1548 4692 1608 4733 se
1655 4666 1859 4731 tendit!

266 4779 438 4835 habet
463 4775 733 4846 quispiam
761 4774 1103 4836 charitatem,
1136 4780 1191 4826 et
1219 4769 1378 4825 ﬁdem
1425 4768 1477 4823 in
1508 4766 1679 4823 Deum
1728 4776 1781 4822 et
1810 4766 1865 4821 in

266 4878 496 4926 sanctos
520 4868 639 4941 ejus
663 4882 678 4922 :
710 4866 802 4923 sed
828 4860 1058 4920 forsitan
1084 4879 1193 4919 non
1216 4858 1409 4932 aequali
1433 4876 1552 4916 eam
1594 4860 1649 4915 in
1677 4874 1868 4915 omnes

265 4964 429 5018 lance
456 4958 838 5016 communicet.
862 4954 1238 5013 Communicet
1280 4948 1504 5008 forsitan
1543 4951 1596 5006 in
1622 4956 1865 5016 cunctos,

266 5054 369 5111 sed
411 5066 577 5123 opere
619 5066 725 5105 non
764 5042 1009 5119 expleat;
1038 5043 1372 5102 voluntatem
1403 5040 1627 5113 impleat
1671 5040 1870 5110 aliquis

268 5154 325 5202 et
346 5158 532 5215 opere,
557 5138 653 5197 sed
678 5148 954 5213 gestorum
981 5148 1201 5194 Suorutn
1226 5134 1521 5207 perfectam
1540 5130 1739 5189 habere
1759 5148 1865 5187 non

268 5246 454 5308 potest
477 5234 774 5289 notionem.
813 5230 896 5286 Sit
922 5226 1046 5285 talis
1070 5244 1285 5300 quoque
1311 5224 1403 5296 qui
1426 5232 1479 5280 et
1501 5224 1638 5296 opus
1667 5224 1864 5279 habeat

270 5339 327 5388 et
349 5329 652 5391 scientiam,
678 5324 774 5382 sed
811 5340 919 5379 non
955 5322 1118 5378 habet
1143 5321 1471 5395 agnitionem
1497 5318 1676 5374 omnis
1696 5316 1823 5373 boni
1851 5334 1864 5370 :

269 5424 444 5482 multa
472 5423 619 5479 enim
638 5420 803 5491 juste,
830 5428 1115 5475 mansuete
1167 5416 1513 5486 studioseque
1545 5422 1867 5485 perpetrans

272 5518 454 5589 impar
476 5526 561 5573 est
595 5516 710 5572 suis
757 5515 813 5570 in
854 5514 1033 5584 aliqua
1079 5519 1235 5583 parte
1277 5508 1587 5563 virtutibus.
1637 5500 1722 5560 An
1756 5518 1863 5560 non

272 5610 401 5668 talis
419 5610 701 5667 Philemon
714 5608 741 5663 ἲ
762 5608 924 5664 habet
945 5606 1143 5677 quippe
1162 5601 1711 5685 communicationem
1736 5614 1865 5669 ope-

273 5703 493 5761 ratricis
524 5701 667 5769 ﬁdei,
694 5710 750 5758 et
773 5699 1058 5758 charitatis
1085 5698 1139 5753 in
1170 5695 1445 5769 agnitione
1491 5695 1669 5749 omnis
1695 5692 1820 5748 boni

274 5810 397 5868 qua:
442 5810 569 5852 cum
598 5796 652 5851 in
680 5792 938 5865 apostolis
976 5794 1066 5858 sit,
1112 5806 1218 5847 non
1268 5804 1391 5844 eam
1435 5795 1687 5858 putemus
1711 5784 1781 5841 ob
1809 5784 1864 5842 id

279 5899 490 5947 tantum
517 5904 640 5949 esse
672 5888 996 5959 perlectam,
1027 5885 1073 5944 si
1106 5887 1161 5943 in
1193 5884 1298 5943 illis
1341 5883 1431 5953 sit,
1456 5883 1552 5940 sed
1572 5882 1627 5940 iu
1671 5896 1739 5938 eo
1782 5889 1865 5937 to-

1976 3362 2207 3453 (Ᾰιηῡν.)
2234 3374 2473 3436 Primum
2504 3379 2755 3450 equidem
2787 3394 2894 3436 non
2924 3364 3079 3446 dixit,
3104 3362 3441 3437 ﬁotestatem
3466 3378 3563 3436 ha-

1974 3466 2074 3527 beo
2113 3464 2482 3543 przccipiendi,
2521 3471 2618 3527 se'd
2652 3490 2671 3524 ι
2706 3456 2990 3537 ﬁduciam;
3018 3491 3037 3524 ι
3067 3456 3264 3527 deinde
3285 3472 3394 3528 n'on
3424 3471 3563 3530 dixit

1971 3568 2194 3636 propter
2219 3561 2600 3633 apostolatum,
2631 3568 2811 3632 neque
2829 3552 2899 3617 ob
2921 3552 3065 3616 mam
3092 3560 3434 3635 dignitatem,
3456 3568 3569 3633 qua

1973 3648 2231 3728 praeditus
2255 3671 2375 3712 esse
2404 3656 2611 3723 videor,
2652 3657 2753 3711 Sed
2769 3664 2865 3728 per
2895 3656 3217 3711 charitatem
3245 3664 3409 3728 quam
3433 3656 3564 3729 erga

1972 3767 2163 3807 omnes
2201 3748 2459 3817 habebat,
2489 3758 2548 3805 ut
2571 3749 2645 3806 sit
2686 3749 2997 3821 hujusmodi
3031 3748 3252 3815 ﬁducia,
3285 3748 3371 3805 vel
3396 3762 3558 3804 causa

1973 3846 2041 3901 ab
2072 3847 2188 3917 ipso
2241 3844 2554 3901 Philemone
2608 3845 2833 3901 tributa.
2890 3836 3045 3923 Unde
3073 3848 3128 3923 et
3178 3828 3233 3898 in
3262 3842 3475 3923 laudem
3506 3832 3569 3900 et

1972 3937 2403 3995 exhortationem
2433 3934 2552 4006 ejus
2584 3932 2784 4015 adjicit,
2833 3934 2855 3987 ἰ
2890 3920 3111 4007 propter
3143 3922 3293 4006 quod
3335 3932 3565 3990 multant

1972 4032 2028 4086 in
2063 4020 2280 4086 Christo
2330 4024 2581 4083 ﬁduciam
2640 4026 2870 4093 habens,
2906 4045 2927 4079 ι
2962 4037 3069 4082 etc.
3111 4025 3192 4081 Eo
3220 4025 3364 4097 quod
3416 4024 3561 4081 idem

1970 4123 2255 4178 Philemon
2275 4122 2378 4176 tale
2398 4120 2602 4176 habens
2633 4121 2938 4175 institutum
2962 4130 3015 4173 et
3039 4118 3402 4191 pr0positum,
3429 4130 3564 4189 prae-

1972 4215 2153 4286 cipere
2189 4229 2310 4268 eum
2344 4210 2445 4269 sibi
2475 4228 2599 4268 cum
2650 4208 2846 4267 ﬁducia
2886 4210 3300 4293 adhortabattir,
3326 4210 3566 4293 qua'neé

1970 4300 2159 4380 posset
2201 4298 2492 4378 aliquando
2542 4300 2895 4377 postulationi
2930 4298 3171 4374 ejusdem
3218 4286 3379 4358 Pauli
3427 4286 3562 4357 r‘esi-

1971 4384 2146 4467 stere;
2178 4386 2277 4469 qui
2297 4390 2480 4454 autem
2508 4412 2637 4469 erga
2683 4384 2872 4453 omnes
2920 4398 3140 4452 sanctos
3192 4382 3279 4451 sic'
3326 4390 3565 4451 liberalis

1971 4504 2075 4560 est,
2106 4510 2382 4566 nunquam
2410 4492 2481 4549 ob
2528 4507 2768 4567 praesens
2800 4492 3074 4569 negotium
3111 4491 3341 4563 gratiam
3374 4494 3562 4563 po‘stu-

1972 4589 2139 4644 latam
2164 4588 2296 4642 dare
2322 4570 2528 4657 pigebit
2553 4603 2566 4639 :
2596 4585 2778 4655 itaque
2804 4592 2954 4638 tuum
2985 4580 3325 4655 propositum
3356 4587 3411 4635 et
3439 4578 3565 4637 cha-

1974 4683 2130 4747 ritas,
2158 4695 2279 4752 quae
2303 4695 2431 4750 erga
2480 4693 2669 4734 omnes
2698 4672 2971 4734 sulliciens
2999 4666 3099 4739 est,
3146 4658 3396 4729 ﬁdu'ciam
3429 4670 3561 4729 mihi

1974 4777 2198 4849 praebet,
2235 4782 2294 4828 ut
2316 4770 2629 4845 praecipiam
2662 4770 2728 4825 de
2750 4769 2949 4841 quibus
2997 4765 3270 4849 convenit,
3299 4764 3399 4837 ego
3432 4778 3561 4820 vero

1975 4844 2078 4923 hoc
2101 4882 2208 4923 non
2238 4844 2396 4929 facio,
2427 4860 2522 4917 scd
2546 4856 2776 4915 obsecro
2805 4859 2996 4930 magis.
3038 4844 3243 4911 Uein‘de'
3274 4862 3328 4911 et
3375 4855 3441 4910 ad
3469 4869 3563 4910 ve-

1975 4952 2290 5015 recundiam
2321 4960 2453 5011 eum‘
2484 4950 2743 5017 invitans,
2786 4949 2907 5006 talis
2934 4956 3053 5005 cum
3089 4950 3184 5015 sis,
3216 4942 3390 5018 qualis
3425 4936 3563 5002 Pau-

1975 5052 2059 5107 lus
2085 5050 2303 5116 senior;
2340 5057 2545 5103 tantam
2582 5045 2689 5100 vim
2730 5040 2967 5099 habc‘uat
2992 5040 3105 5098 sola
3152 5030 3302 5098 Pauli
3351 5056 3564 5097 nuncu-

1971 5144 2118 5216 patio
2145 5132 2157 5197 ξ
2192 5138 2329 5209 Quid
2357 5140 2503 5195 enim
2529 5153 2635 5192 non
2666 5136 2937 5208 expressit
2965 5136 3219 5207 magnum
3248 5138 3305 5189 et
3328 5130 3561 5189 demira-

1971 5238 2117 5292 tione
2155 5232 2377 5305 dignum
2406 5233 2460 5287 in
2490 5246 2625 5287 voce
2660 5229 2782 5296 hac,
2819 5234 2925 5302 qua
2951 5228 3089 5285 dixit
3114 5218 3338 5283 Paulum
3366 5226 3390 5280 ?
3424 5225 3561 5280 Nam

1969 5342 2131 5386 omne
2153 5320 2515 5395 quodcunque
2543 5326 2813 5377 summum
2842 5320 3043 5376 bonum
3070 5318 3293 5389 intelligi
3322 5324 3555 5388 poterat,

1970 5412 2077 5476 hoc
2126 5402 2251 5474 erat
2305 5412 2358 5471 in
2386 5406 2574 5479 P'aulo,
2605 5416 2658 5468 et
2683 5411 2825 5484 quod
2858 5411 3076 5481 adjecit,
3109 5409 3403 5474 seniorem,
3452 5420 3559 5463 non

1970 5504 2216 5567 absolute
2256 5492 2383 5563 eum
2429 5502 2499 5563 ad
2533 5506 2895 5563 reverentiam
2945 5496 3197 5559 invitavit
3243 5496 3421 5556 aetatis
3447 5512 3560 5556 Sirae

1969 5616 2278 5660 memorans
2332 5600 2746 5673 longaevitatem,
2784 5594 2883 5653 sed
2905 5596 3025 5652 voci
3053 5580 3211 5651 Pauli
3233 5593 3399 5648 etiam
3428 5588 3559 5647 illud

1970 5698 2148 5769 ipsum
2186 5688 2392 5752 faciens
2422 5693 2786 5751 venerabilem
2817 5711 2830 5748 :
2864 5691 2956 5762 qui
2987 5688 3130 5745 enini
3164 5688 3430 5744 seniorem
3461 5700 3559 5741 anas

1969 5786 2049 5847 dit
2076 5784 2301 5845 Paulum
2350 5788 2493 5844 scire
2536 5786 2752 5858 poterat
2804 5796 2870 5841 eo
2905 5780 3049 5853 quo’d
3096 5780 3259 5851 longo
3311 5774 3557 5852 tempore

1968 5878 2184 5951 pietatis
2234 5876 2414 5935 Studio
2464 5870 2775 5945 tnotevertt,
2818 5866 2875 5932 ἐι
2925 5866 3095 5929 attrita
3142 5866 3308 5928 tuerit
3352 5866 3459 5930 hac
3488 5864 3556 5929 ὅ
