3992 6338
449 379 556 439 703

1088 373 1153 431 Β.
1193 361 1451 431 MBAN]
1490 366 1713 425 MAUBI
1750 363 2072 423 ARCHIEP.
2110 362 2420 425 MOGUNT.
2461 361 2749 421 OPERUM
2788 359 2971 419 PARS
3007 362 3094 421 111.

3636 371 3730 433 7M

447 504 614 549 causa
653 502 869 560 passus.
923 462 1208 543 lnchoavit
1250 484 1395 541 enim
1445 481 1745 552 praedicare
1790 480 2036 551 Evange-
2065 482 2118 543 Α
2147 477 2301 535 Unde
2330 478 2407 533 ait
2440 496 2453 532 :
2493 497 2515 529 ι
2560 476 2664 544 Qui
2691 477 2790 533 tibi
2817 476 3113 548 aliquando
3141 479 3352 536 inutilis
3380 481 3503 537 fuit.
3543 504 3561 535 ι
3598 485 3727 553 Tibi,

447 584 601 649 lium,
625 596 752 637 cum
786 580 966 636 adhuc
987 585 1136 635 esset
1160 576 1481 632 adolescens
1509 592 1522 628 :
1554 572 1796 628 occurrit
1824 584 1954 627 vero
1984 570 2039 626 in

445 673 748 731 senectutis
773 679 991 727 aetatem
1019 683 1238 741 semper
1265 670 1321 722 in
1348 666 1590 733 Christo,
1620 665 1676 721 in
1699 664 2044 735 passionibus

446 762 766 840 persistens.
801 764 958 823 Unde
991 780 1062 820 ne
1106 778 1205 835 per
1251 769 1472 817 aetatem
1511 776 1638 816 eum
1676 757 1922 815 absolute
1955 757 2040 812 vi-

448 862 671 919 deretur
712 858 964 923 suadere,
1017 857 1222 929 optime
1258 854 1496 924 adjecit:
1530 873 1549 906 ι
1594 852 1749 908 Nunc
1778 860 1960 907 autem
1987 857 2045 907 et

447 936 662 1007 vinctus
681 947 811 1006 Iesu
837 947 1094 1014 Christi,»
1125 946 1300 1004 solum
1327 946 1432 1002 hoc
1459 960 1568 1000 non
1597 944 1805 1010 dicens,
1828 943 2041 999 Erube-

445 1020 537 1098 sce
572 1047 910 1097 senectutem
930 1048 988 1095 et
1010 1022 1270 1094 canitiem
1304 1036 1361 1092 in
1392 1035 1622 1091 vinculis
1648 1034 2036 1102 connutritam,

444 1138 503 1187 et
520 1140 740 1187 aetatem
770 1130 850 1187 sic
902 1129 1119 1202 longam
1152 1129 1209 1184 in
1238 1128 1584 1200 passionibus
1616 1126 1742 1193 illis,
1782 1143 1905 1199 qua:
1938 1141 2041 1197 pro

445 1221 667 1279 Christo
710 1232 861 1289 sunt,
914 1222 1223 1279 educatam.
1281 1219 1486 1293 (Ηὶεν.)
1541 1220 1722 1275 Multis
1765 1221 1820 1275 in
1862 1220 2037 1275 Phile-

442 1328 663 1371 monem
692 1313 944 1370 laudibus
976 1321 1103 1369 ante
1128 1312 1448 1383 praemissis,
1479 1327 1605 1368 cum
1663 1326 1751 1367 res
1803 1310 1926 1367 talis
1968 1311 2042 1367 sit

442 1421 548 1477 pro
574 1420 683 1475 qua
709 1413 933 1476 rogatus
976 1412 1082 1470 est,
1120 1419 1242 1474 quat
1270 1413 1327 1460 et
1356 1404 1641 1475 praestanti
1685 1404 1757 1460 sit
1808 1404 1957 1462 utilis
1984 1415 2041 1461 et

442 1490 909 1567 roganti,potérat
922 1492 1124 1549 Paulus
1147 1493 1321 1565 magis
1335 1494 1607 1565 imperare
1633 1508 1798 1563 quam
1826 1502 2035 1564 petere.

441 1586 514 1642 Et
550 1588 655 1643 hoc
698 1600 767 1641 ex
798 1584 996 1641 ﬁducia
1040 1584 1135 1640 illa
1169 1584 1442 1652 veniebat,
1474 1586 1620 1657 quod
1649 1585 1741 1655 qui
1790 1576 1942 1642 tanta
1969 1585 2041 1642 ob

442 1679 723 1737 Christum
772 1694 937 1749 opera
988 1686 1356 1750 perpetrarat,
1410 1680 1599 1749 utique
1657 1681 1834 1751 impar
1873 1682 1956 1737 sui
1983 1680 2040 1737 in

442 1772 656 1828 caeteris
687 1785 810 1827 esse
846 1786 959 1826 non
1006 1778 1240 1841 poterat.
1301 1768 1409 1826 Sed
1458 1770 1577 1826 vult
1623 1773 1798 1843 magis
1853 1782 2040 1844 petere

2144 569 2342 640 inquit,
2398 568 2522 635 soli,
2571 584 2679 624 non
2734 569 2970 637 caeteris,
3003 586 3148 627 nunc
3172 580 3355 627 autem
3384 572 3483 630 tibi
3522 583 3579 631 et
3607 579 3729 635 mihi

2144 660 2312 716 utilis.
2346 659 2510 716 Utilis
2529 660 2772 737 domino,
2801 662 2856 717 in
2882 678 2948 719 eo
2976 663 3104 734 quia
3132 674 3319 734 posset
3342 664 3514 722 Paulo
3535 670 3730 727 servire

2142 768 2242 824 pro
2279 753 2502 809 domino
2529 768 2665 820 suo;
2694 752 2864 811 Paulo
2917 770 3051 811 vero
3100 756 3156 811 in
3186 771 3254 813 eo
3280 757 3460 824 utilis,
3489 760 3612 828 quia
3644 760 3730 817 illo

2144 843 2199 898 in
2226 858 2452 900 carcere
2471 845 2811 917 vinculisque
2850 849 3090 916 detento,
3112 859 3298 921 posset
3326 851 3378 906 ei
3406 851 3461 907 in
3490 852 3729 923 Evange-

2144 933 2216 990 lio
2246 936 2581 992 ministrare.
2607 936 2782 994 Simul
2809 950 2995 995 autem
3020 948 3105 1011 est
3119 942 3498 999 admirandum
3528 944 3596 999 de
3624 960 3728 1000 ma-

2142 1031 2501 1104 gnanimitate
2553 1033 2821 1105 Apostoli,
2876 1044 2935 1091 et
2970 1035 3026 1091 in
3073 1035 3353 1092 Christum
3393 1046 3579 1094 mente
3630 1037 3730 1095 fer-

2143 1124 2312 1179 venti.
2363 1124 2605 1182 Tenetur
2647 1140 2892 1191 carcere,
2941 1127 3172 1183 vinculis
3214 1128 3529 1201 stringitur,
3579 1146 3731 1202 squa-

2142 1214 2259 1271 lore
2287 1215 2559 1286 corporis,
2585 1217 2881 1272 cbarorum
2920 1218 3282 1287 separatione,
3320 1220 3631 1289 poenalibus
3655 1230 3729 1277 te-

2143 1309 2331 1366 nebris
2352 1317 2683 1375 coarctatur,
2709 1319 2765 1364 et
2792 1325 2902 1365 non
2923 1309 3091 1365 sentit
3110 1308 3389 1382 iniuriam,
3414 1327 3526 1367 non
3555 1312 3733 1369 dolore

2142 1401 2441 1468 cruciatur,
2472 1400 2610 1457 nihil
2640 1402 2793 1456 novit
2817 1399 2961 1457 aliud
2996 1401 3103 1456 nisi
3133 1401 3201 1456 de
3243 1400 3450 1459 Christi
3494 1402 3733 1476 Evange-

2141 1491 2217 1545 lio
2269 1491 2531 1563 cogitare.
2592 1489 2814 1547 Sciebat
2865 1506 3104 1557 servum,
3164 1492 3375 1548 sciebat
3423 1493 3732 1564 fugitivum,

2142 1581 2352 1638 sciebat
2379 1582 2672 1654 aliquando
2717 1592 3012 1655 raptorem,
3054 1583 3123 1637 ad
3173 1584 3379 1640 Christi
3426 1584 3595 1641 ﬁdem
3624 1601 3736 1645 esse

2142 1688 2488 1730 conversum.
2507 1674 2744 1731 Grandis
2768 1675 2972 1731 laboris
2986 1682 3072 1730 est
3093 1674 3257 1730 talem
3280 1675 3563 1732 hominem
3594 1677 3649 1732 in
3674 1693 3735 1734 eo

2141 1784 2497 1841 perseverare
2524 1770 2669 1841 quod
2694 1770 2881 1841 capit.
2926 1768 3137 1826 Idcirco
3185 1768 3357 1824 ﬁlium
3379 1784 3567 1836 suum,
3598 1778 3655 1825 et
3678 1770 3736 1826 ﬁ-

438 1878 603 1936 quam
648 1860 858 1934 iubere,
888 1862 1080 1935 grandi
1103 1862 1339 1933 petentis
1385 1863 1711 1919 auctoritate
1737 1865 2036 1936 proposita,
2066 1858 2117 1920 B
2144 1860 2277 1916 lium
2299 1861 2665 1928 vinculorum,
2692 1870 2749 1918 et
2768 1861 3079 1917 ministrum
3109 1861 3391 1932 Evangelii
3421 1863 3482 1917 in
3506 1863 3736 1919 vinculis

436 1971 537 2028 per
558 1970 725 2025 quam
768 1962 828 2010 et
864 1953 1156 2026 Apostolus
1193 1953 1465 2021 obsecrat,
1500 1962 1558 2010 et
1607 1970 1796 2022 senex,
1826 1963 1883 2012 et
1911 1956 2033 2012 vin-

439 2055 561 2104 ctus
583 2045 712 2103 Jesu
734 2044 958 2103 Christi.
988 2045 1184 2101 Totum
1226 2052 1408 2101 autem
1458 2061 1559 2117 pro
1583 2061 1692 2117 quo
1720 2057 1875 2120 rogat
1902 2046 2036 2104 illud

436 2150 521 2197 est
536 2157 551 2196 :
565 2140 855 2198 Onesimus
877 2155 1070 2198 servus
1082 2141 1439 2208 Philemonis,
1469 2141 1653 2215 fugam
1677 2142 1825 2200 furto
1847 2160 2036 2201 cumu-

437 2233 578 2299 lans,
606 2232 859 2304 quaedam
874 2232 956 2289 rei
978 2232 1288 2290 domesticae
1307 2232 1719 2305 compilaverat.
1739 2230 1877 2291 Hinc
1903 2250 2032 2307 per-

436 2340 570 2397 gens
594 2325 661 2380 ad
687 2324 898 2381 Italiam
930 2341 1000 2383 ne
1024 2341 1056 2382 e
1082 2327 1334 2397 proximo
1362 2326 1581 2383 facilius
1606 2335 1796 2397 posset
1833 2342 2031 2398 appre-

440 2417 625 2483 hendi,
658 2419 945 2489 pecuniam
983 2418 1189 2474 domini
1216 2433 1315 2489 per
1362 2419 1633 2474 luxuriam
1669 2419 2029 2490 prodegerat:

439 2508 545 2561 hoc
592 2522 663 2563 ne
712 2507 835 2577 quis
880 2514 1032 2575 putet
1083 2515 1307 2573 temere,
1356 2516 1498 2564 etut
1531 2507 1662 2564 libet
1705 2522 1736 2563 a
1779 2510 1938 2566 nobis
1972 2509 2035 2564 ﬁ-

438 2608 608 2666 ctum,
642 2600 697 2655 in
741 2599 1094 2670 sequentibus
1123 2601 1315 2657 discat.
1345 2600 1634 2672 Nunquam
1658 2602 1805 2659 enim
1832 2596 2035 2661 Paulus

439 2690 684 2747 diceret:
722 2710 742 2743 ι
780 2689 839 2746 Si
868 2691 999 2761 quid
1027 2691 1211 2747 nocuit
1270 2693 1369 2748 tibi
1412 2700 1508 2748 aut
1556 2693 1736 2761 debet,
1766 2694 1871 2750 hoc
1897 2694 2035 2751 mihi

440 2782 666 2854 imputa.
691 2781 1021 2856 EgoPaulus
1041 2785 1236 2857 scripsi
1259 2800 1422 2841 manu
1439 2802 1579 2853 mea,
1603 2802 1705 2860 ego
1728 2788 1973 2844 reddam.
2007 2807 2027 2840 ι

439 2875 551 2933 Nec
575 2890 810 2948 sponsor
830 2876 911 2932 rei
942 2875 1098 2933 ﬁeret
1122 2878 1316 2933 ablata:
1339 2879 1443 2935 nisi
1469 2887 1615 2936 esset
1642 2880 1695 2935 id
1716 2881 1863 2951 quod
1884 2879 2033 2935 abla-

441 2978 554 3025 tum
578 2968 759 3025 fuerat
791 2969 1133 3041 dissipatum.
1162 2970 1263 3028 Hic
1293 2973 1459 3043 igitur
1480 2989 1606 3029 cum
1635 2975 1707 3031 ob
1731 2974 2034 3032 confessio-

437 3079 563 3118 nem
589 3062 795 3119 Christi
823 3063 1023 3122 Paulus
1053 3064 1243 3122 Romae
1261 3075 1410 3123 esset
1434 3066 1491 3122 in
1523 3082 1769 3135 carcere,
1799 3070 2034 3127 credidit

439 3155 492 3210 in
518 3146 809 3211 Dominum
835 3154 1024 3212 Iesum
1048 3172 1063 3210 :
1083 3165 1139 3212 et
1166 3159 1237 3213 ab
1261 3172 1329 3214 eo
1358 3157 1695 3228 baptizatus,
1726 3160 1889 3231 digna
1914 3176 2033 3233 pte-

439 3247 668 3302 nitentia
693 3246 935 3303 maculas
963 3247 1086 3302 vita-
1121 3247 1320 3318 prioris
1346 3248 1624 3315 abstersit,
1650 3249 1703 3304 in
1735 3259 1947 3306 tantum
1970 3261 2032 3308 ut

437 3342 486 3394 is
512 3338 804 3410 Apostolus
828 3338 1199 3395 conversionis
1221 3340 1340 3411 ejus
1363 3342 1518 3397 testis
1546 3341 1720 3409 ﬁeret,
1743 3345 1835 3415 qui
1860 3360 2032 3415 quon-

438 3429 564 3485 dam
594 3429 816 3483 Petrum
860 3428 1244 3499 increpaverat
1271 3443 1379 3485 non
1416 3439 1570 3487 recto
1596 3434 1733 3503 pede
1766 3434 1821 3490 in
1854 3434 2033 3490 Evan-

437 3520 564 3592 gelii
595 3520 826 3576 veritate
852 3520 1210 3591 gradientem.
1248 3520 1524 3590 Quantum
1551 3523 1716 3595 igitur
1741 3525 1810 3581 ad
1833 3541 2030 3596 pecca-

440 3622 553 3669 tum
578 3619 631 3668 et
659 3610 728 3668 ad
771 3610 984 3670 facinus
1023 3615 1284 3684 pertinet,
1313 3629 1424 3685 quo
1452 3615 1742 3672 Dominum
1779 3617 2026 3689 laeserat,

438 3706 649 3762 veniam
680 3720 789 3762 non
814 3714 1093 3774 meretur;
1116 3714 1381 3777 quantum
1411 3720 1544 3762 vero
1571 3707 1641 3764 ad
1669 3707 1915 3780 Apostoli
1942 3720 2027 3765 te-

435 3798 755 3856 stimonium
805 3797 901 3869 qui
956 3798 1062 3854 scit
1114 3813 1238 3854 eum
1289 3797 1451 3870 plene
1503 3814 1626 3855 esse
1679 3815 2027 3871 conversum,

433 3890 624 3965 grandi
651 3889 891 3962 pondere
910 3884 1195 3962 premitur,
1223 3890 1317 3962 qui
1344 3901 1591 3963 rogatur,
1624 3900 1685 3948 ut
1712 3894 1805 3964 qui
1821 3909 1852 3950 e
1871 3909 2030 3951 servo

433 3981 661 4054 fugitivo
689 3991 853 4052 atque
892 3989 1112 4052 raptore
1140 3982 1390 4037 minister
1428 3982 1670 4054 Apostoli
1701 3982 1880 4039 factus
1911 3983 2030 4041 fue-

434 4084 523 4131 rat
557 4072 724 4146 (quod
752 4082 936 4130 autem
985 4072 1135 4130 aliud
1186 4072 1422 4129 habebat
1467 4073 1759 4146 Apostolus
1786 4074 2031 4132 ministe-

434 4166 577 4222 rium
608 4166 716 4222 nisi
746 4165 1023 4238 Evangelii
1050 4163 1253 4221 Christi
1285 4162 1414 4220 Jesu
1429 4164 1500 4237 2),
1521 4165 1637 4236 jam
1667 4180 1773 4221 non
1809 4167 1967 4237 quasi
1995 4182 2029 4222 a

432 4259 680 4324 domino,
736 4257 834 4315 sed
897 4257 1056 4328 quasi
1103 4271 1136 4311 a
1182 4269 1450 4314 conservo
1506 4266 1595 4335 et.
1628 4258 2027 4332 coevangelista

433 4356 807 4427 ignosceretur
833 4352 906 4420 ei,
928 4351 1021 4423 qui
1048 4365 1240 4408 servus
1271 4359 1421 4409 esset
1447 4350 1653 4409 Christi
1689 4353 1944 4411 similiter
1971 4362 2029 4410 et

434 4444 705 4502 minister.

511 4557 529 4589 ι
574 4534 818 4593 Obsecro
840 4543 895 4593 te
919 4535 989 4591 de
1021 4548 1145 4591 meo
1177 4532 1309 4599 ﬁlio,
1335 4547 1499 4604 quem
1529 4534 1692 4608 genui
1717 4534 1772 4590 in
1794 4533 2027 4590 vinculis

438 4652 458 4685 ι
494 4630 774 4699 Onesimo,
823 4629 919 4703 qui
973 4629 1068 4685 tibi
1126 4627 1417 4699 aliquando
1466 4626 1671 4683 inutilis
1718 4625 1838 4693 fuit,
1878 4643 2024 4684 nunc

440 4743 459 4777 σ
495 4731 678 4779 autem
737 4722 833 4779 tibi
880 4730 937 4779 et
962 4720 1095 4777 mihi
1122 4720 1271 4776 utilis
1320 4728 1425 4785 est,
1455 4732 1619 4788 quem
1647 4717 1832 4773 remisi
1877 4716 2020 4773 tibi':

438 4836 460 4871 ι
498 4826 554 4873 tu
583 4823 767 4871 autem
797 4814 970 4883 illum,
994 4814 1048 4870 id
1062 4822 1170 4882 est,
1195 4827 1317 4870 mea
1343 4813 1577 4877 viscera,
1602 4810 1838 4882 suscipe,
1860 4826 2024 4882 quem

439 4931 458 4964 ι
494 4925 597 4982 ego
616 4909 896 4966 volueram
921 4923 1132 4966 mecum
1156 4907 1424 4974 detinere,
1456 4913 1520 4962 ut
1538 4920 1640 4978 pro
1665 4912 1720 4962 te
1754 4905 1889 4961 mihi
1913 4905 2020 4961 mi-

441 5023 459 5056 ι
495 5003 753 5059 nistraret
778 5002 833 5058 in
861 5001 1093 5059 vinculis
1116 5000 1417 5072 Evangelii.
1455 5018 1473 5053 ι
1502 4999 1702 5056 Volens
1729 4998 2024 5070 impetrare

432 5098 578 5171 quod
611 5097 871 5169 postulat,
896 5094 1010 5166 jam
1053 5111 1163 5152 non
1210 5110 1311 5167 pro
1338 5110 1497 5153 servo
1532 5093 1888 5159 Philemonis,
1931 5093 2027 5149 sed

434 5206 534 5267 pro
557 5189 668 5246 lilio
694 5204 795 5246 suo
820 5202 879 5246 se
902 5189 1099 5245 asserit
1122 5186 1408 5260 deprecari
1427 5205 1443 5254 ;
1460 5196 1517 5243 et
1530 5186 1598 5242 de
1614 5186 1708 5241 illo
1730 5184 1842 5241 ﬁlio
1865 5200 2025 5256 quem

432 5281 683 5357 genuerit
728 5282 784 5337 in
832 5279 1061 5337 vinculis
1098 5279 1395 5352 Evangelii,
1449 5278 1554 5334 hoc
1598 5285 1703 5343 est,
1755 5292 1876 5348 qua;
1925 5292 2026 5349 pro

431 5374 637 5432 Christi
675 5372 969 5446 Evangelio
1010 5371 1356 5429 sustinebat:
1385 5368 1481 5440 qui
1515 5383 1639 5425 cum
1669 5375 1795 5424 ante
1820 5367 2027 5451 inutilis

434 5468 655 5524 domino
672 5482 772 5523 suo
794 5473 1005 5522 tantum
1031 5464 1197 5520 fuerit
1223 5463 1423 5535 (neque
1443 5461 1589 5518 enim
1617 5475 1807 5518 servus
1832 5459 1920 5517 fur
1946 5471 2027 5518 at-

434 5575 544 5634 que
565 5560 823 5633 fugitivus
852 5558 1011 5615 alteri
1041 5554 1368 5623 nocuit,nisi
1390 5554 1609 5611 domino
1634 5554 1781 5628 suo),
1808 5571 1954 5611 nunc
1994 5570 2026 5611 e

431 5653 709 5713 contrario
758 5651 1010 5708 utilitatis
1060 5645 1507 5721 compensatione
1539 5663 1646 5720 qua
1688 5657 1746 5705 et
1775 5649 1879 5721 ipsi
1931 5650 2028 5706 do—

433 5747 585 5805 mino
619 5754 677 5804 et
721 5745 892 5803 Paulo
938 5743 1090 5801 utilis
1137 5751 1241 5812 est,
1265 5742 1583 5813 ueterisque
1623 5757 1722 5814 per
1775 5740 2024 5809 Paulum,

436 5843 559 5916 plus
585 5842 870 5901 charitatis
920 5849 1184 5917 meretur,
1214 5855 1380 5916 quam
1413 5837 1524 5897 odii
1550 5845 1679 5896 ante
1724 5845 2023 5895 meruerat.

2141 1950 2422 2006 constituti
2455 1952 2693 2007 inculcat
2715 1966 2781 2008 ac
2811 1952 3059 2023 replicat,
3097 1969 3155 2008 ιιι
3181 1950 3469 2010 Philemon
3497 1954 3593 2010 ille
3621 1972 3738 2027 pm-

2139 2046 2332 2101 denter
2361 2053 2418 2101 et
2445 2045 2841 2118 dispensatorie
2871 2054 3080 2103 tantum
3114 2049 3166 2102 in
3194 2047 3518 2120 przefatione
3546 2050 3734 2108 lauda-

2139 2143 2229 2191 tus
2249 2151 2356 2190 non
2371 2135 2598 2191 auderet
2626 2151 2845 2208 negare,
2868 2152 2937 2193 ne
2949 2136 3064 2194 suis
3078 2137 3324 2195 laudibus
3350 2140 3646 2197 videretur
3665 2143 3737 2199 in-

2137 2227 2351 2299 dignus.
2375 2227 2528 2295 Quod
2551 2238 2732 2283 autem
2748 2229 2845 2297 ait,
2873 2240 2965 2287 «tu
2994 2240 3175 2286 autem
3202 2231 3379 2300 illum,
3399 2233 3456 2288 id
3473 2244 3564 2290 est
3584 2277 3603 2301 ,
3620 2252 3736 2294 mea

2138 2319 2368 2381 viscera,
2387 2321 2612 2390 suscipe,
2636 2338 2655 2371 ι
2674 2319 2779 2376 hoc
2794 2330 2877 2377 est
2890 2322 3035 2392 quod
3050 2323 3212 2393 paulo
3223 2335 3351 2381 ante
3367 2326 3504 2393 dixi,
3522 2328 3734 2386 viscera

2136 2408 2443 2477 signiﬁcare
2487 2408 2765 2465 internum
2803 2413 2983 2468 cordis
3030 2412 3283 2469 ati'ectum
3311 2423 3370 2470 et
3415 2416 3643 2487 plenam
3671 2434 3736 2476 ex

2136 2501 2320 2581 animo
2345 2499 2698 2568 voluntatem,
2725 2517 2850 2558 cum
2878 2512 3052 2559 totum
3094 2505 3355 2576 quidquid
3376 2507 3431 2562 in
3461 2508 3627 2564 nobis
3656 2520 3736 2566 est

2136 2592 2488 2663 suscipitura
2536 2602 2771 2666 rogato:
2802 2595 2936 2651 alias
2978 2606 3161 2653 autem
3217 2611 3409 2654 omnes
3459 2599 3627 2655 liberi
3657 2600 3735 2659 vi-

2136 2702 2291 2744 scera
2315 2697 2443 2745 sunt
2486 2698 2799 2761 parentum.
2837 2710 2855 2743 ι
2892 2688 3023 2747 Sine
3048 2690 3275 2748 consilio
3300 2701 3485 2749 autem
3512 2702 3611 2750 tuo
3648 2695 3731 2750 ni-

2141 2800 2162 2834 ‹
2192 2782 2268 2838 hil
2290 2784 2437 2839 volui
2474 2782 2679 2852 facere,
2719 2798 2779 2842 ut
2829 2801 2936 2843 non
2965 2788 3122 2857 quasi
3152 2803 3220 2844 ex
3269 2789 3607 2847 necessitate
3638 2791 3733 2847 bo-

2139 2892 2159 2926 ‹
2192 2889 2321 2929 num
2358 2883 2513 2945 tuum
2553 2885 2720 2943 esset,
2754 2875 2849 2932 sed
2881 2876 3267 2933 voluntarium.
3304 2899 3325 2929 ι
3360 2877 3481 2935 Non
3510 2879 3734 2937 videba-

2134 2974 2226 3021 tur
2275 2967 2408 3023 mibi
2461 2983 2583 3025 esse
2625 2969 2857 3040 justum,
2888 2977 2948 3026 ut
2989 2978 3177 3027 contra
3212 2971 3551 3030 voluntatem
3579 2982 3733 3033 tuam

2133 3074 2259 3117 eum
2287 3061 2608 3132 retinerem,
2661 3063 2752 3135 qui
2782 3063 2849 3118 ad
2896 3071 2949 3120 te
2971 3065 3279 3136 pertinebat
3306 3085 3320 3122 :
3352 3083 3483 3123 nam
3513 3082 3735 3141 aequum

2134 3166 2257 3208 esse
2292 3152 2548 3208 existimo
2576 3162 2635 3208 ut
2678 3154 3038 3225 quodcunque
3077 3157 3279 3212 bonum
3304 3165 3418 3213 ate
3441 3156 3616 3214 fuerit
3653 3158 3736 3215 fa.

2136 3253 2305 3311 ctum,
2348 3260 2449 3317 pro
2481 3253 2575 3301 tuo
2600 3246 2705 3302 hoc
2755 3247 3044 3319 impleatur
3090 3249 3339 3306 arbitrio.
3368 3250 3486 3307 Hoc
3524 3253 3677 3324 quod
3702 3270 3736 3311 a

2135 3335 2411 3408 plerisque
2432 3339 2717 3410 quterltur,
2745 3346 2799 3393 et
2826 3340 3125 3412 saepissime
3162 3348 3519 3409 retractatur,
3564 3358 3739 3416 quare

2134 3426 2279 3483 Deus
2303 3428 2581 3484 hominem
2606 3427 2835 3497 faciens,
2864 3445 2973 3487 non
3005 3446 3130 3487 eum
3175 3431 3379 3488 bonum
3410 3441 3739 3509 rectumque

2133 3515 2459 3585 condiderit,
2493 3519 2561 3575 de
2597 3520 2853 3591 praesenti
2905 3521 3024 3578 loco
3075 3522 3213 3579 solvi
3250 3532 3452 3595 potest.
3488 3524 3553 3580 Si
3588 3528 3737 3583 enim

2133 3608 2278 3666 Deus
2319 3609 2631 3668 voluntarie
2664 3621 2721 3669 et
2766 3620 2875 3669 non
2919 3628 2988 3670 ex
3030 3616 3358 3674 necessitate
3405 3618 3589 3675 bonus
3627 3630 3733 3687 est,

2132 3702 2320 3758 debuit
2346 3703 2621 3760 hominem
2646 3704 2855 3762 faciens
2884 3707 2953 3763 ad
2988 3723 3140 3765 suam
3172 3709 3469 3781 imaginem
3496 3719 3557 3766 et
3576 3711 3736 3768 simi-

2132 3794 2418 3852 litudinem
2471 3796 2673 3863 facere,
2732 3798 2836 3854 hoc
2880 3807 2988 3866 est,
3044 3807 3104 3855 ut
3158 3801 3273 3871 ipse
3328 3801 3650 3859 voluntarie
3682 3813 3739 3860 et

2132 3907 2240 3948 non
2269 3906 2339 3948 ex
2374 3894 2698 3950 necessitate
2723 3894 2900 3951 bonus
2926 3904 3111 3963 esset;
3142 3897 3234 3968 qui
3263 3906 3448 3952 autem
3477 3907 3739 3956 asserunt

2132 3982 2206 4037 ita
2230 3999 2356 4040 eum
2387 3984 2639 4040 debuisse
2673 3983 2816 4052 ﬁeri,
2862 3993 2924 4041 ut
2955 3986 3156 4043 malum
3188 3988 3433 4058 recipere
3462 4005 3577 4046 non
3602 4006 3734 4062 pos-

2131 4083 2235 4141 set,
2268 4076 2373 4131 hoc
2392 4076 2611 4132 dicunt:
2637 4076 2785 4133 Talis
2805 4077 2991 4134 debuit
3018 4078 3136 4135 ﬁeri
3167 4080 3258 4152 qui
3280 4081 3614 4137 necessitate
3642 4084 3735 4137 bo.

2131 4181 2234 4222 nus
2260 4174 2405 4222 esset
2427 4174 2485 4222 et
2512 4182 2618 4222 non
2647 4167 2954 4237 voluntate;
2979 4170 3123 4240 quod
3155 4171 3200 4226 si
3231 4170 3354 4227 talis
3384 4171 3585 4228 fuisset
3608 4173 3736 4229 effc-

2130 4248 2252 4315 ctus
2301 4258 2393 4328 qui
2450 4258 2653 4314 bonum
2718 4275 2826 4314 non
2891 4259 3193 4329 voluntate,
3234 4262 3332 4318 scd
3395 4265 3736 4321 necessitate

2129 4346 2443 4419 perﬁceret,
2461 4364 2571 4406 non
2594 4360 2739 4409 esset
2764 4351 2877 4409 Deo
2905 4353 3118 4420 similis,
3144 4355 3236 4426 qui
3264 4355 3386 4412 ideo
3413 4355 3599 4413 bonus
3625 4366 3734 4422 est,

2130 4443 2259 4516 quia
2289 4442 2427 4511 vult,
2442 4462 2553 4503 non
2578 4448 2705 4518 quia
2729 4448 2961 4521 cogitur.
2991 4450 3068 4505 Ex
3099 4466 3208 4521 quo
3231 4450 3589 4509 manifestum
3625 4464 3734 4521 est,

2134 4552 2250 4593 rem
2275 4552 2373 4595 eos
2398 4539 2549 4595 inter
2574 4554 2635 4597 se
2668 4540 2949 4612 postulare
2985 4543 3320 4599 contrariam
3346 4564 3360 4600 :
3389 4561 3522 4601 nam
3554 4562 3622 4602 ex
3668 4563 3735 4602 eo

2088 4628 2279 4701 Tquod
2307 4628 2513 4697 dicunt,
2565 4631 2755 4688 debuit
2802 4634 2966 4690 homo
3002 4634 3114 4690 Deo
3150 4635 3344 4692 similis
3394 4636 3542 4705 ﬁeri,
3602 4640 3737 4694 illud

2131 4732 2343 4797 petunt,
2383 4734 2443 4780 ut
2476 4725 2632 4780 liberi
2663 4724 2819 4782 ﬁeret
2845 4726 3082 4794 arbitrii,
3115 4728 3258 4784 sicut
3285 4728 3427 4786 Deus
3463 4731 3584 4803 ipse
3608 4744 3732 4799 est;

2131 4832 2199 4875 ex
2228 4833 2295 4874 eo
2344 4825 2523 4874 autem
2556 4819 2701 4889 quod
2743 4817 3025 4887 inferunt,
3066 4819 3191 4876 talis
3239 4820 3428 4896 debuit
3459 4822 3602 4889 ﬁeri,
3636 4826 3735 4896 qui

2131 4910 2331 4966 malum
2385 4910 2629 4982 recipere
2682 4926 2790 4966 non
2819 4918 3024 4981 posset,
3079 4911 3208 4968 dum
3238 4894 3736 4973 ~necessitatem—ei

2130 5005 2260 5063 boni
2290 5007 2605 5076 important,
2656 5004 2787 5059 illud
2827 5004 3034 5072 volunt,
3062 5014 3124 5061 ut
3158 5006 3325 5062 homo
3369 5008 3486 5065 Deo
3531 5011 3738 5068 similis

2128 5113 2237 5154 non
2265 5095 2440 5153 fleret.
2466 5096 2650 5153 Potuit
2676 5095 2857 5168 itaque
2880 5107 2938 5153 et
2960 5098 3240 5170 apostolus
3274 5099 3480 5158 Paulus
3518 5102 3737 5174 absque

2130 5188 2406 5245 voluntate
2440 5188 2778 5246 Philemonis
2800 5187 3116 5246 Onesimum
3139 5190 3241 5247 sibi
3274 5192 3330 5248 in
3354 5192 3734 5250 ministerium

2129 5281 2401 5347 retinere;
2431 5281 2528 5337 sed
2578 5283 2624 5339 si
2654 5283 2758 5340 hoc
2807 5282 2926 5339 sine
2967 5282 3299 5343 Philemonis
3328 5287 3615 5345 voluntate
3642 5288 3732 5345 fe-

2132 5367 2318 5433 cisset,
2360 5366 2563 5423 bonum
2595 5368 2810 5439 quidem
2855 5377 2995 5438 erat,
3032 5372 3127 5427 sed
3174 5389 3280 5428 non
3311 5374 3727 5432 voluntarium:

2129 5460 2272 5532 quod
2307 5469 2487 5517 autem
2525 5463 2632 5518 non
2673 5472 2790 5519 erat
2818 5464 3202 5536 voluntarium,
3244 5468 3349 5524 alio
3383 5485 3589 5541 genere
3632 5489 3727 5527 ar-

2129 5551 2392 5623 guebatur
2417 5568 2525 5608 non
2554 5566 2675 5608 esse
2710 5554 2911 5609 bonum
2937 5573 2950 5608 :
2984 5557 3119 5613 nihil
3155 5559 3353 5631 quippe
3380 5560 3585 5617 bonum
3608 5562 3722 5618 dici

2127 5648 2326 5714 potest,
2375 5641 2477 5697 nisi
2527 5642 2669 5713 quod
2699 5643 3003 5701 ultroneum
3044 5655 3146 5703 est.
3193 5648 3271 5704 Ex
3318 5666 3426 5720 quo
3462 5651 3717 5722 Apostoli

2127 5731 2517 5788 consideranda
2553 5735 2861 5805 prudentia,
2903 5737 2995 5808 qui
3035 5738 3240 5795 idcirco
3276 5741 3567 5813 fugitivum
3597 5758 3721 5800 ser-

2126 5840 2253 5884 vum
2283 5826 2513 5883 remittit
2546 5829 2613 5884 ad
2645 5828 2942 5899 dominum,
2974 5841 3033 5887 ut
3078 5834 3250 5905 prosit
3290 5833 3513 5893 domino
3557 5854 3659 5895 suo
3689 5856 3707 5892 :
