3992 6338
240 373 343 428 705

662 369 1210 428 ENABRATIONU-M
1237 371 1312 426 IN
1351 371 1499 426 EPP.
1541 371 1745 429 PAULI
1782 371 1909 428 LIB.
1950 369 2138 426 XXVI.
2176 399 2248 415 ευ·-
2279 369 2347 426 IN
2387 368 2602 424 EPIST.
2642 369 2734 423 AD
2772 367 3076 456 PHlLEMa

3384 373 3488 429 706

234 483 328 553 qui
378 496 635 552 prooesse
679 498 784 538 non
823 491 1036 552 poterat
1081 485 1126 538 si
1169 484 1384 539 domino
1435 493 1708 540 teneretur
1727 486 1817 540 ab-
1841 493 1891 552 Α
1919 485 2030 540 tivo
2060 485 2239 539 dicere
2267 499 2445 548 servo,
2477 484 2570 539 sed
2595 491 2654 538 ut
2681 484 2911 554 recipias
2928 500 3050 538 eum
3075 498 3237 555 super
3250 501 3485 555 servum,

232 582 406 628 settle.
449 571 706 643 Superior
758 590 887 645 ergo
940 575 1170 645 quzestio
1222 577 1296 630 ita
1349 577 1591 642 solvitur,
1639 578 1812 647 potuit

231 668 378 722 Deus
409 666 683 722 hominem
722 667 839 721 sine
878 667 1154 723 voluntate
1200 669 1316 740 ejus
1345 668 1523 724 facere
1571 670 1808 736 bonum;

228 771 398 826 porro
420 755 466 810 si
494 756 599 811 hoc
629 755 847 811 fecisset
879 773 987 812 non
1028 767 1149 812 erat
1193 760 1393 814 bonum
1421 758 1809 825 voluntarium,

228 845 327 901 sed
383 846 745 901 necessitatis.
802 845 957 913 Quod
992 855 1170 901 autem
1231 849 1558 904 necessitate
1609 849 1811 903 bonum

226 946 335 1002 est,
365 953 469 992 non
502 950 587 992 est
614 937 835 1002 bonum,
865 944 922 991 et
958 937 1063 994 alio
1089 954 1286 1010 genere
1311 941 1514 994 malum
1543 941 1809 1011 arguitur.

224 1030 401 1100 Igitur
420 1029 638 1099 proprio
661 1029 886 1083 arbitrio
914 1045 1012 1084 nos
1036 1029 1364 1100 relinquens,
1383 1033 1555 1102 magis
1570 1033 1634 1087 ad
1660 1047 1811 1087 suam

224 1124 524 1194 imaginem
550 1131 603 1177 et
627 1122 1031 1177 similitudinem
1057 1121 1216 1188 fecit;
1245 1123 1476 1179 similem
1499 1137 1677 1179 autem
1701 1125 1812 1179 Deo

221 1231 352 1271 esse
385 1216 628 1270 absolute
655 1216 855 1270 bonum
886 1223 988 1270 est.

307 1327 325 1359 ι
371 1305 620 1361 Forsitan
663 1306 807 1360 enim
837 1306 958 1361 ideo
1008 1306 1258 1362 discessit
1284 1309 1350 1362 ad
1374 1307 1564 1363 horam
1592 1324 1621 1362 a
1650 1316 1720 1372 te,
1755 1317 1816 1364 ut

227 1419 248 1451 ι
294 1409 560 1455 aeternum
600 1398 747 1453 illum
780 1398 1073 1468 reciperes,
1104 1408 1358 1469 tanquam
1391 1416 1499 1456 non
1538 1403 1679 1456 sicut
1703 1414 1814 1454 ser-

225 1509 248 1541 ι
296 1507 447 1556 vum,
504 1491 598 1545 sed
650 1490 770 1560 plus
811 1505 969 1546 servo
1000 1489 1224 1547 fratrem
1274 1491 1672 1557 charissimum,
1705 1506 1815 1546 ma-

224 1605 247 1637 ι
301 1587 448 1641 xime
477 1586 648 1640 mihi:
675 1595 880 1656 quanto
929 1595 1112 1640 autem
1139 1588 1312 1658 magis
1342 1588 1437 1643 tibi
1474 1599 1528 1644 et
1563 1589 1617 1642 in
1650 1604 1815 1644 carne

224 1696 247 1729 ι
298 1687 356 1734 et
382 1679 436 1732 in
466 1677 731 1732 Domino!
772 1698 790 1730 ι
837 1676 1231 1748 Nonnunquam
1264 1679 1465 1732 malum
1513 1679 1730 1735 occasio
1752 1679 1814 1733 fit

218 1773 517 1835 bonorum,
539 1779 594 1824 et
621 1770 897 1825 hominum
927 1785 1094 1840 prava
1119 1771 1342 1826 consilia
1366 1771 1516 1838 Deus
1551 1772 1718 1827 vertit
1746 1771 1814 1826 ad

1911 573 2015 629 hoc
2043 584 2146 640 est,
2179 575 2408 646 recipias
2431 590 2556 630 eum
2583 589 2690 629 non
2727 575 2900 630 solum
2943 577 3140 632 servile
3169 580 3488 652 obsequium

1912 663 2008 719 tibi
2036 664 2454 736 persolventem,
2505 665 2650 736 quod
2700 667 2845 721 servi
2893 667 3066 723 solent
3117 669 3228 725 suis
3258 671 3492 728 dominis

1910 753 2188 820 exhibere,
2214 756 2356 825 quod
2389 754 2509 824 jure
2537 757 2763 811 docebat
2799 766 3018 828 propter
3044 774 3257 814 morum
3284 769 3339 815 et
3365 777 3490 831 pro-

1910 843 2072 912 positi
2097 844 2214 914 ejus
2240 845 2670 902 mutabilitatem.
2695 847 2834 914 Quid
2853 857 3033 903 autem
3061 849 3175 904 vult
3203 865 3324 906 esse
3344 851 3488 920 quod

1912 936 2050 990 dixit
2083 951 2245 1007 super
2295 953 2531 1005 servum,
2585 958 2602 990 ι
2638 939 2859 994 fratrem
2902 942 3303 1010 charissimam,
3337 962 3356 995 ι
3389 944 3492 999 hoc

1911 1035 1996 1083 est
2020 1027 2246 1084 fratrem
2273 1029 2428 1085 valde
2460 1039 2848 1097 amantem,out
2890 1033 3051 1097 dicat,
3085 1033 3351 1101 Quoniam
3384 1035 3487 1089 etsi

1910 1135 2010 1190 per
2041 1120 2224 1191 fugam
2255 1121 2503 1187 recessit,
2561 1123 2655 1178 sed
2687 1130 2840 1178 tanto
2870 1125 2953 1178 sui
3004 1124 3198 1180 melior
3227 1134 3312 1181 est
3362 1125 3490 1182 elle-

1911 1215 2052 1276 ctus,
2089 1218 2150 1265 ut
2171 1225 2279 1265 non
2309 1209 2483 1265 solum
2515 1210 2756 1266 debitum
2794 1213 2887 1267 tibi
2914 1213 3256 1285 obsequium,
3285 1224 3344 1269 ut
3369 1230 3487 1271 ser-

1911 1315 2034 1366 vus,
2058 1316 2182 1356 cum
2211 1302 2358 1357 omni
2413 1301 2519 1357 fide
2558 1303 2844 1373 persolvat,
2896 1305 2990 1359 sed
3043 1313 3093 1360 et
3126 1306 3266 1360 sicut
3322 1309 3492 1362 frater

1913 1392 2069 1449 valde
2090 1408 2272 1448 amore
2301 1402 2393 1447 tuo
2415 1391 2635 1462 junctus
2657 1396 2841 1450 omnia
2867 1410 2966 1465 pro
2992 1405 3044 1452 te
3063 1397 3176 1468 pati
3203 1398 3269 1454 de
3293 1408 3488 1454 caetero

1913 1485 1985 1538 sit
2022 1493 2263 1553 paratus.
2295 1485 2363 1538 Et
2397 1486 2526 1555 quia
2581 1485 2851 1541 incertum
2897 1481 3036 1554 erat,
3094 1491 3140 1543 si
3175 1491 3291 1546 haec
3323 1491 3398 1544 ita
3431 1506 3491 1545 se

1912 1577 2200 1644 haberent,
2233 1577 2580 1633 conformans
2633 1578 2836 1633 dictum
2865 1595 3025 1634 suum
3063 1580 3284 1649 adjicit:
3318 1601 3336 1632 ι
3381 1582 3490 1636 Ma-

1893 1671 2058 1726 xime
2092 1673 2248 1737 mihi,
2271 1681 2474 1743 quanto
2501 1673 2674 1744 magis
2712 1674 2829 1740 tibi,
2866 1681 2922 1729 et
2948 1675 3002 1728 in
3026 1689 3190 1729 carne
3216 1685 3270 1730 et
3296 1677 3351 1731 in
3390 1676 3494 1731 Do-

1914 1761 2104 1816 mino;
2125 1781 2143 1813 ›
2186 1761 2280 1817 Est
2305 1763 2522 1832 quidem
2557 1762 2870 1829 obscurum,
2900 1765 3045 1832 quod
3075 1763 3277 1818 dictum
3315 1773 3397 1819 est
3425 1764 3494 1818 ob

219 1871 463 1918 rectum.
515 1862 671 1930 Quod
719 1861 841 1916 dico
889 1863 1230 1918 manifestius
1283 1862 1532 1932 exemplo
1559 1862 1670 1916 fiet.
1716 1858 1812 1915 Jo-
1841 1863 1890 1922 B
1915 1853 2141 1909 nimium
2167 1855 2566 1924 compendium,
2609 1870 2677 1910 eo
2705 1855 2848 1925 quod
2873 1854 3162 1924 Apostolus
3207 1871 3348 1924 saepe
3397 1871 3494 1910 cu-

217 1955 362 2025 seph
391 1952 610 2017 fratres,
643 1952 725 2007 sui
758 1951 858 2006 zeli
886 1953 1122 2007 stimulis
1166 1952 1397 2015 incitati,
1423 1950 1710 2006 lsmaelitis
1735 1950 1815 2004 vi-

217 2047 364 2118 ginti
418 2045 598 2099 aureis
641 2044 1018 2099 vendiderunt.
1071 2043 1183 2098 Hoc
1233 2043 1445 2097 initium
1481 2051 1536 2097 et
1585 2040 1726 2111 patri
1759 2049 1814 2094 et

217 2140 494 2195 fratribus
515 2148 570 2193 et
599 2139 692 2193 toti
727 2137 962 2210 Aigypto
992 2140 1256 2194 bonorum
1285 2137 1528 2193 omnium
1556 2137 1677 2191 fuit.
1707 2136 1813 2190 De-

216 2235 396 2303 nique
425 2234 539 2304 ipse
574 2241 762 2302 postea
801 2233 868 2286 ad
915 2231 1112 2287 fratres
1157 2249 1168 2284 :
1226 2251 1244 2283 ‹
1276 2231 1405 2297 Vos,
1440 2232 1637 2301 inquit,
1668 2231 1816 2302 cogi-

217 2329 392 2383 tastis
420 2327 488 2383 de
515 2341 602 2381 me
636 2326 692 2380 in
721 2325 884 2391 mala,
912 2326 1053 2381 Deus
1079 2341 1208 2380 vero
1256 2325 1510 2397 cogitavit
1543 2326 1611 2380 de
1643 2341 1728 2380 me
1758 2326 1812 2380 in

216 2421 396 2475 bona.
433 2439 451 2471 ι
492 2419 685 2474 Simile
710 2418 840 2488 quid
867 2427 921 2473 et
941 2418 996 2472 iu
1024 2417 1280 2473 Onesimo
1303 2434 1593 2488 possumus
1618 2417 1814 2474 intelli—

214 2527 380 2584 gere,
432 2511 577 2582 quod
624 2511 764 2566 mala
811 2510 1077 2580 principia
1125 2512 1439 2567 occasiones
1493 2513 1693 2568 fuerint
1734 2517 1813 2568 rei

212 2605 404 2660 bonae.
457 2603 517 2660 Si
558 2604 703 2658 enim
753 2603 1028 2658 dominum
1073 2619 1181 2660 non
1233 2605 1481 2676 fugisset,
1536 2623 1810 2676 nunquam

213 2701 471 2754 venisset
492 2697 739 2765 Romam,
765 2698 856 2754 ubi
883 2707 1000 2753 erat
1021 2699 1223 2754 Paulus
1247 2701 1460 2754 vinctus
1483 2701 1537 2754 in
1559 2715 1809 2756 carcere:

214 2793 268 2848 si
307 2785 534 2846 Paulum
573 2791 629 2845 in
661 2790 889 2845 vinculis
927 2805 1036 2844 non
1085 2790 1336 2857 vidisset,
1377 2790 1540 2846 ﬁdem
1589 2807 1698 2845 non
1730 2806 1815 2846 re-

215 2884 465 2954 cepisset
493 2883 547 2937 in
565 2881 861 2938 Christum.
884 2881 942 2937 Si
971 2882 1176 2937 Christi
1199 2898 1306 2938 non
1326 2883 1607 2938 habuisset
1629 2884 1812 2950 ﬁdem,

217 2995 509 3050 nunquam
534 2978 689 3034 Pauli
720 2977 942 3034 eﬂ‘ectus
977 2977 1118 3033 filius
1148 2978 1203 3033 in
1231 2994 1368 3048 opus
1395 2979 1672 3050 Evangelii
1690 2979 1815 3033 mit-

218 3081 462 3126 teretur.
492 3069 571 3124 Ex
616 3085 723 3139 quo
756 3069 1019 3140 paulatim
1044 3071 1227 3140 et-jper
1257 3071 1459 3141 gradus
1489 3086 1641 3136 suos,
1675 3071 1815 3124 reci-

218 3174 492 3237 procante
545 3165 834 3229 sententia,
876 3164 996 3218 ideo
1025 3164 1274 3218 minister
1312 3162 1588 3234 Evangelii
1617 3171 1700 3218 est
1733 3163 1813 3216 fa-

217 3265 352 3311 ctus
377 3254 691 3318 Onesimus,
722 3253 850 3323 quia
877 3252 1015 3323 fugit
1043 3267 1074 3307 a
1102 3253 1338 3308 domino.
1367 3253 1598 3308 Pulchre
1633 3261 1814 3308 autem

219 3347 456 3411 addens,
483 3362 502 3395 ι
539 3343 819 3410 forsitan,»
864 3344 1189 3398 sententiam
1224 3344 1566 3414 temperavit.
1591 3342 1816 3399 Occulta

220 3448 360 3495 sunt
409 3439 606 3510 quippe
651 3435 855 3505 judicia
887 3437 1006 3501 Dei,
1045 3446 1099 3492 et
1143 3438 1495 3492 temerarium
1549 3445 1633 3492 est
1661 3439 1815 3508 quasi

219 3533 295 3586 de
334 3539 484 3584 certo
523 3529 874 3600 pronuntiare
901 3529 1044 3599 quod
1094 3529 1315 3584 dubium
1346 3538 1448 3584 est.
1486 3549 1503 3581 ι
1538 3528 1814 3595 Forsitan,

220 3622 431 3694 inquit,
475 3621 596 3676 ideo
643 3619 912 3686 discessit,
952 3639 970 3671 ι
1002 3629 1180 3686 caute,
1218 3621 1426 3686 timide,
1455 3620 1813 3690 trepidanter,

220 3729 284 3773 et
316 3733 424 3771 non
450 3724 620 3770 totum
651 3715 760 3769 fixo
790 3715 980 3787 gradu,
1018 3728 1085 3768 ne
1123 3715 1169 3768 si
1221 3730 1326 3768 non
1357 3713 1624 3783 posuisset
1661 3729 1678 3760 ι
1704 3710 1814 3766 for-

224 3812 431 3872 sitan,»
461 3809 712 3863 omnibus
735 3808 909 3863 servis
938 3807 1251 3878 fugiendum
1277 3817 1422 3861 esset
1445 3814 1505 3860 ut
1529 3804 1814 3875 apostolici

222 3901 450 3954 tierent.
479 3899 634 3967 Quod
669 3907 849 3955 autem
881 3918 899 3950 ι
920 3900 986 3953 ad
1017 3899 1206 3953 horam
1232 3918 1250 3950 ι
1271 3896 1474 3967 junxit,
1499 3888 1701 3952 horam
1716 3911 1816 3966 pro

221 4004 478 4063 tempore
536 3993 792 4047 debemus
855 3992 1100 4061 accipere
1155 4010 1168 4045 :
1224 3991 1292 4046 ad
1352 3989 1814 4060 comparationem

221 4089 378 4144 enim
406 4087 724 4142 aeternitatis
753 4101 912 4141 omne
947 4095 1157 4155 tempus
1190 4085 1352 4139 breve
1375 4092 1478 4139 est.
1516 4101 1532 4133 ι
1569 4083 1636 4136 Ut
1658 4090 1816 4136 aiter-

223 4197 364 4238 num
418 4181 568 4235 illum
619 4179 907 4249 reciperes.
967 4176 1210 4232 {Nullus
1271 4185 1510 4230 aeternus
1564 4172 1817 4229 dominus

223 4271 376 4329 servi
408 4271 490 4325 sui
515 4288 530 4339 ;
561 4278 800 4342 potestas
829 4270 1025 4340 quippe
1045 4267 1162 4338 ejus
1189 4277 1245 4323 et
1269 4268 1550 4336 utriusque
1577 4266 1818 4322 conditio

224 4370 414 4418 morte
465 4359 673 4415 linitur.
726 4359 1014 4416 Onesimus
1063 4374 1192 4414 vero
1243 4358 1336 4428 qui
1367 4373 1434 4414 ex
1471 4357 1574 4412 ﬁde
1612 4355 1816 4411 Christi

227 4458 418 4513 factus
447 4463 685 4510 aeternus
712 4462 816 4521 est,
847 4462 1052 4508 aaterno
1070 4452 1395 4518 Philemoni,
1427 4452 1554 4522 quia
1580 4452 1635 4506 in
1664 4449 1818 4506 Chri-

227 4562 381 4606 stum
415 4557 470 4605 et
516 4550 630 4619 ipse
675 4548 998 4612 crediderat,
1024 4546 1216 4617 spiritu
1267 4545 1536 4600 libertatis
1567 4552 1812 4613 accepto,

223 4643 342 4712 jam
369 4657 478 4696 non
512 4657 725 4706 servus,
756 4640 849 4695 sed
883 4638 1054 4693 frater
1082 4637 1246 4708 coepit
1267 4652 1387 4692 esse
1409 4637 1474 4691 de
1498 4651 1673 4700 servo,
1706 4634 1815 4690 fra-

230 4744 320 4790 ter
345 4733 724 4797 charissimus,
754 4731 924 4784 frater
953 4739 1209 4794 :eternus,
1238 4737 1441 4783 mterno
1475 4738 1528 4782 et
1561 4726 1662 4796 ipsi
1684 4725 1821 4796 Apo-

230 4828 378 4882 stolo
417 4827 741 4895 dominoque
771 4839 888 4887 suo,
915 4825 1000 4879 cui
1037 4823 1348 4878 Onesimum
1398 4831 1456 4877 ut
1481 4823 1662 4876 carnis
1691 4830 1818 4877 ante

230 4919 502 4982 conditio,
531 4919 606 4972 ita
640 4926 825 4988 postea
866 4916 1086 4986 spiritus
1115 4915 1432 4984 copulabat,
1464 4923 1520 4968 et
1553 4922 1681 4968 tunc
1705 4913 1820 4982 qui-

231 5015 358 5068 dem
390 5013 608 5084 quando
636 5019 757 5065 erat
785 5010 834 5064 ei
880 5007 1154 5075 subjectus
1183 5008 1236 5061 in
1277 5023 1463 5073 carne,
1493 5022 1598 5061 non
1629 5015 1750 5062 erat
1770 5007 1821 5060 ei

227 5109 454 5181 junctus
480 5105 537 5160 in
559 5105 810 5168 Domino,
839 5118 982 5158 nunc
1024 5111 1207 5157 autem
1241 5110 1295 5156 et
1324 5102 1378 5156 in
1425 5115 1591 5156 carne
1619 5101 1668 5156 ei
1693 5097 1818 5168 jun-

235 5213 361 5259 ctus
384 5209 470 5256 est
509 5211 562 5256 et
594 5200 646 5254 in
679 5199 905 5253 Domino
931 5215 943 5250 :
974 5213 1041 5251 ex
1087 5212 1194 5268 quo
1229 5195 1576 5266 intelligimus
1599 5209 1818 5249 servum

236 5298 332 5366 qui
367 5294 682 5358 crediderit,
711 5292 908 5362 duplici
951 5291 1168 5346 domino
1204 5306 1302 5346 suo
1329 5291 1445 5360 lege
1497 5289 1817 5360 constringi,

237 5396 302 5440 ιιι
332 5387 383 5441 ei
405 5394 460 5440 et
492 5385 674 5440 carnis
701 5382 1025 5438 necessitate
1047 5380 1308 5451 jungatur
1323 5380 1391 5434 ad
1423 5389 1655 5450 tempus,
1687 5381 1820 5435 etin

236 5487 508 5534 aeternum
565 5476 758 5546 spiritu
804 5475 1102 5544 copuletur.
1159 5471 1384 5544 (Ambr.)
1437 5473 1820 5528 lntendendum

237 5583 377 5624 vero
406 5578 508 5634 est,
533 5569 787 5637 quoniam
816 5582 922 5622 non
975 5566 1129 5631 dixit,
1166 5572 1226 5619 ut
1253 5563 1474 5631 habeas,
1526 5567 1622 5622 sed
1651 5574 1710 5621 ut
1739 5583 1824 5623 re-

239 5661 436 5732 cipias,
479 5678 586 5717 non
623 5660 772 5716 enim
798 5662 900 5716 hoc
929 5660 1078 5725 dicit,
1107 5659 1363 5729 quoniam
1400 5659 1646 5725 recessit,
1669 5670 1729 5716 ut
1758 5661 1824 5717 de

241 5760 446 5807 caetero
474 5752 678 5806 habeas
730 5767 851 5805 eum
899 5768 996 5822 pro
1025 5768 1201 5813 servo.
1255 5748 1514 5818 majorem
1544 5767 1671 5822 erga
1698 5768 1824 5807 eum

247 5841 501 5898 aﬁectum
532 5843 822 5899 ostendens
852 5861 862 5897 :
886 5860 1009 5898 nam
1025 5843 1310 5899 ridiculum
1327 5851 1444 5898 erat
1468 5844 1572 5902 hoc
1597 5844 1661 5901 dc
1689 5845 1824 5905 futti—

1843 4591 1894 4652 D

1911 1946 2066 2016 piens
2091 1945 2270 2016 aliqua
2291 1946 2670 2015 compendiose
2693 1946 2988 2015 explicare,
3005 1946 3336 2003 obscuritate
3351 1946 3492 2001 dicta

1911 2052 2009 2093 sua
2045 2038 2290 2094 involvit.
2328 2039 2582 2094 Testatur
2612 2049 2792 2094 autem
2823 2040 2889 2095 de
2927 2039 3202 2107 Onesimo,
3234 2039 3492 2111 ‘quuniam

1913 2129 2078 2184 etiam
2115 2130 2220 2185 sibi
2247 2129 2413 2185 fuerit
2449 2130 2618 2196 utilis,
2667 2139 2790 2200 post
2831 2132 3260 2187 exhortationem
3299 2140 3354 2187 et
3373 2147 3497 2187 con-

1912 2218 2114 2285 silium,
2145 2221 2288 2290 quod
2314 2237 2345 2275 a
2374 2235 2433 2276 se
2462 2232 2765 2291 acceperat.
2791 2221 2916 2277 Vult
2951 2223 3094 2277 enim
3125 2223 3330 2288 dicere,
3360 2238 3494 2294 quo-

1913 2312 2061 2366 niam
2090 2313 2137 2368 si
2174 2328 2300 2382 erga
2327 2328 2415 2367 me
2444 2313 2565 2368 talis
2589 2314 2799 2368 exstitit
2829 2330 3010 2370 mores
3039 2331 3167 2370 suos
3189 2317 3490 2380 demutans,

1914 2405 1988 2460 ita
2015 2413 2075 2460 ut
2105 2414 2297 2476 sponte
2323 2405 2485 2461 vellet
2534 2406 2668 2461 mihi
2719 2421 2880 2462 omne
2934 2407 3252 2478 obsequium
3301 2407 3495 2463 servile

1911 2501 2174 2571 praebere,
2206 2501 2663 2571 quemadmodum
2699 2516 2804 2556 non
2849 2516 2978 2573 erga
3007 2510 3062 2556 te
3113 2501 3282 2556 multo
3325 2500 3495 2571 magis
3547 2543 3554 2546 .

1913 2595 2018 2648 erit
2042 2593 2188 2660 talis,
2217 2594 2306 2648 cui
2337 2601 2392 2648 et
2419 2603 2640 2662 propter
2669 2593 2827 2648 tidem
2874 2601 2934 2647 ut
2965 2601 3091 2662 pote
3118 2593 3357 2648 studiose
3385 2592 3498 2662 pie-

1917 2685 2046 2739 tatis
2075 2685 2398 2740 charitatem
2446 2684 2755 2754 persolvere
2785 2687 2966 2751 debet,
2996 2693 3051 2740 et
3100 2687 3241 2740 sicut
3276 2685 3495 2740 domino

1915 2776 2199 2832 servitium
2233 2792 2357 2831 cum
2404 2776 2551 2830 omni
2581 2775 2842 2830 exhibere
2889 2775 3189 2831 fidelitate?
3215 2777 3316 2830 hoc
3351 2777 3496 2829 enim

1916 2869 2047 2925 dicit
2073 2870 2127 2924 in
2149 2883 2310 2924 carne
2332 2885 2452 2939 quae
2473 2878 2559 2923 est
2583 2869 2884 2924 secundum
2905 2869 3332 2937 dispositionem.
3365 2867 3498 2922 Fre-

1916 2969 2145 3031 quenter
2168 2975 2298 3015 vero
2319 2974 2556 3022 carnem,
2573 2958 2866 3028 apostolica
2889 2958 3031 3013 dicta
3053 2958 3493 3027 interpretantes,

1916 3053 2354 3126 signiﬁcavimus,
2419 3053 2545 3121 quia
2575 3059 2778 3122 statum
2807 3051 2952 3104 hunc
3003 3050 3369 3120 temporalem,
3404 3050 3496 3120 qui

1918 3147 1972 3201 in
1994 3146 2246 3216 praesenti
2279 3145 2389 3200 vita
2431 3145 2685 3209 habetur,
2712 3142 2792 3198 sic
2837 3141 2972 3198 solet
3019 3160 3350 3214 nuncupare.
3383 3165 3400 3196 ι
3440 3145 3496 3199 Si

1919 3256 2048 3312 ergo
2083 3240 2253 3295 babes
2288 3253 2375 3294 me
2411 3239 2638 3303 socium,
2689 3237 2902 3307 suscipe
2955 3237 3104 3292 illum
3128 3239 3271 3294 sicut
3322 3253 3426 3292 me.
3472 3257 3490 3287 ι

1921 3332 2096 3403 Super
2116 3334 2367 3388 omnibus
2395 3333 2554 3387 dictis
2591 3333 2696 3387 hoc
2721 3331 2807 3386 vel
2842 3332 3076 3387 maxime
3102 3331 3246 3387 dicto
3270 3346 3495 3401 persua-

1918 3425 2080 3482 deb‘at
2105 3426 2175 3491 ei,
2209 3441 2274 3480 eo
2301 3425 2444 3495 quod
2488 3426 2538 3480 ei
2569 3424 2815 3489 decebat,
2849 3432 2908 3478 ut
2951 3424 3020 3479 ad
3066 3439 3405 3480 communem
3435 3429 3498 3480 li-

1918 3518 2041 3572 dem
2083 3517 2359 3582 universa,
2413 3532 2534 3586 quae
2592 3517 2696 3572 sibi
2752 3517 2972 3584 adsunt,
3029 3518 3339 3572 communia
3378 3534 3499 3574 esse

1916 3611 2168 3666 omnibus
2202 3608 2449 3664 fidelibus
2473 3618 2771 3681 reputaret,
2798 3611 2942 3678 quod
2969 3625 3080 3680 prae
3100 3612 3312 3666 caeteris
3332 3612 3496 3666 etiam

1917 3701 2042 3767 sibi,
2077 3709 2136 3754 ut
2156 3709 2282 3770 pote
2307 3699 2648 3771 prmdicatori
2695 3710 2750 3754 et
2801 3700 3012 3756 doctori
3041 3701 3351 3773 dogmatum
3385 3703 3498 3772 pie-

1919 3791 2045 3846 tatis
2096 3789 2192 3844 Dei
2245 3792 2358 3844 veri
2408 3791 2795 3846 existimabat:
2828 3792 2872 3845 si
2913 3792 3088 3860 inquit
3129 3792 3498 3848 communicas

1917 3880 2214 3936 secundum
2244 3881 2424 3947 fidem,
2455 3891 2511 3936 et
2559 3882 2627 3936 ad
2655 3881 2872 3952 plenum
2900 3883 3179 3938 existimas
3205 3884 3359 3939 nobis
3384 3901 3498 3938 om-

1918 3973 2007 4026 nia
2033 3987 2154 4028 esse
2180 3973 2511 4037 communia,
2541 3972 2722 4041 recipe
2749 3981 2804 4026 et
2833 3973 2978 4028 hunc
2999 3984 3220 4043 propter
3246 3990 3365 4041 me;
3391 3992 3495 4031 non

1918 4069 2024 4122 hoc
2056 4066 2207 4130 dicit,
2247 4073 2308 4119 ut
2337 4066 2390 4119 in
2417 4065 2606 4120 ordine
2630 4080 2754 4120 eum
2802 4066 3029 4135 recipiat
3056 4067 3320 4136 Apostoli,
3362 4085 3498 4138 quo-

1919 4160 2078 4215 modo
2095 4159 2239 4214 enim
2271 4158 2384 4212 fieri
2408 4166 2620 4228 poterat
2640 4165 2701 4212 ut
2721 4158 2824 4212 hoc
2845 4157 3123 4213 suaderet?
3136 4160 3228 4213 sed
3252 4167 3310 4214 ut
3332 4160 3495 4226 dicat,

1917 4251 1997 4305 Eo
2019 4250 2162 4320 quod
2187 4263 2286 4320 ego
2311 4263 2435 4302 eum
2455 4247 2653 4318 recepi,
2681 4247 2864 4316 recipe
2886 4255 2942 4302 et
2957 4256 3035 4302 tu.
3065 4247 3120 4303 Si
3141 4258 3321 4304 tamen
3345 4265 3498 4304 com-

1919 4344 2103 4398 munia
2124 4342 2304 4396 omnia
2330 4341 2485 4397 nobis
2506 4356 2627 4395 esse
2649 4342 2948 4397 existimas.
2987 4341 3188 4414 (Ilien)
3218 4341 3497 4397 Philemon

1920 4433 2143 4488 Paulum
2167 4433 2375 4488 socium
2402 4433 2602 4487 habere
2633 4432 2902 4502 cupiebat,
2929 4441 2984 4488 et
3006 4433 3058 4486 in
3091 4432 3364 4488 Christum
3387 4449 3501 4488 cre-

1922 4527 2074 4592 dens,
2100 4525 2234 4580 tales
2257 4525 2445 4594 utique
2473 4524 2687 4579 volebat
2707 4525 2908 4579 habere
2929 4525 3224 4594 profectus,
3254 4533 3313 4578 ut
3333 4523 3499 4579 Paulo

1920 4617 2112 4672 similis
2136 4617 2314 4682 fieret,
2349 4625 2406 4670 et
2442 4616 2491 4671 ei
2535 4616 2959 4670 communicaret
2986 4615 3042 4670 in
3081 4615 3328 4670 vinculis.
3360 4615 3499 4670 Con-

1920 4712 2221 4766 sideremus
2269 4724 2398 4779 ergo
2427 4717 2688 4778 quantum
2749 4708 2837 4762 hic
2895 4694 3143 4762 laudetur
3191 4706 3497 4772 Onesimus,

1920 4815 2182 4876 quantum
2214 4802 2508 4874 profecisse
2557 4802 2791 4866 dicatur,
2851 4817 2973 4855 cum
3036 4801 3110 4855 ita
3159 4801 3500 4870 recipiendus

1921 4900 2015 4963 sit,
2043 4909 2104 4953 ut
2127 4897 2437 4968 Apostolus,
2461 4904 2518 4950 et
2538 4895 2619 4950 sic
2646 4897 2762 4963 ejus
2783 4894 3032 4949 dominus
3053 4903 3114 4950 ut
3135 4894 3284 4948 Pauli
3311 4895 3501 4950 debeat

1923 4992 2232 5047 desiderare
2280 4989 2634 5044 consortium.
2693 4987 2942 5042 Breviter
2988 4987 3131 5057 quod
3184 4987 3339 5052 dicit,
3393 4987 3502 5042 tale

1925 5097 2046 5140 est:
2079 5083 2136 5138 Si
2166 5099 2251 5138 me
2298 5083 2380 5137 vis
2423 5083 2624 5137 habere
2651 5088 2979 5146 consortem,
3008 5080 3205 5136 habeto
3233 5089 3289 5136 et
3311 5079 3501 5136 Onesi-

1926 5193 2096 5243 mum,
2126 5191 2288 5246 quem
2317 5191 2419 5244 ego
2449 5181 2760 5230 consortem
2787 5181 2843 5228 et
2865 5172 3034 5227 filium
3065 5184 3118 5229 et
3143 5174 3352 5229 viscera
3377 5189 3496 5228 mea

1928 5270 2133 5334 habeo;
2154 5283 2316 5338 quem
2337 5267 2381 5321 si
2413 5282 2518 5321 non
2548 5265 2874 5336 susceperis,
2889 5281 2987 5321 nec
3016 5265 3214 5321 habere
3244 5265 3496 5330 volueris,

1928 5368 1983 5416 et
2012 5361 2127 5430 ipse
2171 5359 2427 5430 intelligis
2457 5359 2600 5428 quod
2651 5373 2736 5412 me
2770 5359 2970 5414 habere
3005 5374 3112 5414 non
3142 5360 3336 5429 possis.
3375 5377 3396 5410 ι
3441 5355 3501 5413 Si

1936 5470 1953 5502 ι
1979 5461 2159 5507 autem
2188 5452 2391 5522 aliquid
2421 5451 2606 5507 nocuit
2646 5451 2744 5507 tibi
2766 5460 2860 5506 aut
2891 5452 3068 5517 debet,
3093 5453 3204 5508 hoc
3228 5451 3361 5506 mihi
3407 5451 3502 5504 im-

1936 5562 1955 5596 ι
1998 5553 2148 5616 puta.
2185 5564 2204 5596 ›
2271 5544 2384 5600 Hoc
2413 5553 2516 5612 est,
2564 5560 2596 5599 a
2643 5561 2730 5601 me
2762 5545 2917 5617 exige
2962 5545 3074 5600 illa.
3127 5544 3372 5600 imitator
3396 5534 3502 5596 Do;

1929 5639 2061 5694 mini
2098 5639 2202 5704 sui,
2231 5647 2286 5693 et
2312 5638 2589 5694 Christum
2639 5639 2694 5693 in
2743 5655 2802 5694 se
2827 5638 3134 5708 loquentem
3184 5635 3408 5699 habens,
3435 5647 3499 5688 ea

1924 5729 2075 5800 juxta
2113 5731 2256 5785 vires
2284 5747 2409 5786 suas
2437 5731 2595 5786 debet
2623 5729 2801 5786 facere
2845 5746 2966 5800 qua:
2993 5726 3324 5784 Cbristns.Si
3355 5725 3498 5779 enim

1932 5824 2019 5880 ille
2034 5823 2376 5880 infirmitates
2391 5833 2606 5879 nostras
2619 5823 2872 5893 portavit,
2891 5829 2946 5875 et
2958 5821 3141 5890 plagas
3165 5829 3378 5874 nostras
3405 5817 3497 5872 do-
