3992 6338
457 335 574 442 at

1131 358 1204 412 Β.
1247 358 1501 415 ΒΑΒΛΝΙ
1538 358 1756 418 MAURI
1795 359 2116 421 ARCHIEP.
2158 362 2468 424 MOGUNT.
2505 363 2792 428 OPERUM
2828 364 3010 422 PARS
3046 364 3136 422 lli.

3649 365 3762 422 ἨΞ

460 468 646 538 ligere,
689 483 794 522 non
827 477 914 525 est
952 469 1167 526 diliicile
1196 473 1576 528 admirabilem
1621 482 1784 543 atque
1837 474 2044 530 benefi—
2067 479 2123 538 Α
2145 475 2352 544 majora
2405 491 2568 548 opera
2609 477 2665 532 in
2695 486 2935 534 montem
2981 491 3156 548 usque
3183 478 3537 543 succreverit,
3579 478 3652 532 ab
3687 493 3758 535 eo

459 575 581 616 cum
614 559 886 631 praecipue
928 561 996 615 ad
1041 578 1167 617 eum
1216 563 1458 619 scribere
1503 566 1590 620 cui
1630 565 1881 620 universa
1916 581 2046 620 con-

458 665 612 706 cessa
661 651 770 707 sint
839 652 992 719 vitia,
1047 661 1104 708 et
1140 669 1203 710 os
1253 656 1370 726 ejus
1426 667 1610 725 pateat
1656 657 1726 712 ad
1766 657 2044 713 cmlestem

458 757 674 813 panem.
693 743 896 799 Deinde
919 743 987 800 ad
1008 746 1378 802 continentem
1396 747 1690 804 etliberam
1711 759 1766 805 et
1778 751 1845 805 ad
1866 749 2042 821 longi-

462 836 699 891 tudinem
728 827 933 907 operis,
968 840 1115 910 quod
1153 856 1432 911 nunquam
1465 857 1496 896 a
1524 853 1714 899 sancto
1745 843 1931 900 labore
1951 844 2043 900 de-

461 926 637 990 sistat.
674 930 924 989 Scribere
951 942 1133 990 autem
1162 951 1263 1005 pro
1303 950 1368 990 eo
1408 937 1500 1006 qui
1530 939 1855 1007 respondeat
1897 939 2046 994 testi-

460 1022 643 1077 monio
670 1038 769 1080 suo
804 1041 904 1082 nec
925 1041 1034 1083 non
1067 1027 1116 1082 ei
1141 1029 1227 1083 cui
1275 1027 1581 1100 specialiter
1621 1028 1861 1100 Epistola
1890 1028 2045 1084 dedi-

458 1123 634 1183 catur,
660 1117 884 1174 salutari
927 1121 996 1176 ab
1047 1122 1296 1177 ubertate
1345 1130 1644 1186 crescente,
1695 1129 1749 1177 et
1791 1135 1916 1174 eum
1952 1120 2045 1189 qui

457 1204 633 1263 factus
671 1208 743 1264 sit
766 1226 864 1281 per
901 1209 1156 1267 mandata
1205 1211 1510 1276 sublimior,
1559 1211 1760 1282 illoque
1801 1211 1896 1282 qui
1949 1224 2048 1280 per

2155 585 2368 641 quoque
2396 571 2488 641 qui
2519 569 2702 642 posuit
2733 570 3035 626 custodiam
3064 571 3150 626 ori
3191 584 3310 635 suo,
3335 577 3391 624 et
3415 568 3620 625 ostium
3641 586 3763 624 mu-

2152 663 2328 718 nitum
2369 663 2526 718 labiis
2554 664 2697 730 suis,
2733 663 2827 733 qui
2855 663 3058 720 idcirco
3110 662 3339 719 forsitan
3387 661 3582 728 tacuit,
3625 662 3756 733 quia

2152 755 2221 810 ad
2261 755 2534 811 modicum
2569 755 2890 826 Apostolum
2935 755 3320 825 dereliquerat.
3359 753 3428 808 Et
3465 753 3535 808 ad
3571 763 3760 810 extre-

2149 863 2296 902 mum
2319 848 2388 902 ab
2409 863 2474 903 eo
2497 848 2590 918 qui
2610 863 2709 918 per
2725 863 2785 904 se
2805 849 2922 920 ipse
2944 862 3280 918 consurgens
3293 845 3538 917 quotidie
3553 861 3756 918 augea-

2155 950 2244 995 tur
2287 957 2682 1012 processusque
2714 941 2930 1008 habeat,
2967 942 3094 1000 dum
3135 942 3430 1014 Evangelio
3455 939 3580 1009 ejus
3605 941 3757 997 orbis

2152 1031 2427 1103 impletur,
2481 1042 2538 1087 et
2569 1033 2730 1089 toties
2785 1034 2981 1090 crescit
3011 1033 3226 1104 quoties
3265 1032 3486 1090 auditus
3530 1040 3592 1088 et
3641 1031 3756 1088 lec-

2152 1138 2240 1186 tus
2270 1129 2520 1186 aedificat.
2542 1129 2736 1186 Amen.

457 1323 3750 1358 ——__..____________________._________________,____

1033 1465 1452 1583 LIBER
1535 1464 2316 1584 VICESIMUS
2403 1465 3158 1587 SEPTIMUS.

919 1735 1474 1842 EXPOSITIO
1582 1735 1695 1814 IN
1812 1733 2399 1811 EPISTOLAM
2515 1733 2652 1812 AD
2763 1733 3275 1812 HEBRIEOS.

995 1913 1521 2010 ARGUMENTUM.‘

491 2061 494 2064 '
524 2045 794 2121 (ἥξει-,μη
820 2043 1012 2116 primis
1027 2043 1316 2126 dicendum
1335 2051 1542 2113 est.cur
1553 2045 1833 2114 apostolus
1843 2045 2054 2111 Paulus.

453 2145 507 2200 in
525 2145 627 2199 hac
638 2140 879 2213 Epistula
893 2139 1178 2196 scribenda
1205 2154 1311 2194 non
1327 2138 1628 2194 servaverit
1641 2154 1848 2195 morem
1863 2155 2041 2205 suum,

452 2248 514 2294 ut
531 2238 616 2293 vel
635 2235 957 2293 vocabulum
978 2232 1214 2288 nominis
1243 2233 1349 2298 sui,
1365 2230 1453 2288 vel
1477 2231 1686 2288 ordinis
1713 2233 2047 2289 describeret

453 2331 792 2402 dignitatem.
846 2327 972 2384 Haec
1022 2342 1186 2383 causa
1217 2335 1305 2381 est
1357 2325 1500 2396 quod
1546 2325 1615 2381 ad
1651 2341 1746 2381 eos
1797 2326 2044 2381 scribens

453 2423 547 2493 qui
594 2437 664 2476 ex
710 2419 1126 2475 circumcisione
1170 2416 1535 2482 crediderant,
1576 2415 1732 2485 quasi
1795 2416 2042 2487 gentium

453 2512 740 2581 apostolus,
769 2527 877 2568 non
923 2509 1295 2572 Hebrteorum,
1343 2509 1526 2564 sciens
1580 2523 1797 2578 quoque
1850 2524 2040 2564 eorum

453 2607 764 2677 superbiam
792 2645 808 2671 ,
864 2618 1126 2674 suamque
1202 2603 1564 2659 humilitatem
1639 2603 2038 2668 demonstrans,

455 2699 710 2754 meritum
750 2695 914 2754 ollicii
946 2697 1028 2751 sui
1052 2694 1224 2750 noluit
1261 2694 1496 2752 auferre.
1547 2693 1700 2749 Hanc
1733 2708 1866 2765 ergo
1903 2693 2036 2762 Epi-

455 2792 651 2848 stolam
712 2790 889 2846 fertur
927 2789 1217 2860 Apostolus
1251 2790 1319 2845 ad
1375 2788 1630 2844 Hebraeos
1675 2789 2039 2857 conscriptam

451 2882 716 2939 Hebraica
741 2882 921 2953 lingua
950 2882 1188 2948 misisse,
1217 2881 1371 2952 cujus
1392 2895 1585 2937 sensus
1613 2888 1668 2936 et
1687 2881 1935 2936 ordinem
1955 2893 2042 2934 re-

449 2975 628 3030 tinens
663 2974 841 3030 Lucas
881 2974 1213 3046 evangelista
1257 2981 1381 3043 post
1403 2988 1688 3031 excessum
1715 2972 1870 3028 Pauli
1900 2986 2023 3043 apo-

449 3065 598 3133 stoli,
632 3065 824 3122 Graeco
846 3079 1098 3121 sermone
1140 3065 1468 3134 composuit.

965 3196 1193 3253 CAPUT
1241 3197 1530 3254 PRIMUM.

451 3291 675 3346 Ponitur
703 3289 1006 3344 excellentia
1055 3279 1267 3360 Christi,
1297 3289 1383 3360 qui
1405 3300 1479 3360 est
1502 3288 1658 3341 dator
1685 3303 1831 3360 novre
1884 3288 2031 3358 legis,

519 3361 668 3416 Patri
702 3369 988 3414 coaeternus
1028 3369 1078 3412 et
1123 3357 1764 3428 substantialis,trquaiis
1804 3359 1859 3412 in

519 3375 668 3416 Patr!
702 3375 988 3414 coaeternus
1028 3375 1078 3412 et
1123 3375 1506 3425 suustanuaus,
1545 3375 1764 3428 (nquam
1804 3375 1859 3412 tn
1922 3375 2034 3412 ate-

518 3441 668 3551 statel
677 3439 732 3511 et
752 3429 1006 3500 dignitate
1027 3443 1046 3481 :
1081 3440 1127 3484 et
1149 3430 1288 3500 quod
1323 3431 1378 3484 in
1397 3431 1478 3484 his
1499 3427 1738 3484 Christus
1757 3375 2040 3499 prta/enitr

518 3517 647 3551 unae
671 3517 740 3551 18.

517 3517 714 3570 angens
726 3538 740 3551 .

521 3628 540 3660 ι
574 3607 860 3664 Multifarie
916 3609 1206 3680 multisque
1247 3609 1422 3666 modis
1461 3609 1688 3679 loquens
1714 3609 1845 3665 olim
1895 3611 2038 3666 Deus

453 3722 469 3751 ι
501 3701 744 3770 patribus
767 3701 823 3755 in
866 3701 1166 3771 prophetis.
1207 3721 1223 3751 ι
1267 3701 1521 3771 (Joannes
1551 3698 1848 3773 Cltrysost.)
1904 3701 2039 3758 Tota

445 3794 670 3848 intentio
691 3794 834 3849 beati
846 3793 1088 3864 Apostoli
1117 3793 1217 3848 fuit
1231 3794 1285 3847 in
1303 3794 1406 3848 hac
1417 3794 1658 3864 Epistola
1673 3795 1742 3848 ad
1757 3795 2034 3862 Hebraeos,

445 3888 499 3942 id
541 3895 626 3943 est
672 3896 888 3961 gentem
931 3903 1108 3952 suam,
1157 3887 1226 3942 ad
1261 3886 1462 3944 Christi
1501 3903 1804 3944 convocare
1849 3889 2031 3956 (idem,

445 3981 903 4052 eminentiamque
923 3981 1132 4052 gratiae,
1148 3996 1268 4050 qua:
1290 3996 1386 4051 per
1399 3981 1596 4036 Filium
1623 3983 1746 4038 data
1775 3992 1882 4048 est,
1898 4000 1931 4037 a
1958 3984 2035 4038 le-

443 4074 651 4146 galibus
675 4073 990 4129 discernere
1010 4074 1239 4139 umbris,
1263 4088 1383 4143 qua:
1404 4074 1664 4145 angelicis
1681 4075 2034 4132 ministratio-

443 4166 599 4222 nibus
629 4166 868 4222 fuerunt.
895 4167 962 4220 Et
982 4168 1241 4236 quoniam
1267 4167 1422 4224 valde
1444 4166 1630 4224 afﬂicti
1657 4179 1816 4224 erant
1845 4169 2032 4225 multis

443 4255 599 4311 malis
642 4272 763 4326 quae
783 4256 892 4312 illis
920 4258 1246 4322 acciderant,
1282 4267 1337 4314 et
1361 4258 1514 4314 valde
1547 4260 1789 4324 contriti,
1822 4268 1881 4314 ut
1906 4277 2032 4330 pose

442 4359 563 4405 sent
582 4365 650 4404 ex
669 4351 776 4406 hoc
792 4359 983 4420 putare
1005 4366 1064 4406 se
1084 4351 1371 4407 inferiores
1393 4353 1606 4407 caeteris
1630 4368 1696 4407 ac
1717 4353 2029 4408 miseriores

440 4442 705 4509 existere;
742 4441 980 4498 ostendit
1007 4458 1106 4512 per
1135 4443 1240 4496 hoc
1295 4457 1391 4496 eos
1422 4442 1592 4512 magis
1627 4442 1818 4512 majori
1853 4443 2026 4514 gratia

439 4533 666 4602 perfrui,
694 4544 752 4588 ut
769 4549 834 4588 ex
863 4534 978 4600 ipso
1006 4532 1276 4586 sermonis
1297 4531 1451 4587 initio
1471 4533 1706 4604 erigeret
1729 4534 2022 4590 auditores.

437 4623 730 4694 Pr0pterea
743 4637 874 4691 ergo
888 4621 1050 4674 dicit:
1072 4638 1090 4671 α
1112 4620 1406 4677 Multifarie
1428 4623 1678 4678 etmultis
1687 4624 1868 4681 modis
1883 4625 2026 4682 Deus

2076 1962 2124 2022 Β
2152 1957 2380 2028 gratiam
2407 1957 2577 2014 Deum
2605 1959 2824 2018 videndi
2849 1976 3268 2033 promeruerunt
3298 1986 3310 2021 :
3349 1969 3523 2025 Filius
3568 1981 3751 2027 autem

2146 2048 2302 2104 vidit.
2333 2049 2574 2106 Dicendo
2622 2051 2768 2107 enim
2803 2075 2822 2106 ‹
2851 2055 3154 2114 multifarie
3189 2067 3246 2116 et
3285 2059 3477 2116 multis
3514 2063 3702 2117 modis
3729 2084 3747 2115 ι

2149 2139 2442 2212 significat,
2475 2145 2621 2214 quod
2645 2144 2774 2201 alibi
2803 2147 3007 2204 dictum
3041 2159 3126 2207 est
3157 2170 3171 2205 :
3209 2173 3228 2204 ι
3260 2153 3375 2224 Ego
3403 2155 3553 2211 enim
3588 2157 3752 2210 visio-

2144 2247 2242 2288 nes
2272 2233 2626 2304 multiplicavi
2648 2247 2705 2292 et
2729 2239 2782 2294 in
2807 2241 3060 2298 manibus
3088 2245 3482 2314 prophetarum
3533 2248 3749 2302 assimi-

2145 2321 2287 2379 latus
2317 2340 2438 2380 sum
2470 2326 2598 2398 (Ore
2629 2327 2750 2401 xu).
2793 2350 2811 2381 ι
2847 2330 3084 2390 Proinde
3124 2351 3231 2391 non
3285 2339 3592 2393 secundum
3647 2340 3747 2395 hoc

2145 2415 2318 2471 solum
2347 2419 2641 2475 eminentia
2673 2420 2810 2477 Novi
2843 2423 3176 2482 Testamenti
3216 2429 3559 2497 declaratur,
3621 2435 3746 2502 quia

2143 2507 2390 2576 patribus
2427 2510 2647 2580 quidem
2681 2512 2968 2586 Prophette
2991 2519 3144 2574 missi
3180 2531 3326 2590 sunt,
3372 2524 3533 2580 nobis
3561 2535 3745 2581 autem

2145 2597 2330 2667 Filius,
2355 2603 2450 2657 sed
2481 2604 2645 2659 etiam
2687 2608 2831 2676 quod
2863 2607 3252 2679 prophetarum
3279 2614 3364 2669 vel
3396 2617 3748 2686 patriarcha-

2143 2705 2265 2746 rum
2286 2707 2447 2750 nemo
2461 2696 2568 2752 nisi
2586 2697 2640 2751 in
2664 2699 3116 2758 similitudinibus
3139 2705 3272 2761 vidit
3294 2706 3500 2774 Deum;
3543 2709 3743 2765 Filium

2142 2801 2273 2842 vero
2291 2788 2629 2859 unigenitum
2652 2789 2992 2848 incarnatum
3013 2811 3136 2852 esse
3159 2805 3324 2869 atque
3357 2799 3413 2854 in
3453 2815 3521 2855 ea
3571 2817 3738 2858 carne

2141 2879 2316 2934 visum
2333 2889 2565 2948 constat,
2587 2897 2696 2952 qua
2717 2883 2860 2940 idem
2876 2885 3040 2942 homo
3061 2904 3092 2945 a
3112 2891 3280 2946 verbo
3307 2891 3404 2946 Dei
3441 2905 3740 2966 susceptus

2141 2971 2451 3042 unig'enitus
2465 2981 2548 3028 est
2570 2973 2738 3031 Filius
2759 2977 2874 3032 Dei.
2893 2978 3019 3036 [deo
3036 2995 3164 3037 mox
3183 2983 3392 3038 addidit
3415 3002 3428 3038 :
3455 3005 3476 3037 ‹
3495 2984 3740 3043 Novissi-

2141 3076 2263 3116 mus
2280 3062 2470 3119 diebus
2493 3064 2612 3120 istis
2652 3065 2862 3124 locutus
2883 3079 2968 3124 est
3001 3072 3160 3128 nobis
3195 3075 3252 3129 in
3279 3075 3410 3131 filio.
3447 3097 3468 3130 ι
3497 3075 3742 3135 Diceudo

2139 3155 2288 3208 enim
2311 3156 2364 3209 in
2382 3157 2494 3225 ﬁlio
2511 3160 2848 3216 tantumdem
2862 3162 3026 3228 valet,
3045 3164 3200 3234 quasi
3222 3166 3431 3223 diceret
3451 3185 3554 3238 per
3567 3171 3740 3226 ﬁlium

2141 3261 2301 3301 suum
2316 3249 2444 3317 quia
2458 3252 2514 3304 in
2536 3253 2848 3322 praipositio
2866 3272 2960 3326 per
2973 3258 3270 3328 accipitur,
3304 3261 3448 3316 sicut
3473 3266 3666 3320 multis
3691 3267 3740 3320 in

1922 3336 2034 3412 δ’ίέζ
2062 3341 2108 3405 C
2139 3336 2274 3394 locis
2286 3340 2636 3408 epistolarum
2652 3343 2770 3414 ejus
2782 3346 3057 3404 invenitur
3071 3351 3157 3406 his
3168 3354 3655 3422 praepositionibus
3667 3360 3741 3414 in-

2143 3431 2576 3523 differenter-uti.
2602 3437 2796 3494 Tacuit
2825 3441 3000 3497 adhuc
3023 3443 3090 3498 de
3109 3445 3312 3501 Christi
3337 3450 3587 3518 nurnine,
3612 3455 3738 3523 quia

2139 3521 2403 3594 plurimos
2416 3524 2630 3582 illorum
2645 3529 3086 3603 sciebatnegassc
3113 3534 3309 3592 Filium
3337 3537 3434 3594 Dei
3450 3556 3596 3597 esse.
3621 3521 3738 3600 Eon

2139 3615 2282 3670 enim
2306 3615 2442 3670 dixit
2460 3617 2706 3676 Christus
2733 3621 2948 3679 locutus
2970 3635 3072 3692 est,
3093 3630 3342 3696 quamvis
3370 3632 3552 3702 ipsum
3584 3636 3736 3693 loeu-

2139 3717 2252 3764 tum
2295 3718 2508 3766 constet
2546 3727 2667 3769 esse
2694 3715 3044 3773 manifestum
3088 3734 3103 3773 :
3137 3721 3208 3776 ita
3247 3725 3482 3781 necdum
3519 3727 3738 3786 ludatis

2139 3809 2330 3868 aperto
2351 3803 2572 3859 nomine
2599 3805 2796 3876 tetigit.
2817 3806 2954 3862 Nam
2975 3810 3148 3866 ferme
3161 3827 3355 3870 omnes
3375 3817 3584 3887 quibus
3605 3819 3736 3876 Pro-

2134 3893 2311 3962 phetae
2331 3893 2498 3950 locuti
2529 3905 2678 3963 sunt,
2701 3899 2970 3971 malignos
2997 3917 3120 3958 esse
3143 3904 3499 3978 nefariosque
3525 3923 3734 3968 oornsta~

2132 3984 2248 4050 bat,
2277 3997 2332 4041 et
2353 3986 2584 4042 necdum
2612 3989 2678 4045 de
2704 3989 2822 4046 istis
2851 3993 3117 4050 rationem
3138 4012 3362 4054 movere
3398 4001 3608 4057 voluit.
3641 4006 3734 4060 sed

2132 4074 2351 4130 interim
2383 4078 2710 4148 generaliter
2737 4081 2804 4136 de
2829 4085 3146 4142 muneribus
3170 4087 3432 4160 disputat,
3479 4109 3606 4164 qua
3633 4097 3736 4151 illis

2133 4166 2312 4223 divina
2336 4167 2585 4238 largitate
2609 4171 2970 4230 donabantur.
3011 4198 3028 4228 ι
3053 4177 3226 4245 Quem
3247 4184 3542 4240 constituit
3561 4187 3732 4244 heare-

2137 4278 2155 4309 ι
2192 4260 2315 4315 dem
2341 4263 2772 4320 universorum.»
2801 4267 2938 4334 Quid
2965 4279 3049 4324 est
3078 4288 3098 4322 ι
3120 4287 3283 4344 quem
3310 4279 3602 4334 constituit
3627 4282 3732 4336 hae—

2130 4351 2314 4407 redem
2347 4354 2803 4413 universorum?»
2835 4359 2931 4415 Hic
2957 4362 3297 4422 incarnatum
3326 4369 3464 4425 dicit
3508 4372 3726 4440 Filium,

2128 4444 2196 4502 de
2227 4460 2338 4515 qua)
2365 4448 2614 4518 superius
2641 4451 2852 4509 locutus
2871 4463 2975 4520 est,
3021 4458 3162 4513 sicut
3183 4461 3348 4517 etiam
3365 4463 3436 4518 de
3461 4481 3533 4521 eo
3558 4467 3612 4521 in
3639 4486 3725 4524 sc.-

2127 4539 2304 4594 cundo
2341 4539 2542 4610 legitur
2583 4543 2830 4612 psalmo:
2867 4564 2886 4598 ε
2916 4547 3135 4604 Postula
3161 4569 3192 4606 a
3229 4569 3316 4608 me
3341 4564 3399 4609 et
3441 4556 3588 4614 dabo
3633 4562 3723 4615 tibi

2132 4653 2150 4683 ‹
2181 4643 2368 4704 gentes
2418 4636 2790 4694 haereditatem
2839 4649 3006 4696 tuam.
3053 4643 3210 4700 »Νοιι
3244 4646 3356 4717 jam
3391 4653 3578 4719 portio
3623 4653 3721 4709 Do—

435 4717 798 4771 olimlocutus
818 4713 1158 4782 estpatribus
1177 4715 1381 4769 nostris
1403 4715 1457 4769 in
1478 4716 1810 4787 pr0phetisa
1841 4716 2022 4785 Quare
2047 4707 2101 4767 D
2125 4727 2259 4781 mini
2304 4735 2514 4784 tantum
2561 4729 2747 4799 Jacob,
2787 4742 2843 4789 et
2887 4751 3007 4792 sors
3052 4736 3168 4807 ejus
3199 4707 3348 4796 solus
3391 4707 3588 4807 lsrael,
3631 4707 3722 4800 sed

435 4807 730 4878 prophetas
753 4804 1040 4859 nominans
1059 4805 1414 4875 semetipsum
1442 4814 1632 4861 contra
1665 4823 1772 4862 non
1799 4807 2020 4878 posuit?

435 4896 701 4966 siquidem
732 4895 811 4950 eis
865 4902 1013 4949 tanto
1061 4893 1236 4963 major
1268 4897 1536 4963 exstabat,
1579 4907 1784 4967 quanto
1818 4898 1868 4953 ei
1911 4897 2026 4954 fue-

437 4995 526 5041 rat
568 4986 899 5056 dispensatio
939 4987 1227 5043 commissa
1254 4989 1588 5059 praeclarior.
1623 4988 1731 5045 Sed
1778 5006 1887 5046 non
1921 4991 2026 5046 hoc

433 5078 600 5135 fecit:
629 5078 806 5148 primo
835 5079 1052 5150 quidem
1086 5081 1212 5151 quia
1265 5082 1330 5137 de
1359 5084 1538 5154 seipso
1587 5082 1795 5153 majora
1843 5083 2024 5138 dicere

436 5171 727 5226 recusavit.
761 5171 1009 5229 Secundo
1039 5188 1188 5240 vero,
1222 5176 1353 5246 quia
1391 5177 1623 5232 necdum
1661 5183 1823 5232 erant
1865 5177 2022 5232 audi-

434 5271 582 5318 tores
621 5264 868 5334 perfecti.
918 5262 1104 5321 Tertio
1158 5275 1366 5332 autem,
1408 5267 1537 5336 quia
1595 5266 1814 5324 volebat
1833 5281 2023 5324 eorum

433 5367 643 5414 tuentes
669 5359 879 5430 erigere
907 5367 962 5415 et
979 5357 1267 5417 ostendere
1293 5373 1541 5428 magnam
1591 5373 1712 5414 esse
1745 5360 2028 5430 praesentis

427 5453 779 5510 eminentiam
827 5452 1109 5522 tet-poris.
1143 5448 1323 5504 Veluti
1369 5449 1414 5504 si
1463 5449 1691 5515 diceret,
1719 5450 1857 5517 Quid
1902 5466 2019 5506 ma-

430 5565 616 5621 gnum,
653 5549 700 5605 si
743 5548 1044 5618 Prophetas
1084 5544 1234 5599 misit
1283 5543 1530 5614 patribus
1575 5543 1814 5600 nostris?
1852 5544 2021 5600 Nobis

429 5642 573 5697 enim
609 5640 890 5711 proprium
921 5637 1120 5694 Filium
1165 5634 1506 5706 unigenitum
1552 5637 1720 5693 misit.
1765 5637 1832 5691 Et
1879 5638 2019 5692 bene

428 5733 564 5789 satis
587 5739 934 5797 exorsusest,
965 5751 984 5782 ι
1030 5727 1348 5795 multifarie,
1381 5729 1574 5800 inquit,
1605 5737 1661 5785 et
1680 5729 1867 5785 multis
1893 5743 2014 5784 mo-

2128 4833 2318 4874 omnes
2344 4821 2524 4891 potius
2546 4823 2794 4880 nationes
2827 4839 2842 4879 :
2867 4827 2970 4883 hoc
2995 4837 3103 4894 est,
3133 4829 3280 4885 hunc
3305 4830 3508 4888 Filium
3541 4836 3722 4892 Domi-

2125 4923 2254 4962 num
2291 4912 2572 4967 constituit
2611 4915 2985 4972 universorum
3019 4937 3031 4971 :
3065 4921 3294 4978 haeredis
3329 4933 3518 4980 autem
3555 4928 3723 4981 utitur

2126 5003 2363 5068 nomine,
2392 5010 2453 5058 ut
2492 5004 2598 5060 duo
2623 5007 2874 5074 quaedam
2918 5024 3015 5079 per
3049 5012 3152 5066 hoc
3201 5021 3410 5069 astruat
3453 5025 3512 5071 et
3541 5029 3720 5072 osten-

2125 5093 2240 5160 dat,
2281 5096 2424 5166 quod
2469 5099 2718 5168 proprius
2757 5101 2829 5154 sit
2851 5101 3038 5169 Filius,
3060 5113 3115 5158 et
3143 5107 3285 5174 quod
3332 5107 3719 5166 dominationls

2123 5185 2201 5241 illi
2244 5186 2389 5242 nulla
2429 5191 2711 5261 contingat
2751 5193 2992 5248 amissio.
3045 5194 3324 5252 Haeredem
3373 5209 3566 5255 autem
3604 5217 3718 5255 om-

2122 5276 2270 5331 nium
2289 5275 2446 5345 dicit,
2491 5279 2545 5333 id
2582 5289 2684 5345 est,
2713 5283 2899 5338 mundi
2933 5284 3118 5340 totius.
3159 5285 3363 5344 Deinde
3409 5291 3478 5345 ad
3517 5292 3711 5348 altiora

2123 5384 2433 5427 sermonem
2477 5374 2751 5430 convertit
2791 5376 2979 5433 dicens
3016 5395 3030 5432 :
3077 5398 3098 5431 ‹
3129 5379 3237 5435 Per
3279 5398 3444 5452 quem
3486 5387 3619 5443 fecit
3659 5399 3710 5443 et

2124 5461 2321 5518 srecula
2350 5481 2363 5517 :
2404 5482 2422 5515 ι
2455 5473 2516 5518 ιιι
2553 5467 2866 5524 ostenderet
2903 5471 3153 5526 eumdem
3184 5474 3498 5531 novissimis
3523 5478 3710 5534 diebus

2121 5553 2340 5610 venisse
2385 5555 2439 5610 in
2480 5557 2761 5628 mundum,
2819 5575 2916 5630 per
2946 5576 3107 5632 quem
3158 5563 3288 5621 fecit
3324 5577 3381 5623 et
3423 5572 3705 5626 mundum.

2120 5643 2544 5716 Magnitudinem
2586 5649 2703 5720 ejus
2731 5654 3044 5723 ostendens,
3092 5657 3183 5725 qui
3219 5658 3318 5713 fuit
3354 5658 3492 5716 Novi
3521 5663 3707 5718 Testa—

2120 5738 2290 5826 menti
2312 5737 2465 5794 labor
2490 5748 2546 5794 et
2577 5749 2770 5798 auctor
2802 5761 2815 5798 :
2845 5755 2969 5815 post
3013 5748 3131 5803 haec
3175 5751 3498 5820 quibusdam
3529 5755 3705 5826 gradi-

429 5821 532 5891 ‘dis,
557 5843 576 5879 ι
613 5824 850 5882 ostendit
896 5825 1039 5881 enim
1078 5823 1335 5895 quoniam
1387 5837 1566 5894 neque
1594 5822 1698 5894 ipsi
1727 5821 2013 5895 Propheta;
2117 5825 2219 5883 bus
2259 5829 2534 5900 eleganter
2577 5841 2753 5901 Utens,
2796 5838 3042 5907 perVenit
3067 5837 3134 5898 ad
3163 5839 3218 5896 id
3255 5841 3402 5913 quod
3447 5821 3698 5903 omnibus
