3992 6338
255 289 364 347 715

720 279 1279 349 ENARRATIONUM
1310 278 1380 340 IN
1414 279 1566 339 EPP.
1607 277 1816 338 PAULI
1853 278 1981 336 LIB.
2023 277 2237 337 XXVII.
2275 307 2351 325 -ι
2378 281 2450 339 IN
2486 279 2704 343 EPIST.
2743 279 2835 340 AD
2870 281 3075 339 HEBB.

3425 284 3533 343 7M

237 403 364 462 istis
388 413 512 473 qua
542 412 706 471 supra
748 397 906 464 dixit,
947 396 1119 453 multo
1145 396 1323 468 majus
1351 404 1469 462 est,
1508 402 1565 451 et
1596 394 1835 450 insonuit
1862 403 1911 463 Α
1938 395 2186 467 gloriam.
2221 394 2309 449 Ait
2335 397 2480 453 enim
2516 412 2529 449 :
2568 414 2587 448 ι
2610 395 2776 453 Sedet
2801 396 2869 452 ad
2909 398 3190 453 dexteram
3226 398 3532 469 majestatis

239 498 428 553 dicens
469 512 484 548 :
537 510 557 546 ι
594 492 697 560 Qui
744 506 869 547 cum
919 498 991 546 snt
1033 489 1289 563 splendor
1337 488 1522 561 gloria
1566 496 1623 543 et
1666 487 1837 559 figura

238 587 562 645 substantia
606 584 746 656 ejus.
788 603 808 635 ι
854 582 1068 655 Ubique
1116 582 1336 652 quidem
1381 579 1636 650 religioso
1681 580 1841 634 nobis

237 695 380 752 opus
399 687 484 734 est
514 676 791 733 intellectu
811 715 827 742 ,
879 675 1119 730 maxime
1148 682 1329 728 autem
1363 673 1472 738 ibi,
1501 672 1592 726 ubi
1628 671 1694 726 de
1729 671 1840 725 Deo

238 772 327 829 vel
360 770 655 842 loquimur,
685 768 770 825 vel
814 769 1096 834 audimus;
1146 766 1401 837 quoniam
1448 778 1625 835 neque
1669 764 1737 818 ad
1762 763 1841 818 lo-

237 869 522 936 quendum
548 861 708 933 digne
732 860 800 916 de
825 860 937 916 Deo
963 859 1147 931 lingua
1177 856 1397 924 sufﬁcit,
1427 871 1603 928 neque
1629 856 1696 911 ad
1717 869 1843 927 per-

236 956 554 1027 cipiendum
593 951 855 1025 pravalet
894 951 1219 1007 intellectus.
1260 949 1488 1021 Oportet
1538 948 1704 1005 etiam
1746 947 1840 1004 ubi

235 1046 331 1103 vel
356 1060 541 1103 sermo
565 1043 766 1110 deficit,
791 1041 874 1098 vel
904 1042 1163 1115 cogitatio
1191 1040 1464 1112 explicare
1492 1040 1560 1095 de
1596 1039 1707 1095 Dm
1732 1052 1842 1095 non

237 1139 467 1210 poterit,
511 1147 643 1194 tunc
669 1135 842 1208 magis
876 1134 1185 1207 glorificare
1224 1149 1325 1191 nos
1353 1132 1547 1198 Deum,
1585 1131 1732 1202 quod
1759 1140 1843 1186 ta-

243 1230 360 1285 lem
377 1230 549 1285 Deum
578 1227 843 1283 habemus
872 1225 965 1296 qui
990 1233 1047 1281 et
1067 1224 1399 1281 intellectum
1428 1221 1763 1278 transcendit
1787 1230 1844 1278 et

237 1319 591 1393 cogitationis
635 1318 871 1374 initium.
905 1317 1097 1375 Merito
1140 1316 1487 1388 splendorem
1531 1330 1657 1373 eum
1705 1315 1843 1371 dixit

238 1414 462 1487 gloria,
510 1420 723 1484 utpote
752 1412 847 1483 qui
890 1411 1065 1483 ipsum
1100 1408 1307 1466 sciebat
1328 1409 1598 1466 dicentem
1628 1426 1643 1463 :
1674 1426 1695 1460 ι
1728 1409 1843 1481 Ego

238 1521 371 1561 sum
402 1504 494 1559 lux
533 1503 721 1559 mundi
759 1502 962 1577 (Joan.
1005 1502 1138 1574 vin)
1163 1543 1177 1566 ,
1212 1521 1230 1555 ι
1262 1500 1554 1558 ostendens
1593 1516 1719 1558 eum
1762 1501 1844 1556 lu-

239 1612 374 1654 men
399 1596 470 1652 de
498 1595 722 1662 lumine,
749 1595 889 1651 sicut
920 1595 1089 1650 Deum
1114 1593 1184 1649 de
1213 1593 1325 1649 Deo
1356 1607 1497 1658 esse,
1525 1591 1844 1661 animasque

240 1696 469 1745 nostras
499 1686 915 1751 illuminantem,
940 1695 995 1742 et
1025 1695 1238 1757 patrem
1268 1684 1425 1740 nobis
1455 1684 1840 1739 insinuantem.

1937 488 2053 558 ejus
2082 490 2135 545 in
2164 491 2412 545 excelsis.
2473 510 2491 543 ι
2523 490 2627 546 Per
2660 490 2936 547 dexteram
2967 505 3074 546 non
3119 491 3288 548 Deum
3334 507 3535 564 corpo-

1939 581 2126 636 raliter
2155 580 2498 646 deformavit,
2546 581 2641 636 sed
2683 580 3108 652 magnitudinem
3138 581 3535 638 demonstravit

1941 670 2179 725 honoris.
2201 671 2336 725 Dum
2359 672 2495 727 dixit
2520 690 2538 721 ‹
2561 671 2613 726 in
2637 672 2889 736 excelsis,
2914 691 2932 724 ι
2964 672 3204 726 ostendit
3218 686 3341 727 eum
3358 673 3535 729 omni-

1939 759 2042 815 bus
2088 759 2337 815 altiorem
2393 771 2451 815 et
2496 761 2996 832 supereminentem
3045 775 3186 826 esse,
3230 762 3321 831 qui
3368 764 3535 819 etiam

1940 865 2115 920 usque
2134 851 2381 920 pervenit
2416 850 2611 906 solium
2642 860 2882 921 paternae
2907 851 3191 907 claritatis.
3222 850 3376 908 Sicut
3404 868 3537 926 ergo

1941 941 2105 998 Pater
2140 943 2195 998 in
2242 942 2473 1000 excelsis
2502 952 2610 1010 est,
2644 944 2723 1001 sic
2751 953 2809 1000 et
2832 944 3001 1001 Filius
3032 963 3048 1001 :
3076 960 3368 1001 consessus
3386 946 3536 1003 enim

1941 1038 2079 1095 nihil
2104 1040 2443 1097 demonstrat
2465 1040 2633 1107 aliud,
2665 1041 2771 1098 nisi
2803 1040 3027 1099 honoris
3056 1042 3449 1113 aqualitatem.
3475 1041 3537 1099 Si

1942 1132 2087 1190 enim
2113 1133 2533 1190 minorationem
2556 1133 2718 1193 vellct
2742 1135 3049 1201 ostendere,
3079 1150 3355 1206 nunquam
3384 1135 3537 1192 dice-

1942 1230 2028 1279 ret
2068 1238 2099 1277 a
2139 1223 2370 1291 dextris,
2417 1224 2515 1280 sed
2561 1225 2741 1297 potius
2782 1242 2812 1280 a
2862 1210 3099 1281 sinistris
3149 1240 3275 1282 eum
3324 1225 3535 1283 sedere.

1949 1334 1968 1368 ι
2006 1315 2180 1373 Tanto
2206 1315 2399 1371 melior
2423 1325 2509 1371 est
2542 1316 2750 1388 angelis
2772 1316 3017 1383 effectus,
3050 1325 3257 1388 quanto
3284 1315 3542 1373 differen-

1950 1427 1969 1460 ι
2002 1408 2109 1464 tius
2129 1422 2241 1479 pra
2268 1407 2375 1465 illis
2395 1423 2591 1465 nomen
2606 1410 2960 1465 hareditavit.
2985 1430 3005 1464 ι
3028 1408 3240 1483 (Ιοαη.)
3261 1410 3307 1467 Ο
3328 1417 3544 1481 aposto-

1944 1500 2048 1557 lica
2073 1500 2338 1572 sapientia
2359 1502 2372 1556 l
2402 1500 2574 1573 magis
2597 1510 2777 1557 autem
2800 1517 2909 1557 non
2928 1500 3080 1558 Pauli
3123 1502 3411 1572 sapientia,
3445 1502 3540 1559 sed

1947 1591 2182 1664 Spiritus
2194 1591 2367 1650 sancti
2383 1592 2628 1648 miranda
2648 1602 2732 1659 est
2750 1594 2944 1666 gratia.
2976 1592 3095 1648 Non
3121 1594 3267 1649 enim
3290 1609 3358 1649 ex
3376 1593 3541 1650 intel-

1946 1681 2086 1737 lectu
2129 1682 2246 1737 hac
2281 1683 2503 1753 proprio
2533 1682 2881 1761 loquebatur,
2926 1698 3105 1754 neque
3133 1683 3371 1740 humano
3400 1685 3546 1742 hanc

240 1780 357 1837 Per
382 1780 727 1851 splendorem
751 1778 952 1849 quippe
972 1777 1236 1833 unitatem
1268 1776 1567 1832 declaravit
1592 1777 1844 1831 essentia
1871 1768 1919 1828 B
1947 1772 2406 1843 dispensationem
2445 1773 2753 1844 reperiebat
2801 1774 3038 1846 ingenio.
3087 1773 3241 1831 Unde
3278 1775 3425 1830 enim
3464 1774 3543 1831 illi

238 1889 377 1932 cum
400 1873 513 1930 Deo
535 1880 708 1944 patre,
740 1879 797 1927 et
825 1869 1062 1926 mirabili
1104 1869 1265 1925 modo
1288 1883 1455 1923 unam
1479 1867 1843 1925 substantiam

239 1964 514 2031 ostendit,
566 1971 631 2019 ut
678 1963 812 2019 duas
855 1975 1119 2033 personas
1165 1959 1407 2033 aperiret
1459 1959 1517 2015 in
1572 1956 1743 2031 gloria
1789 1965 1848 2014 et

240 2056 563 2130 splendore.
613 2053 770 2111 Unde
798 2054 965 2109 etiam
1004 2051 1310 2125 subjungit,
1368 2069 1389 2104 ι
1422 2051 1517 2123 qui
1556 2058 1643 2106 est
1670 2049 1848 2122 figura

242 2148 574 2207 substantia
613 2146 751 2217 eius.
781 2165 802 2201 ν
834 2145 1033 2217 Figura
1056 2147 1257 2217 quippe
1284 2143 1423 2200 alter
1450 2152 1536 2199 est
1563 2142 1634 2199 ab
1662 2157 1728 2198 eo
1753 2157 1850 2198 cu-

234 2242 342 2315 jus
362 2240 560 2298 efferat
577 2238 833 2307 formam,
852 2238 990 2295 alter
1014 2246 1197 2294 autem
1225 2251 1338 2293 non
1369 2236 1424 2290 in
1444 2235 1721 2302 omnibus,
1750 2233 1848 2289 sed

244 2336 554 2393 secundum
577 2348 889 2405 personam.
930 2331 1068 2388 Nam
1104 2342 1161 2388 et
1202 2332 1290 2387 hic
1325 2330 1499 2402 figura
1524 2328 1851 2402 aqualitatis

240 2424 482 2482 omnino
506 2424 709 2494 prabet
737 2421 997 2477 indicium
1044 2421 1112 2476 ad
1137 2419 1268 2476 illud
1290 2420 1448 2489 cujus
1472 2419 1643 2491 figura
1665 2425 1852 2473 osten-

243 2515 452 2581 ditur,
516 2520 572 2568 et
616 2512 985 2584 suspicionem
1033 2511 1118 2566 vel
1161 2526 1342 2581 parva
1396 2508 1852 2567 dissimilitudinis

245 2606 448 2678 procul
497 2604 661 2661 dubio
710 2619 819 2660 non
860 2604 1073 2674 recipit.
1125 2602 1226 2658 Hic
1271 2601 1419 2658 enim
1455 2602 1687 2674 figuram
1716 2600 1855 2657 dixit

243 2697 405 2770 quod
454 2696 512 2752 in
552 2695 661 2751 alio
684 2696 805 2752 loco
831 2694 1061 2752 formam
1108 2694 1373 2750 nominat.
1409 2693 1511 2750 Ubi
1549 2695 1667 2749 ait:
1695 2710 1715 2745 ς
1748 2691 1854 2760 Qui

246 2806 386 2847 cum
411 2789 467 2846 in
497 2788 672 2847 forma
708 2788 806 2845 Dei
852 2797 997 2846 esset
1034 2784 1276 2859 (Philip.
1308 2784 1411 2857 ιι),
1442 2805 1462 2839 ι
1491 2783 1666 2840 forma
1698 2784 1853 2838 vide-

248 2885 389 2942 licet
416 2884 505 2940 vel
544 2883 751 2955 figura,
792 2896 955 2939 unam
1002 2880 1243 2937 declarat
1282 2880 1534 2936 essentia
1574 2876 1854 2947 aequalita-

252 2988 393 3035 tem.
446 2978 585 3045 Quia
624 2977 692 3033 de
732 2976 924 3034 eodem
954 2974 1321 3046 Redemptore
1362 2982 1551 3030 nostro
1592 2973 1855 3045 scriptum

250 3081 376 3129 est:
418 3091 437 3124 σ
467 3070 570 3141 Qui
597 3086 722 3128 cum
753 3071 827 3127 sit
842 3069 1100 3142 splendor
1117 3068 1306 3139 gloria
1329 3074 1387 3123 et
1410 3066 1582 3139 figura
1603 3066 1857 3122 substan-

1945 1868 2092 1923 hoc?
2121 1866 2259 1922 Num
2290 1883 2354 1923 ex
2387 1867 2678 1938 scalpellis,
2719 1876 2813 1923 aut
2835 1867 3085 1939 pellibus,
3123 1876 3217 1923 aut
3252 1868 3308 1923 in
3330 1867 3545 1924 ollicina

1947 1960 2036 2015 illa
2076 1960 2190 2016 hac
2230 1968 2447 2032 poterat
2484 1960 2736 2016 edoceri?
2773 1960 3125 2032 Nequaquam
3155 1977 3171 2016 :
3224 1961 3321 2017 sed
3348 1961 3546 2017 divina

1947 2053 2049 2109 fuit
2084 2054 2201 2109 hac
2226 2054 2471 2124 operatio
2510 2055 2830 2126 majestatis.
2866 2054 2982 2112 Non
3024 2057 3171 2112 enim
3213 2056 3547 2123 baslintelli-

1948 2147 2159 2214 gentias
2193 2162 2289 2201 sua
2332 2155 2512 2201 mente
2561 2149 2906 2217 procreabat,
2955 2163 3077 2219 qua
3118 2157 3246 2204 tunc
3274 2158 3395 2205 erat
3433 2156 3548 2204 tam

1955 2235 2150 2291 debilis
2176 2245 2231 2289 et.
2259 2246 2545 2292 extrema:
2585 2239 2660 2293 ita
2709 2248 2770 2293 ut
2798 2239 2932 2294 nihil
2974 2240 3206 2312 amplius
3253 2242 3479 2297 haberet
3515 2256 3550 2295 a

1952 2327 2181 2399 plebeiis
2194 2336 2247 2383 et
2262 2329 2456 2400 popula
2464 2330 2919 2398 ribus.Quomodo
2931 2333 3075 2387 enim
3090 2331 3293 2403 aliquid
3305 2332 3550 2387 divinum

1949 2430 2135 2491 posset
2165 2421 2254 2475 ille
2275 2414 2499 2488 sentire,
2527 2422 2619 2493 qui
2650 2422 2793 2478 circa
2817 2425 2991 2496 pretia
3015 2424 3283 2480 vendendi
3307 2431 3364 2480 et
3403 2424 3552 2480 circa

1953 2512 2346 2568 confectionem
2390 2513 2610 2584 pellium
2658 2522 2824 2570 totam
2853 2529 3006 2570 suam
3044 2516 3215 2570 vitam
3264 2521 3552 2586 totumque

1952 2606 2193 2661 studium
2243 2607 2604 2663 conterebat?
2631 2606 2737 2663 Sed
2769 2609 2945 2679 gratia
2988 2607 3225 2680 Spiritus
3253 2607 3430 2666 sancti
3456 2622 3555 2678 per

1954 2714 2093 2770 quos
2117 2699 2233 2755 vult
2257 2702 2514 2771 potentia
2548 2716 2661 2757 sua
2692 2702 2925 2757 virtutes
2945 2701 3202 2758 ostendit.
3228 2700 3383 2758 Sicut
3405 2702 3555 2757 enim

1957 2790 2003 2845 si
2029 2789 2226 2861 aliquis
2266 2790 2588 2845 infantulum
2634 2792 2947 2863 quempiam
2976 2790 3032 2846 in
3058 2790 3339 2848 excelsum
3363 2788 3557 2861 quem-

1958 2882 2084 2937 dam
2114 2882 2293 2937 locum
2322 2891 2377 2937 et
2403 2882 2800 2954 pertingentem
2835 2883 2902 2938 ad
2928 2883 3104 2952 ipsum
3134 2882 3396 2939 verticem
3427 2882 3557 2938 cali

1957 2972 2146 3030 volens
2174 2972 2433 3043 paulatim
2463 2972 2773 3042 sensimque
2801 2971 3110 3043 subrigere,
3152 2972 3419 3045 gradatim
3449 2974 3556 3029 hoc

1959 3066 2146 3134 faciat,
2179 3066 2245 3121 ab
2286 3064 2635 3121 inferioribus
2682 3065 2752 3120 ad
2806 3065 3089 3137 superiora
3137 3064 3551 3132 conscendens;

252 3164 352 3221 tia
403 3164 523 3234 ejus
567 3172 902 3235 portansque
943 3161 1147 3217 omnia.
1181 3180 1199 3213 ι
1259 3157 1505 3233 (Greg.)
1554 3158 1684 3230 Ejus
1724 3173 1854 3231 ergo
1880 3151 1927 3217 C
1959 3158 2154 3214 deinde
2180 3174 2301 3213 cum
2331 3172 2544 3213 sursum
2574 3159 2906 3229 pervenerit,
2930 3158 3122 3230 jubeat
3149 3158 3298 3214 illum
3313 3157 3557 3215 infantu-

252 3273 460 3314 manus
487 3256 655 3313 corda
689 3263 876 3313 nostra
917 3262 1132 3326 portat,
1171 3253 1291 3325 ejus
1311 3268 1506 3308 manus
1533 3252 1588 3307 in
1610 3260 1859 3308 eontem-

252 3350 508 3423 platione
560 3363 661 3405 nos
711 3347 955 3404 sublevat
984 3365 998 3401 :
1024 3347 1128 3402 nisi
1168 3347 1348 3412 enim,
1392 3352 1455 3400 ut
1502 3343 1705 3400 dictum
1750 3351 1855 3408 est,

253 3443 669 3517 Omnipotentis
690 3441 931 3500 Verbum
968 3448 1192 3513 propter
1217 3439 1465 3497 homines
1490 3439 1655 3494 homo
1681 3437 1859 3503 fieret,

254 3538 506 3594 humana
528 3535 693 3592 corda
719 3535 788 3591 ad
814 3533 1284 3606 contemplandam
1312 3532 1460 3588 verbi
1484 3530 1861 3588 excellentiam

176 3618 179 3629 ’
258 3645 379 3688 non
413 3629 679 3686 valerent.
716 3627 847 3686 Inde
892 3643 1023 3699 ergo
1051 3626 1281 3684 excelsa
1319 3625 1477 3682 facta
1519 3632 1647 3681 sunt
1680 3624 1860 3679 homi-

259 3739 403 3780 num
433 3731 663 3790 mentes,
715 3722 859 3778 unde
888 3721 1034 3776 inter
1060 3720 1309 3776 homines
1353 3718 1605 3790 apparuit
1638 3716 1862 3774 humilis

256 3815 436 3872 Deus.
468 3833 488 3867 ι
517 3814 855 3887 Portansque
875 3814 1054 3870 omnia
1079 3813 1247 3869 verbo
1264 3810 1485 3867 virtutis
1510 3825 1642 3865 sua.
1677 3827 1696 3861 ι
1722 3808 1862 3865 Por-

262 3917 415 3973 laus,
443 3906 498 3963 id
518 3914 625 3973 est,
653 3906 962 3977 gubernans
983 3902 1168 3960 omnia
1203 3917 1270 3957 eo
1304 3898 1484 3957 Verbo
1509 3898 1725 3954 virtutis
1768 3913 1866 3970 per

258 4001 419 4071 quod
458 3998 587 4055 fecit
630 3998 835 4054 omnia.
886 3995 1005 4052 Non
1040 3995 1185 4051 enim
1216 3992 1397 4048 minus
1433 3999 1519 4047 est
1562 3988 1867 4062 gubernare

1966 3255 2074 3309 lum
2104 3255 2356 3310 deorsum
2390 3254 2445 3308 in
2482 3251 2742 3310 inferiora
2771 3254 3093 3325 despicere;
3140 3254 3338 3312 deinde
3371 3257 3556 3328 despi-

1962 3349 2194 3404 cientem
2212 3347 2393 3402 videat
2412 3346 2669 3403 hasitare
2688 3355 2744 3402 et
2762 3345 3190 3403 obscuritatibus
3210 3362 3276 3405 ac
3298 3347 3554 3406 defectio-

1962 3440 2124 3495 nibus
2168 3438 2384 3510 fatigari
2421 3456 2433 3493 :
2468 3439 2663 3494 iterum
2712 3453 2836 3494 eum
2892 3440 2959 3494 ad
2996 3439 3287 3496 humiliora
3335 3439 3559 3511 deponit

1963 3545 2074 3601 quo
2099 3530 2370 3601 respirare
2397 3529 2575 3585 valeat
2596 3538 2759 3601 atque
2785 3529 3027 3586 animum
3050 3544 3330 3597 recreare;
3363 3530 3560 3589 deinde

1967 3637 2094 3679 cum
2125 3624 2361 3678 refectus
2399 3620 2583 3686 fuerit,
2615 3636 2740 3677 eum
2770 3622 2968 3678 iterum
3008 3624 3076 3678 ad
3124 3624 3403 3696 superiora
3443 3641 3564 3682 sus-

1965 3714 2120 3769 tollat
2140 3722 2196 3769 et
2216 3714 2415 3769 iterum
2437 3714 2505 3768 ad
2534 3711 2794 3770 inferiora
2818 3722 3069 3771 revocet:
3102 3715 3177 3770 ita
3202 3724 3258 3770 et
3286 3715 3433 3771 circa
3456 3715 3563 3772 He-

1964 3805 2141 3861 braos
2156 3805 2349 3861 beatus
2363 3803 2597 3860 faciebat
2609 3804 2921 3877 Apostolus,
2937 3814 2989 3862 et
3012 3806 3092 3861 sic
3107 3819 3232 3861 eum
3257 3806 3457 3875 ubique
3472 3824 3562 3864 re-

1964 3895 2147 3967 peries
2170 3894 2415 3967 magistri
2430 3895 2513 3950 sui
2533 3894 2587 3948 in
2610 3894 2852 3951 docendo
2868 3895 3095 3966 vestigia
3119 3904 3564 3967 consequentem.

1972 3984 2109 4040 Nam
2138 3995 2196 4041 et
2223 3984 2337 4055 ipse
2375 3985 2455 4040 sic
2498 3982 2773 4040 faciebat:
2809 3985 3100 4055 aliquando
3145 3985 3365 4054 quidem
3406 3986 3459 4039 in
3493 3985 3572 4039 al-

260 4089 535 4146 mundum
559 4104 726 4160 quam
751 4100 962 4145 creare.
1011 4084 1151 4141 Nam
1174 4083 1232 4139 in
1259 4081 1498 4139 creando
1526 4079 1768 4150 quidem,
1797 4091 1864 4132 ex
1969 4079 2114 4136 tiora
2158 4093 2287 4135 suos
2331 4077 2625 4149 discipulos
2676 4076 3015 4144 sublevahat,
3063 4075 3353 4148 aliquando
3388 4084 3570 4133 autem

260 4182 444 4241 nihilo
489 4197 671 4239 rerum
715 4179 1035 4238 substantia
1070 4177 1348 4249 producta
1376 4182 1533 4239 sunt;
1580 4172 1636 4228 in
1667 4172 1865 4244 guber-
1970 4187 2065 4228 eos
2089 4172 2158 4227 ad
2189 4171 2449 4227 inferiora
2494 4169 2887 4227 imbecillitatis
2914 4184 3101 4225 eorum
3128 4169 3305 4242 gratia
3336 4184 3563 4225 revoca-

261 4273 458 4331 nando
486 4287 616 4328 vero
649 4286 714 4327 ea
742 4286 864 4342 qua
909 4270 1052 4326 facta
1095 4275 1252 4335 sunt,
1300 4281 1370 4322 ne
1408 4267 1476 4322 ad
1516 4264 1747 4321 nihilum
1782 4277 1870 4318 re—
1968 4263 2082 4329 bat,
2112 4277 2452 4334 nequaquam
2486 4277 2580 4318 eos
2609 4262 2818 4332 prolixo
2852 4270 3099 4333 tempore
3139 4262 3194 4316 in
3225 4260 3395 4317 altera
3432 4275 3558 4332 per-

263 4360 441 4422 déant
466 4362 835 4420 continentur.
882 4361 1024 4433 Ergo
1058 4359 1187 4415 dum
1214 4359 1330 4413 hac
1353 4356 1534 4412 omnia
1580 4362 1855 4425 reguntur,

1970 4378 2193 4421 manere
2218 4372 2370 4434 parte
2396 4364 2735 4434 permittens.
2765 4363 2835 4418 Et
2860 4361 3229 4433 contemplare
3250 4361 3450 4419 iterum
3479 4375 3568 4416 sa-

265 4455 346 4512 ad
374 4454 614 4511 ίηνίθθω
664 4453 769 4511 Sibi
813 4451 1176 4524 repu8mmia
1208 4456 1562 4520 οοθρῑθηιυΐν
1613 4459 1869 4518 ωθεηυω
1891 4516 1940 4527 _
1969 4455 2228 4527 pientiam
2258 4453 2437 4521 Pauli,
2480 4469 2577 4524 per
2618 4453 2807 4525 quales
2847 4469 2942 4511 eos
2975 4453 3142 4508 etiam
3170 4451 3417 4507 sublevat
3446 4467 3573 4524 gra-

263 4556 332 4605 et
353 4546 515 4604 valde
549 4544 801 4601 mirabile
824 4516 1179 4615 plurimaque
1212 4516 1431 4595 virtutis
1468 4537 1564 4594 Dei
1608 4516 1867 4592 indicium
1891 4516 1948 4578 Ῐ)
1971 4516 2093 4615 bus,
2137 4556 2193 4604 ει
2218 4516 2456 4618 quanta}
2481 4516 2589 4603 ’θος
2611 4516 2679 4602 θ’(ι
2708 4547 2887 4619 ipsum
2916 4546 3125 4616 apicem
3153 4545 3379 4606 υἱεωιίε
3402 4516 3576 4600 add“-

266 4637 608 4695 declarauit-
642 4636 772 4693 Ροει
796 4636 937 4691 hanc
964 4632 1161 4689 ὥνίηω
1184 4629 1483 4701 maiestatis
1510 4629 1564 4684 in
1592 4628 1732 4684 Filio
1760 4627 1872 4683 013'
1972 4640 2049 4695 cit
2074 4656 2088 4693 :
2120 4639 2212 4695 ubi
2240 4638 2371 4694 item
2396 4646 2687 4710 antequam
2728 4636 3025 4692 deﬁcerent
3065 4644 3120 4690 et
3148 4649 3243 4691 eos
3266 4632 3575 4691 obscuritas

270 4731 524 4798 ritatem,
553 4744 623 4786 au
652 4728 876 4786 humilia
907 4724 1304 4783 incarnationis
1332 4721 1613 4779 descendit
1638 4721 1824 4777 dicens
1852 4741 1855 4774 :

1972 4744 2286 4807 occuparet,
2317 4733 2441 4789 vide
2468 4731 2740 4804 quomodo
2766 4745 2863 4787 eos
2886 4731 2953 4786 ad
2978 4729 3239 4786 inferiora
3263 4736 3570 4794 revocavit,

276 4842 300 4876 ε
337 4822 728 4897 Purgationem
761 4827 1108 4893 peccatorum
1154 4816 1382 4872 faciens.
1421 4833 1443 4868 ι
1476 4813 1597 4869 Duo
1624 4813 1855 4883 quadau

1976 4842 2085 4898 quo
2121 4826 2332 4899 possint
2370 4824 2647 4896 paululum
2679 4823 2917 4880 recreari
2948 4840 2961 4877 :
2993 4840 3013 4876 ι
3043 4822 3285 4879 Locutus
3304 4829 3390 4879 est
3418 4821 3577 4877 nobis

277 4914 622 4989 significans,
672 4914 727 4970 id
751 4920 857 4979 est,
879 4924 1068 4968 curam
1109 4907 1283 4965 nostri
1316 4920 1533 4977 gerens,
1582 4904 1638 4959 in
1671 4917 1739 4960 eo
1767 4918 1855 4974 qut

1978 4919 2034 4975 in
2061 4917 2202 4976 Filio
2230 4934 2329 4976 suo
2358 4931 2520 4989 quem
2548 4916 2729 4989 posuit
2758 4915 3033 4973 haredem
3089 4915 3355 4973 omnium.
3396 4934 3415 4967 ι
3448 4913 3580 4977 Filii

275 5008 361 5065 ait
381 5025 399 5062 :
437 5025 458 5059 ί
486 5015 716 5079 portans
737 5003 921 5061 omnia
936 5000 1104 5058 verbo
1122 4998 1342 5055 virtutis
1361 5012 1504 5063 sua;
1531 5014 1551 5047 ι
1576 4994 1721 5066 quod
1747 5008 1879 5051 vero

280 5098 564 5169 adjunxit,
622 5116 643 5150 ι
677 5095 1056 5170 purgationem
1104 5098 1458 5164 peccatorum
1504 5087 1735 5153 faciens,
1768 5105 1787 5138 ι
1825 5084 1880 5142 id

278 5199 393 5256 est,
427 5196 652 5261 peccata
693 5197 882 5245 nostra
907 5185 1151 5242 mundat.
1178 5183 1238 5239 ln
1270 5183 1357 5239 his
1383 5181 1595 5239 duobus
1639 5180 1882 5237 maxime

277 5280 606 5355 Apostolum
652 5280 876 5354 gloriari
924 5278 1192 5342 videmur,
1221 5275 1367 5348 quod
1400 5276 1516 5331 hac
1560 5288 1660 5345 per
1683 5272 1880 5329 Filium

282 5374 446 5431 nobis
474 5372 639 5428 allata
669 5386 791 5429 esse
819 5371 1156 5428 demonstrat
1189 5386 1204 5423 :
1232 5378 1289 5423 et
1328 5384 1453 5424 cum
1494 5382 1597 5424 nos
1640 5382 1880 5423 commo-

284 5466 504 5524 nuisset
518 5465 701 5523 crucis
725 5471 783 5521 et
804 5461 1073 5536 passionis
1093 5460 1335 5533 ejusdem
1352 5460 1497 5526 Filii,
1521 5476 1622 5531 per
1644 5476 1765 5531 qua
1777 5476 1879 5516 no-

286 5559 377 5617 bis
407 5559 660 5633 purgatio
693 5570 1040 5632 peccatorum
1085 5557 1395 5614 ministrata
1429 5564 1547 5624 est,
1592 5555 1879 5614 confestim

291 5652 362 5708 de
385 5652 787 5708 resurrectione
807 5659 972 5723 atque
1011 5649 1332 5706 ascensione
1364 5647 1485 5718 ejus
1520 5647 1757 5704 instituit
1783 5663 1882 5705 nos

293 5749 366 5805 ad
405 5748 651 5808 caelestia
697 5749 929 5821 erigere,
977 5756 1035 5804 et
1077 5747 1276 5804 intueri
1319 5743 1737 5803 inenarrabilem
1765 5745 1882 5817 ejus

618 5842 896 5904 Panos.
941 5839 1138 5905 CXII.

1979 5010 2178 5082 quippe
2219 5023 2417 5065 nomen
2443 5022 2730 5064 commune
2762 5015 2867 5063 est.
2896 5005 3000 5064 Ubi
3028 5006 3174 5063 enim
3205 5005 3464 5079 proprius
3490 5029 3581 5067 ιιι-

1979 5100 2241 5172 telligitur
2256 5098 2448 5167 Filius,
2476 5098 2725 5172 superior
2760 5106 2847 5155 est
2883 5105 2940 5154 et
2973 5096 3329 5155 excellentior
3360 5105 3586 5159 Univer-

1984 5195 2059 5251 sis
2090 5211 2104 5248 :
2137 5193 2232 5249 sed
2282 5193 2501 5249 interim
2551 5189 2960 5263 quomodolihet
2998 5203 3060 5246 se
3112 5189 3322 5250 habeat
3344 5236 3358 5261 ,
3389 5194 3589 5250 astruit

1984 5288 2242 5360 quoniam
2271 5289 2556 5345 desursum
2587 5294 2709 5353 est;
2738 5293 2795 5342 et
2815 5284 2941 5342 vide
2964 5283 3242 5357 quomodo
3274 5293 3375 5345 hoc
3399 5288 3585 5343 dicat:

1991 5398 2011 5433 σ
2034 5377 2205 5447 Quem
2217 5380 2397 5450 posuit
2416 5378 2687 5435 haredem
2717 5377 2981 5433 omnium.
3007 5395 3026 5429 ι
3046 5373 3208 5445 Quod
3224 5380 3363 5438 dixit
3377 5398 3395 5432 ς
3416 5380 3590 5434 hare-

1986 5472 2111 5528 dem
2129 5472 2310 5542 posuit
2335 5492 2353 5525 ι
2372 5470 2695 5527 humilitatis
2710 5470 3049 5527 demonstrat
3064 5469 3330 5530 indicium
3350 5488 3364 5525 :
3392 5469 3589 5525 deinde

1987 5565 2055 5620 ad
2113 5563 2445 5634 superiorem
2487 5564 2711 5637 gradum
2794 5562 3159 5639 altioremqne
3215 5560 3587 5621 transcendit:

1994 5672 2015 5708 ι
2048 5653 2153 5711 Per
2199 5670 2360 5725 quem
2384 5696 2400 5721 ,
2429 5655 2637 5725 inquit,
2681 5664 2736 5712 et
2778 5652 2974 5711 saéula
3023 5660 3171 5716 fecit.
3208 5676 3226 5710 ι
3278 5652 3482 5709 Deinde
3520 5650 3590 5707 ad

1989 5747 2343 5807 excelsiorem
2369 5748 2619 5807 omnibus
2649 5749 2813 5814 venit,
2855 5756 2984 5819 post.
3022 5765 3183 5821 quem
3224 5746 3472 5804 altiorem
3505 5743 3590 5802 al-

3001 5834 3080 5905 2'3
