3992 6338
418 300 566 376 ":45

1113 284 1472 371 nimam
1510 306 1731 369 MAURI
1766 305 2086 367 ARCHIEP.
2122 258 2431 363 uocum.
2472 299 2760 363 operum
2796 298 2978 360 PARS
3012 298 3101 359 In.

3650 303 3766 360 ’116

410 432 417 441 ⁸
458 410 639 487 terum
679 428 909 503 gradum
948 425 1089 484 inire
1114 442 1223 483 non
1266 427 1481 498 possis:
1525 444 1545 477 ι
1578 425 1682 493 Qui
1721 432 1823 492 est,
1849 422 2044 494 inquit,
2074 423 2128 485 Α
2153 417 2410 476 divinitas
2438 416 2734 473 humilibus
2775 414 3186 473 communicare
3233 415 3455 490 dignata
3488 422 3598 474 est.
3642 416 3764 476 Hoc

457 520 714 591 splendor
742 517 928 592 gloriae
955 526 1012 574 et
1030 518 1318 574 character
1352 515 1670 572 substantiae
1692 514 1829 585 ejus.
1861 534 1880 567 ι
1909 514 2048 569 Vere

459 611 517 666 in
542 610 716 679 ipsum
733 606 1217 663 eosinaccessibile
1242 607 1426 662 lumen
1452 606 1682 673 induxit,
1713 613 1770 662 et
1796 606 1850 661 in
1872 605 2049 677 ipsum

457 701 802 773 Splendor-em
816 700 1095 756 immensae
1109 714 1441 770 summaeque
1454 698 1717 754 claritatis
1732 713 1869 754 suae:
1888 706 1942 753 et
1955 713 2052 752 an-

453 802 679 864 tequam
707 807 802 850 eos
845 792 1152 849 obscuritas
1187 790 1295 847 ulla
1351 789 1776 862 comprimeret,
1830 789 2051 845 attende

454 886 732 959 quomodo
759 900 853 942 eos
882 885 1081 942 iterum
1110 885 1437 957 pedetentim
1462 882 1529 938 ad
1558 882 1817 938 inferiora
1846 890 1901 937 et
1928 897 2050 937 con-

456 986 617 1036 sueta
661 976 781 1034 loca
833 977 1085 1049 deponit,
1111 976 1341 1033 dicens:
1377 994 1397 1028 ι
1441 974 1647 1031 Ferens
1673 973 1854 1030 omnia
1881 973 2049 1029 verbo

456 1079 677 1136 virtutis
724 1092 852 1133 suae.
913 1076 1017 1133 Per
1080 1078 1299 1148 ipsum,
1354 1074 1573 1151 inquit,
1643 1074 2048 1131 mundationem

458 1180 809 1242 peccatorum
877 1166 1085 1227 faciens
1146 1176 1496 1236 nostrorum,
1563 1166 1754 1223 sedere
1808 1165 1937 1222 fecit
1993 1164 2048 1220 in

360 1280 367 1283 '
426 1261 683 1337 gdextera
718 1258 1036 1329 majestatis.
1063 1279 1082 1313 ι
1108 1256 1225 1314 Non
1245 1258 1565 1330 simpliciter
1594 1259 1726 1314 dicit
1754 1276 1767 1313 :
1806 1278 1825 1309 ι
1859 1256 2050 1314 sedere

458 1350 609 1418 fecit,
630 1371 649 1404 ι
676 1351 769 1407 sed
797 1368 815 1401 ι
837 1358 957 1421 post
976 1349 1404 1416 mundationem,
1424 1350 1619 1422 inquit,
1636 1346 1825 1406 sedere
1841 1348 1989 1405 fecit.
2026 1369 2044 1401 ι

461 1444 714 1515 Suscepit
741 1443 885 1499 enim
914 1442 1304 1499 incarnationis
1345 1424 1602 1510 ofﬁcium,
1651 1442 1845 1498 deinde
1866 1442 2050 1498 humi-

460 1537 534 1591 lia
559 1536 821 1607 loquitur,
843 1543 898 1592 et
921 1544 1043 1607 post
1069 1536 1186 1592 hzec
1214 1536 1570 1611 interlocutus
1600 1535 1902 1608 paululum,
1939 1557 1957 1588 ι
1991 1537 2050 1592 ln

460 1632 705 1698 dextera,
738 1631 1006 1703 inquiens,
1033 1631 1332 1704 majestatis
1363 1628 1479 1699 ejus
1518 1630 1573 1684 in
1608 1629 1859 1686 excelsis.
1891 1649 1910 1682 ι
1946 1629 2052 1686 lte-

457 1738 580 1779 rum
607 1724 674 1780 ad
699 1722 925 1779 humilia
946 1722 1221 1777 narranda
1242 1720 1575 1777 revertitur:
1606 1738 1625 1771 α
1660 1718 1832 1776 Tanto
1856 1720 2053 1781 melior

460 1812 638 1871 factus
664 1815 891 1885 angelis,
908 1821 1111 1885 quanto
1139 1810 1477 1868 dilferentius
1496 1828 1608 1885 prae
1632 1812 1712 1868 eis
1726 1827 1923 1868 nomen
1949 1813 2056 1869 ha:-

458 1908 734 1965 reditavit.
772 1928 791 1962 ι
822 1906 926 1964 Hic
940 1906 1053 1977 jam
1078 1906 1146 1962 de
1175 1922 1261 1974 eo,
1293 1906 1483 1977 quiest
1503 1905 1802 1961 secundum
1833 1921 2056 1961 carnem

460 2000 719 2072 disputat.
746 1998 807 2054 In
829 2015 893 2055 eo
919 1998 1063 2053 enim
1090 1999 1234 2070 quod
1262 1999 1399 2054 dixit
1430 2017 1449 2050 ι
1488 1998 1679 2055 melior
1703 1996 1882 2056 factus
1903 2008 2007 2065 est,
2032 2019 2052 2053 ι

457 2108 566 2148 non
591 2091 843 2147 essentiae
864 2100 1105 2162 paternte
1130 2091 1428 2147 declaravit
1453 2091 1716 2147 indicium
1742 2111 1755 2147 :
1789 2092 1880 2147 illa
1908 2092 2058 2149 enim

459 2199 580 2256 quae
609 2183 787 2240 Patris
817 2182 1068 2240 essentia:
1090 2183 1568 2240 consubstantialis
1596 2185 2057 2255 agnoscitur,non

458 2274 731 2344 estfacta,
764 2274 858 2332 sed
893 2284 1040 2331 nata.
1086 2275 1350 2347 Loquitur
1375 2285 1557 2345 autem
1588 2276 1657 2332 de
1688 2277 1895 2333 carnali
1932 2278 2059 2333 sub-

459 2373 658 2428 stantia
693 2390 707 2427 :
738 2371 856 2443 ipsa
883 2372 1030 2427 enim
1062 2370 1205 2427 facta
1231 2380 1335 2427 est.
1376 2370 1485 2427 Sed
1508 2386 1656 2427 nunc
1685 2387 1793 2427 non
1821 2372 1889 2427 de
1930 2372 2058 2428 sub-

458 2465 660 2520 stantia
690 2464 830 2535 ejus,
868 2464 974 2519 hoc
1000 2472 1084 2519 est
1112 2464 1345 2533 qualiter
1370 2462 1667 2529 exstiterit,
1703 2477 1885 2517 sermo
1925 2477 2057 2534 per-

461 2556 661 2628 agitur,
687 2555 782 2611 sed
814 2555 955 2610 sicut
975 2552 1213 2610 Joannes
1236 2553 1405 2611 dicit:
1437 2574 1454 2607 ‹
1484 2552 1587 2622 Qui
1614 2564 1737 2625 post
1762 2570 1850 2609 me
1880 2553 2054 2620 venit,

461 2656 590 2703 ante
618 2660 707 2703 me
737 2646 914 2702 factus
957 2654 1041 2701 est
1090 2644 1282 2720 (Joan.
1308 2646 1388 2720 ι).
1424 2664 1443 2697 ›
1476 2642 1590 2701 Hoc
1616 2654 1718 2711 est,
1757 2645 2058 2701 honorabi-

456 2736 587 2815 lior;
615 2747 781 2810 atque
827 2734 1196 2810 probabilior:
1228 2738 1306 2794 sic
1345 2737 1510 2793 etiam
1551 2736 1674 2805 hic,
1712 2753 1732 2788 ι
1765 2744 1918 2792 tanto
1944 2752 2059 2793 me—

458 2830 586 2899 lior,
612 2832 807 2904 inquit,
839 2828 1016 2887 factus
1041 2840 1125 2887 est
1145 2828 1370 2904 angelis,
1402 2850 1420 2883 ι
1449 2828 1553 2886 hoc
1581 2837 1699 2896 est,
1723 2829 2059 2901 probabilior

461 2936 623 2998 atque
666 2927 999 3001 przeclarior,
1033 2945 1052 2980 ι
1081 2934 1284 2998 quanto
1331 2925 1524 2987 melius
1569 2924 1909 2980 haereditavit
1954 2940 2056 2980 no-

458 3038 608 3079 men.
642 3041 662 3074 ι
692 3018 858 3079 Vides
885 3022 1012 3093 quia
1057 3020 1125 3077 de
1173 3034 1238 3075 eo
1265 3019 1358 3092 qui
1385 3029 1470 3076 est
1505 3019 1804 3075 secundum
1834 3032 2055 3074 carnem

461 3120 715 3169 versatur
764 3112 982 3168 sermo?
1030 3110 1144 3167 Hoc
1173 3110 1318 3166 enim
1353 3124 1575 3176 nomen,
1627 3108 1770 3164 Deus
1795 3106 2054 3176 Verbum,
2084 3152 2131 3226 Ο

466 3220 679 3226 --μ-μ---
702 3204 887 3226 I.-L--!-
931 3218 1035 3226 _....
1068 3210 1249 3226 ...ιι-ιλιι
1267 3200 1603 3226 ιειυ.-Α.Ιῖιιιι-.ξι
1658 3199 1842 3226 ΜΛΔ-...Α
1869 3206 2052 3226 ᾏΛΑΙΑΑ

463 3220 680 3279 semper
702 3204 911 3270 habuit,
931 3218 1039 3258 non
1068 3210 1254 3273 postea
1267 3200 1626 3257 hasreditavit.
1657 3199 1845 3272 Neque
1868 3206 2057 3271 postea

462 3308 587 3353 eum
612 3297 679 3352 ab
704 3294 913 3368 angelis
957 3293 1237 3351 meliorem
1280 3299 1494 3347 constat
1520 3289 1794 3358 effectum,
1840 3294 2060 3362 quando

462 3386 815 3442 mundatione
844 3398 940 3441 sua
972 3382 1196 3441 abstulit
1235 3390 1422 3438 nostra
1445 3390 1691 3453 peccata,
1719 3380 1817 3438 sed
1845 3396 2060 3453 semper

463 3478 660 3535 melior
686 3476 809 3544 fuit,
848 3485 905 3531 et
944 3490 1053 3531 non
1089 3475 1263 3533 solum
1298 3474 1511 3541 melior,
1537 3475 1633 3532 sed
1655 3474 1821 3531 etiam
1852 3474 2059 3531 incom-

460 3568 781 3645 parabiliter
808 3568 1000 3626 melior
1043 3568 1331 3625 universis.
1360 3567 1752 3624 Verumtamen
1778 3567 1845 3625 de
1873 3581 1940 3623 eo
1964 3566 2058 3638 qui

462 3674 551 3722 est
590 3659 888 3720 secundum
933 3675 1156 3718 carnem
1207 3660 1310 3716 ista
1355 3658 1628 3739 dicuntur.
1679 3656 1772 3716 Sic
1815 3659 1961 3716 enim
2005 3668 2061 3716 et

444 3756 621 3815 nobis
661 3770 792 3812 usus
831 3762 937 3823 est,
963 3768 1089 3809 cum
1117 3753 1184 3810 de
1212 3760 1407 3808 natura
1435 3751 1672 3808 humana
1718 3750 2058 3819 disserimus,

464 3856 521 3905 'et
596 3845 870 3920 fastigium
944 3843 1202 3903 habentia
1279 3843 1555 3915 loquimur
1620 3852 1678 3898 et
1740 3842 2055 3899 submissa:

462 3938 679 4011 quando
711 3937 856 3993 enim
905 3935 1178 3993 dicimus:
1210 3933 1357 3990 Nihil
1399 3942 1484 3992 est
1528 3934 1729 4001 homo,
1787 3941 1935 3992 terra
1975 3941 2063 3991 est

460 4032 648 4099 homo,
679 4030 819 4088 cinis
855 4039 941 4086 est
974 4029 1163 4097 homo,
1207 4035 1380 4085 totum
1423 4042 1459 4083 a
1485 4024 1848 4085 deterioribus
1876 4026 2060 4099 appel-

460 4130 667 4197 lamus;
716 4127 933 4201 quando
996 4141 1128 4183 vero
1211 4126 1441 4183 dicimus
1497 4143 1510 4179 :
1574 4123 1801 4181 Mortale
1856 4122 2056 4181 animal

461 4225 626 4280 homo
649 4231 704 4279 et
729 4220 995 4296 rationale
1005 4229 1065 4277 et
1083 4220 1334 4293 supernis
1349 4228 1661 4290 cognatum,
1691 4236 1724 4275 a
1737 4216 2058 4275 melioribus

462 4331 724 4373 vocamus
780 4314 1133 4370 universum:
1178 4313 1354 4377 sicet
1402 4313 1457 4369 in
1491 4312 1712 4369 Christo
1765 4311 2058 4382 aliquando

462 4409 683 4482 quidem
708 4406 776 4463 ab
811 4404 1180 4471 inferioribus,
1212 4404 1501 4476 aliquando
1533 4412 1713 4461 autem
1743 4421 1778 4461 a
1812 4403 2055 4461 meliori-

2153 512 2336 584 itaque
2362 525 2482 568 loco
2510 510 2796 583 perspicue
2822 511 2955 565 duas
2980 518 3206 565 naturas
3226 510 3282 566 in
3326 510 3555 568 Christo
3576 521 3764 569 osten-

2153 607 2250 673 dit,
2283 607 2401 663 hmc
2426 620 2556 661 vero
2595 603 2788 661 salutis
2815 612 3015 661 nostra:
3042 603 3291 675 exempla
3331 603 3665 661 referamus.
3700 602 3762 661 Si

2151 700 2297 756 enim
2317 700 2455 771 ipse,
2478 714 2601 753 cum
2624 697 2768 755 Deus
2789 705 2936 753 esset
2961 704 3019 752 et
3054 695 3319 752 Dominus
3332 698 3541 768 Deique
3559 696 3761 764 Filius,

2153 811 2264 851 non
2292 794 2500 865 respuit
2536 792 2768 848 formam
2795 793 2940 848 servi
2971 792 3282 868 suscjpere,
3315 791 3486 846 multo
3519 791 3763 863 amplius

2117 932 2121 937 .
2152 902 2253 943 nos
2282 892 2498 959 oportet
2525 893 2720 941 cuncta
2746 880 3012 957 perlicere
3049 897 3172 953 quae
3210 883 3366 954 jussa
3396 891 3533 941 sunt
3576 882 3759 951 nobis,

2153 988 2210 1036 et
2245 978 2467 1035 humilia
2505 992 2732 1049 quaeque
2767 976 3042 1043 tolerare;
3076 976 3431 1035 recordemur
3472 973 3763 1030 Christum

2113 1143 2129 1149 _
2154 1072 2423 1128 dicentem
2459 1089 2471 1125 :
2511 1090 2527 1121 ‹
2571 1068 2706 1126 Cum
2742 1068 2984 1127 feceritis
3014 1069 3219 1139 omnia,
3266 1068 3455 1135 dicite,
3496 1067 3763 1140 quoniam

2155 1161 2377 1220 inutiles
2403 1161 2545 1219 servi
2577 1177 2764 1217 sumus
2791 1160 2958 1235 (Luc.
2992 1154 3210 1234 “11).;

2228 1276 2247 1308 ι
2285 1256 2353 1312 Et
2396 1270 2517 1311 cum
2550 1256 2747 1311 iterum
2779 1254 3074 1327 introducit
3101 1253 3541 1328 Primogenitum
3577 1255 3636 1310 in
3674 1270 3765 1311 or-

2159 1369 2177 1403 ι
2211 1349 2333 1406 bem
2360 1357 2628 1407 terrarum
2660 1348 2822 1404 dicit:
2850 1349 2920 1405 Et
2947 1349 3179 1407 adorent
3195 1364 3322 1405 eum
3350 1366 3553 1407 omnes
3582 1351 3761 1422 angeli

2160 1463 2179 1497 ‹
2218 1445 2334 1503 Dei.
2350 1465 2367 1498 ι
2391 1443 2599 1518 (Ιοαιι.)
2617 1443 2877 1501 Dominus
2890 1443 3111 1516 Quidem
3130 1442 3488 1501 nosterlesus
3508 1443 3766 1505 Christus

2152 1535 2443 1593 adventum
2467 1551 2624 1591 suum
2650 1535 2926 1590 carnalem
2954 1536 3162 1592 exitum
3186 1545 3382 1593 vocat:
3416 1536 3569 1593 sicut
3598 1538 3766 1597 babes

2153 1644 2279 1686 cum
2323 1628 2458 1685 dicit
2488 1646 2501 1683 :
2544 1649 2562 1680 ι
2599 1628 2669 1685 Et
2705 1628 2839 1685 exiit
2862 1629 2955 1703 qui
3000 1630 3235 1686 seminat
3273 1630 3342 1687 ad
3370 1631 3765 1687 seminandum

2126 1784 2129 1787 ἱ
2158 1716 2388 1792 (Matth.
2432 1717 2599 1791 xm);
2633 1738 2650 1771 ι
2709 1726 2764 1775 et
2796 1720 3032 1779 iterum;
3063 1740 3081 1773 ‹
3117 1721 3230 1792 Ego
3260 1736 3292 1778 ι
3322 1722 3493 1778 Patre
3522 1723 3677 1780 exivi
3714 1732 3767 1779 et

2082 1787 2131 1853 Β
2158 1787 2283 1867 veni
2322 1811 2378 1866 in
2424 1787 2683 1867 mundum
2716 1810 2915 1883 (Joan.
2945 1811 3103 1881 xvi);
3144 1787 3247 1869 {et
3278 1814 3383 1871 hoc
3422 1815 3479 1870 in
3511 1814 3767 1884 plurimis

2162 1898 2577 1973 Scripturarum
2623 1901 2758 1959 locis
2794 1904 3001 1977 poterit
3032 1904 3280 1963 inveniri.
3327 1905 3539 1963 Paulus
3584 1917 3765 1965 auem

2161 1988 2444 2047 introitum
2462 1991 2666 2051 Christi
2688 2008 2847 2051 vocat
2864 1995 3155 2050 adventum
3183 1996 3372 2053 dicens
3406 2015 3421 2055 :
3462 2018 3483 2051 α
3510 1997 3657 2055 Cum
3680 2000 3765 2056 iu-

2128 2154 2135 2161 .
2162 2084 2413 2139 troduxit
2441 2083 2874 2158 Primogenitum
2908 2086 2965 2143 in
2990 2088 3181 2143 orbem
3204 2096 3383 2145 terrae.
3425 2111 3447 2145 ι
3474 2090 3765 2149 latr-eitum

2161 2191 2294 2248 ergo
2323 2177 2750 2249 assumptionem
2781 2178 2964 2235 carnis
2991 2180 3230 2251 appellat
3256 2199 3270 2236 :
3299 2181 3397 2237 sed
3423 2194 3647 2253 quaerat
3674 2184 3766 2239 ali-

2161 2269 2287 2338 quis
2338 2283 2438 2323 cur
2491 2268 2690 2325 talibus
2751 2269 2839 2325 vel
2901 2270 3131 2329 diversis
3178 2281 3362 2331 utatur
3409 2274 3765 2332 nominibus?

2163 2357 2602 2431 Significationes
2632 2360 2851 2432 quidem
2880 2361 3153 2418 dictorum
3196 2362 3507 2423 manifestae
3532 2376 3692 2432 sunt,
3714 2380 3763 2421 et

2160 2452 2459 2508 secundum
2492 2453 2621 2523 quid
2650 2454 2972 2510 alterutrum
3001 2457 3212 2515 dicatur
3236 2470 3487 2532 apparet.
3513 2460 3763 2518 Christus

2160 2545 2381 2616 quidem
2430 2546 2630 2601 merito
2670 2548 2877 2603 exitum
2903 2559 3105 2605 vocat:
3132 2549 3267 2608 foris
3307 2552 3459 2609 enim
3484 2568 3712 2610 eramus
3733 2570 3763 2609 a

2162 2638 2299 2705 Deo,
2337 2638 2499 2694 sicuti
2536 2641 2629 2711 qui
2648 2650 2788 2697 sunt
2815 2652 2971 2699 extra
3000 2644 3210 2716 regales
3250 2645 3404 2702 aulas
3444 2647 3503 2702 in
3534 2648 3764 2705 vinculis

2162 2731 2424 2802 colligati,
2456 2741 2512 2789 et
2540 2733 2633 2804 qui
2677 2734 2879 2791 habent
2922 2738 3067 2807 apud
3098 2752 3281 2809 regem
3309 2756 3411 2810 pro
3444 2741 3632 2813 mlpis
3672 2743 3765 2798 ali-

2161 2825 2359 2895 quibus
2387 2824 2684 2894 olfeusam;
2710 2828 3018 2899 huiusmodi
3032 2833 3232 2904 quippe
3266 2849 3299 2889 a
3324 2836 3503 2906 regali
3527 2838 3656 2892 aula
3682 2836 3761 2895 fo-

2161 2917 2241 2975 ris
2285 2917 2493 2975 exclusi
2531 2929 2662 2977 sunt
2692 2940 2707 2977 :
2738 2923 2832 2994 qui
2855 2939 2983 2980 vero
3002 2924 3236 2983 voluerit
3264 2928 3385 2993 istis
3412 2932 3637 2986 veniam
3666 2933 3760 2988 im-

2156 3019 2399 3083 petrare,
2424 3027 2534 3069 non
2558 3014 2796 3084 primum
2828 3016 2976 3088 ipsos
3002 3018 3251 3079 insulam
3269 3023 3411 3095 regis
3444 3024 3759 3089 introducit,

2163 3105 2259 3161 sed
2296 3106 2412 3178 ipse
2440 3104 2574 3165 foris
2601 3110 2901 3181 egreditur,
2949 3113 3135 3186 ibique
3174 3131 3303 3172 eum
3328 3117 3416 3173 eis
3444 3121 3765 3176 commiscet

2162 3196 2565 3257 sermocinandi
2612 3205 2908 3276 negotium,
2956 3223 3129 3280 usque
3170 3210 3303 3267 dum
3341 3225 3437 3268 eos
3486 3224 3763 3271 correctos

2162 3290 2378 3357 reddat,
2428 3301 2486 3348 et
2524 3293 2717 3367 dignos
2748 3296 2953 3355 etliciat
3002 3315 3115 3370 quo
3152 3303 3298 3375 regis
3352 3304 3531 3361 vultui
3564 3323 3761 3378 repra-

2162 3383 2366 3439 sentari
2390 3396 2722 3444 mereantur.
2750 3388 2843 3449 Sic
2871 3392 3034 3451 etiam
3059 3393 3308 3453 Christus
3328 3396 3551 3455 eﬂ‘ccit:
3586 3415 3765 3472 egres-

2162 3489 2258 3531 sus
2284 3477 2481 3547 quippe
2504 3479 2575 3535 ad
2602 3495 2719 3546 nos,
2753 3482 2858 3541 hoc
2886 3492 2993 3552 est,
3018 3501 3241 3547 carnem
3274 3504 3529 3558 sumens,
3558 3499 3624 3549 et
3656 3492 3763 3550 eol-

2144 3566 2376 3675 _locutus
2401 3573 2707 3675 nobiseum,
2738 3590 3008 3651 praecepta
3038 3582 3196 3639 nobis
3223 3581 3393 3656 Regis
3420 3586 3685 3652 innotuit,
3710 3596 3764 3644 et

2134 3669 2243 3738 sic
2270 3679 2370 3721 nos
2400 3681 2435 3723 a
2469 3669 2709 3738 peccatis
2754 3673 3057 3731 emundant
3094 3684 3153 3732 et
3195 3677 3265 3733 ad
3306 3677 3481 3734 Deum
3532 3695 3759 3737 conver-

2146 3764 2306 3830 _tens,
2343 3757 2398 3815 in
2435 3758 2615 3817 aulam
2643 3763 2882 3835 regalem
2940 3765 3089 3823 velut
3116 3768 3386 3826 mediator
3409 3772 3661 3842 optimus
3684 3773 3761 3828 in-

2163 3849 2427 3906 troduxit.
2491 3851 2789 3925 Propterea
2817 3873 2947 3929 ergo
2985 3860 3192 3918 exiurm
3219 3872 3381 3921 vocat
3426 3880 3543 3922 suae
3582 3867 3760 3922 incaro

2161 3940 2401 3999 nationis
2431 3944 2742 4001 adventum.
2789 3947 2992 4006 Paulus
3028 3959 3216 4009 autem
3246 3953 3536 4011 introitum
3578 3959 3755 4013 nolui.

2152 4043 2257 4109 gnat
2285 4051 2354 4091 ex
2385 4039 2703 4110 metaphora
2733 4040 3194 4112 bmreditantium,
3239 4056 3297 4105 et
3315 4048 3409 4120 jus
3440 4050 3757 4108 dominandi

2150 4124 2217 4191 in
2268 4125 2446 4197 aliqua
2492 4132 2836 4200 possessione
2881 4138 3251 4205 sumentium;
3302 4140 3538 4198 dicendo
3588 4143 3755 4209 enim,

2146 4235 2186 4281 ,ς
2220 4215 2425 4273 lterum
2470 4219 2765 4279 introducit
2793 4223 3226 4299 Primogenitum
3260 4230 3316 4285 in
3348 4233 3543 4288 orbem
3590 4242 3756 4290 terra-

2160 4325 2284 4365 rum
2311 4350 2328 4378 ,
2364 4330 2387 4366 ι
2444 4314 2548 4370 hoc
2600 4316 2890 4388 signiﬁcat,
2946 4335 3070 4378 cum
3118 4324 3172 4378 ei
3218 4324 3520 4382 committit
3570 4330 3755 4384 orbem

2158 4409 2428 4460 terrarum
2479 4422 2493 4461 :
2548 4417 2679 4465 tunc
2724 4411 2871 4467 enim
2932 4420 3107 4470 totum
3162 4416 3351 4473 m'bem
3406 4426 3573 4475 teme
3636 4436 3757 4492 pos-

462 4504 564 4561 bus
589 4502 829 4574 loquitur
856 4500 1077 4567 Paulus,
1111 4506 1166 4556 et
1200 4498 1659 4570 dispensationem
1684 4498 1911 4570 cupiens
1922 4512 2059 4595 cou-
2080 4530 2138 4595 D
2162 4495 2327 4562 sedit,
2354 4511 2479 4552 cum
2502 4500 2573 4555 ab
2595 4501 2865 4560 universis
2888 4514 2974 4561 est
2994 4509 3232 4578 agnitus.
3251 4507 3369 4566 Non
3398 4511 3469 4566 de
3494 4514 3610 4568 Deo
3632 4529 3756 4569 vero

472 4592 685 4653 ﬁrmare
732 4601 787 4650 et
824 4591 1126 4663 simplicem
1166 4590 1554 4647 commendare
1599 4599 1869 4646 naturam.
1911 4609 1929 4641 ‹
1958 4588 2057 4647 Cui

455 4706 493 4771 σε
526 4688 673 4743 enim
700 4685 836 4742 dixit
879 4683 1171 4756 aliquando
1208 4683 1523 4756 angelorum
1551 4698 1566 4738 :
1598 4683 1768 4740 Filius
1813 4699 1967 4739 meus
1996 4699 2056 4740 es

472 4798 491 4831 ι
532 4786 609 4844 tu,
632 4792 731 4848 ego
766 4774 925 4831 hodie
944 4773 1107 4846 genui
1148 4782 1218 4829 te.
1256 4793 1275 4826 ι
1299 4772 1369 4829 Et
1389 4789 1603 4829 rursum
1634 4792 1647 4828 :
1678 4792 1697 4826 ι
1732 4772 1842 4847 Ego
1862 4788 1956 4830 ero
1980 4774 2057 4829 illi

452 4890 492 4944 ,ε
526 4872 582 4929 in
610 4877 819 4940 patrem
849 4878 906 4924 et
924 4869 1040 4939 ipse
1075 4867 1183 4924 erit
1213 4867 1345 4923 mihi
1380 4868 1433 4923 in
1463 4866 1680 4923 (ilium?
1711 4887 1730 4921 ι
1762 4867 1876 4925 Hoc
1909 4869 2056 4924 enim

467 4963 674 5032 absque
692 4958 800 5014 ulla
822 4959 1161 5019 dubitatione
1183 4958 1251 5015 de
1275 4960 1650 5018 incarnatione
1667 4958 1789 5016 Filii
1813 4960 2012 5016 dicitur
2038 4974 2053 5013 :

468 5034 864 5110 ideoverbum
912 5050 1083 5107 futuri
1136 5052 1397 5125 temporis
1444 5053 1660 5125 posuit,
1709 5072 1726 5105 ι
1764 5067 1860 5108 ero
1897 5051 1973 5106 illi
2002 5052 2057 5106 in

445 5148 713 5220 'patrem,
753 5152 809 5201 et
856 5146 971 5217 ipse
1020 5144 1127 5202 erit
1166 5146 1299 5202 mihi
1347 5147 1404 5202 in
1454 5146 1644 5201 filium.
1675 5165 1695 5199 ι
1725 5144 1881 5213 Quod
1930 5159 2059 5202 vero

450 5240 623 5325 dixit,
661 5258 681 5294 ι
716 5237 889 5296 Filius
935 5255 1089 5297 meus
1135 5256 1195 5296 es
1233 5246 1313 5307 tu,
1363 5256 1465 5312 ego
1506 5242 1667 5297 hodie
1712 5241 1875 5313 genui
1926 5250 1997 5309 te,
2034 5262 2052 5295 ι

450 5337 656 5402 aperte
682 5328 993 5387 manifestat
1010 5372 1024 5399 ,
1052 5331 1196 5402 quod
1218 5330 1363 5386 idem
1389 5330 1455 5386 de
1492 5346 1600 5403 quo
1639 5331 1716 5387 ait
1745 5350 1764 5384 ι
1800 5349 1897 5391 ero
1923 5335 1973 5390 ei
2002 5334 2058 5390 in

471 5429 686 5495 patrem
703 5434 723 5475 δ
754 5436 823 5477 ex
848 5421 968 5494 ipsa
986 5421 1222 5478 essentia
1240 5418 1421 5477 Patris
1433 5422 1503 5477 sit
1520 5423 1767 5493 genitus;
1792 5425 1912 5481 idco
1923 5441 2061 5497 prae-

473 5514 614 5571 senti
659 5522 904 5585 tempore
953 5512 1132 5587 posuit
1168 5513 1368 5582 hodie,
1426 5514 1550 5585 quia
1596 5514 1707 5585 Deo
1751 5517 1887 5573 nihil
1922 5532 2061 5588 pra:-

474 5604 696 5659 teritum
745 5604 832 5659 vel
891 5602 1134 5659 futurum
1179 5614 1291 5671 est,
1348 5604 1444 5660 sed
1502 5622 1716 5679 semper
1768 5610 2060 5681 praesentia

454 5684 689 5752 ‘cuncta.
722 5696 904 5753 Potest
924 5697 1070 5753 enim
1096 5708 1151 5753 et
1179 5700 1480 5756 secundum
1505 5715 1730 5757 carnem
1755 5702 1860 5759 hoc
1887 5703 2061 5775 accipi

481 5787 706 5856 dictum,
741 5792 868 5860 quia
903 5805 1029 5847 caro
1064 5792 1432 5850 communicat
1479 5793 1787 5865 altioribus,
1830 5796 1971 5853 sicut
2007 5803 2066 5853 et

2154 4589 2268 4647 ista
2288 4589 2563 4661 dicuntur,
2600 4594 2698 4651 sed
2724 4594 2989 4654 deacarne
3017 4617 3033 4653 :
3066 4600 3112 4655 si
3134 4600 3285 4656 enim
3320 4603 3375 4657 in
3404 4604 3615 4661 mundo
3640 4615 3755 4663 erat

2158 4678 2315 4753 juxta
2338 4682 2625 4752 Joannem,
2652 4695 2711 4743 et
2732 4690 2963 4746 mundus
2984 4706 3085 4761 per
3104 4693 3284 4763 ipsum
3310 4693 3489 4752 factus
3510 4708 3619 4763 est,
3654 4713 3753 4768 quo

2158 4774 2272 4832 alio
2293 4774 2453 4833 modo
2472 4776 2857 4847 introducitur,
2883 4781 2988 4837 nisi
3008 4784 3310 4840 secundum
3334 4800 3561 4843 carnem
3582 4790 3608 4843 2
3652 4808 3671 4841 ι
3692 4788 3753 4844 Et

2160 4866 2394 4923 adorent
2411 4883 2538 4923 eum
2559 4883 2751 4926 omnes
2768 4870 2943 4941 angeli
2962 4871 3078 4927 Dei.
3100 4892 3119 4926 ι
3148 4873 3375 4942 Quoties
3387 4876 3540 4932 enim
3562 4892 3751 4949 magna

2154 4956 2410 5026 quaedam
2423 4965 2479 5013 ct
2496 4957 2689 5014 altiora
2705 4958 3068 5027 dicturusest,
3082 4965 3357 5033 praestruit
3378 4965 3472 5021 illa
3494 4968 3751 5038 primum.

2160 5056 2219 5104 et
2245 5047 2376 5104 facit
2406 5049 2499 5105 illa
2541 5053 2944 5122 susceptibilia,
2984 5055 3117 5111 dum
3156 5056 3291 5112 dicit
3323 5057 3548 5115 Putrem
3578 5060 3747 5115 intro-

2154 5145 2385 5204 duxisse
2410 5147 2640 5205 Filium:
2669 5151 2918 5221 superius
2943 5152 3089 5208 enim
3111 5153 3329 5209 dixerat
3351 5154 3481 5224 quia
3518 5170 3629 5213 non
3660 5170 3751 5227 per

2158 5237 2453 5309 prophetas
2476 5241 2633 5297 nobis
2658 5240 2870 5298 locustis
2898 5251 3013 5310 est,
3041 5243 3136 5301 sed
3162 5258 3263 5315 per
3278 5240 3481 5303 Filium
3498 5287 3515 5313 ,
3547 5258 3604 5303 et
3628 5248 3747 5319 quia

2161 5325 2332 5384 Filius
2351 5328 2546 5386 melior
2569 5338 2655 5389 est
2676 5332 2905 5404 angelis,
2926 5335 3072 5405 quod
3098 5349 3171 5391 ex
3198 5336 3317 5406 ipso
3340 5347 3747 5409 argumentatus

2161 5426 2247 5475 est
2268 5420 2503 5479 nomine.
2532 5421 2633 5479 llic
2652 5423 2958 5494 amentiam
2980 5440 3051 5482 ex
3076 5425 3184 5482 alia
3213 5442 3274 5483 re
3292 5426 3411 5483 vult
3428 5438 3743 5502 arguments

2162 5508 2450 5569 deducere.
2477 5513 2552 5569 Ex
2576 5530 2685 5586 qua
2707 5516 2847 5575 ista?
2866 5516 2950 5573 Ex
2973 5518 3292 5577 adcretione
3322 5521 3596 5585 videlicet,
3626 5536 3746 5579 nam

2164 5607 2316 5661 tanto
2337 5620 2459 5662 eum
2485 5606 2764 5667 meliorem
2784 5620 2907 5666 esse
2932 5610 3307 5679 demonstrat,
3330 5624 3543 5683 quaqu
3564 5616 3741 5671 Domi

2162 5715 2297 5756 num
2322 5701 2495 5758 servis
2520 5711 2737 5759 constat
2760 5718 2881 5763 esse
2906 5704 3191 5763 meliorem
3216 5721 3235 5761 :
3257 5710 3535 5778 quomodo
3554 5710 3601 5765 si
3630 5709 3743 5780 quis

2163 5795 2222 5855 in
2236 5798 2529 5870 quamdam
2543 5800 2763 5858 domum
2783 5801 3097 5863 introducat
3110 5801 3371 5875 aliqum,
3387 5812 3445 5861 et
3459 5803 3741 5861 confestim
