3992 6338
296 381 399 434 ’117

755 375 1304 433 ENARRATIONUM
1341 376 1410 433 IN
1445 377 1592 434 EPP.
1630 374 1831 431 PAULI
1873 357 2001 430 LIB.
2039 373 2250 430 XXVII.
2293 403 2362 420 ρ-
2393 373 2460 429 IN
2500 371 2717 428 EPIST.
2757 370 2851 428 AD
2889 371 3092 433 HEBR.

3455 377 3562 436 718

295 507 490 549 omnes
519 490 661 547 illius
684 490 876 546 domus
905 491 1171 561 .princeps
1211 491 1399 561 jubeat
1444 503 1502 547 ut
1537 492 1682 546 illum
1717 491 1871 562 proni
1904 501 1951 562 Α
1983 509 2002 542 t
2038 489 2191 546 Tunc
2222 490 2374 545 ibunt
2420 490 2476 546 hi
2500 490 2552 546 in
2596 491 2773 562 ignem
2811 499 3108 563 teternum,
3144 493 3281 568 justi
3307 495 3362 554 in
3391 498 3560 560 vitam

294 583 460 642 simul
506 598 697 638 omnes
751 583 1011 648 adorent;
1055 583 1131 637 ita
1171 594 1226 638 et
1270 584 1541 638 Christum
1587 585 1878 638 secundum

298 691 526 732 carnem
550 673 714 745 jussit
737 690 766 729 a
794 675 1005 729 cunctis
1037 675 1243 744 angelis
1270 676 1484 730 adorari
1517 676 1733 731 dicens:
1767 693 1786 726 ‹
1816 675 1882 729 Et

300 767 534 822 adorent
584 782 707 821 eum
758 781 946 821 omnes
990 767 1164 838 angeli
1210 766 1334 832 Dei;
1367 786 1384 817 ι
1415 767 1577 821 etiam
1613 767 1726 837 ipse
1770 766 1880 823 Ga-

294 855 480 913 briel.
515 854 621 910 Sed
653 863 859 925 quaerat
911 855 1108 925 aliquis
1131 897 1145 922 ,
1179 872 1306 910 num
1337 857 1513 927 angeli
1543 865 1751 912 tantum
1782 859 1878 914 ad-

296 962 459 1002 orare
487 946 742 1016 przecepti
774 946 938 1001 sunt?
983 945 1118 1000 Non.
1142 945 1373 1002 Advorte
1409 947 1592 1017 itaque
1638 963 1759 1017 qum
1803 962 1886 1002 se-

297 1047 571 1108 quuntur:
611 1056 629 1088 ‹
664 1035 730 1093 Et
765 1039 832 1092 ad
883 1038 1103 1107 angelos
1151 1037 1368 1108 quidem
1403 1038 1580 1094 dixit:
1611 1038 1712 1105 Qui
1753 1037 1883 1094 facit

295 1129 520 1202 angelos
575 1145 702 1186 suos
744 1131 963 1200 spiritus
1014 1137 1068 1186 et
1111 1130 1388 1185 ministros
1437 1146 1564 1186 suos
1610 1130 1882 1187 ﬂammam

304 1222 477 1293 ignis;
503 1222 570 1276 ad
602 1221 797 1276 Filium
836 1231 1049 1277 autem:
1082 1222 1249 1278 Sedes
1279 1231 1389 1289 tua,
1430 1223 1588 1288 Deus,
1621 1224 1676 1278 in
1717 1239 1885 1280 saecu-

297 1309 411 1366 Ium
458 1312 660 1367 seculi.
721 1331 739 1364 ι
799 1313 937 1368 Ecce
977 1313 1212 1368 maxima
1255 1312 1586 1381 differentia,
1628 1315 1754 1384 quia
1809 1315 1883 1369 illi

301 1405 524 1474 quidem
557 1405 725 1461 creati
748 1414 872 1462 su'nt
896 1449 910 1472 ,
952 1407 1041 1462 hic
1071 1415 1252 1462 autem
1281 1408 1572 1464 increatus.
1611 1409 1694 1464 Ad
1722 1423 1886 1480 ange-

296 1495 379 1551 los
409 1505 588 1552 autem
613 1498 804 1568 inquit,
841 1520 857 1550 ς
894 1500 993 1568 Qui
1027 1499 1160 1575 facit
1184 1501 1405 1572 angelos
1433 1518 1558 1558 suos
1581 1503 1834 1572 spiritus;
1861 1522 1878 1553 ι

299 1589 366 1642 ad
385 1586 576 1641 Filium
605 1597 785 1642 autem
810 1603 916 1644 non
941 1590 1075 1644 dixit
1091 1609 1110 1639 ι
1137 1592 1227 1662 qui
1247 1591 1395 1657 facit,
1418 1612 1436 1643 ι
1457 1600 1508 1648 et
1539 1608 1668 1648 sane
1684 1601 1883 1663 posset,

297 1678 344 1733 si
375 1677 528 1744 .velit,
584 1677 744 1732 istam
795 1679 873 1734 sic
907 1680 1212 1749 exprimere
1237 1681 1596 1738 differentiam
1617 1683 1881 1738 dicendo:

304 1788 322 1822 ι
372 1770 440 1824 Et
467 1769 534 1824 ad
589 1770 808 1841 angelos
857 1772 1072 1842 quidem
1124 1772 1301 1826 dicit:
1339 1771 1442 1840 Qui
1495 1774 1624 1828 facit
1670 1773 1887 1846 angelos

1982 590 2237 636 aeternam
2261 581 2471 651 (Matth.
2519 581 2669 654 xxv).
2702 602 2721 634 ι

2059 693 2078 726 ι
2106 672 2268 744 Virga
2297 673 2589 743 aaquitatis,
2628 674 2777 745 virga
2813 675 2963 746 regni
2995 675 3091 730 tui.
3118 695 3137 729 ι
3171 675 3390 749 Virgam
3431 697 3564 738 vero

1983 766 2222 836 regulam
2268 766 2462 822 divinae
2502 767 2771 839 signiﬁcat
2816 769 3108 837 aequitatis,
3137 786 3255 841 quae
3294 774 3566 832 veraciter

1983 866 2131 911 recta
2170 857 2400 922 dicitur,
2443 857 2567 928 quia
2597 857 2739 912 nulla
2781 860 3048 929 pravitate
3094 871 3370 917 curvatur.
3405 862 3564 935 Virga

1985 947 2088 1004 ista
2127 949 2306 1019 justos
2356 949 2512 1018 regit,
2559 950 2752 1020 impios
2796 952 3071 1020 percutit:
3101 953 3197 1008 sed
3249 954 3365 1010 haec
3414 956 3564 1027 virga

1986 1038 2244 1095 fortitudo
2271 1047 2356 1094 est
2385 1041 2603 1107 invicta,
2627 1043 2852 1112 aequitas
2889 1045 3212 1110 rectissima,
3261 1045 3566 1104 inﬂexibilis

1987 1131 2288 1200 disciplina.
2342 1130 2466 1187 llaec
2515 1133 2657 1186 enim
2706 1134 2857 1204 virga
2905 1135 3036 1205 regii
3089 1136 3306 1192 honoris
3354 1137 3565 1205 insigne

1987 1231 2260 1291 sceptrum
2289 1221 2570 1278 dicebatur
2601 1226 2914 1296 antiquitus,
2957 1226 3246 1298 designans
3271 1229 3324 1282 in
3357 1243 3420 1284 ea
3451 1229 3563 1282 vir-

1987 1322 2164 1369 tutum
2196 1332 2373 1387 regem
2401 1315 2684 1371 Dominum
2713 1317 3060 1375 Salvatorem.
3098 1337 3116 1370 α
3149 1320 3390 1376 Dilexisti
3415 1321 3570 1392 justi-

1993 1422 2012 1456 ι
2049 1405 2176 1459 tiam
2217 1415 2270 1460 et
2296 1406 2454 1460 odisti
2498 1407 2879 1476 iniquitatem;
2918 1428 2935 1460 ι
2970 1410 3084 1478 ipsa
3114 1417 3196 1465 est
3239 1411 3388 1480 virga
3421 1419 3567 1465 recta

1989 1513 2175 1554 amare
2225 1499 2534 1568 aequitatem
2562 1509 2618 1553 et
2641 1501 2820 1554 odisse
2859 1502 3176 1571 nequitiam.
3211 1501 3382 1558 Nemo
3424 1505 3568 1558 enim

1983 1590 2231 1666 perfecte
2263 1591 2435 1661 diligit
2455 1591 2720 1662 justitiam
2745 1633 2759 1658 ,
2791 1593 2897 1648 nisi
2918 1593 3008 1662 qui
3039 1600 3095 1647 et
3123 1603 3277 1650 actus
3305 1597 3569 1665 pessimos

1989 1684 2354 1749 abominatur,
2404 1685 2528 1754 quia
2571 1685 2815 1740 veritatis
2844 1701 2998 1741 amor
3032 1689 3216 1743 odium
3249 1697 3335 1744 est
3366 1688 3572 1744 falsita-

1991 1777 2080 1832 tis.
2141 1777 2248 1832 Sed
2316 1778 2439 1833 huic
2495 1779 2666 1833 amori
2719 1779 2975 1835 bonitatis
3035 1789 3089 1836 et
3139 1782 3263 1838 odio
3309 1783 3570 1852 iniquita-

299 1879 426 1918 suos
476 1861 737 1934 spiritus;
789 1862 1093 1917 ari-Filium
1143 1872 1342 1929 autem,
1383 1865 1640 1920 Dominus
1684 1862 1965 1924 creavitB
1995 1868 2064 1924 tis
2108 1884 2227 1938 qua:
2267 1869 2484 1940 prmmia
2542 1879 2667 1923 sunt
2722 1870 2928 1925 reddita
2981 1872 3168 1928 subter
3216 1874 3438 1943 exponit
3493 1874 3574 1928 di-

297 1970 386 2011 me
419 1971 432 2010 :
469 1973 487 2006 ι
521 1953 784 2023 siquidem
822 1972 840 2004 ι
881 1952 1164 2009 Dominum
1203 1970 1323 2010 eum
1352 1965 1406 2011 et
1434 1957 1710 2012 Christum
1744 1957 1885 2013 Deus

297 2044 450 2101 fecit.
499 2044 607 2100 Sed
630 2061 805 2116 neque
833 2045 962 2100 illud
985 2046 1052 2099 de
1076 2046 1434 2101 Filiodictum
1458 2057 1560 2112 est,
1585 2063 1759 2118 neque
1785 2050 1888 2105 hoc

300 2136 371 2190 de
397 2135 512 2192 Deo
539 2152 701 2204 vero,
751 2135 846 2192 sed
877 2135 943 2192 de
972 2152 1036 2192 eo
1072 2137 1162 2206 qui
1201 2146 1284 2192 est
1312 2140 1607 2193 secundum
1646 2153 1885 2194 carnem.

303 2227 403 2286 Ubi
418 2231 564 2286 enim
585 2245 768 2285 veram
791 2229 1149 2284 differentiam
1168 2228 1464 2302 signiﬁcari
1482 2231 1888 2298 desiderat,non

297 2319 410 2390 jam
442 2322 588 2377 solos
607 2321 826 2394 angelos
854 2323 1283 2394 comprehcndit,
1325 2324 1415 2377 sed
1441 2338 1630 2379 omnes
1655 2325 1889 2379 virtutes

297 2416 606 2474 ministeria
637 2429 871 2485 superna
903 2414 1205 2486 fungentes.
1239 2416 1473 2470 Intueris
1502 2417 1774 2486 quomodo
1804 2417 1887 2471 di-

297 2508 468 2573 vidit,
496 2517 551 2562 et
584 2523 706 2562 cum
741 2516 944 2578 quanta
975 2507 1222 2562 claritate
1257 2518 1536 2563 creaturas
1567 2525 1598 2563 a
1630 2508 1889 2564 Creatore

299 2598 590 2666 discernit,
624 2599 902 2654 ministros
941 2615 1141 2654 vocans
1163 2607 1217 2654 et
1257 2600 1565 2667 Dominum,
1611 2616 1796 2656 servos
1837 2610 1891 2657 et

297 2691 570 2752 hmredem
600 2708 662 2750 ac
693 2694 971 2764 proprium
997 2692 1215 2747 Filium.
1240 2693 1422 2766 (Αιιθ.)
1449 2693 1738 2749 Sciendum
1762 2709 1892 2749 vero

300 2798 386 2844 est
416 2787 560 2858 quod
603 2785 780 2858 angeli
824 2802 1020 2841 nomen
1053 2794 1137 2840 est
1165 2785 1330 2840 cilicii
1371 2802 1477 2840 non
1525 2794 1753 2852 naturae,
1800 2786 1891 2855 qui

300 2880 466 2935 etiam
497 2894 711 2948 semper
753 2887 878 2932 sunt
924 2877 1178 2948 Spiritus,
1212 2879 1305 2933 sed
1335 2894 1442 2932 non
1472 2893 1686 2947 semper
1715 2875 1892 2948 angeli

297 2970 488 3026 'vocari
515 2978 761 3042 possunt.
787 2969 998 3037 Quaaris
1021 2969 1179 3040 hujus
1210 2978 1419 3024 natura;
1451 2967 1686 3024 nomen?
1714 2966 1892 3039 Spiri-

303 3071 394 3120 tus
422 3071 541 3128 est;
575 3064 774 3134 qumris
798 3062 1001 3118 ofﬁcii?
1031 3062 1253 3134 angelus
1285 3070 1388 3118 est.
1419 3061 1496 3116 Ex
1525 3077 1590 3117 eo
1619 3061 1760 3132 quod
1789 3068 1894 3126 est,

303 3155 531 3226 spiritus
574 3164 688 3220 est,
734 3170 800 3209 ex
837 3169 904 3209 eo
943 3154 1084 3224 quod
1132 3153 1315 3219 audit,
1349 3153 1572 3224 angelus
1619 3161 1722 3218 est,
1769 3150 1898 3222 quia

1988 1974 2154 2015 cens:
2189 1979 2206 2009 ε
2247 1959 2541 2030 Propterea
2566 1961 2722 2014 unxit
2763 1969 2814 2014 te
2861 1960 3021 2027 Deus,
3049 1963 3189 2020 Deus
3229 1972 3371 2019 tuus.
3406 1983 3425 2016 ι
3462 1963 3576 2021 Un-

1990 2061 2109 2109 ctus
2163 2051 2412 2107 Christus
2458 2059 2512 2106 et
2558 2068 2737 2124 regem
2780 2053 3052 2123 signiﬁcat
3088 2064 3142 2111 et
3195 2057 3568 2123 sacerdotem,

1991 2144 2117 2214 quia
2165 2145 2457 2213 dignitates
2495 2145 2610 2198 istze
2653 2145 3004 2200 sumebantur
3044 2162 3130 2218 per
3181 2147 3576 2204 sacratissimas

1990 2234 2296 2289 unctiones.
2337 2233 2470 2288 Nam
2523 2242 2579 2288 et
2636 2234 2811 2304 ipsum
2859 2252 3054 2292 nomen
3101 2237 3299 2292 Christi
3330 2255 3360 2292 a
3388 2248 3576 2295 sancto

1993 2324 2287 2379 chrismate
2313 2335 2556 2389 vocatur,
2589 2326 2680 2380 sed
2713 2326 2764 2379 in
2789 2325 2878 2380 illa
2911 2336 3101 2382 natura
3133 2338 3326 2384 unctus
3381 2331 3579 2385 dicitur

1991 2433 2097 2490 qua
2120 2417 2518 2487 dispensatione
2545 2425 2598 2471 et
2624 2427 2782 2472 natus
2802 2425 2856 2472 et
2876 2427 3119 2474 mortuus
3141 2427 3194 2472 et
3216 2421 3576 2476 resurrexisse

1991 2511 2257 2563 veraciter
2282 2509 2478 2564 dicitur
2501 2508 2767 2564 Christus.
2800 2508 3066 2564 Caeterum
3091 2509 3264 2566 deitas
3287 2510 3401 2580 ejus
3431 2513 3574 2567 nullo

1992 2614 2249 2664 munere,
2291 2600 2435 2654 nullo
2466 2600 2670 2655 honore
2716 2601 2944 2670 indiguit
2992 2599 3257 2670 adjuvari.
3308 2601 3579 2672 Repetitio

1996 2698 2179 2743 autem
2227 2690 2332 2744 ista
2383 2691 2524 2759 quod
2573 2690 2702 2746 dicit
2734 2709 2751 2741 ι
2787 2690 2948 2756 Deus,
2977 2689 3150 2758 Deus,
3183 2712 3202 2745 ι
3246 2695 3577 2764 praeconium

1995 2795 2206 2851 magnae
2234 2780 2535 2837 dilectionis
2564 2782 2819 2837 ostendit.
2849 2801 2868 2834 ι
2905 2781 3034 2838 Oleo
3069 2785 3444 2842 exsultationls
3469 2803 3580 2858 prae

1989 2873 2349 2946 participibus
2396 2875 2520 2930 tuis.
2573 2895 2592 2926 ι
2640 2875 2845 2945 Duplici
2886 2877 3045 2931 modo
3087 2880 3389 2934 unctionem
3437 2881 3580 2935 illam

1997 2974 2240 3021 sanctam
2299 2967 2609 3038 provenisse
2668 2966 2954 3037 signiﬁcat.
3007 2968 3196 3024 Oleum
3246 2968 3444 3024 laetitia:
3499 2979 3582 3026 est

1997 3057 2209 3131 peccati
2237 3059 2522 3114 -maculam
2569 3075 2676 3114 non
2726 3059 2942 3116 habere.
2988 3059 3138 3116 Unde
3165 3077 3223 3116 se
3250 3062 3582 3118 conscientia

2001 3163 2216 3221 semper
2241 3151 2537 3216 exhilarat,
2571 3152 2785 3222 quando
2827 3151 2968 3206 nulla
3005 3153 3392 3210 recordationis
3423 3171 3580 3226 aspe-

305 3247 532 3321 angelus
573 3246 782 3312 Graece,
813 3245 1006 3301 Latine
1035 3247 1255 3301 nuntius
1283 3245 1499 3310 dicitur,
1545 3245 1686 3300 sicut
1731 3243 1894 3298 homo
1922 3229 1969 3295 C
2003 3242 2167 3298 ritate
2223 3243 2518 3298 mordetur.
2568 3244 2808 3316 (Joan.)
2858 3244 2959 3312 Qui
3005 3255 3131 3301 sunt
3171 3246 3245 3301 illi
3291 3248 3584 3318 participes

306 3356 506 3396 nomen
553 3348 638 3396 est
683 3349 915 3404 naturae,
966 3339 1122 3393 miles
1165 3353 1295 3392 vero
1339 3352 1536 3391 nomen
1581 3336 1761 3390 oﬁicii.
1801 3335 1893 3391 Sic

305 3433 453 3489 enim
486 3433 576 3502 qui
607 3440 763 3488 erant
781 3433 895 3504 jam
921 3433 1144 3501 spiritus
1185 3432 1386 3486 conditi
1416 3447 1446 3485 a
1473 3429 1732 3486 Creatore
1762 3429 1893 3496 Deo,

306 3521 444 3580 facit
465 3539 560 3579 eos
591 3523 811 3596 angelos
835 3524 1100 3579 mittendo
1141 3539 1234 3578 eos
1266 3523 1516 3578 nuntiare
1546 3525 1688 3594 quod
1713 3521 1895 3591 jusse-

309 3615 406 3680 rit,
441 3623 498 3670 et
531 3615 812 3671 ministros
853 3631 978 3670 suos
1007 3614 1277 3670 ﬂammam
1317 3615 1474 3686 ignis.
1514 3614 1769 3685 Legimus
1798 3630 1893 3684 ap-

307 3706 561 3778 paruisse
592 3705 770 3775 ignem
795 3705 848 3760 in
882 3706 1019 3760 rubo
1064 3704 1279 3775 (Exod.
1311 3719 1369 3758 Ill
1393 3704 1411 3773 )
1437 3721 1450 3769 ;
1479 3703 1706 3770 legimus
1732 3703 1894 3757 etiam

307 3797 539 3852 missum
561 3798 740 3869 ignem
756 3797 1006 3866 desuper,
1022 3806 1075 3851 et
1090 3794 1395 3866 implevisse
1411 3795 1554 3864 quod
1568 3803 1897 3864 prazceptum

308 3898 398 3947 est
425 3889 444 3962 (
470 3888 500 3943 1
516 3888 557 3942 γ
589 3889 718 3961 Reg.
749 3889 843 3961 ιι).
873 3888 1062 3945 Potest
1089 3889 1196 3944 dici
1231 3889 1447 3959 quando
1480 3887 1619 3942 lenia
1648 3888 1898 3942 nuntiare

307 3983 623 4047 mittuntur,
652 3982 871 4054 angelos
906 3997 1048 4049 esse,
1089 3981 1306 4052 quando
1343 3981 1411 4035 ad
1437 3979 1729 4035 vindictam
1770 3979 1896 4033 mit-

310 4081 525 4138 tuntur,
553 4074 830 4130 ministros
857 4090 1001 4140 esse,
1029 4074 1082 4128 id
1105 4081 1209 4140 est,
1235 4073 1413 4144 ignem
1436 4071 1735 4127 ardentem.
1763 4069 1900 4125 Sunt

308 4166 478 4221 etiam
506 4167 619 4222 haec
643 4165 818 4223 ofﬁcia
845 4167 900 4222 in
945 4166 1187 4222 Ecclesia
1232 4165 1506 4237 praesenti.
1541 4162 1675 4219 Nam
1707 4163 1901 4234 pradi-

311 4271 532 4317 catores
559 4262 730 4316 sancti
767 4262 984 4333 quando
1016 4259 1280 4332 spiritalia
1328 4258 1626 4330 praedicant
1657 4264 1714 4312 et
1763 4271 1898 4327 gau-

312 4352 408 4407 dia
439 4352 592 4421 regni
639 4352 735 4407 Dei
770 4352 1115 4419 annuntiant,
1143 4351 1320 4422 angeli
1363 4351 1651 4416 dicuntur;
1686 4347 1900 4419 quando

312 4458 450 4499 vero
509 4451 770 4499 terrorem
811 4445 1070 4516 gehennae
1115 4443 1255 4515 ignis
1305 4442 1625 4513 praadicunt,
1667 4441 1901 4496 ministri

311 4545 465 4602 sunt,
500 4545 559 4591 ut
589 4544 830 4592 terreant
868 4544 1182 4606 peccatores
1224 4535 1277 4589 in
1302 4533 1722 4590 comminatione
1765 4531 1904 4603 ignis

2004 3335 2094 3390 alii
2142 3346 2338 3406 przetcr
2390 3333 2677 3393 homines?
2725 3341 2827 3395 hoc
2873 3346 2985 3406 est,
3039 3339 3180 3410 quod
3228 3339 3354 3395 alibi
3389 3341 3584 3396 dicitur

2001 3425 2181 3498 (Joan.
2210 3426 2284 3498 v),
2321 3427 2446 3497 quia
2477 3443 2583 3482 non
2615 3429 2681 3483 ad
2717 3444 3023 3483 mensuram
3057 3428 3306 3485 Christus
3349 3431 3587 3502 suscepit

2000 3516 2284 3590 Spiritum.
2319 3519 2711 3592 Contemplaris
2765 3521 3035 3593 quomodo
3105 3537 3320 3592 semper
3371 3531 3586 3593 coaptat

2000 3627 2305 3668 sermonem
2331 3614 2720 3684 dispensationi
2737 3615 2938 3680 carnis,
2955 3615 3190 3670 sermoni
3214 3615 3429 3686 quidem
3453 3615 3583 3670 dum

2003 3705 2067 3760 de
2100 3715 2294 3760 natura
2325 3707 2622 3762 divinitatis
2641 3707 2932 3778 eloquitur.
2959 3706 3095 3774 Quid
3118 3709 3219 3762 hoc
3243 3708 3439 3764 clarius
3478 3709 3585 3763 dici

2000 3797 2216 3867 potest?
2270 3796 2673 3853 Animadvertis
2729 3799 2996 3868 quomodo
3052 3813 3158 3853 non
3213 3808 3298 3854 est
3353 3799 3584 3871 idipsum

2002 3902 2253 3946 creatura
2285 3899 2338 3946 et
2366 3891 2580 3962 proles?
2611 3890 2727 3947 Non
2769 3893 2910 3947 enim
2957 3891 3029 3945 ita
3078 3891 3340 3946 divideret
3368 3893 3412 3947 si
3445 3893 3587 3948 idem

2003 3989 2146 4035 esset
2192 3989 2514 4051 utrumque,
2555 3997 2656 4036 nec
2707 3982 2774 4036 ad
2822 3980 3181 4036 differentiam
3228 3983 3369 4038 illius
3414 3983 3582 4046 verbi,

2001 4072 2144 4144 quod
2172 4073 2402 4139 dixerat,
2436 4093 2452 4124 ι
2493 4070 2641 4138 fecit,
2677 4092 2694 4126 ›
2725 4070 2982 4128 inferret:
3023 4091 3040 4123 ι
3073 4073 3156 4128 Ad
3184 4073 3376 4128 Filium
3407 4083 3587 4128 autem

2001 4164 2168 4219 dixit:
2205 4162 2372 4219 Sedes
2393 4172 2504 4230 tua,
2549 4165 2723 4230 Deus,
2755 4165 2808 4218 in
2838 4162 3094 4218 sacculum
3121 4162 3322 4219 saeculi.
3358 4185 3376 4216 ι
3404 4162 3589 4234 Neque

2003 4257 2339 4314 diﬁ‘erentius
2373 4273 2570 4314 nomen
2615 4257 2910 4330 appellaret
2944 4256 3066 4313 Filii
3106 4271 3326 4322 nomen,
3369 4256 3413 4311 si
3453 4254 3591 4324 ejus-

2004 4349 2125 4406 dem
2185 4360 2330 4406 esset
2380 4350 2789 4422 signiﬁcationis
2841 4367 2961 4406 cum
3031 4350 3248 4404 nomine
3301 4357 3586 4404 creatura}.

2005 4441 2139 4498 Nam
2163 4459 2302 4513 quae,
2344 4459 2496 4515 rogo,
2543 4441 2846 4499 differentia
2890 4441 3212 4507 remanebit,
3255 4429 3480 4496 stidem
3511 4449 3594 4496 est

2004 4535 2188 4606 proles
2243 4551 2306 4590 ac
2364 4535 2650 4590 creatura?
2701 4535 2914 4607 (Aug.)
2967 4533 3089 4589 Ideo
3148 4542 3329 4589 autem
3387 4533 3590 4589 dictum

311 4629 464 4686 illius
515 4629 606 4700 qui
653 4645 928 4699 nunquam
978 4629 1371 4700 exstinguetur.
1404 4645 1422 4676 ε
1451 4625 1532 4680 Ad
1573 4625 1771 4680 Filium
1816 4615 1984 4678 an-D
2008 4635 2092 4682 est
2125 4645 2143 4676 ‹
2179 4641 2290 4697 pra:
2337 4626 2688 4697 participibus
2732 4626 2871 4691 tuis,
2909 4645 2928 4678 ι
2968 4625 3225 4694 quoniam
3259 4623 3400 4679 hanc
3428 4625 3594 4679 bene-

313 4732 432 4779 tem
462 4736 479 4776 :
518 4719 768 4778 Thronus
797 4732 942 4788 tuus,
975 4723 1136 4788 Deus,
1163 4721 1218 4775 in
1241 4718 1494 4775 smculum
1519 4717 1720 4774 saeculi.
1752 4737 1770 4770 ι
1805 4716 1906 4772 llic

313 4817 387 4874 de
415 4833 482 4873 eo
519 4817 669 4884 dicit,
701 4820 793 4889 qui
815 4817 1107 4873 secundum
1137 4831 1357 4873 carnem
1387 4824 1489 4882 est,
1518 4815 1584 4869 de
1608 4829 1716 4885 quo
1742 4823 1910 4868 etiam

313 4911 438 4982 ipse
481 4911 740 4967 Dominus
763 4913 815 4966 in
847 4911 1138 4982 Evangelio
1168 4911 1244 4965 ait
1272 4927 1283 4963 :
1316 4929 1334 4960 ι
1365 4907 1524 4962 Pater
1558 4921 1666 4961 non
1703 4905 1910 4976 judicat

316 5017 673 5074 quemquam,
706 5003 801 5059 sed
835 5016 995 5056 omne
1028 5001 1292 5071 judicium
1321 4999 1468 5053 dedit
1507 4996 1668 5062 Filio,
1711 5003 1772 5050 ut
1799 5010 1912 5050 om-

315 5110 421 5151 nes
449 5094 808 5149 honoriﬁcent
832 5094 1062 5159 Filium;
1097 5113 1116 5144 ›
1147 5101 1202 5148 et
1231 5091 1390 5163 paulo
1416 5098 1536 5163 post
1567 5107 1580 5143 :
1617 5107 1637 5140 ι
1667 5086 1910 5143 Potesta-

320 5196 439 5242 tem
466 5186 677 5241 deditei
695 5185 961 5255 judicium
985 5185 1186 5250 facere,
1213 5184 1339 5255 quia
1365 5183 1532 5238 Filius
1565 5181 1801 5236 hominis
1830 5187 1914 5235 est

322 5280 522 5355 (Joan.
547 5297 580 5335 v
603 5280 644 5354 ).
683 5300 701 5332 ι
734 5279 834 5336 Hic
858 5280 1002 5336 enim
1029 5280 1256 5333 thronus
1278 5277 1374 5333 Dei
1401 5277 1469 5331 ad
1493 5274 1756 5345 judicium
1781 5287 1910 5344 per-

325 5375 466 5428 tinet
495 5371 738 5428 futurum
782 5373 836 5427 in
864 5385 971 5442 quo
1009 5368 1185 5425 forma
1227 5369 1370 5424 servi
1404 5367 1709 5432 videbitur,
1743 5362 1914 5434 judex

327 5463 576 5518 vivorum
607 5472 664 5521 et
696 5471 1052 5528 mortuorum,
1097 5469 1153 5518 et
1181 5476 1290 5532 quo
1312 5459 1516 5530 judicio
1545 5458 1726 5514 omnia
1760 5471 1916 5512 vera-

328 5555 472 5611 citer
495 5555 746 5612 Christus
769 5557 1107 5621 moderatur,
1140 5550 1414 5609 examinat
1442 5562 1606 5622 atque
1633 5549 1909 5621 dijudicat.

336 5669 357 5701 ‹
388 5649 450 5706 In
495 5651 750 5708 saeculum
789 5651 969 5708 saeculi
1001 5670 1020 5703 ι
1065 5651 1160 5716 ait,
1211 5649 1336 5720 quia
1384 5647 1736 5703 novissimum
1771 5645 1917 5716 judi—

334 5743 820 5801 ciuminterbonos
843 5753 898 5801 et
922 5743 1092 5800 malos
1121 5753 1324 5799 :eterna
1375 5741 1701 5797 discretione
1729 5740 1914 5806 stabit,

336 5850 402 5893 eo
427 5837 540 5908 ipse
569 5847 800 5896 testante
851 5838 905 5894 in
943 5835 1232 5912 Evangelio
1283 5836 1376 5900 qui
1401 5836 1739 5910 judicaturus
1783 5841 1865 5890 est
1899 5852 1910 5888 :

2012 4719 2302 4775 dictionem
2331 4735 2492 4789 supra
2526 4734 2685 4773 omne
2713 4719 3006 4772 humanum
3037 4731 3231 4786 genus,
3263 4717 3375 4772 sive
3404 4732 3558 4790 reges
3577 4758 3594 4784 ,

2012 4812 2128 4866 sive
2179 4814 2488 4867 sacerdotes
2536 4812 2591 4866 in
2637 4811 2817 4866 Veteri
2858 4809 3232 4877 Testamento,
3281 4811 3394 4865 sive
3430 4810 3594 4865 etiam

2017 4907 2288 4977 apostolos
2309 4915 2363 4961 et
2391 4914 2658 4977 martyres
2681 4904 2736 4958 in
2752 4903 2920 4969 Novo,
2937 4904 3282 4976 cognoscitur
3296 4905 3590 4975 accepisse,

2016 5007 2076 5052 ut
2110 5006 2302 5052 unctus
2332 4996 2697 5066 singulariter,
2728 5003 2956 5051 caeteros
2983 5010 3184 5068 ungere
3213 4995 3515 5052 debuisset:
3542 4997 3597 5052 in

2015 5087 2108 5144 illo
2133 5088 2278 5142 enim
2304 5086 2423 5143 fons
2452 5093 2536 5141 est
2564 5086 2975 5152 benedictionis,
3006 5095 3062 5142 et
3107 5095 3267 5158 prout
3292 5088 3392 5159 ipsi
3422 5081 3597 5144 visum

2014 5180 2197 5245 fuerit,
2241 5195 2339 5251 per
2378 5179 2664 5234 universos
2704 5179 2906 5236 electos
2949 5191 3318 5253 competenter
3358 5192 3596 5239 emanat.

2015 5269 2122 5328 Sed
2150 5273 2266 5327 haac
2290 5271 2469 5326 omnia
2490 5269 2643 5326 'carni
2665 5271 3009 5340 conveniunt,
3035 5273 3125 5328 cui
3145 5273 3598 5344 perfectissimum

2015 5376 2070 5422 et
2087 5363 2534 5436 gloriosissimum
2557 5365 2792 5420 Verbum
2817 5365 3026 5421 unitum
3048 5373 3132 5420 est
3155 5382 3254 5436 pro
3280 5365 3451 5423 salute
3473 5380 3600 5421 san-

2019 5468 2248 5515 ctorum.
2275 5455 2392 5512 Hoc
2417 5463 2747 5528 unguentum
2773 5457 2828 5512 in
2853 5458 2958 5515 alio
2979 5455 3176 5514 dicitur
3197 5457 3402 5530 psalmo
3425 5453 3599 5529 \Psal.

2021 5549 2227 5623 cxxxn)
2254 5549 2598 5605 descendisse
2627 5549 2684 5605 in
2710 5549 2957 5618 barbam,
2978 5549 3202 5605 barbam
3227 5548 3408 5604 Aaron
3429 5561 3604 5618 usque

2023 5644 2077 5699 in
2119 5660 2212 5699 ora
2256 5643 2564 5699 vestimenti
2596 5642 2742 5712 ejus;
2790 5651 2842 5699 et
2894 5642 3056 5714 paulo
3093 5648 3245 5714 post:
3287 5659 3305 5692 ‹
3337 5639 3602 5708 Quoniam

2029 5755 2047 5787 ι
2091 5735 2199 5792 illic
2231 5736 2506 5792 mandavit
2556 5735 2818 5792 Dominus
2865 5733 3292 5792 benedictionem
3339 5743 3391 5789 et
3436 5731 3606 5786 vitam

2030 5850 2049 5886 ι
2095 5848 2262 5905 usque
2285 5832 2336 5887 in
2359 5831 2613 5888 seeculum
2637 5829 2836 5887 saeculi.
2860 5848 2878 5883 ›
2905 5828 3033 5886 Post
3060 5824 3412 5883 humanitatis
3440 5823 3606 5902 igitur
