3992 6338
433 317 541 373 7l9

1077 312 1141 368 Β.
1179 309 1435 368 MBAN]
1474 307 1693 367 MAURI
1731 307 2055 366 ARCHIEP.
2093 306 2405 366 MOGUNT.
2446 306 2734 365 OPERUM
2770 305 2952 364 PARS
2982 307 3072 364 Ill.

3621 308 3744 367 ηρ

434 417 1037 512 emetientiamﬁterum
1052 430 1118 484 ad
1137 429 1495 484 aeternitatem
1511 427 1748 503 divinam
1767 427 1821 480 in
1842 427 2032 480 eodem

2140 426 2301 480 etiam
2328 423 2548 488 Christi,
2581 423 2633 477 in
2659 423 2763 477 hoc
2804 423 3000 478 iterum
3028 428 3084 480 et
3114 421 3266 494 regni
3293 421 3604 479 declaratur
3643 424 3742 479 in-

431 519 578 581 Filio'
613 524 710 579 Dei
753 522 1020 579 convertit
1050 537 1108 578 se
1137 521 1426 593 Apostolus
1471 517 1782 576 testimonio
1811 517 2036 573 alterius

432 615 628 685 psalmi
659 614 869 677 dicere;
897 613 973 666 ait
997 613 1171 666 enim:

512 725 530 758 ι
569 705 637 759 Ει
665 714 746 768 ιιι,
781 704 1026 768 Domine,
1057 703 1108 757 in
1143 703 1411 774 principio
1448 710 1650 756 terram
1694 698 1938 756 fundasti
1979 707 2038 756 et

437 797 461 851 ι
508 814 672 868 opera
702 813 958 853 manuum
992 807 1207 852 tuarum
1238 808 1364 852 sunt
1391 796 1534 851 coeli.
1569 816 1587 848 ι
1624 794 1856 868 (Ambr.)
1897 792 2035 849 Cum

436 889 611 954 dicit,
645 908 664 940 ‹
707 887 763 942 in
799 888 1066 958 principio
1108 896 1310 942 terram
1363 886 1645 952 fundasti,
1694 886 1957 952 Domine,
2007 904 2026 938 ι

437 980 680 1036 ostendit
707 980 852 1050 quod
887 995 917 1034 a
948 979 1096 1035 sanis
1124 980 1398 1035 mentibus
1427 994 1536 1034 non
1567 985 1746 1048 potest
1776 975 2034 1046 abnegari

437 1071 565 1142 quia
601 1070 830 1126 Creator
859 1087 890 1125 a
931 1079 1184 1126 creatura
1231 1086 1326 1126 sua
1369 1071 1486 1125 sine
1532 1069 1714 1140 aliquo
1753 1069 1907 1123 initio
1944 1083 2035 1122 co-

439 1165 721 1238 gnoscitur
741 1166 1036 1222 exstitisse.
1057 1186 1074 1217 ι
1096 1167 1163 1222 Et
1186 1181 1354 1237 Opera
1377 1181 1636 1220 manuum
1663 1173 1879 1220 tuarum
1909 1170 2036 1219 sunt

438 1258 593 1324 caeli;
627 1278 645 1310 ι
680 1259 770 1314 hic
795 1274 1051 1314 manuum
1080 1258 1334 1313 virtutem
1360 1257 1621 1328 jussionis
1647 1257 1744 1312 Dei
1770 1255 2034 1312 debemus

447 1348 738 1419 accipere;
786 1348 893 1404 alio
918 1349 1064 1403 enim
1104 1347 1224 1403 loco
1272 1348 1511 1402 dicitur:
1552 1365 1572 1398 ‹
1605 1346 1871 1415 Quoniam
1919 1345 2036 1416 ipse

440 1440 598 1506 dixit,
637 1448 694 1496 et
738 1439 877 1496 facta
905 1448 1059 1503 sunt;
1091 1440 1210 1511 ipse
1263 1437 1563 1504 mandavit,
1611 1447 1668 1493 et
1695 1445 1878 1494 creata
1908 1444 2036 1494 sunt

439 1529 615 1604 (Psal.
653 1532 920 1604 cxx.vm.).
958 1551 976 1584 ι

517 1647 537 1680 ι
592 1627 700 1697 Ipsi
752 1627 1038 1697 peribunt,
1093 1634 1150 1680 tu
1192 1633 1375 1680 autem
1423 1623 1789 1695 permanebis.
1848 1642 1868 1677 ι
1926 1621 2032 1678 Pe-

437 1728 599 1776 reunt
655 1720 799 1774 enim
849 1720 916 1775 ab
966 1734 1032 1774 eo
1097 1719 1241 1790 quod
1307 1725 1435 1774 sunt
1490 1717 1618 1773 dum
1679 1717 2038 1772 immutantur

2135 516 2335 572 dicium
2359 523 2414 571 et
2441 515 2664 570 honoris
2690 514 2989 583 aequalitas.
3033 513 3244 570 Nullam
3275 523 3454 570 autem
3485 515 3747 572 imbecil-

2133 607 2340 663 litatem
2388 607 2731 677 aliquatenus
2762 608 3022 674 arbitror,
3053 623 3118 662 eo
3153 609 3296 677 quod
3340 608 3476 663 dicit
3512 609 3744 664 Patrem

2135 697 2470 769 indignatum
2499 697 2565 752 iri
2595 713 2693 768 pro
2720 697 2805 752 his
2833 712 2954 766 quae
2981 696 3144 752 fuerit
3165 697 3336 753 Filius
3364 698 3586 770 indigne
3613 715 3746 770 per-

2134 803 2352 858 pessus:
2390 788 2496 843 hoc
2519 788 2691 859 magis
2713 788 2897 844 multa:
2913 787 3089 843 Patris
3103 789 3248 845 circa
3273 789 3472 844 Filium
3497 791 3750 848 dilectio-

2135 879 2220 934 nis
2253 887 2309 934 et
2327 879 2551 935 honoris
2573 879 2830 934 indicium
2860 889 2962 935 est.
2998 878 3099 947 Qui
3123 880 3270 935 enim
3294 880 3616 952 indignatur
3641 897 3751 954 pro

2133 986 2221 1037 eo,
2239 972 2507 1040 quomodo
2535 980 2829 1027 extraneus
2850 970 3024 1026 abillo
3044 986 3167 1028 esse
3182 973 3534 1029 contenditur
3547 974 3573 1012 ?
3596 973 3752 1044 quod

2135 1063 2201 1118 de
2228 1077 2294 1119 eo
2321 1060 2436 1131 jam
2467 1063 2520 1117 in
2560 1063 2665 1118 alio
2704 1063 2904 1118 dicitur
2933 1063 3180 1134 psalmo:
3219 1083 3239 1116 ι
3270 1049 3386 1133 Qui
3425 1065 3642 1121 habitat
3687 1065 3750 1120 in

2135 1152 2288 1208 caelis
2316 1153 2568 1208 irridebit
2589 1168 2684 1209 eos
2706 1161 2762 1209 et
2783 1153 3047 1210 Dominus
3066 1154 3422 1211 subsannabit
3443 1170 3541 1212 eos
3563 1153 3750 1228 (Psal.

2135 1243 2230 1318 n);
2257 1263 2276 1296 ‹
2296 1253 2354 1300 et
2374 1244 2570 1300 iterum
2596 1244 2712 1316 ipse
2733 1245 2890 1300 dixit:
2921 1264 2940 1297 ι
2962 1245 3069 1302 Eos
3090 1255 3270 1302 autem
3292 1247 3386 1318 qui
3407 1261 3497 1302 me
3519 1247 3628 1303 sibi
3655 1263 3756 1303 re-

2134 1350 2302 1407 gnare
2338 1334 2629 1390 noluerunt
2669 1335 2922 1390 adducite
2964 1335 3020 1390 in
3061 1346 3359 1408 conspectu
3400 1353 3546 1403 meo,
3583 1346 3635 1394 et
3669 1339 3760 1394 in-

2135 1426 2373 1483 terimite
2394 1425 2547 1499 (Luc.
2577 1425 2726 1498 xu);
2761 1447 2780 1478 ι
2813 1427 2941 1498 quia
2964 1443 3094 1484 vero
3115 1429 3234 1499 ejus
3260 1436 3388 1484 sunt
3406 1429 3523 1486 hate
3545 1431 3752 1497 verba,

2136 1521 2263 1576 audi
2287 1521 2414 1591 quid
2451 1521 2596 1575 dicat
2619 1532 2672 1576 et
2700 1521 2754 1575 in
2791 1521 2898 1577 alio
2943 1521 3062 1578 loco
3091 1539 3104 1576 :
3139 1541 3159 1574 ι
3191 1521 3416 1591 Quoties
3444 1523 3594 1580 volui
3621 1519 3761 1580 con-

2136 1625 2361 1683 gregare
2393 1611 2535 1668 filios
2555 1622 2678 1670 tuos
2702 1622 2755 1669 et
2778 1613 3035 1669 noluisti?
3055 1629 3182 1670 ecce
3197 1615 3538 1686 relinquetur
3551 1616 3758 1674 domus

2139 1713 2322 1759 vestra
2374 1703 2590 1760 deserta
2641 1703 2858 1776 (Matth.
2900 1705 3095 1778 xxut);
3138 1725 3158 1759 ι
3205 1715 3259 1762 et
3291 1706 3491 1763 iterum
3523 1725 3542 1762 :
3589 1727 3610 1760 ι
3644 1707 3756 1776 Qui

441 1812 497 1867 in
540 1811 734 1867 melius
788 1819 1082 1873 creaturae;
1128 1819 1186 1865 tu
1242 1817 1421 1864 autem
1473 1822 1799 1879 permanes,
1852 1817 1912 1863 ut
1957 1806 2033 1862 si-
2064 1793 2114 1855 B
2143 1793 2404 1851 ceciderit
2449 1810 2612 1865 super
2657 1795 2888 1866 lapidem
2925 1797 3076 1852 illum
3119 1797 3532 1872 confringetur;
3585 1816 3758 1872 super

441 1911 536 1958 cut
592 1901 953 1957 aeternitatem
993 1901 1206 1956 Domini
1254 1900 1488 1955 ostendit
1542 1909 1832 1970 antequam
1874 1914 2034 1954 erea-

433 2001 523 2048 ret
565 1992 773 2058 omnia,
822 1991 901 2047 sic
946 1998 1069 2062 post
1110 1989 1279 2046 caelos
1331 1998 1569 2044 mutatos
1621 1989 1797 2060 ipsum
1829 1989 2039 2044 diceret

433 2084 494 2140 in
526 2083 830 2152 majestatis
867 2097 979 2138 suae
1003 2081 1172 2154 gloria
1200 2095 1543 2151 permanere.
1583 2099 1601 2131 ι
1633 2081 1700 2134 Ει
1741 2095 1932 2135 omnes
1977 2087 2039 2134 ut

437 2175 821 2230 vestimentum
871 2181 1234 2228 veterascent.
1267 2192 1284 2224 ι
1326 2173 1506 2243 Ipsum
1555 2172 1702 2228 enim
1742 2170 2038 2228 veterascit

437 2267 582 2339 quod
605 2281 757 2322 more
781 2266 951 2322 vestis
986 2274 1159 2322 morte
1191 2266 1552 2328 consumitur,
1588 2265 1728 2321 sicut
1766 2280 1895 2320 caro
1939 2265 2037 2319 hu-

439 2375 625 2426 mana,
650 2375 772 2430 quae
806 2367 989 2414 tamen
1027 2358 1081 2414 in
1118 2358 1314 2412 melius
1351 2356 1752 2412 resurrectione
1780 2356 2042 2411 immuta-

436 2451 610 2507 bitur.
637 2450 864 2506 Addidit
893 2466 906 2502 :
943 2469 962 2502 ι
1005 2450 1073 2503 Et
1094 2448 1242 2504 velut
1273 2447 1531 2502 amictum
1555 2445 1794 2501 mutabis
1829 2460 1954 2512 eos,
1983 2453 2040 2502 et

439 2543 818 2598 mutabuntur.
844 2560 863 2594 ι
888 2539 984 2597 His
1010 2541 1190 2596 verbis
1213 2539 1441 2594 forsitan
1465 2538 1585 2595 ωιιί
1607 2538 2040 2594 immutationem

437 2635 706 2707 propheta
755 2633 985 2705 intelligi
1033 2632 1241 2698 voluit,
1287 2631 1381 2702 qui
1429 2631 1682 2687 similiter
1729 2640 1789 2686 ut
1840 2641 2040 2687 caetera

443 2727 716 2796 elementa
747 2733 1175 2793 commutantur,
1218 2724 1359 2781 sicut
1411 2725 1466 2780 in
1519 2723 1626 2780 alio
1673 2723 1870 2796 legitur
1915 2739 2040 2796 pro-

453 2821 646 2892 pheta:
681 2839 698 2872 ι
735 2819 804 2874 Et
826 2819 932 2875 erit
958 2819 1157 2876 coelum
1194 2833 1393 2874 novum
1423 2826 1479 2875 et
1508 2825 1656 2874 terra
1683 2833 1822 2874 nova
1853 2815 2040 2888 (Apoc.

443 2913 580 2985 χχι).
621 2912 830 2987 [Joan.]
864 2913 934 2970 Ut
980 2914 1122 2970 facta
1171 2911 1385 2969 Domini
1439 2913 1755 2968 ostenderet
1785 2911 1898 2983 jam
1941 2911 2043 2968 sub

442 3010 751 3066 :eternitate
789 3025 1047 3065 mansura
1105 3009 1283 3064 dicit:
1345 3026 1363 3058 ι
1408 3006 1642 3062 Mutabis
1690 3021 1787 3064 eos
1825 3015 1883 3062 et
1923 3023 2044 3062 mu-

442 3101 722 3168 tabuntur,
754 3121 771 3154 ›
801 3103 930 3172 quia
960 3115 1239 3171 nunquam
1267 3107 1433 3155 erunt
1465 3099 1534 3153 ad
1557 3099 1662 3154 hoc
1688 3096 2043 3170 corruptibile

2141 1903 2302 1958 quem
2349 1901 2480 1944 vero
2519 1889 2779 1944 ceciderit
2821 1897 3070 1946 conteret
3122 1905 3249 1966 eum
3278 1890 3433 1963 (Luc.
3472 1892 3594 1965 xx).
3635 1891 3760 1950 Huc

2141 1978 2371 2044 accedit,
2398 1978 2524 2048 quia
2561 1979 2608 2035 si
2634 1977 3108 2049 ipsejudicaturus
3132 1991 3218 2037 est
3247 1997 3376 2048 eos,
3413 1983 3594 2038 multo
3637 1999 3758 2038 am-

2139 2070 2282 2142 plius
2306 2079 2360 2125 et
2391 2070 2445 2125 in
2475 2070 2578 2126 hac
2607 2071 2716 2127 vita
2746 2072 2861 2141 ipse
2885 2071 2991 2128 illis
3017 2073 3178 2144 digna
3201 2075 3489 2131 retribuet.
3507 2075 3757 2132 Proinde

2141 2164 2365 2221 honoris
2407 2163 2580 2235 magis
2620 2171 2702 2219 est
2756 2166 2901 2235 quod
2941 2166 3142 2222 dicitur
3185 2185 3199 2220 :
3242 2187 3262 2220 ι
3307 2167 3495 2225 Donec
3541 2184 3752 2241 ponam

2142 2255 2392 2311 inimicos
2435 2263 2554 2312 tuos
2603 2255 2898 2311 seabellum
2935 2258 3132 2328 pedum
3179 2267 3416 2316 tuorum.
3452 2278 3472 2313 ι
3509 2261 3752 2334 (Anum)

2140 2349 2314 2405 Pedes
2344 2349 2489 2406 enim
2521 2349 2734 2404 Domini
2767 2349 3038 2406 stabilitas
3062 2358 3266 2407 aeterna
3292 2351 3663 2424 signiﬁcatur,
3694 2361 3756 2408 ut

2142 2441 2231 2498 ille
2253 2452 2510 2513 tanquam
2533 2443 2776 2512 vestigiis
2795 2443 3406 2516 positisomnipotentiaa
3420 2461 3536 2501 suae
3549 2446 3757 2504 virtute

2142 2536 2423 2602 consistit;
2471 2537 2558 2592 bis
2604 2537 2830 2607 pedibus
2859 2545 3075 2593 constat
3115 2554 3236 2595 esse
3283 2539 3629 2604 subdendos,
3660 2541 3754 2612 qui

2142 2627 2384 2699 quotidie
2403 2628 2660 2684 vitiorum
2690 2630 3080 2686 contrarietate
3105 2630 3364 2688 derelicta
3395 2641 3755 2690 revertuntur

2145 2720 2212 2774 ad
2238 2719 2548 2786 Dominum,
2573 2729 2630 2775 et
2655 2729 2916 2792 tanquam
2940 2721 3234 2779 scabellum
3257 2723 3509 2796 pedibus,
3532 2725 3615 2780 ita
3636 2726 3755 2796 ejus

2143 2813 2620 2884 praedicationibus
2648 2815 3007 2883 inclinantur;
3036 2816 3154 2873 sine
3194 2817 3362 2874 dubio
3391 2819 3460 2874 de
3493 2819 3605 2876 illis
3637 2821 3746 2877 ini-

2143 2907 2304 2964 micis
2339 2908 2558 2974 dicitur,
2587 2908 2680 2980 qui
2705 2909 2952 2966 conversi
2974 2911 3040 2965 ad
3071 2911 3357 2968 dexteram
3389 2913 3749 2972 collocantur.

2144 3000 2264 3057 Non
2293 3003 2383 3058 hic
2407 3002 2722 3059 adverbium
2743 3021 3012 3076 quousque
3033 3003 3261 3076 alicujus
3287 3008 3556 3078 temporis
3589 3008 3753 3066 tinem

2149 3093 2435 3166 designat,
2485 3096 2581 3150 sed
2635 3096 2956 3152 :eternitatis
3005 3098 3306 3168 potentiam
3363 3099 3752 3156 demonstrat:

450 3191 714 3248 reditura.
749 3169 890 3247 Dicit
916 3206 1046 3262 ergo
1073 3169 1202 3260 quia
1245 3187 1732 3244 transformaturus
1767 3169 1860 3243 est
1891 3202 2042 3242 mun-
2069 3169 2115 3234 C
2152 3203 2172 3237 ι
2218 3185 2409 3242 Nonne
2433 3201 2625 3243 omnes
2663 3188 3113 3245 administratorii
3143 3199 3269 3247 sunt
3298 3192 3526 3262 spiritus
3552 3193 3612 3248 in
3655 3194 3757 3249 tui-

449 3280 600 3347 dum,
633 3291 688 3336 et
714 3281 1034 3336 facilitatem
1061 3279 1375 3349 significans
1407 3278 1618 3334 intulit:
1646 3277 1798 3334 Sicut
1817 3278 2047 3349 quilibet
2151 3295 2171 3330 t
2209 3277 2497 3332 nisterium
2543 3279 2731 3343 missi,
2792 3288 3016 3351 propter
3067 3295 3164 3337 eos
3219 3281 3314 3352 qui
3374 3282 3752 3340 haereditatem

453 3372 716 3427 amictum
753 3371 982 3426 involvit
1014 3378 1178 3441 atque
1201 3379 1499 3440 permutat,
1526 3372 1607 3426 sic
1644 3379 1700 3426 et
1739 3371 1856 3442 ipse
1881 3388 2042 3426 mun-

446 3465 579 3520 dum
597 3473 654 3520 et
673 3464 1095 3534 complicaturus
1115 3472 1171 3519 et
1189 3473 1494 3519 mutaturus
1513 3471 1615 3520 est.
1633 3464 1776 3536 Ergo
1797 3465 1843 3520 si
1868 3474 2045 3520 trans-

445 3559 830 3615 formationem
855 3565 912 3612 et
936 3555 1302 3613 conditionem
1319 3597 1335 3622 ,
1365 3571 1487 3626 qua:
1512 3556 1572 3612 fit
1597 3557 1654 3612 in
1685 3556 1898 3623 melius,
1931 3565 2042 3612 tam

443 3649 606 3706 facile
637 3649 837 3720 poterit
877 3647 1130 3719 operari,
1155 3647 1277 3718 quis
1316 3648 1460 3702 dicat
1503 3646 1646 3719 quod
1694 3648 1749 3702 in
1798 3646 2043 3705 inferiori

450 3759 616 3816 opere
643 3743 870 3798 alterius
897 3742 1111 3815 eguerit
1131 3739 1436 3814 adjutorio?
1462 3739 1756 3812 Usquequo
1783 3755 1891 3796 non
1920 3757 2044 3798 eru-

441 3842 675 3899 bescunt
735 3841 919 3896 taliter
963 3840 1253 3896 insanire?
1306 3837 1475 3894 Simul
1522 3838 1686 3895 etiam
1741 3835 2042 3893 consolatio

444 3934 620 4005 major
667 3942 751 3991 est
798 3947 1160 4006 cognoscere,
1211 3931 1356 4002 quod
1395 3946 1505 3986 non
1554 3930 1611 3985 in
1656 3929 1847 3985 eodem
1893 3935 2040 3983 statu

444 4038 641 4085 cuneta
691 4035 1066 4099 permaneant.
1123 4023 1231 4081 Sed
1277 4025 1366 4079 illa
1413 4023 1633 4094 quidem
1663 4023 2036 4086 mutabuntur,

445 4123 562 4192 ipse
589 4131 773 4176 autem
822 4120 962 4176 idem
1013 4121 1128 4191 ipse
1157 4125 1440 4190 permanet
1475 4118 1530 4172 in
1561 4125 1856 4182 mternum,
1899 4115 2040 4170 sicut

443 4215 682 4270 dicitur:
723 4233 741 4266 ι
781 4213 860 4268 Tu
905 4223 1087 4268 autem
1135 4214 1276 4269 idem
1310 4212 1425 4282 ipse
1451 4227 1538 4275 es,
1572 4219 1627 4266 et
1653 4210 1783 4265 anni
1814 4209 1890 4264 tui
1929 4224 2038 4264 non

445 4307 724 4362 deﬁciunt.
765 4326 786 4358 ο
835 4305 1066 4377 (Ambr.)
1113 4305 1493 4360 lmmutatione
1543 4303 1658 4372 ejus
1705 4304 2038 4358 diminutura

445 4404 694 4472 designat
715 4417 836 4473 quae
861 4411 1006 4466 sunt,
1028 4400 1143 4470 ipse
1157 4415 1285 4454 vero
1306 4399 1447 4454 idem
1473 4408 1556 4454 est
1577 4399 1721 4469 quod
1745 4407 1850 4464 est,
1872 4398 2037 4454 veluti

442 4495 612 4569 Moysi
635 4494 839 4551 famulo
874 4509 974 4549 suo
1007 4493 1182 4549 dixit:
1217 4513 1236 4546 ι
1273 4492 1386 4563 Ego
1417 4508 1536 4548 sum
1567 4492 1659 4562 qui
1689 4506 1808 4546 sum
1834 4491 2034 4562 (Exod.

444 4589 552 4660 ιιι),
589 4609 608 4641 ι
645 4589 725 4644 sic
765 4587 886 4644 istis
915 4586 1087 4641 tribus
1113 4584 1362 4641 versibus
1389 4584 1738 4640 commutatio
1765 4593 2038 4640 creatura-

443 4698 565 4736 rum
592 4689 649 4736 et
667 4682 945 4736 aeternitas
971 4677 1182 4734 Domini
1211 4676 1448 4733 mirabili
1474 4676 1739 4732 brevitate
1765 4675 2038 4746 descripta

445 4785 592 4831 sunt.
639 4773 1152 4843 Post‘majestatem
1193 4772 1390 4828 divinae
1433 4771 1755 4827 aaternitatis
1798 4770 1852 4824 in
1899 4769 2037 4826 Filio

446 4868 644 4922 iterum
677 4865 874 4920 beatus
903 4863 1107 4920 Paulus
1133 4865 1199 4920 ad
1227 4863 1582 4919 humanitatis
1609 4861 1849 4930 ejusdem
1873 4861 2038 4933 glori-

447 4957 752 5012 ficationem
805 4971 1110 5012 sermonem
1162 4956 1360 5011 direxit
1402 4957 1638 5010 dicens:
1684 4975 1703 5006 ι
1743 4953 1826 5008 Ad
1871 4969 2033 5024 quem

446 5047 763 5116 angelorum
807 5047 951 5101 enim
1003 5047 1139 5101 dixit
1185 5047 1476 5117 aliquando
1513 5065 1525 5100 :
1567 5045 1706 5101 Sede
1753 5060 1783 5098 a
1834 5043 2039 5100 dextris

448 5139 618 5195 meis?
651 5158 670 5191 ι
708 5137 912 5193 Victori
943 5138 1079 5193 Filio
1105 5147 1161 5193 et
1187 5155 1288 5208 per
1316 5148 1561 5195 sanctam
1607 5139 2036 5194 incarnationem

447 5231 615 5287 totius
651 5229 838 5284 mundi
884 5229 1293 5298 triumphatori,
1323 5239 1447 5299 post
1485 5229 1896 5285 resurrectionis
1924 5227 2041 5300 glo-

447 5323 590 5379 riam
616 5319 948 5378 honorabilis
975 5335 1262 5376 consessus
1291 5330 1529 5394 paternae
1557 5320 1856 5389 majestatis
1884 5321 2041 5377 offer-

446 5422 558 5480 tur,
588 5422 648 5468 ιιι
675 5428 774 5484 per
815 5413 962 5466 hunc
993 5411 1155 5467 situm
1183 5421 1446 5483 susceptae
1485 5413 1838 5469 humanitatis
1865 5413 2036 5485 gloria

445 5501 773 5560 declaretur.
811 5519 830 5552 ι
867 5499 1228 5572 Quoadusque
1250 5517 1446 5572 ponam
1470 5503 1722 5560 inimicos
1757 5511 1880 5560 tuos
1918 5517 2036 5560 sca-

443 5597 646 5653 bellum
670 5595 863 5666 pedum
896 5603 1132 5648 tuorum.
1165 5591 1376 5663 (Ιοαη.)
1400 5595 1539 5650 Ecce
1566 5596 1761 5649 iterum
1791 5610 1885 5651 eos
1905 5610 2037 5650 con-

443 5685 673 5742 ﬁdentes
699 5684 844 5746 facit,
873 5683 1138 5754 siquidem
1165 5679 1404 5738 futurum
1443 5685 1708 5750 ostendit,
1744 5696 1803 5740 ut
1843 5700 2034 5742 eorum

445 5788 769 5848 Superentur
795 5776 1019 5844 inimici,
1048 5782 1102 5831 et
1123 5775 1252 5848 quia
1281 5775 1482 5832 inimici
1526 5793 1712 5833 eorum
1742 5777 1845 5848 ipsi
1876 5786 2038 5834 erunt

2151 3387 2174 3424 ι
2211 3372 2430 3443 capiunt
2474 3373 2702 3428 salutis?
2739 3395 2758 3427 ι
2808 3374 2946 3442 Quid
2996 3375 3257 3442 miraris,
3315 3375 3363 3432 si
3411 3375 3555 3432 Filio
3595 3393 3751 3432 suum

2145 3463 2510 3520 ministerium
2541 3465 2800 3521 exhibent
2825 3465 3026 3538 angeli,
3061 3483 3184 3523 cum
3219 3467 3387 3525 etiam
3424 3479 3636 3525 nostra:
3664 3485 3749 3525 sa-

2144 3552 2273 3609 lutis
2319 3554 2600 3612 ministros
2643 3571 2738 3613 eos
2778 3565 2992 3614 constet
3027 3557 3530 3616 etl'ectos?Mentes
3557 3575 3748 3618 eorum

2145 3646 2212 3700 ad
2252 3661 2390 3716 quos
2435 3645 2675 3718 loquitur
2716 3648 3000 3706 sublevare
3030 3649 3240 3717 volens,
3270 3651 3403 3708 dicit
3431 3653 3750 3725 angeloru

2144 3734 2454 3794 functiones
2484 3738 2744 3796 humana!
2762 3740 2955 3797 salutis
2981 3757 3149 3798 causa
3177 3758 3208 3800 a
3234 3744 3467 3800 Domino
3511 3745 3750 3802 directos

2143 3840 2283 3894 esse,
2301 3826 2473 3885 Filius
2485 3845 2616 3887 vero
2635 3831 2776 3887 sicut
2792 3830 3051 3888 Dominus
3073 3831 3346 3900 Salvator,
3363 3834 3452 3890 isti
3464 3850 3600 3892 vero
3612 3836 3749 3892 sicut

2144 3919 2286 3973 servi
2302 3918 2461 3974 saluti
2477 3920 2986 3990 praedestinatorum
3009 3922 3342 3979 deserviunt.
3362 3922 3532 3996 Cujus
3547 3927 3626 3982 rei
3643 3926 3748 3998 ple-

2143 4009 2198 4063 ni
2229 4019 2355 4065 sunt
2375 4009 2588 4067 Veteris
2609 4011 2938 4068 Testamenti
2955 4013 3038 4069 vel
3055 4011 3190 4070 Novi
3213 4015 3412 4085 ubique
3441 4015 3591 4072 libri.
3617 4015 3747 4073 Nam

2143 4109 2194 4156 et
2212 4103 2521 4172 pastoribus
2538 4102 2713 4176 angeli
2731 4103 3238 4175 evangelizaveru'nt
3251 4104 3404 4178 (Luc.
3417 4106 3505 4178 ιι),
3521 4114 3575 4161 et
3591 4123 3749 4179 ange-

2143 4195 2254 4249 lum
2275 4195 2505 4266 legimus
2523 4197 2590 4250 ad
2604 4196 2867 4268 virginem
2883 4197 3108 4251 Mariam
3125 4197 3350 4253 missum
3371 4197 3600 4271 (Luca),
3625 4211 3676 4255 et
3697 4200 3746 4256 in

2143 4290 2548 4345 resurrectione
2571 4290 2784 4345 Domini
2816 4292 2991 4363 angeli
3031 4291 3348 4348 mulieribus
3377 4304 3748 4362 apparuerunt

2143 4383 2336 4456 (Marc.
2353 4399 2444 4449 xv,
2461 4383 2589 4439 Luc.
2603 4401 2750 4452 xxiv,
2763 4386 2922 4440 Joan.
2936 4387 3088 4460 xxx),
3105 4387 3277 4443 etalia
3295 4387 3465 4443 multa
3483 4389 3540 4444 in
3555 4389 3748 4446 divinis

2145 4475 2400 4547 leguntur
2431 4477 2750 4548 Scripturis.
2795 4465 3088 4552 'lntelligito
3127 4481 3297 4553 igitur
3333 4498 3481 4540 nunc
3513 4496 3746 4554 quantus

2063 4548 2119 4606 Π
2145 4567 2506 4625 honor-nobis
2533 4570 2722 4624 existit
2753 4578 2814 4626 ut
2838 4548 3074 4627 sicut—ad
3103 4548 3330 4639 amicos,
3352 4573 3431 4630 ita
3461 4548 3745 4631 ministros

2146 4661 2367 4730 angelos
2389 4662 2623 4719 destinet
2641 4662 2806 4719 Deus.
2831 4660 3034 4736 (Greg.)
3062 4663 3340 4737 Scriptum
3367 4666 3421 4722 in
3451 4665 3594 4724 libro
3613 4665 3743 4724 Job:

2152 4768 2170 4801 ι
2213 4749 2377 4819 Deus,
2409 4751 2564 4820 cujus
2606 4753 2700 4807 iraa
2740 4755 2994 4811 resistere
3035 4771 3194 4811 nemo
3239 4765 3452 4829 potest,
3499 4757 3602 4814 sub
3643 4773 3744 4829 quo

2145 4849 2441 4897 curvantur
2470 4843 2562 4913 qui
2594 4853 2815 4914 portant
2840 4846 3028 4902 orbem
3059 4845 3205 4917 (Job.
3233 4847 3312 4919 ix)
3332 4865 3347 4914 ;
3370 4867 3390 4900 ι
3423 4849 3476 4904 in
3501 4848 3606 4906 hac
3627 4865 3742 4905 seu-

2143 4935 2311 4989 tentia
2331 4935 2588 5006 angelica:
2610 4936 2838 4992 virtutes
2862 4935 3083 5008 intelligi
3106 4947 3364 5010 possunt:
3392 4939 3526 5010 ipsa:
3546 4940 3741 4996 etenim

2140 5027 2327 5081 orbem
2379 5035 2630 5098 portant,
2680 5043 2800 5098 qua:
2853 5030 3074 5101 regendi
3122 5030 3306 5085 mundi
3359 5046 3526 5087 curas
3571 5032 3740 5087 admi-

2141 5122 2394 5188 nistrant,
2424 5121 2592 5179 Paulo
2641 5131 2934 5181 attestante
2979 5127 3072 5196 qui
3115 5127 3229 5182 ait:
3269 5147 3287 5179 ι
3321 5125 3516 5184 Nonne
3553 5143 3738 5184 omnes

2141 5223 2266 5270 sunt
2316 5213 2763 5271 administratorii
2802 5215 3038 5288 Spiritus
3079 5218 3133 5272 in
3181 5219 3551 5276 ministerium
3590 5220 3735 5276 missi

2139 5315 2362 5377 propter
2404 5321 2499 5362 eos
2529 5307 2620 5377 qui
2648 5308 3020 5367 htereditatem
3071 5312 3290 5384 capiunt
3331 5312 3565 5371 salutis?
3597 5335 3616 5367 ι
3651 5314 3734 5370 Ait

2143 5421 2271 5477 ergo
2298 5424 2312 5463 :
2351 5425 2370 5458 ι
2410 5407 2574 5474 Deus,
2607 5407 2762 5478 cujus
2797 5411 3054 5468 resistere
3082 5428 3246 5470 nemo
3275 5414 3371 5470 ira:
3396 5423 3606 5486 potest,
3637 5416 3732 5470 sub

2143 5513 2251 5568 quo
2272 5508 2566 5554 curvantur
2584 5502 2676 5571 qui
2693 5509 2910 5571 portant
2933 5503 3144 5570 orbem,
3173 5524 3191 5557 ι
3220 5520 3284 5560 ac
3305 5506 3349 5561 si
3378 5506 3731 5562 humilitatem

2108 5589 2111 5591 ’
2141 5591 2320 5648 omnis
2345 5601 2608 5648 creaturae
2635 5594 2934 5665 conspiciat
2953 5603 3007 5651 et
3037 5597 3386 5654 tremefactus
3410 5599 3555 5654 dicat
3578 5597 3734 5666 :Quis

2141 5685 2480 5741 inﬁrmorum
2509 5687 2787 5742 hominum
2837 5688 2943 5742 tuis
2993 5689 3215 5746 nutibus
3261 5691 3452 5756 obeat,
3485 5691 3644 5762 cujus
3677 5704 3731 5746 se

2141 5777 2415 5833 formidini
2468 5787 2522 5834 ct
2561 5779 2789 5836 virtutes
2833 5779 3088 5852 angelica:
3131 5780 3430 5837 inclinant?
3458 5782 3548 5838 vel
3587 5788 3728 5838 certe
