3992 6338
273 382 374 442 791

738 339 1287 440 ENARRATIONUM
1323 380 1392 438 IN
1429 381 1580 438 EPP.
1619 377 1890 437 PAULI].

1990 420 1993 433 .
2033 378 2247 436 XXVII.
2285 409 2356 421 —
2392 378 2460 435 IN
2497 379 2719 437 EPIST.
2759 379 2852 436 AD
2887 379 3094 438 HEBR.

3459 379 3570 439 ἠε

271 498 531 570 quoniam
559 511 684 552 cum
713 510 1022 560 curvamus,
1075 495 1359 567 superiora
1401 510 1507 550 non
1561 493 1854 551 cernimus.
1882 498 1937 558 Α
1960 505 2186 563 ponere,
2205 491 2346 548 sicut
2370 499 2428 547 et
2451 492 2577 549 alibi
2607 491 2784 548 dixit:
2815 512 2832 544 ι
2856 493 2910 548 in
2928 494 3300 565 captivitatem
3321 497 3598 570 redigen-..

272 589 456 645 Erecti
484 593 670 644 essent
693 585 770 642 illi
796 584 1134 641 subtilissimi
1161 585 1386 656 spiritus
1426 587 1472 642 si
1497 586 1656 656 plene
1681 593 1874 657 poten-

274 681 411 735 tiam
435 677 554 750 ejus
580 678 884 750 majestatis
913 678 1273 749 attingerent;
1309 678 1403 734 sed
1423 677 1514 748 qui
1539 677 1725 734 orbem
1749 693 1876 750 por-

273 778 430 837 tant,
478 771 581 827 sub
636 770 748 826 Deo
808 768 960 825 curvi
1008 777 1174 836 sunt,
1224 769 1353 841 quia
1413 769 1712 825 divinitatis
1758 767 1875 838 ejus

274 859 654 916 celsitudinem
679 859 928 930 quamvis
953 858 1246 916 sublevate
1271 859 1508 925 videant,
1527 874 1626 916 nec
1647 860 1876 916 virtutes

276 959 466 1008 tamen
491 950 748 1023 angelicae
767 950 1250 1020 comprehendunt.
1274 951 1446 1024 Quam
1465 950 1549 1006 vir
1563 951 1743 1023 justus
1765 966 1876 1022 pra:
1903 973 1908 978 ’

277 1043 602 1100 infirmitate
645 1059 753 1100 non
798 1052 1123 1115 penetrans,
1157 1045 1253 1100 sed
1299 1045 1440 1100 hanc
1493 1053 1768 1114 utcunque
1808 1058 1877 1100 ex

279 1136 544 1208 subjectis
579 1151 916 1210 summorum
945 1121 1233 1207 spirituum
1263 1134 1584 1190 ministeriis
1610 1148 1875 1204 pensans,

280 1227 352 1282 ad
379 1227 871 1283 considerationem
909 1241 970 1283 se
1005 1227 1278 1300 propriam
1316 1226 1547 1282 sollicita
1575 1225 1880 1281 humilitate

281 1321 570 1394 recolligit,
585 1321 796 1394 sibique
813 1336 993 1377 coram
1015 1337 1075 1378 se
1095 1338 1206 1394 pra:
1219 1329 1486 1392 potestate
1504 1334 1753 1400 superna:
1768 1333 1879 1373 ma-

282 1413 586 1486 gnitudinis
608 1413 838 1479 vilescit,
871 1415 1055 1471 dicens
1081 1431 1096 1471 :
1128 1433 1146 1466 ‹
1180 1414 1426 1481 Quantus
1449 1428 1580 1484 ergo
1609 1427 1726 1468 sum
1757 1425 1876 1483 ego,

281 1515 347 1560 ut
373 1506 727 1576 respondeam
757 1506 858 1573 eis,
889 1514 946 1561 et
984 1505 1176 1576 loquar
1215 1506 1395 1561 verbis
1425 1491 1561 1560 meis
1582 1519 1705 1559 cum
1728 1503 1829 1558 eo?
1854 1521 1874 1555 ι

285 1616 352 1656 ac
379 1601 424 1655 si
455 1609 642 1671 aperte
665 1601 848 1656 dicat:
871 1600 929 1656 Si
960 1609 1210 1658 creatura
1237 1600 1326 1655 illa
1353 1601 1497 1656 hunc
1537 1600 1884 1656 considerare

285 1707 399 1748 non
427 1691 646 1759 sufﬁcit,
671 1708 792 1762 qua:
818 1708 983 1748 carne
1010 1708 1118 1747 non
1149 1695 1435 1762 premitur.
1470 1707 1576 1763 qua
1602 1700 1782 1748 mente
1817 1691 1883 1747 de
1915 1731 1918 1734 .

286 1783 408 1854 ejus
437 1798 540 1855 ego
574 1781 794 1853 judiciis
839 1783 1076 1856 disputo,
1102 1784 1192 1854 qui
1239 1784 1478 1854 pondere
1519 1782 1884 1853 corruptionis

1973 593 2058 642 tes
2068 600 2284 642 omnem
2299 600 2516 642 sensum
2533 587 2600 642 ad
2613 585 2973 643 obediendum
2985 585 3205 644 Christo
3220 605 3235 656 ;
3262 609 3281 644 ι
3300 598 3354 645 ει
3369 589 3568 649 iterum

1971 669 2264 735 mercedis.
2305 679 2790 750 reciprocationem
2857 681 3044 738 dicens
3107 697 3208 752 pro
3261 683 3567 756 supplicio,

1974 768 2115 824 sicut
2134 775 2190 825 et
2214 769 2271 825 in
2303 769 2559 840 praesenti
2607 770 2728 826 loco
2765 771 3430 848 suppliciumgmercedem
3472 791 3573 831 no-

1974 858 2242 926 minavit,
2298 859 2428 917 item
2475 860 2606 915 alibi
2654 862 2832 916 dixit:
2869 882 2886 914 ‹
2926 861 3204 933 Siquidem
3246 862 3454 934 justum
3487 875 3572 923 est

1977 951 2116 1021 apud
2146 951 2316 1007 Deum
2337 993 2351 1017 ,
2379 953 2680 1008 retribuere
2712 954 3096 1012 tribulantibus
3134 972 3233 1012 vos
3266 958 3574 1015 tribulatio-

1975 1049 2120 1109 nem,
2149 1051 2204 1098 et
2220 1043 2372 1099 vobis
2397 1044 2489 1113 qui
2515 1043 2845 1100 tribulamini
2875 1047 3120 1118 requiem
3144 1046 3233 1119 (II
3259 1047 3414 1104 Thes.
3440 1049 3514 1123 1);
3548 1070 3566 1102 ι

1978 1135 2083 1190 hoc
2104 1143 2210 1200 est,
2238 1149 2344 1190 non
2371 1135 2570 1206 peribit
2590 1137 2826 1206 justitia,
2852 1139 2947 1194 sed
2977 1148 3268 1196 exsecutus
3295 1149 3381 1196 est
3405 1142 3570 1207 Deus,

1978 1234 2034 1281 et
2062 1226 2334 1282 convertit
2349 1225 2614 1297 judicium
2640 1243 2796 1283 suum
2825 1245 2988 1300 super
3009 1242 3346 1301 peccatores,
3377 1247 3572 1304 quam-

1979 1317 2065 1373 vis
2105 1333 2212 1372 non
2251 1318 2433 1372 omnia
2469 1319 2575 1373 sint
2611 1321 2899 1376 manifesta
2931 1333 3177 1393 peccata,
3201 1325 3307 1381 nisi
3348 1327 3572 1396 quando

1980 1419 2250 1481 praecepta
2297 1409 2561 1480 disposita
2617 1423 3058 1470 contemnuntur.
3116 1435 3134 1468 ‹
3189 1416 3256 1472 Ει
3306 1417 3577 1487 quomodo

1981 1517 2084 1557 nos
2115 1501 2463 1572 effugiemus,
2497 1503 2542 1557 si
2583 1510 2788 1568 tantam
2831 1507 3230 1578 neglexerimus
3258 1509 3524 1566 salutem?
3552 1529 3570 1561 ι

1982 1593 2088 1650 Per
2119 1596 2234 1650 haec
2262 1597 2426 1651 verba
2455 1595 2754 1669 signiﬁcat,
2787 1601 2914 1670 quia
2941 1617 3049 1657 non
3079 1611 3199 1657 erat
3238 1610 3387 1658 tanta
3431 1603 3579 1659 salus

1985 1688 2040 1743 in
2065 1688 2247 1744 Veteri
2273 1686 2640 1758 Testamento,
2663 1700 2866 1762 quanta
2887 1702 2973 1749 est
2999 1693 3052 1749 in
3073 1695 3246 1764 gratia
3273 1695 3390 1760 Dei,
3411 1709 3576 1766 quam

1985 1777 2081 1832 Dei
2111 1777 2281 1834 Filius
2311 1779 2467 1836 nobis
2496 1783 2695 1838 attulit.
2731 1783 2848 1839 Non
2874 1784 3020 1839 enim
3054 1785 3218 1850 nobis,
3238 1803 3402 1852 nunc,
3436 1787 3578 1842 sicut

286 1877 585 1948 angustor?
615 1875 822 1950 (Joan.)
870 1876 1102 1932 Intueris
1143 1891 1272 1948 ergo
1319 1877 1678 1932 ministerium
1720 1877 1878 1933 nobis
1904 1883 1952 1943 Β
1981 1868 2085 1924 illis
2117 1871 2537 1940 terrazdivitias,
2569 1873 2663 1929 sed
2685 1874 2808 1930 caeli
2841 1876 3071 1946 gratiam
3104 1877 3353 1946 promisit
3393 1877 3572 1945 Deus;

283 1975 514 2038 propter
559 1967 731 2023 Deum
779 1965 1107 2031 reddentes,
1149 1976 1204 2021 et
1255 1983 1451 2040 magna
1501 1968 1658 2023 nobis
1707 1965 1920 2022 officia.

284 2058 689 2131 persolventes;
725 2059 925 2114 idcirco
968 2059 1102 2114 dicit
1141 2059 1378 2116 Paulus:
1415 2080 1434 2112 ι
1469 2060 1663 2118 Omnia
1700 2069 1884 2117 vestra

287 2162 417 2209 sunt
433 2155 548 2210 sive
568 2154 698 2220 vita,
715 2153 828 2208 sive
845 2168 1008 2217 mors,
1028 2154 1140 2210 sive
1161 2155 1413 2220 mundus,
1438 2157 1553 2212 sive
1572 2157 1881 2228 praesentia,

288 2245 411 2300 sive
440 2242 645 2298 futura.
683 2264 703 2298 ι
735 2242 930 2300 Missus
951 2254 1036 2300 est
1073 2245 1289 2316 quidem
1331 2255 1386 2299 et
1425 2246 1624 2313 Filius,
1651 2249 1746 2302 sed
1776 2264 1886 2302 non

291 2340 438 2396 sicut
459 2337 726 2408 minister,
755 2357 930 2412 neque
952 2350 1012 2397 ut
1032 2341 1347 2412 perfunctus
1369 2344 1655 2415 cujuslibet
1674 2345 1884 2412 ofIiciis,

291 2431 390 2486 sed
411 2429 554 2485 sicut
585 2429 755 2485 Filius
781 2430 1109 2501 unigenitus,
1151 2434 1340 2490 eadem
1372 2433 1520 2490 Patri
1564 2452 1662 2492 suo
1701 2436 1887 2494 volens

292 2528 462 2591 atque
493 2521 828 2577 desiderans.
875 2521 1044 2596 Magis
1089 2533 1271 2581 autem
1318 2542 1493 2598 neque
1536 2529 1734 2585 missus
1781 2538 1886 2597 est,
1921 2559 1923 2561 ι

293 2629 473 2686 neque
500 2615 647 2670 enim
677 2616 744 2671 de
771 2614 891 2672 loco
941 2617 1008 2672 ad
1051 2617 1228 2675 locum
1272 2621 1604 2690 pertransiit,
1639 2623 1732 2678 sed
1770 2639 1890 2678 car-

293 2723 424 2764 nem
459 2707 689 2780 sumpsit
713 2726 727 2764 :
759 2708 848 2764 ἱειί
877 2717 1058 2766 autem
1080 2725 1176 2782 per
1200 2710 1317 2768 loca
1341 2721 1618 2768 mutantur
1641 2725 1697 2769 ct
1716 2714 1890 2785 prima

295 2799 416 2856 loca
446 2801 501 2857 in
535 2802 733 2872 quibus
773 2801 987 2858 fuerant
1016 2804 1350 2872 deserentes,
1397 2806 1464 2861 ad
1511 2806 1615 2861 alia
1645 2807 1885 2872 veniunt,

297 2893 632 2949 transeundo
682 2894 734 2948 in
777 2894 976 2964 quibus
1004 2912 1112 2952 non
1138 2906 1294 2953 erant
1335 2905 1514 2954 antea.
1550 2897 1660 2954 Sed
1692 2907 1746 2953 et
1787 2899 1892 2954 hoc

297 2985 466 3042 etiam
497 2985 880 3042 confidentiam
909 2988 990 3044 eis
1015 2989 1219 3044 excitat
1253 2991 1476 3047 dicens:
1515 3011 1533 3045 ‹
1567 2991 1706 3060 Quid
1731 3008 1893 3057 vere-

297 3079 478 3134 mini?
508 3099 528 3133 ι
555 3078 693 3135 Nam
737 3080 893 3144 nobis
927 3081 1093 3137 etiam
1121 3084 1424 3154 angelicum
1468 3085 1735 3142 ministrat
1779 3085 1894 3142 offi-

296 3171 442 3228 cium
485 3190 500 3227 :
543 3172 630 3228 his
667 3172 744 3228 ita
781 3173 1107 3230 introductis
1149 3175 1215 3231 de
1255 3177 1567 3248 angelorum
1610 3177 1890 3232 ministra-

1986 1975 2093 2016 non
2116 1961 2410 2018 vindictam
2436 1964 2502 2020 de
2521 1966 2751 2020 terrenis
2767 1966 3033 2032 hostibus,
3049 1969 3143 2023 sed
3160 1967 3227 2023 de
3242 1969 3580 2040 spiritalibus

1985 2053 2275 2108 concessit.
2293 2053 2410 2108 Non
2427 2054 2595 2110 vitam
2619 2055 2855 2112 feliciter
2873 2057 3250 2129 temperalem,
3270 2060 3363 2116 sed
3385 2075 3582 2132 perpe-

1986 2153 2134 2200 tuam
2151 2147 2482 2203 :eternaliter
2504 2148 2716 2204 beatam
2740 2151 2990 2216 donavit,
3025 2151 3142 2207 haec
3169 2153 3370 2222 quiope
3398 2153 3583 2208 omnia

1984 2237 2227 2292 breviter
2258 2238 2530 2294 intimavit
2557 2240 2742 2296 dicens
2767 2256 2780 2295 :
2816 2259 2835 2292 ι
2874 2239 2932 2296 Si
2955 2249 3157 2296 tantam
3186 2237 3584 2311 neglexerimus

1986 2330 2248 2396 salutem;
2290 2353 2308 2384 ι
2341 2332 2535 2388 deinde
2558 2333 3068 2404 supereminentiam
3099 2350 3288 2390 eorum
3337 2350 3456 2406 qua:
3485 2351 3585 2406 per

1986 2421 2084 2478 Dei
2107 2423 2303 2478 Filium
2329 2425 2471 2479 dicta
2506 2433 2653 2491 sunt,
2677 2423 2956 2494 adjunxit:
2997 2445 3016 2476 ς
3042 2425 3174 2494 Quae
3207 2443 3329 2482 cum
3363 2427 3580 2482 initium

1993 2531 2012 2567 ς
2058 2514 2358 2583 accepisset
2407 2516 2651 2569 enarrari
2696 2531 2793 2586 per
2832 2515 3120 2570 Dominum
3162 2517 3230 2572 ab
3259 2517 3341 2572 eis
3363 2517 3452 2586 qui
3486 2532 3585 2572 au-

1995 2624 2015 2658 ‹
2062 2605 2282 2661 dierunt
2325 2607 2380 2660 in
2424 2607 2580 2663 nobis
2611 2606 2931 2662 confirmata
2965 2617 3068 2664 est.
3101 2627 3120 2661 ι
3157 2608 3270 2664 Hoc
3298 2617 3405 2675 est,
3437 2608 3482 2664 si
3515 2609 3585 2663 ab

1990 2697 2107 2768 ipso
2156 2697 2306 2752 fonte
2359 2698 2474 2753 hac
2529 2699 2759 2754 dicimus
2811 2700 3012 2756 habere
3067 2701 3418 2772 principium,
3473 2716 3582 2757 non

1989 2803 2120 2858 ergo
2145 2787 2214 2842 ab
2255 2788 2564 2844 hominibus
2592 2791 2748 2846 nobis
2773 2791 2934 2846 allata
2965 2801 3110 2858 sunt,
3142 2808 3250 2847 non
3291 2793 3360 2848 ab
3404 2791 3584 2863 aliqua

1990 2879 2194 2935 virtute
2235 2889 2419 2935 creata
2451 2879 2536 2936 vel
2577 2882 2815 2948 condita,
2848 2872 2943 2938 séd
2985 2883 3101 2952 ipse
3131 2883 3288 2938 nobis
3315 2898 3380 2938 ea
3417 2882 3589 2940 Filius

1991 2971 2304 3044 unigenitus
2341 2971 2658 3042 impertivit.
2697 2993 2714 3024 ι
2747 2973 2830 3027 Ab
2855 2975 2954 3040 eis,
2994 2994 3014 3028 ι
3049 2975 3265 3044 inquit,
3302 2993 3321 3026 ι
3355 2974 3449 3046 qui
3492 2990 3590 3030 au-

1993 3065 2212 3120 dierunt
2253 3065 2310 3119 in
2355 3079 2458 3119 nos
2487 3064 2809 3120 confirmata
2837 3075 2940 3133 est,
2979 3085 2996 3118 ι
3032 3067 3086 3121 id
3113 3075 3217 3134 est,
3241 3066 3450 3122 credita
3479 3073 3586 3134 est,

1994 3164 2156 3226 atque
2202 3150 2487 3228 perfecta?
2515 3177 2533 3211 ‹
2570 3156 2807 3229 Pignus,
2843 3177 2861 3211 ι
2905 3159 3114 3230 inquit,
3162 3177 3182 3210 ι
3224 3159 3524 3225 habemus,
3557 3177 3578 3211 ι

297 3263 468 3330 tione,
496 3278 622 3318 mox
659 3261 938 3333 subjnnxit
957 3264 1026 3320 de
1048 3239 1369 3322 excellentia
1400 3268 1609 3339 gratia,
1633 3282 1753 3340 quae
1788 3281 1886 3337 per
1994 3247 2098 3340 hoc
2129 3255 2236 3313 es"
2261 3263 2368 3303 ηοη
2393 3249 2685 3316 “sum”:
2706 3265 2812 3305 ηοη
2843 3249 3107 3306 diminuta
3127 3260 3210 3307 εει
3239 3239 3385 3307 εθιὶιε
3423 3267 3590 3322 quam

295 3356 496 3414 Filium
518 3358 613 3415 Dei
637 3357 793 3415 nobis
824 3357 986 3415 allata
1016 3371 1119 3426 est,
1143 3361 1350 3416 dicens.

938 3472 1168 3531 CAPUT
1206 3473 1270 3528 ll.

299 3560 543 3636 Ogendit
574 3562 855 3635 Apostolus
882 3581 1029 3620 nova:
1059 3565 1159 3636 legi
1184 3581 1295 3621 esse
1325 3565 1666 3622 obediendum
1693 3569 1833 3623 data:
1858 3585 1892 3623 a

347 3631 562 3716 Christo
587 3631 702 3702 ,ἐι
742 3636 882 3707 quod
931 3652 1037 3691 non
1093 3631 1257 3691 obstet
1305 3636 1577 3693 humilitas
1630 3640 1894 3709 passionis

371 3721 508 3775 ejus.

293 3815 296 3820 ·
381 3817 401 3848 ε
439 3794 738 3868 Propterea
781 3797 1145 3854 abundantius
1191 3808 1408 3876 oportet
1449 3800 1741 3856 observare
1793 3817 1896 3858 nos

307 3905 328 3940 ι
377 3902 443 3943 ea
469 3904 590 3958 quae
613 3889 937 3955 audivimus,
972 3905 1038 3944 ne
1066 3889 1206 3946 forte
1225 3889 1622 3960 perellluamus.
1653 3911 1672 3944 ι
1702 3891 1895 3964 ⁸(ξιιξινε

301 3979 670 4036 abundantius
692 3981 858 4037 dixit?
889 3982 990 4038 hoc
1011 3993 1115 4049 est,
1147 3997 1308 4052 quam
1338 3984 1389 4038 in
1413 3983 1528 4054 lege
1559 3984 1892 4041 solebamus:

299 4073 559 4129 hortatur
611 4075 792 4145 itaque
833 4090 928 4130 eos
971 4075 1280 4148 diligentius
1326 4077 1412 4132 his
1459 4077 1740 4133 intendere
1777 4093 1898 4147 qua:

299 4178 404 4235 per
437 4163 534 4218 Dei
564 4163 760 4219 Filium
808 4166 1126 4233 audierunt,
1176 4182 1338 4236 quam
1383 4168 1463 4222 eis
1501 4182 1623 4237 qua:
1650 4183 1749 4237 per
1792 4184 1893 4222 an-

301 4254 454 4326 gelos
484 4255 629 4312 dicta
673 4265 826 4324 sunt,
876 4273 1027 4314 more
1070 4274 1168 4314 suo
1211 4275 1364 4316 suam
1415 4260 1518 4315 illis
1566 4259 1897 4333 conjungens

301 4364 620 4421 personam,
669 4353 724 4407 in
760 4367 825 4408 eo
867 4352 1011 4423 quod
1059 4354 1226 4422 dixit,
1266 4373 1284 4406 ι
1315 4355 1652 4421 audivimus,
1686 4376 1704 4407 ›
1733 4366 1896 4426 atque

307 4463 328 4498 σ
357 4442 760 4515 pereflluamus,
793 4466 812 4499 ι
853 4445 1047 4502 nolens
1095 4447 1164 4502 ab
1211 4448 1410 4503 auditis
1447 4463 1546 4519 per
1582 4449 1896 4504 inanitatem

300 4535 528 4594 efﬂuere
555 4537 892 4593 audientium
922 4551 1136 4606 sensus,
1167 4539 1310 4608 quod
1339 4541 1503 4594 etiam
1546 4541 1897 4612 sequentibus

1993 3339 2152 3398 nobis
2189 3341 2461 3408 attribuit,
2505 3342 2600 3398 sed
2635 3352 2918 3412 permanet
2954 3353 3010 3401 et
3046 3344 3304 3415 praevalet
3344 3345 3402 3400 in
3431 3353 3590 3401 aeter-

1993 3448 2144 3488 num.
2192 3431 2370 3488 Causa
2418 3448 2549 3490 vero
2593 3433 2754 3504 hujus
2798 3436 2877 3490 rei
2923 3447 3007 3492 est
3053 3436 3251 3492 divinae
3291 3427 3590 3494 voluntatis

1993 3524 2260 3596 operatio,
2292 3523 2398 3582 hoc
2423 3535 2527 3592 est,
2565 3526 2690 3596 quia
2715 3527 2808 3597 qui
2836 3526 3126 3583 Dominum
3147 3527 3456 3595 audierunt,
3483 3528 3589 3599 ipsi

1994 3630 2095 3670 nos
2136 3614 2370 3685 propriis
2410 3616 2803 3672 conﬁrmavere
2847 3617 3160 3673 virtutibus.
3199 3617 3453 3690 Magnum
3485 3618 3592 3674 hoc

1994 3720 2132 3776 opus
2159 3707 2416 3777 omnique
2448 3707 2550 3763 ﬁde
2579 3708 2989 3780 dignissimum,
3020 3710 3164 3780 quod
3206 3710 3370 3765 etiam
3413 3709 3590 3766 Lucas

1996 3798 2132 3852 dixit
2158 3798 2212 3852 in
2243 3799 2511 3868 principio
2536 3799 2811 3870 Evangelii
2844 3801 2927 3856 sui
2960 3821 2971 3854 :
3014 3820 3032 3853 ι
3065 3801 3218 3856 Sicut
3251 3801 3591 3856 tradiderunt

1996 3887 2154 3941 nobis
2196 3887 2290 3956 qui
2325 3887 2394 3942 ab
2433 3887 2589 3943 initio
2621 3898 2920 3958 praesentes
2946 3890 3199 3945 viderunt
3228 3898 3283 3945 et
3309 3890 3588 3946 ministra-
3629 3901 3636 3912 ‘

1996 3987 2194 4033 verunt
2219 3979 2404 4032 verbo.
2426 3999 2445 4030 ι
2477 3977 2583 4034 Sed
2595 3979 2738 4035 dicet
2764 3979 2988 4050 aliquis:
3017 3982 3288 4052 quomodo
3311 3982 3428 4038 hate
3457 3997 3588 4038 con-

1998 4068 2211 4123 firmata
2234 4079 2316 4124 est
2339 4069 2522 4124 salus?
2543 4071 2671 4140 quid
2693 4071 2922 4135 enim,'si
2942 4071 3110 4126 abhis
3131 4072 3224 4141 qui
3248 4072 3479 4142 primum
3495 4089 3591 4128 au-

1999 4161 2216 4217 dierunt
2229 4161 2332 4216 ista
2355 4151 2583 4216 conﬁcta
2600 4174 2727 4216 sunt
2738 4163 2760 4215 ?
2773 4162 2888 4218 Hoc
2900 4179 3031 4236 ergo
3050 4163 3269 4230 refutat,
3286 4171 3341 4218 et
3352 4165 3594 4220 ostendit

1997 4268 2105 4309 non
2127 4270 2246 4309 esse
2269 4255 2560 4309 humanam
2584 4255 2723 4309 hanc
2743 4255 2994 4326 gratiam.
3015 4255 3199 4325 Neque
3221 4256 3386 4322 enim,
3405 4255 3449 4311 si
3476 4255 3590 4311 haec

1999 4347 2228 4404 conficta
2255 4357 2460 4415 essent,
2497 4358 2900 4405 contestaretur
2931 4350 3038 4406 illis
3073 4352 3328 4423 majestas
3368 4351 3582 4418 divina;

1998 4450 2284 4511 pr0pterea
2296 4455 2425 4512 ergo
2439 4440 2618 4494 intulit
2634 4440 2848 4496 dicens:
2869 4462 2885 4493 ι
2904 4441 3257 4498 Contestante
3271 4442 3382 4498 Deo
3396 4443 3586 4514 signis,

2007 4550 2024 4582 ε
2070 4539 2126 4585 ει
2164 4530 2446 4601 portentis,
2472 4539 2528 4584 et
2553 4531 2844 4586 virtutibus
2863 4538 2919 4585 et
2949 4529 3182 4602 Spiritus
3203 4531 3377 4586 sancti
3402 4531 3589 4586 distri-

297 4629 524 4703 plenius
551 4630 842 4701 explicavi;
870 4631 1099 4687 dicendo
1127 4649 1140 4686 ε
1179 4651 1196 4682 ε
1235 4631 1293 4686 Si
1323 4632 1468 4687 enim
1495 4632 1587 4702 qui
1611 4609 1710 4703 ῥθι-
1733 4647 1896 4704 περ.
1920 4609 1974 4670 Ῑ)
2006 4642 2025 4675 ‹
2066 4623 2380 4678 butionibus
2405 4623 2700 4700 secundum
2728 4638 2882 4676 suam
2911 4623 3266 4677 voluntatem.
3305 4642 3323 4675 ι
3371 4621 3587 4678 'l‘estifi-

305 4741 328 4777 ι
378 4721 463 4779 los
487 4722 666 4779 dictus
692 4731 778 4778 est
815 4738 1017 4790 sermo,
1042 4723 1218 4780 factus
1256 4732 1342 4780 est
1379 4722 1568 4778 firmus
1592 4764 1608 4788 ,
1635 4732 1692 4779 et
1717 4725 1895 4781 omnis

306 4837 328 4871 ι
375 4816 776 4888 praevaricatio,
803 4824 859 4872 et
884 4815 1245 4872 inobedientia
1283 4816 1491 4886 accepit
1515 4814 1719 4884 justam
1753 4833 1895 4874 mer-

306 4931 329 4966 ι
377 4911 529 4968 cedis
559 4911 993 4968 retributionem.
1029 4933 1048 4966 ι
1081 4911 1218 4980 Quid
1239 4919 1342 4974 est,
1371 4910 1548 4968 factus
1569 4919 1654 4968 est
1671 4911 1894 4970 firmus?

300 5003 568 5061 videlicet
592 5020 777 5072 verus,
800 5013 1057 5075 tanquam
1073 5005 1299 5071 diceret,
1313 5003 1487 5060 fidelis
1510 5004 1566 5060 in
1590 5013 1893 5076 opportuno

303 5107 577 5170 tempore,
606 5097 794 5154 volens
810 5096 1033 5170 intelligi
1063 5096 1236 5169 legem
1261 5112 1382 5167 quae
1399 5113 1498 5167 per
1521 5097 1740 5168 angelos
1768 5098 1893 5154 data

310 5195 400 5240 est
431 5200 529 5240 suo
567 5194 809 5256 tempore
849 5186 1077 5242 firmiter
1102 5188 1528 5246 custodiendam.
1559 5189 1693 5245 Nam
1719 5191 1890 5265 legem

311 5292 414 5347 per
438 5277 656 5347 angelos
677 5277 855 5332 datam
883 5293 1005 5334 esse
1028 5278 1277 5350 plurimis
1312 5281 1616 5338 ostenditur
1640 5282 1695 5338 in
1719 5283 1888 5342 locis:

313 5375 558 5422 attamen
593 5383 700 5424 non
726 5368 1118 5424 custodientem
1135 5368 1338 5438 justam
1365 5373 1630 5430 mercedis
1662 5377 1893 5431 retribu-

314 5459 524 5514 tionem
575 5459 854 5530 accepisse
904 5468 1150 5516 testatur.
1218 5461 1396 5528 Quare
1451 5464 1588 5519 dixit
1631 5467 1893 5524 mercedis

317 5551 768 5608 retributionem?
813 5568 1022 5610 merces
1066 5562 1246 5610 autem
1295 5554 1348 5609 in
1393 5554 1535 5611 bono
1581 5558 1703 5627 poni
1735 5558 1888 5614 solet.

316 5641 526 5715 (Joan.)
569 5643 679 5701 Sed
717 5645 820 5702 iste
847 5661 966 5702 mos
998 5656 1083 5702 est
1108 5646 1386 5717 Apostolo,
1421 5656 1481 5703 ut
1509 5664 1615 5704 non
1643 5664 1891 5722 magnam

315 5735 606 5791 verborum
629 5737 826 5792 habeat
853 5737 1254 5804 rationem,sed
1283 5737 1650 5795 indifferenter
1671 5740 1757 5795 vel
1775 5757 1894 5812 qua:

318 5823 378 5882 in
421 5827 567 5886 bono
593 5827 870 5899 dicuntur,
897 5827 985 5887 vel
1022 5843 1143 5900 quae
1184 5830 1240 5887 in
1284 5831 1442 5899 malo,
1489 5847 1588 5905 pro
1637 5837 1894 5898 alterutro

2003 4724 2195 4770 cantur
2220 4714 2436 4785 quidem
2457 4724 2512 4769 et
2537 4713 2633 4780 illi,
2654 4713 2974 4769 testificatur
2991 4723 3048 4769 et
3068 4714 3233 4781 Deus;
3251 4717 3588 4786 etquomodo

2001 4809 2326 4865 testiﬁcatur
2355 4808 2530 4864 Deus?
2555 4807 2673 4864 Non
2699 4809 2866 4864 verbo
2908 4823 3086 4878 neque
3119 4824 3271 4877 voce,
3287 4819 3431 4866 esset
3459 4811 3583 4880 qui-

2001 4900 2125 4956 dem
2152 4900 2255 4955 hoc
2277 4899 2444 4955 etiam
2469 4898 2688 4970 dignum
2702 4898 2825 4965 ﬁde,
2841 4908 3217 4956 verumtamen
3244 4919 3263 4953 ι
3295 4901 3586 4957 virtutibus

2000 5001 2056 5050 et
2076 4991 2334 5065 prodigiis
2355 4999 2410 5047 et
2428 4991 2592 5046 variis
2603 4991 2893 5047 virtutibus
2904 4999 3206 5048 attestatur.
3228 5013 3246 5045 ι
3263 4991 3410 5048 Bene
3424 4993 3584 5060 dixit,

2006 5109 2024 5142 ι
2046 5089 2211 5144 variis
2233 5086 2543 5152 virtutibus,
2567 5105 2584 5137 ι
2607 5083 2934 5141 afﬂuentiam
2957 5086 3270 5158 signiﬁcans
3283 5087 3584 5158 gratiarum

1996 5195 2118 5252 qua:
2140 5195 2247 5234 non
2267 5188 2386 5234 erat
2403 5177 2544 5247 apud
2557 5178 2828 5248 antiquos,
2847 5193 3019 5248 neque
3041 5187 3188 5234 tanta
3213 5180 3387 5250 signa,
3405 5191 3583 5248 neque

1998 5281 2109 5328 tam
2127 5272 2342 5326 diversa
2361 5270 2626 5340 prodigia.
2643 5268 2755 5324 lloc
2768 5284 2898 5340 ergo
2911 5269 3179 5339 dicitquia
3197 5285 3301 5324 non
3321 5267 3584 5338 simplici-

1995 5374 2080 5422 ter
2091 5367 2195 5422 illis
2206 5374 2293 5422 est
2306 5365 2570 5420 creditum
2580 5405 2594 5430 ,
2611 5364 2705 5419 sed
2720 5378 2817 5434 per
2828 5363 2982 5434 signa
3001 5372 3058 5419 et
3075 5363 3342 5434 prodigia;
3359 5361 3585 5433 proinde

1997 5461 2125 5515 dum
2167 5459 2272 5514 illis
2309 5457 2601 5522 credimus,
2651 5470 2758 5511 non
2807 5455 2915 5512 illis
2944 5454 3180 5526 sed‘Deo
3216 5469 3316 5510 nos
3359 5451 3586 5508 credere

1999 5550 2323 5616 declaratur,
2363 5568 2382 5602 ‹
2418 5559 2475 5606 ει
2503 5549 2762 5620 Spiritus,
2787 5569 2806 5602 ι
2841 5549 3036 5618 inquit,
3070 5566 3088 5599 ι
3111 5546 3287 5603 sancti
3315 5542 3579 5600 distribu-

2002 5648 2241 5702 tionibus
2270 5647 2562 5702 secundum
2596 5661 2747 5700 suam
2767 5644 3120 5699 voluntatem.
3160 5661 3179 5694 ι
3217 5638 3324 5695 Sed
3350 5637 3585 5692 fortasse

2001 5740 2146 5795 dicet
2171 5738 2396 5808 aliquis:
2427 5735 2565 5804 Quid
2590 5736 2754 5806 ergo?
2779 5735 2904 5806 quia
2931 5734 3071 5804 magi
3096 5733 3248 5804 signa
3270 5730 3498 5794 faciunt,
3529 5737 3586 5783 et

1999 5830 2171 5888 Judazi
2211 5831 2262 5886 in
2308 5828 2610 5888 Beelzebub
2649 5827 2924 5885 Christum
2971 5827 3243 5884 daemones
3287 5823 3593 5883 exclusisse
