3992 6338
207 361 312 410 ηδ
669 354 1216 413 ENARRATIONUM
1250 357 1319 413 IN
1360 356 1506 413 EPP.
1546 356 1753 414 PAULI
1789 356 1920 413 LIB.
1964 355 2173 415 XXVII.
2212 385 2282 398 -
2318 352 2385 410 IN
2419 352 2636 411 EPIST.
2665 354 2759 409 AD
2798 353 3003 411 HEBR.
3381 355 3487 414 726

202 483 310 525 non
357 448 553 526 omnes
600 471 864 537 credunt,
914 469 1005 527 ille
1049 479 1232 527 tamen
1281 472 1423 542 quod
1472 486 1630 528 suum
1673 478 1793 526 erat
1818 476 1869 538 Α
1973 491 1992 522 ι
2033 470 2100 526 Ει
2148 468 2388 525 iterum:
2443 469 2586 525 Ecce
2637 484 2737 541 ego
2788 476 2844 525 et
2897 469 3092 540 pueri,
3147 483 3286 539 quos
3336 471 3491 527 dedit

202 559 467 632 intpbvit.
494 560 787 632 Propterea
828 562 967 619 dixit
995 578 1015 615 ‹
1048 564 1287 635 gustavit
1324 570 1592 630 mortem,
1622 582 1642 615 ι
1668 562 1796 634 quia
1892 584 1924 623 ,ι
1967 565 2133 620 Deus.
2168 584 2191 618 ι
2224 562 2341 619 Ηοε
2380 563 2759 629 testimonium
2793 562 2861 623 de
2898 560 3037 618 Isaia
3078 562 3307 632 protulit
3343 562 3491 636 Apo-

198 653 359 709 brcvi
402 660 645 724 tempore
687 654 743 710 iu
785 653 877 711 illa
898 654 1021 722 fuit,
1065 664 1129 712 ut
1165 656 1487 724 eadevicta,
1508 654 1857 712 confestim-
1899 656 2101 723 stolus,
2146 657 2217 712 ad
2253 655 2529 712 Christum
2553 655 2701 711 etad
2738 654 3012 727 apostolos
3051 653 3311 721 referens,
3351 670 3493 727 quos

202 754 547 816 reﬂurgeret.

276 856 297 890 ι
333 836 575 895 Decebat
600 839 747 895 enim
784 854 907 896 eum
941 849 1168 912 propter
1198 856 1361 911 quem
1384 842 1573 897 omnia
1608 850 1669 898 et
1694 857 1825 913 per.

202 947 222 981 ι
257 944 429 999 quem
466 931 673 997 omnia,
694 931 791 1003 qui
836 932 1037 989 multos
1077 932 1219 990 filios
1261 934 1317 988 in
1359 933 1587 1004 gloriam
1624 934 1826 991 addo».

200 1039 220 1072 ι
244 1028 438 1087 ,xerat,
465 1030 743 1078 auctorem
775 1023 966 1079 salutis
989 1039 1179 1083 eorum
1206 1041 1295 1096 per
1328 1028 1636 1097 passionem
1667 1042 1795 1082 cono

198 1132 219 1166 ι
258 1116 545 1170 summari.
581 1137 601 1168 ι
629 1117 864 1173 Docebat
891 1120 1035 1175 enim
1068 1136 1164 1191 per
1196 1121 1503 1193 passionem
1541 1137 1823 1179 consum»

194 1220 375 1270 mare,
418 1204 475 1260 id
503 1214 589 1263 est
628 1207 891 1276 perficere
940 1212 1183 1267 omnium
1232 1212 1463 1269 salutem
1487 1226 1587 1285 per
1632 1228 1792 1284 quem

190 1296 383 1350 omnia
411 1335 429 1360 ,
480 1296 534 1353 id
582 1306 709 1365 est,
758 1316 858 1370 per
907 1300 1027 1372 ejus
1073 1312 1307 1359 mortem
1337 1345 1353 1369 ,
1402 1304 1519 1363 sive
1566 1320 1685 1375 quae
1738 1306 1793 1361 in

190 1383 355 1440 ccelis
408 1384 522 1440 sive
573 1402 689 1456 qua:
736 1389 792 1443 in
845 1391 1006 1446 terris
1060 1399 1363 1448 restaurata
1417 1405 1582 1461 sunt;
1640 1396 1795 1452 vides

190 1485 466 1547 quantum
521 1486 605 1534 est
656 1479 713 1534 in
764 1483 943 1538 medio
993 1493 1281 1551 nostrum,
1334 1493 1391 1540 et
1437 1486 1554 1555 ipse
1578 1486 1792 1553 Filius,

187 1576 253 1622 et
300 1584 404 1624 nos
453 1567 547 1624 filii
599 1588 612 1624 :
666 1570 763 1651 ille.
792 1574 1081 1644 prOprius,
1122 1591 1224 1633 nos
1264 1578 1534 1648 adoptati,
1576 1579 1670 1637 sed
1705 1579 1797 1635 ille

187 1659 405 1725 salvat,
461 1669 516 1717 et
564 1676 665 1717 nos
713 1664 1004 1721 salvamur.
1056 1668 1221 1724 Vides
1267 1671 1539 1740 quomodo
1586 1686 1689 1728 nos
1737 1683 1796 1729 et

1896 758 2122 821 propter
2162 747 2528 809 innocentiam
2566 762 2771 819 pueros
2809 747 3144 813 nominavit,
3188 746 3259 805 de
3290 747 3491 816 quibus

1898 841 2031 913 ipse-
2048 841 2312 898 Dominus
2342 842 2421 898 ait
2450 859 2465 896 :
2501 859 2523 893 ε
2561 840 2739 897 Sinite
2770 841 3029 911 parvulos
3054 840 3243 896 venire
3268 838 3339 896 ad
3365 855 3489 908 me,

1898 935 2085 992 talium
2128 943 2213 992 est
2252 935 2397 993 enim
2440 948 2668 1007 regnum
2686 934 2966 991 .coalorum
3010 932 3225 1007 (Marc.
3253 930 3353 1005 χ).
3392 953 3412 987 ι

1975 1047 1995 1080 ο
2031 1028 2170 1096 Quia
2196 1043 2331 1101 ergo
2350 1028 2506 1099 pueri
2537 1028 3079 1083 communicaverunt
3104 1028 3255 1083 carni
3284 1034 3341 1083 et
3365 1043 3493 1083 san-

1903 1136 1923 1171 t
1968 1120 2156 1190 guini,
2213 1128 2270 1175 et
2319 1120 2446 1191 ipse.
2492 1119 2745 1177 similiter
2796 1120 3145 1191 participavit
3200 1120 3414 1177 iisdem.
3464 1136 3487 1174 ›

1897 1209 1998 1264 Ηίε
2034 1209 2232 1265 astruit
2254 1209 2653 1266 fraternitatem
2686 1225 2873 1267 veram
2903 1217 2960 1266 et
2996 1210 3390 1267 humanitatem
3432 1210 3491 1266 in

1896 1299 2115 1355 Christo
2152 1314 2262 1355 non
2304 1300 2487 1355 fictam
2511 1342 2526 1366 ,
2568 1301 2709 1357 sicut
2745 1300 2899 1372 pueri
2937 1316 3103 1359 carne
3138 1309 3195 1356 et
3228 1301 3494 1373 sanguine

1896 1399 2172 1454 constant,
2199 1399 2259 1445 et
2277 1391 2627 1462 participavit
2664 1393 2815 1448 carui
2839 1401 2896 1448 et
2916 1393 3166 1464 sanguini
3187 1433 3202 1458 ,
3230 1403 3293 1449 ut
3318 1393 3490 1449 habe-

1896 1493 1982 1541 ret
2025 1487 2171 1541 unde
2221 1493 2466 1557 gustaret
2514 1493 2745 1542 mortem
2788 1501 2889 1557 pro
2937 1501 3229 1557 puerorum
3281 1487 3490 1553 salute,

1897 1579 2053 1649 cujus
2105 1579 2532 1652 dispensationis
2581 1578 2785 1635 affatim
2846 1594 3067 1635 causam
3126 1580 3492 1652 subjungens,

1903 1690 1921 1723 ι
1953 1680 2016 1727 ut
2036 1686 2133 1741 per
2150 1680 2402 1737 mortem,
2437 1672 2637 1742 inquit,
2670 1672 2976 1728 destrueret
2993 1688 3120 1727 eum
3141 1673 3236 1743 qui
3257 1672 3495 1729 habebat

188 1750 479 1823 coniungit
521 1762 575 1808 et
619 1755 925 1811 discernit:
962 1776 981 1809 ‹
1014 1757 1209 1815 Multos
1248 1760 1421 1825 filios,
1455 1762 1663 1831 inquit,
1704 1763 1792 1818 in-
1898 1764 2089 1819 mortis
2116 1763 2425 1834 imperium,
2474 1766 2581 1820 hoc
2626 1772 2711 1820 est
2761 1763 3056 1821 diabolum.
3088 1784 3108 1819 ι
3140 1763 3349 1837 (Ιοιιη.)
3390 1766 3494 1822 Hic

188 1844 404 1899 ducens
446 1845 501 1899 in
546 1845 807 1931 gloriam,
841 1868 860 1901 ι
912 1849 1002 1905 hic
1042 1849 1354 1920 coniunxit;
1409 1871 1429 1903 ι
1465 1864 1742 1909 auctorem
1766 1894 1783 1921 ,
1813 1861 1862 1922 B
1891 1857 2213 1913 admirabile
2238 1858 2498 1928 quiddam
2530 1858 2900 1924 demonstrat,
2925 1858 3050 1929 quia
3081 1874 3182 1930 per
3208 1857 3354 1929 quod
3390 1874 3492 1931 po-

188 1934 404 2003 inquit,
428 1922 621 1991 salutis
645 1952 832 1993 eorum
850 1978 866 2004 ,
895 1958 915 1990 (
940 1940 1029 1996 hic
1049 1934 1325 1997 discrevit.
1353 1961 1371 1995 ‹
1400 1942 1503 2011 Qui
1524 1959 1648 2000 eum
1669 1960 1797 2000 san-
1903 1956 2156 2005 testatem
2197 1922 2388 2007 habuit
2422 1949 2672 2005 diabolus
2693 1990 2708 2015 ,
2752 1965 2850 2020 per
3038 1922 3339 2006 victus-est
3363 1922 3496 2004 :uar-

187 2026 434 2092 ctiﬁcat,
468 2035 523 2082 et
556 2028 649 2098 qui
687 2031 1102 2088 sanetiticantur
1122 2048 1189 2088 ex
1215 2050 1325 2091 uno
1364 2050 1574 2092 omnes.
1605 2056 1624 2088 ι
1652 2037 1797 2094 Ecce
1901 2056 1990 2096 ma
2023 2056 2146 2112 qua:
2184 2039 2402 2097 fuerant
2436 2041 2512 2097 illi
2550 2041 2713 2097 fortia
2746 2042 3036 2098 adversum
3069 2041 3327 2097 mundum
3349 2081 3365 2108 ,
3391 2041 3495 2098 hoc

189 2118 399 2174 iterum
439 2121 715 2190 quomodo
752 2123 1035 2197 coniungit
1069 2125 1347 2183 honorans
1396 2136 1452 2183 et
1484 2129 1793 2197 consolans,
1901 2143 1987 2189 est
2037 2148 2218 2199 mors,
2260 2148 2359 2203 per
2423 2148 2544 2189 eam
2584 2134 2736 2189 illum
2775 2133 3025 2191 Christus
3065 2135 3370 2205 percussit;
3404 2135 3496 2192 hic

188 2218 257 2267 et
300 2208 506 2267 Christi
554 2211 757 2270 fratres
798 2230 895 2272 eos
942 2218 1263 2285 nominans,
1309 2221 1605 2277 secundum
1646 2221 1796 2292 quod
1900 2228 2330 2298 magnitudinem
2390 2227 2610 2284 virtutis
2665 2228 2784 2300 eius
2831 2228 2925 2299 qui
2977 2228 3149 2283 vincit
3210 2227 3493 2295 insinuat,

188 2317 271 2358 es.
301 2319 413 2360 uno
450 2318 545 2360 eos
586 2321 710 2362 esse
753 2308 905 2364 dicit.
948 2309 1154 2366 Deinde
1193 2311 1445 2367 muniens
1485 2327 1794 2369 sermonem

188 2410 363 2450 suum
406 2403 463 2451 et
509 2399 803 2455 ostendens
838 2402 1094 2470 quoniam
1142 2403 1210 2458 de
1256 2417 1322 2459 eo
1357 2404 1452 2474 qui
1496 2407 1794 2463 secundum

189 2501 429 2543 carnem
461 2498 568 2556 est,
601 2489 735 2545 dixit
764 2508 778 2546 :
813 2491 967 2561 «Qui
1001 2492 1146 2548 enim
1182 2494 1507 2562 sanctiﬁcat,
1536 2514 1556 2548 ι
1587 2497 1691 2553 hoc
1710 2504 1795 2553 est

188 2580 484 2648 Christus,
517 2600 538 2635 ι
569 2592 627 2639 et
648 2584 741 2654 qui
769 2583 1200 2653 sanctificantur,
1233 2605 1254 2637 ι
1284 2585 1391 2643 hoc
1419 2594 1505 2643 est
1536 2603 1653 2646 nos.
1704 2589 1793 2644 ln-

190 2676 381 2731 tueris
420 2686 699 2746 quantum
729 2678 1003 2735 interest:
1049 2679 1139 2737 ille
1182 2680 1517 2750 sanctiﬁcat,
1559 2684 1796 2739 sanctifi-

188 2783 397 2825 camur
432 2771 578 2825 enim
612 2785 741 2839 nos;
783 2772 992 2827 addidit
1021 2790 1043 2825 ι
1076 2788 1145 2829 ει
1191 2789 1300 2830 uno
1340 2791 1560 2843 omnes;
1595 2794 1616 2829 ι
1650 2792 1792 2834 unus

187 2873 291 2920 est
326 2864 474 2919 enim
512 2864 658 2921 Deus
695 2881 725 2921 a
764 2878 875 2937 quo
913 2870 1131 2931 omnia;
1157 2869 1255 2925 sed
1295 2870 1385 2926 ille
1422 2870 1601 2940 aliter,
1632 2873 1795 2930 aliter

1899 2318 2239 2374 ostendendo
2278 2325 2543 2388 quantum
2585 2317 2789 2373 bonum
2818 2327 3141 2389 operaretur
3170 2333 3347 2385 mors,
3383 2337 3404 2371 ι
3439 2326 3497 2374 ut

1898 2410 2187 2474 liberaret,
2235 2409 2449 2480 inquit,
2494 2423 2621 2474 eos,
2667 2409 2761 2479 qui
2803 2409 3001 2464 timore
3042 2408 3236 2465 mortis
3273 2422 3375 2478 per
3416 2417 3497 2463 too

1900 2510 2011 2558 tam
2053 2502 2220 2557 vitam
2260 2501 2480 2558 obnoxii
2519 2508 2678 2556 erant
2719 2500 2990 2556 servituti.
3029 2519 3049 2554 ι
3082 2499 3263 2568 Quare
3309 2499 3496 2555 tremi-

1899 2594 1971 2650 tis
1994 2635 2010 2661 ,
2037 2608 2206 2665 quare
2243 2593 2444 2650 timetis
2475 2592 2633 2648 eam?
2658 2606 2781 2663 quae
2822 2591 2936 2661 jam
2966 2590 3329 2648 condemnata
3370 2602 3487 2658 est,

1893 2684 2011 2755 iam
2054 2684 2314 2740 terribilis
2354 2698 2463 2740 non
2494 2692 2607 2749 est,
2641 2684 2737 2738 sed
2769 2682 3024 2754 optabilis
3052 2684 3209 2753 quasi
3240 2682 3490 2739 laborum

1898 2776 2025 2832 ﬁnis
2046 2817 2061 2843 ,
2112 2785 2166 2830 et
2189 2774 2395 2845 requiei
2424 2774 2638 2829 initium
2662 2790 2678 2840 ;
2701 2788 2801 2829 cur
2844 2774 2957 2828 ait:
2998 2794 3018 2825 ι
3048 2773 3271 2829 Timore
3298 2771 3494 2828 mortis

1897 2885 1998 2941 per
2037 2876 2207 2923 totam
2226 2867 2394 2922 vitam
2417 2866 2633 2922 obnoxii
2670 2876 2830 2923 erant
2862 2865 3151 2922 servituti?
3180 2884 3200 2918 ι
3230 2863 3375 2919 servi
3410 2863 3491 2918 si-

189 2967 250 3016 et
301 2975 445 3017 nos:
481 2961 572 3018 ille
612 2964 1063 3037 quasi'proprius
1086 2966 1281 3035 Filius,
1326 2983 1424 3024 nos
1465 2984 1595 3025 vero
1635 2966 1791 3039 quasi
1900 2959 2121 3031 quidem
2143 2974 2333 3015 omnes
2376 2956 2592 3012 fuerant
2634 2958 2857 3025 mortis,
2902 2956 3029 3028 quia
3054 2964 3284 3012 mortem
3332 2955 3493 3009 time-

192 3051 467 3121 adoptivi.
508 3053 761 3110 Attamen
805 3070 973 3113 unum
1021 3058 1284 3115 habemus
1321 3058 1539 3117 Patrem
1584 3061 1787 3116 Deum:
1899 3053 2075 3108 bant:
2121 3051 2351 3108 modum
2390 3059 2549 3105 Gram
2586 3048 2747 3105 θθίιιιί
2787 3065 2818 3105 3
2847 3049 3043 3105 ιίῐιιονθ
3082 3048 3296 3114 morus,
3339 3045 3493 3116 cuius

190 3144 298 3200 ille
330 3145 490 3215 quasi
514 3148 769 3219 proprius
815 3148 984 3206 Filius
1017 3152 1352 3219 sanctiﬁcat,
1388 3168 1490 3209 nos
1524 3153 1666 3208 sicut
1698 3152 1794 3208 ad—
1902 3146 2113 3218 legibus
2169 3144 2525 3206 tenebantur:
2569 3157 2714 3198 nunc
2768 3141 2953 3212 itaque
3011 3138 3184 3197 saucii
3248 3140 3494 3197 derident

190 3234 378 3306 optivi
425 3238 848 3294 sanctificamur.
899 3257 919 3292 ‹
969 3241 1197 3312 Propter
1218 3258 1383 3313 quam
1404 3258 1629 3299 causam
1676 3258 1784 3297 non
1817 3240 1871 3317 ο,
1894 3254 2047 3304 eam,
2076 3237 2191 3309 qui,
2225 3251 2397 3307 agone
2417 3243 2697 3292 transacto
2719 3243 2776 3291 et
2810 3242 2987 3291 morte
3021 3233 3255 3300 devicta,
3296 3234 3365 3289 ad
3404 3248 3493 3289 re-

192 3324 560 3384 confunditur
610 3330 811 3386 fratres
858 3344 956 3387 eos
1005 3346 1202 3390 vocare
1250 3330 1436 3390 dicens
1470 3352 1484 3389 :
1515 3332 1792 3403 Nuntiabo
1902 3346 2069 3403 gnum
2120 3331 2405 3386 transituri
2452 3336 2600 3385 sunt.
2653 3327 2806 3385 Unde
2854 3335 2912 3382 et
2959 3327 3077 3399 ipse
3122 3327 3324 3383 Paulus
3368 3326 3490 3383 ait:

191 3435 405 3477 nomen
434 3429 585 3476 tuum
612 3420 872 3480 fratribus
898 3424 1053 3480 meis.
1079 3443 1097 3476 ι
1116 3424 1173 3480 In
1200 3441 1266 3481 eo
1287 3425 1431 3481 enim
1459 3426 1603 3497 quod
1635 3427 1789 3492 dixit,
1909 3442 1928 3477 t
1948 3423 2123 3494 Cupio
2152 3423 2373 3479 dissolvi
2400 3430 2457 3477 et
2476 3436 2598 3478 esse
2623 3436 2748 3477 cum
2774 3421 2995 3477 Christo
3021 3416 3256 3492 (Philip.
3286 3418 3362 3488 r).
3394 3436 3415 3472 ο

192 3510 325 3566 Non
366 3512 644 3569 erubescit
688 3514 887 3571 fratres
921 3528 1017 3572 eos
1048 3531 1277 3585 vocare,
1318 3517 1655 3575 demonstrat
1689 3534 1798 3576 non
1982 3534 2000 3566 ι
2034 3513 2312 3585 Nusquam
2353 3513 2499 3569 enim
2541 3513 2763 3583 angelos
2790 3511 3164 3584 apprehendit,
3187 3512 3285 3568 sed
3308 3525 3491 3568 semen

192 3611 418 3659 natura:
451 3618 573 3661 esse
605 3606 967 3665 fraternitatis
1002 3619 1240 3679 nostrai,
1280 3610 1377 3669 sed
1415 3612 1803 3669 misericordim
1911 3626 1931 3660 ι
1968 3606 2201 3664 Abrahae
2252 3606 2608 3678 apprehendit
2654 3623 2668 3661 :
2723 3605 2866 3662 unde
2916 3605 3108 3663 debuit
3156 3620 3259 3676 per
3298 3605 3483 3662 ornnia

194 3693 326 3763 eius
370 3704 429 3751 et
461 3697 783 3756 humilitatis
820 3702 1038 3770 multa),
1072 3703 1202 3774 quia
1246 3719 1347 3760 nos
1390 3704 1590 3760 fratres
1635 3703 1801 3777 elegit
1903 3699 2168 3755 fratribus
2211 3697 2461 3753 similari.
2499 3716 2519 3749 ι
2553 3695 2574 3766 (
2597 3696 2793 3770 Amb.)
2841 3696 3083 3753 licuerat
3127 3698 3217 3753 hic
3254 3697 3491 3768 patriar-.-

195 3784 358 3851 sibi,
408 3794 465 3843 et
516 3789 621 3846 hoc
666 3793 989 3863 prophetico
1041 3793 1278 3850 ampmat
1332 3797 1676 3864 testimonio,
1730 3810 1805 3854 ne
1902 3791 2099 3855 chum,
2145 3802 2351 3858 eosque
2395 3786 2487 3857 qui
2529 3788 2599 3841 de
2654 3785 2774 3858 eius
2816 3793 2943 3842 sunt
2982 3801 3210 3857 genere,
3252 3787 3320 3840 ad
3356 3800 3495 3857 quos

195 3877 370 3948 (paci
414 3893 612 3937 novum
662 3892 946 3953 putaretur
995 3894 1052 3941 et
1098 3900 1207 3943 non
1258 3887 1427 3944 multo
1477 3898 1603 3945 ante
1655 3894 1829 3959 ωδε-⁷

196 3969 449 4037 dictum;
502 3970 582 4026 ait
627 3973 823 4029 enim:
866 3993 889 4028 ι
921 3972 1201 4035 Nuntiabo
1244 3977 1506 4036 fratribus
1565 3980 1723 4037 meis.
1773 4001 1795 4035 ι

196 4061 343 4117 Post
390 4075 609 4117 sacram
652 4065 962 4135 passionem
1013 4076 1070 4124 et
1115 4070 1571 4126 resurrectionem
1600 4112 1616 4139 ,
1667 4071 1802 4128 dicit

196 4152 443 4227 gloriam
492 4153 795 4213 divinitatis
847 4165 961 4214 toto
1007 4160 1143 4217 orbo
1188 4160 1537 4233 vuigandam.
1580 4180 1601 4216 ο
1645 4162 1800 4219 Nun-

197 4252 361 4306 tiabo
385 4269 404 4302 ι
436 4252 583 4311 enim
626 4254 789 4321 dicit,
834 4255 893 4312 id
933 4263 1045 4321 est,
1092 4270 1315 4312 narrare
1357 4255 1529 4322 facio,
1562 4276 1582 4308 ‹
1607 4255 1746 4313 sicut
1774 4275 1795 4310 ι

198 4348 267 4403 in
318 4346 616 4420 Evangelia
663 4348 982 4407 mulieribus
1032 4351 1212 4408 dixit:
1257 4369 1277 4402 ι
1309 4350 1418 4417 Ite,
1469 4352 1635 4407 dicite
1683 4349 1801 4406 fra-

199 4439 390 4496 tribus
438 4442 576 4499 meis
618 4442 854 4512 (κακὴ.
884 4460 1058 4500 xxvm
1083 4446 1124 4517 ).
1161 4465 1179 4498 ι
1208 4444 1432 4501 Fratres
1480 4453 1665 4501 autem
1713 4445 1799 4500 di-

198 4542 414 4592 cuntur
451 4545 509 4591 et
546 4538 639 4607 qui
683 4537 915 4610 diligunt
952 4548 1008 4594 et
1045 4539 1137 4609 qui
1182 4538 1496 4611 diliguntur.
1540 4536 1801 4593 Addidit:

1906 3882 2026 3938 hate
2049 3880 2291 3951 Epistula
2330 3879 2534 3949 scripta
2570 3887 2673 3935 est.
2715 3878 3119 3936 Commemorat
3157 3893 3289 3950 ergo
3329 3879 3496 3934 bene-

1904 3973 2029 4029 ﬁcia
2069 3973 2164 4029 Dei
2204 3979 2261 4028 et
2300 3972 2366 4027 de
2402 3971 2807 4042 propinquitate
2842 3969 3045 4027 carnali
3084 3969 3489 4035 “Christum,

1904 4074 1962 4123 et
2008 4067 2075 4122 de
2138 4065 2502 4137 promissione
2557 4079 2680 4136 qua:
2729 4064 2873 4119 dicta
2925 4070 3009 4119 est
3057 4063 3125 4119 ad
3173 4062 3491 4118 Abraham:

1910 4180 1931 4214 ι
1962 4159 2082 4217 Tibi
2116 4168 2170 4216 et
2195 4158 2393 4215 semini
2421 4167 2515 4216 tuo
2541 4158 2682 4215 dabo
2708 4166 2912 4213 terram
2939 4156 3078 4213 hanc
3109 4153 3272 4229 (Gen.
3303 4152 3437 4228 xu),
3469 4174 3490 4209 ι
3555 4163 3561 4171 '

1905 4253 2035 4324 quia
2076 4267 2145 4309 ex
2184 4267 2297 4308 uno
2337 4266 2561 4318 omnes,
2591 4251 2643 4305 id
2668 4258 2783 4317 est,
2817 4264 2885 4306 ex
2925 4248 3211 4305 Abraham.
3242 4247 3493 4305 Christus

1906 4344 2209 4404 secundum
2250 4360 2501 4409 carnem,
2544 4346 2601 4400 et
2639 4342 2716 4399 illi
2772 4342 2841 4399 ad
2902 4356 3039 4413 quos
3085 4342 3203 4398 haec
3239 4340 3492 4413 loqueba«

1906 4452 2014 4499 tur.
2046 4439 2200 4509 Quod
2229 4453 2359 4495 vero
2383 4437 2633 4510 superius
2674 4437 2780 4494 ait:
2819 4454 2839 4488 ‹
2871 4434 3134 4505 Quoniam
3156 4436 3312 4507 pueri
3343 4449 3495 4491 com-

1907 4534 2326 4591 municaverunt
2375 4533 2526 4588 carni
2577 4539 2634 4587 et
2678 4530 2954 4601 sanguini,
2981 4536 3036 4584 et
3082 4530 3197 4599 ipse
3247 4528 3500 4583 similiter

205 4626 329 4681 (In
382 4627 561 4683 medio
602 4627 859 4685 Ecclesiae
905 4629 1139 4685 laudabo
1185 4639 1256 4686 te.
1294 4650 1314 4683 ι
1343 4630 1397 4685 In
1450 4631 1628 4687 medio
1675 4645 1805 4686 sane
1828 4610 1885 4671 Ῑ)
1909 4628 2255 4702 participavit
2286 4626 2479 4683 iisdem
2500 4667 2514 4692 ,
2548 4646 2566 4678 ι
2594 4623 2911 4694 exsequitur
2945 4619 3174 4692 amplius
3205 4620 3349 4675 hunc
3377 4633 3502 4675 sen-

198 4726 433 4778 ctorum
490 4718 608 4775 laus
664 4723 878 4778 Domini
939 4733 1158 4779 resonat
1206 4740 1306 4796 per
1351 4739 1475 4779 eum
1534 4724 1627 4795 qui
1677 4725 1797 4780 ait:

204 4832 233 4865 ι
271 4810 554 4873 Conﬁteor
603 4813 738 4879 tibi,
780 4812 981 4881 Pater,
1032 4814 1263 4870 Domine
1310 4814 1437 4870 cmli
1489 4822 1546 4870 et
1600 4805 1798 4881 terrm,

198 4905 343 4975 quia
384 4905 715 4961 abscondisti
752 4906 869 4962 hac
902 4922 933 4961 a
971 4906 1308 4977 sapientibus
1349 4914 1403 4962 et
1445 4906 1697 4963 revelasti
1737 4920 1802 4962 ea

200 4996 459 5069 parvulis
505 4997 677 5069 (Luc.
715 5016 748 5053 ι
773 4998 814 5069 ).
851 5017 871 5050 ι
914 4999 1058 5055 Laus
1093 5001 1238 5056 enim
1275 4999 1493 5056 Domini
1528 5014 1657 5055 vera
1690 4986 1827 5055 non'

196 5091 390 5148 solum
419 5104 520 5148 ore
555 5091 651 5149 sed
684 5092 851 5149 etiam
889 5095 1054 5151 corde
1100 5096 1333 5152 amantis
1373 5104 1431 5152 et
1471 5095 1808 5167 perficientis

201 5192 485 5257 lit-recepta
534 5185 745 5241 Domini
793 5195 1063 5242 narratur.
1102 5207 1120 5240 ‹
1154 5187 1223 5243 Et
1268 5188 1508 5244 iterum:
1555 5187 1671 5260 Ego
1712 5202 1809 5244 ero

206 5280 391 5335 ﬁdens
437 5281 493 5335 in
543 5295 688 5337 eum.
724 5300 743 5334 ι
774 5280 853 5338 De
897 5291 1147 5352 suscepto
1192 5282 1409 5339 homine
1452 5282 1559 5338 hoc
1601 5280 1808 5338 dictum

205 5380 335 5438 est,
376 5369 532 5441 cuius
572 5371 898 5428 confidentia
938 5381 1051 5428 tota
1094 5374 1149 5428 in
1192 5374 1303 5429 Deo
1344 5375 1507 5431 Patre
1538 5390 1660 5431 esse
1697 5389 1807 5430 non

208 5463 445 5519 dubium
483 5471 600 5530 est,
638 5465 783 5521 sicut
813 5465 868 5521 in
906 5465 1199 5538 Evangelio
1236 5465 1351 5536 ipse
1395 5466 1503 5531 ait,
1550 5481 1652 5537 pro
1687 5466 1810 5537 qui-

204 5556 321 5627 bus
366 5556 704 5629 supplicabat
736 5560 950 5631 dicens:
986 5579 1006 5612 ι
1044 5559 1209 5626 Volo,
1256 5558 1438 5627 Pater,
1470 5569 1531 5614 ut
1572 5560 1663 5616 ubi
1707 5576 1809 5632 ego

206 5662 342 5706 sum
368 5690 384 5715 ,
436 5658 493 5706 et
536 5648 629 5705 isti
672 5650 783 5705 sint
828 5666 1044 5707 mecum
1089 5648 1296 5723 (Joan.
1348 5648 1549 5723 xvu),
1605 5669 1624 5701 ι
1670 5665 1809 5720 quos

205 5744 386 5801 etiam
445 5751 510 5801 ut
566 5744 952 5803 confidentiam
1016 5747 1281 5803 haberent
1340 5743 1663 5801 exhortatur
1720 5744 1806 5802 di-

202 5834 393 5939 cendo
422 5859 438 5899 :
474 5860 497 5897 ε
526 5839 794 5907 Confidite
810 5884 828 5915 ,
872 5857 974 5921 ego
1018 5843 1126 5901 vici
1170 5839 1454 5900 mundum.
1490 5860 1511 5895 ι

1800 5954 1831 5979 μ’

1909 4736 2027 4778 sum
2047 4762 2061 4788 ,
2093 4719 2235 4775 unde
2262 4717 2616 4789 participaret
2643 4728 2863 4770 carnem
2895 4719 2950 4767 et
2979 4710 3333 4781 sanguinem;
3378 4710 3501 4766 ideo

1909 4814 2030 4870 ait:
2067 4831 2086 4864 ι
2120 4790 2241 4867 Non
2285 4810 2431 4866 enim
2471 4820 2798 4880 quemquam
2841 4803 3152 4876 angelorum
3194 4803 3498 4875 apprehen-

1908 4912 2019 4977 dit,
2056 4931 2074 4964 ι
2123 4909 2180 4965 id
2226 4916 2337 4972 est,
2386 4920 2496 4962 non
2543 4900 2828 4973 cujuslibet
2876 4898 3048 4971 angeli
3072 4908 3330 4956 naturam
3377 4914 3472 4955 sua

1909 5003 2087 5075 cepit,
2141 5020 2163 5054 ‹
2204 5000 2299 5057 sed
2363 5010 2547 5055 semen
2613 4993 2848 5050 Abrahae
2889 4989 3260 5063 apprehendit.
3311 5010 3332 5046 ι
3381 4989 3502 5048 Non

1912 5098 2060 5154 enim
2103 5094 2308 5165 angelis
2342 5092 2431 5148 ilLa
2476 5089 2713 5162 dignitas
2749 5086 2948 5144 donata
2982 5094 3097 5153 est,
3134 5092 3194 5141 ut
3236 5085 3291 5140 in
3331 5100 3499 5141 unam

1912 5202 2202 5261 personam
2248 5185 2343 5241 Dei
2365 5183 2536 5239 Filius
2581 5196 2772 5237 eorum
2814 5186 3022 5235 natura:
3063 5177 3500 5250 coniungeretur,

1914 5281 2011 5337 sed
2056 5282 2317 5336 honorem
2364 5283 2419 5332 et
2460 5277 2603 5331 hanc
2642 5274 2960 5345 dignitatem
3002 5273 3254 5328 humanm
3294 5279 3503 5329 naturae

1914 5375 2059 5432 Deus
2104 5372 2199 5428 Dei
2224 5370 2392 5427 Filius
2433 5367 2760 5434 contribuit,
2804 5375 2867 5423 ut
2908 5368 3052 5424 Deus
3093 5376 3148 5423 et
3188 5366 3350 5423 homo
3393 5377 3503 5418 una

1914 5474 2061 5524 esset
2104 5478 2357 5537 persona.
2401 5462 2583 5529 Quare
2629 5461 2766 5517 dixit
2808 5478 2828 5513 ί
2865 5458 3262 5532 apprehendit?
3310 5477 3329 5510 ι
3360 5453 3502 5523 Quia

1914 5574 2017 5615 nos
2058 5556 2211 5627 quasi
2257 5553 2575 5610 recedentes
2618 5553 2686 5607 ab
2722 5567 2788 5609 eo
2828 5560 2884 5608 et
2926 5551 3083 5622 longe
3121 5549 3387 5618 fugientes
3425 5545 3505 5600 in-

1914 5658 2134 5706 secutus
2175 5644 2562 5719 apprehendit,
2591 5653 2648 5702 et
2682 5645 2738 5701 in
2775 5660 2941 5700 unam
2980 5654 3267 5714 personam
3304 5644 3503 5694 nostra:

1912 5740 2225 5815 fragilitatis
2268 5748 2519 5797 naturam
2554 5738 2661 5797 sibi
2699 5734 3152 5809 contemperavit,
3196 5732 3335 5787 mira
3372 5742 3543 5786 con“

1906 5834 2120 5912 junctio
2151 5832 2281 5892 dum
2312 5841 2549 5891 aeternus
2580 5836 2637 5890 et
2666 5826 2993 5889 immortalis
3020 5823 3241 5882 mortali
3279 5829 3336 5881 et
3364 5826 3505 5879 teut-
