3992 6338
561 414 663 470 721
1193 411 1253 467 Β.
1295 409 1546 466 RABANI
1585 409 1806 468 suum
1841 408 2162 466 ARCHIEP.
2209 406 2521 466 uocum.
2549 395 2847 464 castum
2867 394 3186 464 Passi":
3640 412 3713 471 ιιι

557 524 731 595 porali
755 523 1021 580 adunatus
1047 526 1169 581 est!
1216 523 1460 598 (Greg.)
1504 524 1708 582 Idcirco
1750 540 1984 596 namque
2028 523 2136 580 Re-
2165 529 2220 590 Α
2248 541 2268 578 t
2303 533 2580 580 tentantur
2626 523 2894 579 auxiliari.
2935 541 2954 576 ι
2990 523 3181 594 (Δηώ.
3205 519 3225 594 )
3252 522 3308 579 In
3332 538 3410 592 eo,
3432 525 3479 582 id
3516 537 3608 597 est,
3645 528 3718 588 ho.

560 617 810 687 demptor
843 623 1032 672 noster
1062 631 1169 672 non
1203 618 1445 688 angelus,
1479 617 1573 673 sed
1615 618 1778 673 homo
1818 615 1996 674 factus
2020 625 2168 684 est,
2240 617 2390 673 mine
2435 617 2491 672 in
2538 630 2647 688 quo
2690 631 2883 688 passus
2933 623 3016 672 est
3064 625 3252 686 potens
3292 625 3371 672 est
3407 619 3582 675 vinctos
3615 622 3718 680 libe-

559 705 686 776 quia
717 706 821 762 hoc
845 705 1033 777 procul
1075 705 1237 761 dubio
1281 705 1400 761 ﬁeri
1439 707 1661 773 debuit,
1703 707 1848 777 quod
1881 707 2138 774 redemit,

561 803 621 851 ut
669 804 726 851 et
771 795 1042 867 perditum
1090 795 1341 868 angelum
1387 812 1497 853 non
1545 797 1998 869 apprehendendo
2045 798 2141 852 de-

561 894 771 940 sereret
819 894 876 940 et
924 885 1198 942 hominem
1247 887 1302 942 in
1352 887 1642 960 semetipso
1690 888 2144 960 apprehendendo

561 963 859 1050 repararet.
903 977 1132 1051 (Ιοαη.)
1176 979 1246 1035 Et
1282 995 1472 1036 revera
1513 996 1768 1053 magnum
1807 990 1862 1037 et
1899 980 2146 1038 mirabile

561 1079 617 1125 et
670 1079 890 1142 stupore
939 1072 1159 1142 plenum
1212 1081 1298 1128 est
1344 1088 1564 1130 carnem
1619 1082 1864 1132 nostram
1925 1089 2143 1130 sursum

562 1163 785 1228 sedere,
833 1171 889 1219 et
937 1164 1152 1219 adorari
1201 1165 1270 1219 ab
1311 1165 1520 1237 angelis
1567 1171 1625 1221 et
1667 1164 2041 1236 archangelis,
2091 1172 2148 1219 et

561 1255 874 1324 Cherubin,
911 1264 966 1311 et
1007 1255 1304 1328 Seraphin;
1348 1259 1450 1314 hoc
1493 1260 1688 1330 saepius
1727 1273 1829 1331 ego
1868 1259 1925 1314 in
1967 1266 2151 1314 mente

561 1364 788 1404 versans
826 1364 1110 1405 excessum
1145 1351 1322 1421 patior
1360 1360 1414 1406 et
1456 1351 1664 1422 majora
1703 1351 1772 1406 de
1812 1366 2012 1423 genere
2051 1351 2152 1405 hu-

563 1456 723 1496 inano
745 1442 1011 1512 imaginor
1036 1460 1050 1495 :
1082 1442 1285 1513 majora
1327 1443 1524 1514 quippe
1551 1443 1708 1498 video
1736 1450 1793 1498 et
1813 1443 1959 1498 clara
1989 1457 2150 1498 exor-

563 1534 670 1600 dia,
713 1536 938 1590 multam
960 1536 1072 1592 Deo
1109 1535 1516 1592 festinationem
1557 1552 1658 1607 pro
1696 1545 1892 1591 natura
1936 1543 2148 1596 nostra.

562 1624 759 1680 Etnon
787 1626 944 1693 dixit,
985 1626 1234 1683 homines
1257 1627 1576 1699 simpliciter
1613 1627 2006 1698 apprehendit,
2055 1625 2150 1682 sed

561 1716 750 1772 volens
796 1733 892 1773 eos
943 1719 1154 1790 erigere
1212 1727 1267 1774 et
1321 1719 1610 1774 ostendere
1667 1735 1922 1790 magnum
1983 1731 2152 1788 genus

560 1821 747 1862 eorum
778 1817 834 1864 et
876 1809 1228 1876 honorabile,
1275 1808 1443 1864 dixit:
1482 1830 1498 1861 ι
1538 1808 1645 1865 Sed
1688 1824 1873 1866 semen
1919 1808 2152 1863 Abraha:

2241 721 2399 774 rare,
2464 715 2806 778 tentatosque
2865 706 3120 778 adjuvare
3193 721 3258 762 ne
3314 707 3580 777 vincantur,
3631 716 3714 785 quia

2241 803 2571 858 tentationes
2625 808 2843 855 nostras
2901 812 3010 854 non
3067 796 3238 853 solum
3287 803 3418 854 sicut
3465 800 3582 857 Deus
3597 842 3610 868 ,
3648 806 3711 861 sed

2242 893 2405 949 etiam
2443 892 2586 947 sicut
2620 891 2785 946 homo
2823 888 2879 944 in
2917 888 3097 959 seipso
3125 902 3222 958 per
3257 888 3628 958 experimentum
3656 906 3719 947 oo-

2245 984 2479 1056 gnovit:
2527 981 2656 1038 licet
2703 980 2847 1036 Deus
2883 979 2939 1034 in
2973 993 3069 1034 sua
3106 989 3293 1033 natura
3325 978 3388 1033 sil
3424 978 3716 1051 impassibilit,

2245 1083 2427 1131 tamen
2461 1074 2518 1130 in
2552 1081 2737 1130 nostra
2779 1085 2943 1142 quam
2979 1069 3270 1139 assumpsit
3302 1067 3432 1124 idem
3468 1067 3586 1125 Deus
3605 1070 3720 1131 Filius

2245 1167 2520 1241 passibilis
2572 1165 2710 1231 fuit,
2764 1173 2965 1220 nostrae
3006 1171 3214 1218 natura:
3263 1160 3564 1218 mnsimilis:
3609 1163 3650 1217 in
3681 1181 3722 1220 ea

2247 1240 2381 1317 vero
2418 1240 2584 1316 carne
2617 1273 2780 1330 quam
2815 1256 3054 1328 suscepit
3091 1254 3258 1310 multa
3291 1269 3422 1308 saeva
3455 1269 3613 1324 passus
3644 1264 3722 1322 est,

2248 1352 2400 1409 novit
2441 1350 2571 1422 quid
2604 1357 2689 1406 est
2746 1347 2974 1404 tentatio
3019 1345 3372 1417 patientium,
3417 1343 3517 1414 ipse
3553 1352 3721 1398 tentatus

2250 1453 2368 1509 est,
2414 1441 2509 1498 sed
2536 1456 2644 1496 non
2682 1446 2989 1510 superatus.
3027 1434 3236 1508 (Ιοαη.)
3259 1433 3392 1503 Quid
3411 1441 3604 1504 estergo
3628 1434 3722 1503 quod

2252 1539 2384 1596 dicit
2417 1557 2436 1590 ι
2477 1545 2657 1608 potest
2698 1550 2793 1592 eos
2839 1535 2932 1605 qui
2989 1541 3262 1589 tentantur
3313 1530 3577 1602 adjuvare?
3603 1549 3617 1581 ι
3643 1539 3721 1585 tan-

2252 1644 2417 1701 quam
2465 1629 2511 1685 si
2541 1627 2664 1698 quis
2714 1626 2962 1681 diceret:
2991 1639 3118 1680 cum
3169 1621 3333 1678 multa
3377 1621 3615 1676 alacritate
3646 1636 3728 1691 pro-

2255 1717 2431 1772 tendit
2498 1730 2718 1770 manuni
2765 1711 2832 1767 ad
2881 1711 3334 1782 compatiendum.
3380 1707 3604 1776 Quoniam
3633 1709 3726 1763 enim

2257 1807 2512 1865 volebant
2566 1820 2821 1879 magnum
2874 1803 3082 1874 aliquid
3130 1810 3188 1858 et
3238 1799 3454 1872 amplius
3495 1799 3652 1856 habere
3685 1802 3728 1854 ab

561 1900 933 1970 apprehendit.
979 1901 1133 1958 Unde
1172 1901 1394 1968 debuit,
1439 1902 1651 1972 inquit,
1692 1917 1791 1974 per
1827 1901 2007 1958 omnia
2052 1900 2164 1955 fra-
2189 1900 2239 1962 B
2264 1897 2344 1953 eis
2396 1894 2490 1966 qui
2535 1902 2694 1950 erant
2743 1893 2832 1951 οι·
2851 1893 3122 1964 gentibus,
3175 1889 3402 1947 ostendit
3444 1889 3493 1945 in
3533 1891 3615 1945 hoc
3648 1889 3726 1959 plus

563 1988 736 2046 tribus
758 1990 1007 2046 similari.
1029 2012 1048 2044 ι
1071 1990 1211 2059 Quid
1235 1999 1318 2046 est
1347 2013 1364 2043 ‹
1389 1993 1682 2048 secundum
1698 1991 1916 2047 omnia?
1934 2011 1952 2042 ι
1978 1989 2152 2046 Natus

568 2093 683 2153 est,
737 2086 953 2156 inquit,
1005 2085 1294 2153 educatus,
1325 2087 1538 2154 crevit,
1587 2101 1783 2157 passus
1838 2095 1923 2140 est
1976 2084 2158 2139 omnia

565 2194 686 2250 quae
713 2180 974 2250 Oportuit,
1000 2179 1053 2234 in
1081 2178 1188 2234 ﬁne
1233 2187 1480 2234 mortuus
1522 2187 1636 2245 est,
1681 2178 1785 2233 hoc
1805 2184 1892 2232 est
1915 2193 1934 2227 ι
1965 2190 2159 2230 secun-

567 2270 695 2324 dum
741 2270 924 2325 omnia
965 2269 1229 2325 fratribus
1271 2268 1522 2324 similari.
1564 2287 1584 2322 ι
1632 2268 1898 2337 Quoniam
1957 2267 2156 2336 quippe

566 2359 737 2415 multa
783 2359 923 2416 dixit
966 2363 1032 2416 de
1079 2359 1361 2429 majestate
1406 2359 1578 2430 ipsius
1618 2369 1673 2414 et
1717 2358 1996 2428 superiore
2038 2355 2156 2428 glo-

565 2452 681 2518 ria,
727 2451 841 2520 jam
890 2452 958 2507 de
1007 2452 1411 2523 dispensatione
1468 2460 1646 2506 movet
1702 2463 2038 2513 sermonem,
2099 2457 2157 2503 ut

566 2541 994 2612 contemplemur
1019 2558 1142 2597 cum
1167 2552 1371 2613 quanta
1397 2541 1680 2612 sapientia,
1711 2539 1980 2612 quomodo
2003 2539 2156 2594 illum

564 2635 803 2690 ostendit
846 2633 1074 2690 multum
1118 2635 1354 2690 studium
1399 2635 1725 2699 habentem,
1773 2641 1836 2688 ut
1876 2632 2034 2688 nobis
2077 2629 2154 2685 si-

568 2723 870 2792 milaretur,
931 2725 1077 2796 quod
1137 2724 1240 2782 fuit
1296 2740 1485 2782 curam
1540 2725 1607 2781 de
1654 2723 1810 2779 nobis
1862 2722 2154 2794 plurimam

564 2818 842 2889 gerentis;
873 2819 1058 2875 dicens
1087 2819 1230 2875 enim
1288 2818 1581 2891 superius:
1623 2836 1642 2870 ι
1681 2817 1948 2886 Quoniam
1989 2815 2153 2888 pueri

565 2909 1104 2966 communicaverunt
1150 2909 1304 2965 carni
1365 2919 1422 2966 et
1488 2907 1772 2981 sanguini,
1821 2916 1879 2963 et
1923 2907 2038 2977 ipse
2081 2904 2154 2960 si-

566 3002 770 3059 militer
793 3003 1154 3075 participatus
1197 3013 1286 3061 est
1326 3003 1552 3070 iisdem,
1589 3021 1610 3057 ι
1639 3011 1696 3060 et
1737 3003 1827 3059 hic
1853 3001 1992 3058 dixit
2019 3019 2038 3054 ι
2067 3014 2157 3056 se-

565 3096 803 3151 cundum
828 3097 1010 3153 omnia
1058 3095 1324 3154 fratribus
1370 3096 1598 3154 similari
1622 3137 1638 3163 ,
1675 3115 1696 3150 ι
1727 3095 1884 3168 quasi
1925 3095 2148 3152 dicens:

565 3185 669 3253 Qui
714 3195 824 3243 tam
870 3203 1099 3259 magnus
1135 3197 1241 3255 est,
1269 3187 1363 3260 qui
1400 3197 1487 3245 est
1520 3187 1774 3260 splendor
1809 3186 2015 3259 gloriae,
2058 3184 2152 3257 qui

2263 2005 2360 2045 eos
2395 1989 2693 2053 habentes,
2731 1987 2785 2042 in
2820 2002 2929 2058 quo
2970 1985 3111 2040 nihil
3167 1986 3389 2041 nocebat
3423 1983 3495 2039 eis
3530 1983 3603 2054 qui
3628 1990 3731 2037 erant

2261 2098 2329 2138 ex
2359 2080 2628 2154 gentibus.
2661 2079 2801 2149 Quid
2827 2087 2912 2134 est
2945 2087 3131 2133 autem
3163 2077 3306 2132 hoc?
3332 2075 3447 2146 quia
3484 2089 3542 2130 ex
3565 2073 3730 2144 ipsisett

2261 2174 2408 2230 salus
2425 2215 2440 2242 ,
2470 2174 2726 2245 quoniam
2751 2185 2846 2228 eos
2873 2169 3231 2241 apprehendit
3279 2167 3511 2239 primum,
3536 2166 3631 2236 quia
3653 2166 3733 2219 inde

2259 2264 2552 2335 assumpsit
2595 2277 2836 2318 carnem.
2871 2280 2889 2313 ι
2925 2259 3042 2317 Non
3102 2259 3245 2316 enim
3298 2256 3573 2330 angelorum
3605 2270 3731 2326 quem-

2259 2371 2422 2426 quam
2463 2353 2854 2426 apprehendit,
2877 2352 2971 2408 sed
3017 2366 3204 2410 semen
3224 2350 3506 2416 Abraham;
3529 2368 3545 2401 ι
3579 2349 3733 2403 honorat

2257 2457 2312 2502 et
2352 2446 2719 2517 patriarcham
2769 2459 2870 2516 per
2915 2444 3040 2510 hoc,
3099 2451 3156 2499 et
3195 2441 3419 2497 ostendit
3466 2439 3542 2512 qui
3577 2446 3641 2494 est
3674 2451 3731 2492 se-

2258 2553 2384 2594 men
2429 2536 2722 2592 Abraham.
2762 2535 3173 2601 Commemorat
3199 2531 3576 2606 promissionem
3603 2543 3688 2599 qua
3713 2543 3733 2583 ι

2256 2630 2368 2686 Deo
2391 2627 2536 2685 facta
2579 2635 2684 2693 est,
2706 2643 2804 2699 per
2853 2641 3018 2698 quam
3047 2625 3253 2682 dictum
3273 2631 3388 2680 est:
3424 2641 3442 2674 ι
3470 2621 3569 2677 Tibi
3607 2628 3648 2675 et
3677 2633 3732 2672 te-

2255 2720 2390 2776 mini
2430 2729 2525 2776 tuo
2567 2719 2708 2775 dabo
2751 2728 2954 2776 terram
2997 2717 3177 2781 hanc;
3214 2735 3235 2772 ι
3266 2716 3319 2772 in
3355 2714 3544 2772 modico
3569 2709 3731 2767 ostendit

2254 2810 2753 2884 propinquitatem,
2813 2809 2941 2881 quia
2995 2825 3066 2866 ex
3120 2825 3230 2866 uno
3287 2815 3408 2865 sunt
3453 2819 3638 2869 omnes,
3673 2799 3732 2857 sed

2254 2917 2364 2957 non
2400 2909 2521 2958 erat
2566 2901 2735 2957 multa
2774 2901 2867 2958 illa
2905 2902 3303 2974 propinquitas.
3347 2898 3487 2955 Venit
3520 2898 3666 2954 iterum
3693 2891 3733 2946 ad

2258 2993 2420 3049 istam
2462 2993 2929 3050 rememoriariam
2970 2993 3420 3067 dispensationem
3463 3005 3564 3062 quae
3595 2995 3654 3042 est
3683 2999 3737 3039 te-

2257 3086 2494 3142 cundum
2538 3100 2758 3142 carnem
2801 3096 2859 3144 et
2897 3085 3036 3142 dixit
3065 3105 3082 3142 :
3111 3087 3242 3144 Erat
3285 3085 3485 3160 quidem
3530 3091 3576 3138 et
3616 3080 3732 3152 ipsum

2256 3176 2395 3234 velle
2441 3177 2562 3234 ﬁeri
2597 3177 2875 3235 hominem
2915 3179 3104 3236 multa:
3143 3193 3287 3237 curat
3329 3178 3508 3234 divina:
3545 3183 3590 3231 et
3618 3169 3735 3228 chari-

565 3289 650 3335 est
683 3279 969 3336 character
990 3259 1343 3346 substantize,
1369 3281 1459 3351 qui
1482 3259 1680 3337 saecula
1702 3279 1862 3345 fecit,
1884 3278 1979 3350 qui
2001 3279 2155 3335 sedet
2182 3259 2229 3326 ο
2262 3270 2425 3338 latis;
2467 3285 2614 3326 nunc
2656 3279 2838 3328 autem
2877 3287 2988 3328 non
3027 3272 3138 3330 hoc
3178 3271 3348 3330 solum
3384 3277 3488 3334 est.
3523 3266 3598 3322 δι’ιῖ
3629 3261 3736 3318 αλιι

568 3369 624 3424 in
661 3367 886 3425 dextera
915 3367 1127 3438 Patris,
1157 3370 1260 3426 iste
1298 3370 1471 3426 voluit
1504 3378 1560 3427 et
1599 3370 1808 3427 studuit
1843 3368 2015 3426 frater
2056 3383 2156 3425 no-

567 3467 680 3513 ster
723 3459 781 3514 in
817 3460 1072 3517 omnibus
1109 3458 1257 3528 ﬁeri,
1300 3468 1356 3517 et
1398 3469 1621 3532 propter
1659 3461 1763 3517 hoc
1803 3459 2024 3532 angelos
2065 3475 2156 3516 re-

571 3550 761 3620 liquit,
803 3559 859 3608 et
899 3550 1035 3608 alias
1076 3552 1338 3621 virtutes,
1387 3561 1446 3609 et
1488 3552 1556 3608 ad
1599 3567 1700 3609 nos
1741 3551 2052 3620 descendit,
2097 3557 2154 3608 et

571 3660 672 3700 nos
726 3645 1120 3717 apprehendit,
1175 3654 1232 3702 et
1289 3647 1478 3703 decem
1537 3646 1704 3702 millia
1765 3655 2021 3718 operatus
2069 3654 2157 3704 est

567 3738 751 3793 bona:
789 3747 1018 3794 mortem
1061 3737 1254 3807 solvit,
1297 3737 1571 3795 diabolum
1615 3753 1685 3795 ex
1731 3737 2015 3811 tyrannide
2059 3753 2155 3795 ex-

566 3829 758 3896 clusit,
801 3846 901 3886 nos
941 3831 1010 3886 de
1049 3831 1314 3886 servitute
1359 3831 1580 3898 eduxit,
1621 3841 1678 3886 et
1715 3828 1997 3896 liberavit,
2044 3844 2154 3885 non

567 3923 681 3980 sola
736 3924 1075 3980 fraternitate
1122 3924 1446 3990 honoravit,
1511 3923 1606 3980 sed
1665 3935 1722 3980 et
1777 3922 1900 3979 aliis
1957 3923 2149 3978 decem

568 4013 826 4080 millibus,
855 4013 1126 4085 siquidem
1174 4022 1230 4070 et
1275 4013 1529 4069 sacerdos
1583 4025 1768 4069 noster
1816 4013 1934 4070 ﬁeri
1980 4012 2154 4070 voluit

566 4104 707 4174 apud
729 4103 966 4159 Patrem.
995 4102 1164 4160 Infert
1206 4104 1386 4160 enim:
1421 4121 1440 4156 ι
1473 4101 1546 4160 Ut
1566 4105 1880 4161 misericors
1901 4104 2057 4162 fieret
2095 4112 2153 4162 et

575 4195 747 4250 fidelis
784 4195 1024 4266 pontifex
1069 4197 1139 4252 ad
1169 4196 1488 4262 Dominum,
1545 4205 1605 4251 ut
1642 4197 2023 4268 repropitiaret
2063 4197 2154 4254 de-

567 4289 695 4346 licta
741 4289 943 4362 populi.
989 4309 1008 4342 ›
1057 4289 1170 4346 Nec
1207 4292 1390 4362 itaque
1429 4290 1534 4346 alia
1581 4289 1684 4346 fuit
1727 4306 1891 4346 causa
1919 4290 2011 4346 'illi
2054 4305 2155 4361 per

569 4381 751 4436 omnia
796 4379 1057 4436 fratribus
1099 4381 1420 4449 assimilari,
1467 4381 1572 4438 nisi
1618 4389 1679 4437 ut
1743 4381 1918 4439 ﬁdelis
1968 4383 2152 4454 ponti-

569 4471 660 4529 fex
733 4482 878 4529 esset
943 4473 1000 4529 in
1058 4473 1216 4530 nobis
1276 4475 1588 4547 nostrisque
1641 4474 1963 4549 propitiaret
2019 4490 2153 4547 pec-

568 4564 729 4620 catis.
779 4564 927 4621 Vidit
974 4565 1172 4638 quippe
1233 4565 1382 4623 humi
1427 4565 1675 4636 jacentes
1741 4576 2069 4639 pereuntes,
2118 4583 2152 4624 a

569 4664 744 4712 morte
784 4656 1125 4728 tyrannidem
1170 4658 1458 4730 patientes,
1483 4669 1539 4716 et
1573 4660 1834 4716 misertus
1853 4669 1968 4728 est;
2001 4678 2022 4713 ι
2055 4661 2150 4718 sed

575 4765 594 4799 ι
632 4747 725 4818 qui
747 4749 1157 4819 propitiaretur,
1185 4749 1395 4822 inquit,
1417 4753 1656 4822 peccatis
1694 4751 1913 4824 populi,
1939 4761 1998 4806 ut
2042 4752 2149 4807 mi-

575 4859 594 4893 ι
625 4841 860 4896 sericors
879 4841 1035 4898 ﬁeret
1054 4850 1111 4899 et
1131 4841 1305 4900 ﬁdelis
1326 4845 1601 4912 sacerdos,
1637 4867 1656 4898 ι
1685 4845 1816 4917 quid
1839 4854 1924 4902 est
1943 4845 2153 4902 ﬁdelis?

571 4946 754 5001 verus,
784 4940 978 5004 potens
1017 4951 1032 4989 :
1082 4935 1379 4992 sacerdotis
1427 4938 1571 4991 enim
1621 4935 1795 4994 ﬁdelis
1850 4946 1938 4993 est
1990 4949 2156 5008 posse

570 5043 666 5084 eos
715 5044 945 5100 quorum
986 5038 1072 5086 est
1114 5031 1370 5089 sacerdos
1417 5030 1650 5087 liberare
1697 5045 1730 5086 a
1776 5032 2034 5103 peccatis.
2082 5030 2156 5088 Ut

571 5135 704 5192 ergo
741 5117 932 5175 oﬁ‘erat
969 5120 1298 5178 sacriﬁcium
1341 5122 1486 5192 quod
1525 5120 1698 5192 possit
1718 5135 1819 5176 nos
1858 5120 2145 5187 mundare,

572 5223 796 5288 propter
838 5216 942 5272 hoc
982 5215 1161 5272 factus
1206 5227 1293 5272 est
1335 5217 1530 5283 homo,
1575 5224 1631 5271 et
1677 5213 1890 5281 intulit,
1920 5232 1940 5267 ι
1975 5214 2030 5268 in
2068 5213 2156 5269 his

573 5324 694 5380 qua:
733 5318 857 5364 sunt
879 5310 947 5364 ad
986 5309 1184 5372 Deum,
1215 5327 1236 5360 ι
1261 5307 1365 5363 hoc
1391 5317 1498 5374 est,
1527 5323 1715 5363 earum
1744 5322 1926 5363 rerum
1956 5306 2156 5378 gratia,

573 5415 694 5472 qua:
733 5403 1008 5472 pertinent
1048 5403 1118 5457 ad
1156 5400 1370 5456 Deum:
1405 5401 1696 5473 expugnati
1734 5401 1880 5457 enim
1904 5415 2158 5466 eramus,

575 5492 783 5562 inquit,
827 5495 938 5549 Deo
978 5492 1294 5562 culpabiles,
1324 5492 1664 5558 inhonorati;
1711 5507 1871 5548 nemo
1909 5500 2030 5547 erat
2059 5491 2154 5561 qui

571 5584 796 5643 offerret
834 5601 932 5658 pro
953 5584 1108 5642 nobis
1143 5585 1493 5651 sacrificium,
1528 5585 1657 5640 vidit
1687 5600 1786 5638 nos
1821 5585 1875 5638 in
1909 5584 1995 5639 his
2020 5598 2152 5637 con-

575 5674 796 5731 stitutos
847 5685 904 5732 et
955 5675 1213 5733 misertus
1263 5686 1385 5742 est,
1440 5693 1549 5738 non
1603 5675 1938 5732 constituens
1996 5671 2157 5730 nobis

573 5767 913 5822 sacerdotem
936 5806 953 5834 ,
983 5766 1078 5823 sed
1107 5766 1225 5838 ipse
1264 5767 1438 5825 factus
1469 5767 1743 5824 sacerdos.
1779 5787 1798 5819 ι
1826 5767 1883 5823 ln
1911 5782 1977 5823 eo
2008 5766 2157 5823 enim

579 5872 600 5908 ι
628 5856 683 5912 in
727 5873 837 5930 quo
860 5873 1052 5928 passus
1083 5859 1196 5930 ipse
1248 5867 1516 5926 tentatus,
1565 5868 1758 5930 potens
1807 5867 1892 5915 est
1941 5859 2024 5915 eis
2061 5859 2157 5928 qui

2255 3363 2394 3420 bona
2440 3363 2767 3420 immortalia
2796 3379 2918 3436 quae
2953 3380 3053 3438 per
3094 3381 3220 3422 eum
3259 3365 3409 3422 nobis
3445 3363 3610 3417 tributa
3641 3363 3736 3412 ωιι.

2261 3473 2282 3508 ι
2313 3453 2398 3511 Ad
2425 3455 2824 3527 pmpitiandum
2855 3457 3022 3524 enim,
3058 3457 3266 3530 inquit,
3298 3455 3516 3529 peccatis
3538 3449 3733 3508 nostris.»

2255 3546 2438 3616 Quare
2484 3563 2594 3604 non
2643 3548 2783 3605 dixit
2830 3549 3054 3617 mundi,
3112 3550 3210 3608 sed
3257 3550 3389 3608 dixit
3429 3543 3615 3621 μορυϋῖ
3654 3553 3736 3595 mn

2257 3643 2502 3700 omnium
2553 3651 2780 3716 peccata
2833 3644 3142 3713 sustinuit,
3194 3644 3288 3702 sed
3333 3643 3450 3716 quia
3495 3636 3661 3696 interim
3694 3631 3737 3687 de

2255 3739 2388 3810 ipsis
2455 3739 2774 3795 vertebatur
2819 3753 3002 3795 sermo
3023 3780 3040 3807 ,
3099 3755 3228 3796 nam
3271 3746 3328 3794 et
3371 3733 3566 3807 angelus
3604 3723 3737 3794 10509“

2247 3831 2473 3888 dicebat
2505 3849 2519 3886 :
2560 3849 2580 3884 ι
2613 3830 2848 3887 Vocahis
2887 3845 3089 3888 nomen
3131 3829 3249 3900 ejus
3285 3827 3491 3891 Iesum,
3525 3825 3616 3896 ipse
3641 3815 3736 3872 enim

2254 3923 2489 3980 salvabit
2531 3922 2789 3994 populum
2833 3937 2994 3979 suum
3039 3921 3278 3997 (Matth.
3319 3920 3391 3990 ι).
3425 3937 3444 3971 ι
3472 3915 3568 3972 Hoc
3601 3908 3737 3980 (ιιιίρρε

2252 4016 2489 4087 primum
2525 4014 2770 4085 oportuit
2809 4013 2952 4082 ﬁeri,
2997 4023 3054 4071 et
3109 4022 3330 4086 propter
3393 4011 3487 4068 hoc
3536 4004 3662 4065 venit.
3701 4003 3740 4100 ιιξ

2256 4111 2392 4167 istos
2451 4108 2718 4176 salveret,
2779 4116 2836 4164 et
2899 4117 3031 4166 tunc
3090 4124 3192 4180 per
3248 4108 3380 4164 istos
3421 4103 3555 4166 illos,
3588 4099 3738 4152 tametsi

2255 4209 2480 4258 econtra
2501 4201 2748 4272 contigit.
2789 4198 2904 4256 Hoc
2940 4200 3108 4256 etiam
3152 4197 3378 4272 apostoli
3414 4196 3478 4251 ab
3513 4193 3609 4262 ipso
3639 4181 3741 4281 ίυξίίξ

2257 4293 2558 4350 dicebant:
2596 4311 2614 4344 ι
2655 4291 2821 4348 Vobis
2869 4291 3142 4348 suscitans
3192 4289 3387 4346 Filium
3437 4297 3604 4346 suum,

2255 4385 2669 4443 benedicentem
2707 4401 2806 4442 vos
2844 4383 3002 4457 (Act.
3037 4400 3098 4440 ιιι
3121 4384 3184 4458 );
3222 4403 3241 4438 ι
3275 4390 3328 4439 et
3357 4382 3567 4436 iterum:
3595 4364 3744 4424 «Vobis

2255 4493 2438 4538 sermo
2485 4477 2676 4535 salutis
2699 4477 2900 4534 missus
2921 4485 3007 4534 est
3041 4476 3202 4550 (Act.
3237 4490 3335 4531 xin
3356 4472 3394 4546 ).
3431 4491 3449 4524 ι
3478 4458 3741 4550 Generosth-

2256 4570 3021 4629 temhicostenditludaicam
3049 4549 3268 4627 dicens:
3293 4586 3313 4621 ι
3330 4567 3406 4623 Ad
3435 4549 3742 4636 propitianduﬂl

2255 4664 2499 4736 peccatis
2521 4661 2726 4735 populi.
2749 4681 2770 4717 ι
2795 4662 3016 4720 Interim
3041 4662 3122 4719 sic
3141 4662 3298 4728 dixit,
3315 4658 3442 4728 Quia
3457 4653 3580 4712 enim
3593 4649 3677 4718 ipse

2257 4733 2352 4830 qui
2374 4733 2862 4830 pec‘ca‘tavomninm
2889 4757 3133 4826 dimittit,
3170 4750 3515 4812 manifestavit
3530 4748 3576 4804 in
3598 4733 3741 4836 plﬂll'

2261 4851 2393 4916 tico,
2423 4849 2610 4906 dicens
2641 4867 2654 4905 :
2695 4866 2715 4902 ι
2749 4847 3110 4904 Dimittuntur
3136 4847 3232 4904 tibi
3259 4852 3468 4920 peccata
3492 4848 3585 4901 tua,
3607 4837 3682 4886 iet
3709 4838 3744 4878 Ill

2262 4942 2592 5014 baptismate
2608 4982 2625 5009 ,
2648 4939 2786 4997 dixit
2805 4941 2950 4996 enim
2973 4941 3042 4996 ad
3063 4937 3359 5011 discipulos
3378 4947 3527 4992 suos:
3557 4946 3573 4979 ι
3600 4922 3744 5014 Eunlcs

2265 5006 2455 5090 docete
2474 5006 2664 5089 omnes
2693 5041 2904 5105 gentes,
2929 5006 3266 5102 baptizantes
3289 5043 3380 5099 eos
3405 5025 3454 5081 in
3482 5017 3657 5079 nomine
3675 5006 3746 5063 PP

2259 5125 2384 5191 tris,
2407 5133 2463 5180 et
2484 5123 2626 5190 Filii,
2654 5132 2711 5180 et
2736 5123 2976 5196 Spiritus
2999 5121 3192 5179 sancti.
3215 5140 3234 5174 ι
3259 5118 3387 5176 Cum
3409 5108 3747 5201 amentem}?!

2266 5220 2688 5292 apprehenderit
2729 5217 2931 5273 Paulus
2951 5259 2967 5285 ,
3016 5216 3199 5274 omnia
3219 5215 3330 5286 jam
3355 5196 3748 5266 homilialoquitut

2265 5291 2404 5368 nihil
2432 5309 2765 5378 formidans;
2797 5310 3016 5368 attende
3042 5309 3186 5367 enim
3213 5304 3339 5378 quid
3358 5302 3463 5373 jam
3483 5291 3608 5350 dicit.

2882 5440 3112 5500 CAPUT
3147 5439 3234 5497 Ill.

2269 5556 2578 5613 Ostenditur
2592 5557 2730 5630 quod
2757 5555 2972 5628 Moysen
2999 5556 3196 5630 excedit
3220 5551 3466 5611 Christus,
3490 5539 3564 5597 cui
3583 5525 3745 5604 ﬁrmi!”

2819 5626 2895 5683 est
2937 5626 3296 5682 obedientium.

2343 5788 2364 5822 ι
2401 5767 2585 5835 Unde,
2629 5765 2826 5823 fratres
2862 5764 3068 5831 sancti,
3107 5753 3395 5817 vocationis
3427 5736 3627 5804 animi“

2274 5879 2294 5916 ι
2327 5863 2522 5933 ticipes
2551 5831 2890 5919 considerate
2917 5855 3234 5933 Apostolum
3271 5857 3323 5908 et
3355 5835 3623 5920 pontiﬁcem
3650 5831 3741 5880 οοα·
