3992 6338
221 388 323 448 729

645 389 1195 452 ENARBATIONUM
1234 393 1304 451 1N
1341 394 1491 456 EPP.
1531 397 1757 457 PAULI.
1800 398 1929 456 us.
1972 397 2183 460 xxvn.
2223 433 2294 446 —
2333 401 2404 459 IN
2429 389 2658 463 'EPIS'I‘.
2699 405 2792 463 AD
2827 404 3030 465 uses.

3408 416 3504 474 :50

219 522 241 558 ι
276 502 532 603 fessionis
545 514 760 603 nostra
786 504 972 603 Iesum
992 548 1006 574 ,
1038 508 1133 603 qui
1165 508 1340 567 ﬁdelis
1367 518 1450 565 est
1477 511 1527 566 ei
1557 512 1649 581 qui
1679 510 1810 568 fecit
1835 516 1888 577 Α
1911 512 2160 603 hortatur
2187 524 2333 572 stare
2362 516 2577 574 fortiter
2604 529 2660 575 et
2681 537 2788 577 non
2820 523 3030 580 subrui.
3066 524 3270 584 Domus
3301 529 3506 603 quippe

218 617 237 651 ι
275 597 466 664 illum,
515 599 658 655 sicut
702 607 758 656 et
806 599 1020 673 Moyses
1068 601 1122 657 in
1172 604 1320 658 omni
1368 603 1528 659 domo
1579 604 1742 659 illius.
1783 625 1802 657 ι

207 689 407 746 Adhuc
450 691 617 747 etiam
649 693 715 747 de
748 691 1143 750 incarnationis
1184 693 1388 751 Christi
1419 695 1661 766 loquitur
1690 712 1808 768 my-

1911 602 2007 658 Dei
2035 604 2238 662 erimus
2265 607 2310 662 si
2341 608 2596 664 ﬁduciam
2619 613 2734 683 spei
2760 622 2816 668 et
2843 611 3030 686 gloriae
3056 631 3228 688 usque
3255 619 3311 674 in
3345 602 3506 678 ﬁnem

1908 696 2122 752 ﬁrmam
2155 699 2505 756 retineamus.
2523 702 2666 759 Bene
2696 705 2832 762 dixit
2859 704 3111 762 ﬁduciam
3133 709 3249 778 spei
3274 721 3500 780 nostrae,

207 782 401 837 sterio.
450 780 588 837 Nam
635 782 690 858 in
731 782 1023 856 Evangelia
1059 778 1178 856 ipse
1214 795 1444 842 testatur
1482 803 1540 844 se
1580 788 1806 844 missum
1908 786 2162 857 quoniam
2187 789 2368 843 omnia
2396 790 2536 846 bona
2567 794 2772 849 sanctis
2796 795 2849 849 in
2878 796 2982 851 hac
3007 795 3118 850 vita
3149 795 3204 851 in
3226 812 3322 868 spe
3353 778 3500 865 sunt,

204 889 318 930 non
362 889 486 931 esse
532 875 637 931 nisi
683 874 750 930 ad
794 892 926 932 oves
969 877 1208 948 perditas
1258 877 1497 951 (Matth.
1534 896 1566 934 x
1591 878 1643 951 ),
1695 881 1803 936 hoc
1907 879 2080 934 donec
2103 881 2169 935 ad
2203 882 2440 952 speciem
2464 886 2784 954 perveniant
2811 883 3073 958 perfectae
3107 888 3503 948 beatitudinis:

203 972 332 1032 est,
375 964 570 1020 domus
611 964 799 1022 Israel.
841 967 1124 1038 Apostolus
1149 968 1317 1040 igitur
1345 968 1566 1036 Graece,
1611 969 1805 1026 Latine

201 1057 402 1112 minus
433 1058 651 1114 dicitur.
691 1057 1015 1133 Cognoscite
1056 1061 1184 1131 quid
1221 1073 1307 1118 est
1344 1060 1502 1119 Jesus
1547 1065 1804 1120 sacerdos

199 1159 260 1206 et
304 1149 508 1222 qualis,
539 1159 596 1207 et
639 1167 746 1207 non
795 1152 1010 1209 habetis
1052 1169 1190 1224 opus
1237 1155 1610 1211 consolatione
1656 1155 1799 1222 alia,

197 1255 386 1311 neque
432 1240 650 1297 solatio.
694 1240 1017 1299 Pontiﬁcem
1057 1244 1202 1298 enim
1243 1259 1368 1300 eum
1413 1245 1550 1301 dixit
1591 1244 1805 1302 confes-

196 1333 378 1390 sionis
421 1344 642 1400 nostrae,
665 1334 720 1390 id
763 1344 848 1390 est
891 1337 1020 1391 ﬁdei
1068 1345 1300 1403 nostrze,
1331 1339 1416 1393 cui
1447 1339 1548 1394 iste
1570 1339 1801 1410 populus

191 1439 378 1481 novus
405 1427 727 1482 commissus
754 1435 857 1494 est,
873 1426 1016 1484 sicut
1038 1436 1094 1484 et
1123 1429 1293 1502 Moysi
1320 1430 1470 1500 prior
1490 1431 1720 1502 populus
1743 1431 1799 1486 in

190 1517 450 1588 regimen
473 1514 634 1572 datus
659 1527 766 1583 est,
781 1519 878 1573 sed
900 1519 1028 1575 huic
1049 1518 1256 1589 majora
1279 1519 1364 1575 vel
1388 1521 1546 1591 longe
1571 1520 1797 1577 meliora

188 1607 496 1664 commissa
541 1617 686 1663 sunt.
735 1607 865 1663 Vult
914 1609 1061 1664 enim
1111 1611 1306 1665 beatus
1345 1609 1548 1666 Paulus
1587 1612 1798 1683 erigere

188 1699 417 1752 animos
445 1695 813 1753 lsraelitarum
855 1698 921 1752 ad
961 1698 1341 1754 excellentiam
1371 1699 1796 1770 promissionum

183 1791 294 1845 Dei
319 1829 337 1858 ,
369 1797 432 1846 ut
461 1790 670 1846 intente
709 1799 904 1861 parent
941 1806 1000 1847 se
1028 1793 1280 1862 accipere
1313 1794 1458 1863 quod
1485 1793 1628 1848 Deus
1649 1794 1798 1850 heni-

1911 991 1930 1025 ι
1977 971 2084 1044 Spe
2107 973 2253 1028 enim
2278 974 2411 1030 salvi
2438 974 2569 1032 facti
2592 971 2780 1035 sumus
2803 977 2986 1051 (Rom.
3012 987 3126 1052 Ix);
3149 1001 3168 1033 ι
3195 981 3337 1038 bona
3360 983 3506 1040 enim

1904 1078 2026 1134 qua:
2052 1064 2208 1120 nobis
2232 1067 2500 1135 promissa
2525 1077 2675 1136 sunt,
2708 1070 2762 1125 in
2794 1071 2904 1126 hac
2931 1072 3134 1142 posnali
3164 1074 3276 1130 vita
3300 1074 3504 1132 habere

1904 1171 2011 1210 non
2049 1171 2356 1225 possumus,
2399 1159 2502 1216 nisi
2528 1163 2580 1215 in
2604 1177 2700 1232 spe
2719 1172 2774 1218 et
2798 1163 2946 1220 illam
2987 1166 3267 1238 patienter
3286 1183 3506 1241 exspec-

1905 1253 2103 1312 tantes,
2136 1263 2309 1318 usquc
2347 1250 2414 1304 ad
2443 1250 2604 1306 ﬁnem
2636 1251 2870 1308 ﬁrmam.

1979 1357 1997 1390 ι
2044 1339 2404 1410 Quapropter,
2436 1343 2579 1397 sicut
2624 1345 2756 1400 dicit
2796 1344 3034 1416 Spiritus
3073 1357 3298 1404 sanctus
3326 1346 3501 1421 (Psal.

1908 1448 1928 1482 ι
1971 1432 2113 1500 xcrv)
2145 1450 2158 1484 :
2193 1430 2364 1488 Hodie
2400 1433 2445 1487 si
2487 1449 2674 1490 vocem
2720 1435 2838 1506 ejus
2863 1437 3168 1504 audieritis,
3197 1437 3366 1494 nolite
3396 1439 3500 1495 ob-

1907 1541 1925 1573 ι
1968 1522 2170 1578 durare
2200 1524 2365 1578 corda
2388 1533 2592 1590 vestra;
2625 1526 2766 1582 sicut
2787 1528 2842 1582 in
2869 1530 3283 1586 exacerbatione
3307 1546 3504 1588 secun-

1906 1633 1926 1667 ι
1967 1614 2097 1668 dum
2122 1615 2268 1671 diem
2298 1617 2616 1673 tentationis
2662 1619 2717 1674 in
2752 1621 2990 1688 deserto,
3024 1622 3118 1677 ubi
3153 1631 3502 1680 tentaverunt

1907 1722 1926 1756 ι
1968 1719 2056 1760 me
2081 1713 2265 1776 patres
2308 1709 2515 1776 vestri,
2543 1711 2912 1780 probaverunt
2959 1720 3015 1769 et
3055 1714 3308 1770 viderunt
3334 1731 3500 1786 opera

1905 1816 1923 1848 ε
1965 1812 2083 1854 mea
2111 1799 2471 1869 quadraginta
2495 1802 2653 1858 annis
2686 1822 2699 1856 :
2732 1813 2956 1875 propter
2981 1807 3124 1877 quod
3148 1805 3395 1864 infensus
3423 1809 3499 1866 fui

184 1897 299 1956 gne
322 1883 431 1940 illis
449 1884 701 1955 promisit
720 1882 934 1951 aﬁ'erre,
967 1887 1259 1941 nominans
1299 1901 1395 1942 eos
1441 1887 1637 1943 fratres
1663 1889 1793 1944 cha-
1822 1889 1871 1951 B
1904 1907 1924 1940 ι
1949 1892 2300 1962 ⁴εεῐιειτιιὶοιιί
2330 1893 2477 1958 huic,
2505 1901 2561 1950 et
2583 1894 2726 1950 dixi:
2751 1895 2980 1968 Semper
3007 1900 3064 1954 hi
3093 1910 3281 1956 errant
3307 1902 3494 1958 corde.

181 1976 446 2032 rissimos
469 1977 538 2033 ad
567 1976 812 2032 ctelestia
836 1986 1079 2044 vocatos,
1110 1978 1544 2048 participescum
1577 1978 1795 2036 Christo
1900 2000 1919 2032 ‹
1965 1981 2071 2052 Ipsi
2118 1991 2299 2040 autem
2353 1999 2462 2039 non
2508 1998 2882 2058 cognoverunt
2921 1990 3041 2047 vias
3083 2008 3263 2058 meas,
3304 1995 3502 2064 quibus

180 2068 527 2125 hzereditatis
576 2068 705 2132 Dei,
740 2069 833 2138 qui
878 2069 1051 2124 ﬁdelis
1097 2070 1180 2135 ei,
1227 2070 1280 2124 id
1326 2078 1452 2136 est,
1501 2070 1613 2125 Deo
1645 2071 1792 2126 Patri

181 2160 286 2231 qui
333 2160 466 2217 fecit
511 2176 657 2217 eum.
707 2160 785 2216 De
817 2161 1158 2218 humanitate
1209 2163 1343 2218 dicit
1391 2163 1545 2233 ejus,
1586 2164 1678 2234 qui
1712 2162 1792 2218 fa-

179 2262 313 2310 ctus
343 2262 430 2310 est
456 2269 524 2310 ex
554 2253 759 2308 semine
785 2253 953 2309 David
982 2255 1277 2310 secundum
1306 2270 1550 2320 carnem,
1580 2269 1690 2310 non
1723 2255 1792 2310 de

180 2347 482 2404 divinitate
533 2363 654 2418 quae
705 2345 848 2401 facta
902 2362 1009 2402 non
1060 2355 1177 2412 est,
1220 2347 1316 2403 sed
1355 2348 1539 2420 genita
1578 2363 1609 2402 a
1641 2356 1795 2418 patre

183 2437 358 2494 unius
383 2437 700 2494 substantia:
728 2453 851 2493 eum
882 2452 966 2492 eo.
1007 2457 1026 2489 ‹
1054 2437 1206 2492 Sicut
1231 2437 1467 2508 Moyses,
1490 2439 1587 2505 ait,
1619 2437 1793 2494 ﬁdelis

179 2540 273 2587 est
299 2530 357 2586 in
382 2531 544 2586 domo
565 2547 682 2586 sua.
706 2549 724 2581 ι
743 2529 1136 2602 Praepositurus
1162 2547 1286 2587 eum
1308 2530 1476 2604 Moysi
1493 2532 1792 2588 secundum

179 2621 652 2694 comparationem
703 2621 759 2677 in
802 2621 918 2694 lege
959 2623 1269 2688 sacerdotii,
1307 2624 1454 2678 hunc
1482 2637 1792 2679 sermonem

177 2713 429 2779 induxit,
472 2728 725 2769 asserens
765 2728 893 2768 eum
939 2712 1152 2770 ﬁdelem
1195 2729 1317 2770 esse
1345 2713 1402 2768 in
1450 2714 1611 2770 domo
1645 2731 1786 2771 sua:

177 2803 428 2870 ﬁdelem,
464 2803 514 2860 id
542 2812 624 2862 est
664 2806 915 2861 devotum
936 2846 951 2872 ,
987 2805 1364 2861 defendentem
1401 2821 1466 2862 ea
1505 2821 1625 2876 qua:
1665 2814 1794 2862 sunt

177 2897 330 2968 ejus,
367 2913 477 2953 non
522 2899 924 2970 permittentem
953 2898 1262 2969 corrumpi,
1293 2913 1414 2969 quae
1457 2899 1650 2955 domus
1691 2915 1792 2956 nos

178 3005 388 3048 sumus
417 2991 562 3047 sicut
596 2991 653 3046 in
695 2990 1153 3061 consequentibus
1191 2989 1342 3047 dicit.
1387 2989 1541 3046 Sicut
1580 2989 1791 3062 Moyses

176 3083 369 3141 ﬁdelis
399 3082 502 3140 fuit
543 3083 600 3140 in
629 3085 792 3140 domo
818 3097 938 3150 sua,
966 3083 1021 3138 id
1045 3090 1147 3149 est,
1175 3081 1374 3154 populo
1405 3081 1584 3153 priore
1608 3098 1623 3148 ;
1653 3097 1789 3138 con-

176 3175 486 3246 festimque
515 3183 843 3232 consecutus
870 3173 1109 3232 ostendit
1133 3173 1405 3244 quomodo
1429 3173 1620 3229 domus
1645 3172 1788 3229 illius

1901 2091 1921 2124 ι
1956 2070 2138 2142 juravi
2160 2074 2216 2129 in
2240 2075 2320 2130 ira
2346 2092 2487 2139 mea,
2513 2079 2556 2132 si
2590 2079 2966 2136 introibuntin
2989 2084 3230 2153 requiem
3254 2101 3452 2141 meam.
3474 2105 3494 2138 ι

1892 2163 2133 2221 Locutus
2146 2175 2228 2222 est
2258 2167 2450 2223 beatus
2477 2167 2770 2238 Apostolus
2798 2171 2865 2228 de
2890 2188 2987 2244 spe
3015 2173 3071 2229 in
3095 2175 3492 2246 superioribus,

1892 2257 2022 2327 quia
2060 2265 2276 2328 oportet
2314 2273 2414 2314 nos
2453 2272 2677 2330 sperare
2709 2275 2832 2331 quae
2863 2262 3044 2318 futura
3091 2273 3221 2320 sunt
3250 2283 3264 2320 :
3296 2283 3315 2317 ι
3356 2265 3492 2336 Spes

1893 2349 2038 2404 enim
2064 2364 2186 2419 quae
2215 2349 2432 2404 videtur
2460 2366 2566 2405 non
2596 2359 2688 2421 est,
2705 2367 2829 2422 spes
2857 2352 3037 2425 (Rom.
3072 2355 3171 2426 ix).
3203 2374 3223 2408 ι
3256 2354 3496 2412 Historia

1892 2457 2023 2498 vero
2051 2458 2214 2514 quam
2245 2443 2511 2514 propheta
2552 2443 2639 2499 hic
2683 2453 3016 2500 rememorat
3059 2445 3346 2500 notissima
3371 2455 3493 2500 est:
3543 2517 3564 2523 _

1894 2550 2019 2591 cum
2047 2535 2190 2590 enim
2215 2536 2420 2605 egressi
2446 2543 2631 2591 essent
2651 2534 2719 2591 de
2746 2545 2891 2592 terra
2914 2536 3155 2609 Egypti,
3185 2546 3240 2591 et
3266 2535 3495 2592 multam

1892 2626 2038 2682 viam
2076 2625 2582 2696 perambulassent,
2625 2633 2681 2681 et
2706 2625 2879 2680 multa
2911 2625 3113 2681 indicia
3143 2624 3364 2681 virtutis
3400 2624 3498 2681 Dei

1894 2717 2261 2787 accepissent,
2297 2715 2352 2771 in
2393 2715 2652 2789 Egypto,
2682 2717 2738 2771 in
2779 2716 2918 2772 mari
2948 2715 3158 2783 Rubro,
3196 2716 3252 2772 in
3287 2731 3496 2786 eremo,

1893 2807 2179 2864 consilium
2224 2806 2470 2862 fecerunt
2509 2807 2726 2862 mittere
2768 2805 3137 2878 speculatores
3159 2846 3174 2871 ,
3206 2805 3300 2877 qui
3333 2805 3496 2860 debe-

1894 2907 2017 2954 rent
2049 2898 2317 2968 inspicere
2352 2905 2604 2952 naturam
2631 2905 2791 2952 terra:
2816 2911 2936 2968 quae
2965 2897 3234 2967 promissa
3267 2903 3350 2950 est
3374 2893 3489 2950 eis:

1893 2991 1970 3047 illi
1993 3006 2124 3046 vero
2148 2998 2438 3062 pergentes
2466 2989 2673 3059 reversi
2701 2997 2850 3051 sunt,
2873 2997 3076 3044 terram
3101 2987 3319 3059 quidem
3342 2985 3498 3042 valde

1891 3084 2177 3149 mirantes,
2191 3080 2450 3152 majorem
2464 3079 2738 3136 fructuum
2763 3078 3186 3151 procreatricem
3207 3092 3330 3134 esse
3349 3077 3498 3133 dice-

1891 3177 2049 3242 bant,
2063 3175 2159 3231 sed
2181 3174 2421 3230 virorum
2443 3171 2945 3243 inexpugnabilium
2969 3185 3093 3227 esse
3113 3169 3259 3226 illam
3275 3169 3500 3240 provin-

175 3283 309 3326 αεθ
345 3243 674 3334 ἀέδθδωυεῖ
706 3269 786 3322 ait
811 3267 995 3322 enim:
1031 3284 1050 3318 ι
1084 3243 1216 3335 Quae
1243 3265 1436 3322 domus
1468 3281 1654 3321 sumus
1683 3281 1786 3322 nos
1813 3251 1860 3317 C
1887 3269 2032 3326 ciam
2059 3276 2117 3324 et
2141 3266 2388 3323 fortium.
2415 3264 2673 3322 Israelita:
2703 3279 2832 3320 vero
2867 3263 3067 3336 ingrati
3107 3271 3164 3320 et
3209 3243 3494 3330 insensati,

177 3361 228 3418 si
260 3359 520 3416 ﬁduciam
546 3366 604 3415 et
629 3354 857 3430 gloriam
901 3357 1015 3430 spei
1043 3371 1216 3430 usque
1256 3358 1326 3414 ad
1365 3356 1528 3414 ﬁnem
1571 3356 1786 3413 ﬁrmam

177 3451 559 3516 retineamus,
605 3467 625 3502 ο
668 3449 796 3522 quia
831 3466 850 3500 ι
886 3447 990 3517 Qui
1026 3446 1456 3520 perseveraverit
1503 3462 1673 3517 usque
1724 3446 1782 3502 in
1833 3483 1838 3488 ο

176 3544 375 3610 ﬁnem,
406 3543 496 3598 hic
522 3541 703 3599 salvus
727 3541 834 3598 erit
863 3533 1159 3614 (Matthx,
1182 3539 1353 3612 xxiv).
1381 3538 1610 3595 Domum
1641 3540 1787 3596 enim

177 3635 321 3691 dicit
368 3649 468 3706 pro
510 3635 598 3690 his
631 3632 725 3705 qui
753 3642 1126 3688 convocantur
1169 3630 1225 3686 in
1271 3629 1536 3686 Ecclesia.
1581 3629 1784 3697 Intulit,

183 3747 204 3780 ι
247 3728 349 3784 Dei
381 3727 573 3783 domus
612 3741 800 3782 sumus
844 3740 965 3791 nos,
997 3743 1019 3776 ι
1046 3723 1100 3778 id
1122 3731 1226 3789 est,
1256 3721 1467 3778 factura
1493 3722 1589 3776 Dei
1620 3722 1788 3778 creati

178 3819 238 3874 in
268 3817 492 3874 Christo
521 3815 667 3872 Jesu.
702 3815 819 3872 Huc
853 3829 1024 3885 usque
1054 3813 1514 3884 comparationem
1555 3810 1684 3867 fecit
1722 3812 1790 3868 de

176 3911 566 3969 incarnatione
584 3909 786 3968 Christi
807 3925 929 3964 eum
954 3907 1122 3979 Moysi
1149 3925 1163 3960 :
1188 3905 1386 3961 dehinc
1410 3919 1470 3960 se
1508 3905 1574 3960 ad
1597 3904 1789 3960 altiora

179 4007 308 4077 ejus
351 4004 625 4061 narranda
671 4001 944 4060 convertit
963 4041 980 4064 .
1010 4001 1238 4056 dicens:
1269 4016 1288 4050 ι
1317 3995 1610 4068 Amplioris
1642 3995 1788 4050 enim

181 4120 199 4153 ι
241 4097 437 4170 gloria:
468 4097 572 4152 iste
594 4111 707 4168 prae
736 4093 904 4167 Moysi
921 4094 1118 4166 dignus
1144 4091 1363 4146 habitus
1389 4098 1492 4156 est,
1524 4097 1789 4159 quantum

181 4210 200 4242 ί
243 4188 570 4260 ampliorem
594 4188 854 4244 honorem
866 4187 1011 4244 enim
1035 4184 1199 4240 habet
1220 4183 1432 4249 domus,
1447 4183 1539 4252 qui
1559 4179 1790 4235 fabrica-

181 4303 199 4336 ι
241 4285 327 4339 vit
348 4282 516 4338 illam!
541 4304 559 4337 ι
577 4280 695 4339 Non
711 4281 847 4339 dixit
858 4289 1062 4352 quanto
1075 4280 1336 4352 majorem
1349 4278 1512 4334 habet
1526 4277 1789 4332 honorem

177 4377 256 4431 ab
293 4376 553 4446 operibus
589 4375 820 4441 artifex,
855 4373 951 4429 sed
993 4387 1155 4444 quam
1179 4371 1371 4427 domus
1408 4369 1500 4439 qui
1522 4366 1791 4423 construit

176 4483 330 4523 eam.
348 4463 510 4522 Vides
535 4464 790 4535 quoniam
814 4478 923 4519 non
945 4462 1010 4518 de
1035 4460 1234 4532 templo
1261 4459 1416 4524 dicit,
1432 4459 1526 4515 sed
1547 4457 1614 4513 de
1641 4455 1789 4532 omni

175 4557 388 4632 populo
411 4557 588 4629 primo
613 4571 774 4627 quem
802 4553 1012 4627 Moyses
1064 4553 1131 4610 de
1178 4551 1412 4624 Egypto
1461 4549 1686 4616 eduxit,
1733 4555 1789 4602 et

177 4650 385 4707 deinde
440 4647 508 4704 de
542 4663 609 4704 eo
652 4662 815 4720 quem
856 4645 1108 4704 Christus
1135 4646 1202 4702 de
1229 4643 1492 4700 diabolica
1535 4641 1804 4708 liberavit

177 4740 471 4803 servitute,
495 4737 708 4809 sibique
729 4737 783 4794 in
810 4738 1030 4794 domum
1053 4735 1362 4807 acquisivit.
1385 4753 1404 4786 ι
1425 4731 1613 4790 Omnis
1632 4747 1788 4787 nam-

183 4852 204 4886 ι
246 4847 362 4904 que
388 4831 586 4888 domus
613 4830 915 4886 fabricatur
941 4829 1010 4885 ab
1037 4827 1246 4899 aliquo,
1270 4826 1362 4897 qui
1392 4833 1572 4881 autem
1602 4823 1786 4879 omnia

183 4943 208 4978 ι
250 4923 490 4991 creavit,
503 4923 647 4980 Deus
667 4932 772 4980 est.
800 4943 820 4977 ι
842 4921 941 4978 Hic
957 4920 1216 4977 factorem
1231 4937 1262 4974 a
1276 4918 1485 4974 factura
1503 4917 1784 4984 discernit,

180 5018 474 5088 utriusque
488 5017 680 5073 domus
692 5016 862 5072 Deum
885 5023 1162 5071 auctorem
1187 5028 1308 5070 esse
1330 5011 1556 5084 intelligi
1579 5011 1784 5067 volens.

180 5111 294 5168 Sed
328 5110 490 5166 aliter
516 5109 679 5175 illius,
709 5109 797 5165 cui
819 5107 1033 5180 Moyses
1056 5105 1304 5179 praefuit,
1330 5105 1490 5161 aliter
1517 5104 1658 5160 illius
1695 5104 1783 5160 cui

179 5204 442 5261 Christus
461 5204 568 5260 dux
587 5218 709 5258 esse
719 5210 776 5257 et
786 5202 1047 5257 Dominus
1069 5199 1436 5272 cognoscitur;
1454 5198 1576 5254 ideo
1591 5197 1784 5254 subse-

180 5304 352 5351 cutus
369 5295 477 5350 ait:
501 5313 519 5346 ‹
541 5293 608 5350 Et
631 5293 843 5366 Moyses
857 5291 1077 5364 quidem
1099 5291 1273 5348 ﬁdelis
1293 5299 1411 5348 erat
1426 5291 1481 5345 in
1497 5297 1609 5346 tota
1624 5289 1786 5344 domo

186 5410 207 5444 ι
243 5389 365 5458 ejus
394 5397 650 5460 tanquam
686 5387 920 5443 famulus
947 5385 1003 5441 in
1025 5383 1394 5440 testimonium
1442 5395 1632 5439 eorum
1664 5395 1786 5450 qua:

187 5501 208 5535 ι
247 5481 477 5537 dicenda
498 5488 682 5538 erant:
701 5480 951 5538 Christus
973 5493 1104 5535 vero
1124 5485 1381 5547 tanquam
1397 5475 1540 5530 ﬁlius
1556 5474 1610 5528 in
1625 5473 1786 5528 domo

185 5589 210 5625 ι
244 5588 344 5628 sua
353 5557 496 5642 ,qum
509 5572 702 5628 domus
713 5587 901 5628 sumus
916 5569 1084 5635 nos,si
1100 5568 1350 5622 ﬁduciam
1362 5575 1418 5621 et
1429 5564 1657 5636 gloriam
1672 5561 1786 5632 spei

187 5683 211 5720 ι
247 5679 421 5735 usque
442 5665 507 5721 ad
543 5663 704 5720 ﬁnem
729 5664 940 5719 ﬁrmam
959 5663 1310 5718 retineamus.
1341 5677 1360 5710 ι
1387 5657 1492 5712 Iste
1513 5664 1711 5719 autem,
1734 5653 1788 5708 id

179 5766 293 5824 est,
323 5755 482 5813 Jesus
511 5757 564 5812 in
590 5764 847 5828 paternas
875 5770 963 5810 res
995 5754 1136 5810 sicut
1165 5751 1309 5806 ﬁlius
1343 5747 1670 5819 ingreditur,
1696 5743 1786 5800 ille

178 5857 392 5918 autem,
408 5848 464 5904 id
484 5855 568 5906 est
579 5847 809 5918 Moyses,
823 5844 1209 5904 sicutfamulus
1221 5843 1338 5900 Dei.
1357 5835 1457 5898 llic
1477 5841 1676 5898 iterum
1690 5852 1786 5896 eos

1812 4607 1866 4670 D

1889 3375 2029 3432 quos
2058 3359 2348 3432 oportebat
2369 3367 2432 3414 ut
2452 3357 2878 3414 recordarentur
2909 3364 3181 3412 tantorum
3203 3355 3301 3411 Dei
3326 3355 3495 3412 bene-

1889 3448 2140 3505 ﬁciorum
2163 3488 2180 3515 ,
2221 3457 2277 3504 et
2320 3447 2594 3520 quomodo
2633 3461 2729 3504 eos
2752 3446 3038 3504 conclusos
3063 3445 3119 3501 in
3146 3445 3327 3502 medio
3357 3445 3495 3501 tanti

1889 3543 2168 3598 exercitus
2179 3540 2565 3614 [Egyptiorum
2593 3540 2800 3611 eripuit
2821 3541 2888 3596 de
2910 3538 3186 3610 periculis,
3216 3546 3273 3594 et
3297 3537 3492 3594 ﬂuvio-

1890 3647 2011 3688 rum
2042 3631 2222 3688 fontes
2243 3631 2360 3686 sine
2387 3627 2604 3686 defectu
2628 3630 2875 3696 donavit,
2896 3639 2955 3686 et
2983 3645 3179 3685 manna
3202 3629 3412 3697 tribuit,
3438 3637 3496 3686 et

1890 3721 1997 3777 alia
2020 3720 2283 3776 miracula
2303 3736 2424 3790 qua:
2441 3730 2698 3790 operatus
2721 3729 2804 3776 est
2824 3720 2926 3786 eis,
2949 3730 3012 3774 ut
3033 3719 3323 3776 crederent
3343 3719 3484 3776 Deo:

1892 3816 1970 3872 illi
2025 3825 2208 3892 autem
2239 3831 2341 3872 nec
2368 3817 2480 3872 Deo
2509 3816 2891 3882 crediderunt,
2923 3830 3026 3871 nec
3065 3815 3260 3870 horum
3288 3813 3493 3885 aliquid

1891 3910 2241 3966 rememorati
2289 3919 2450 3976 sunt,
2493 3909 2588 3964 sed
2633 3910 2828 3964 timore
2853 3908 3133 3980 perterriti
3179 3908 3481 3964 dixerunt:

1896 4023 1918 4058 ι
1956 4003 2321 4061 Revertamur
2347 4005 2402 4060 in
2431 4004 2746 4078 Egyptum.
2781 4025 2801 4058 ›
2839 4005 2983 4061 Deus
3008 4005 3174 4077 igitur
3209 4005 3380 4061 iratus
3409 4007 3488 4062 eis

1890 4095 2019 4167 quia
2062 4095 2142 4151 sic
2175 4095 2330 4151 obliti
2372 4095 2593 4151 fuerunt
2619 4095 3010 4152 beneﬁciorum
3051 4095 3147 4152 Dei
3191 4097 3495 4168 mirabilio-

1891 4203 2125 4258 rumque
2151 4186 2289 4257 ejus,
2315 4187 2522 4257 juravit
2551 4196 2611 4243 ut
2637 4203 2744 4244 non
2769 4188 2996 4242 intraret
3022 4187 3302 4260 generatio
3321 4188 3412 4244 illa
3438 4188 3493 4246 in

1892 4283 2136 4352 requiem
2160 4283 2487 4353 promissam
2509 4282 2638 4338 olim
2660 4283 2988 4354 patribus,et
3005 4283 3087 4340 sic
3106 4298 3296 4340 omnes
3316 4285 3495 4356 perie-

1891 4385 2019 4432 runt
2047 4377 2101 4432 in
2126 4391 2332 4442 eremo,
2355 4386 2556 4448 praeter
2567 4377 2702 4434 duos
2726 4378 3122 4434 tantummodo.
3148 4377 3284 4435 Tres
3309 4378 3492 4448 itaque

1891 4468 2109 4540 requies
2155 4468 2447 4540 Apostolus
2487 4477 2756 4526 memorat
2806 4470 2859 4524 in
2887 4469 2990 4524 hac
3019 4467 3298 4539 Epistola:
3323 4483 3487 4523 unam

1891 4559 2124 4624 sabbati,
2151 4575 2257 4632 qua
2287 4560 2548 4617 Dominus
2576 4559 2843 4632 requievit
2865 4561 2936 4616 ab
2950 4559 3206 4631 operibus
3233 4558 3378 4624 suis;
3405 4572 3489 4614 se-

1891 4650 2192 4708 eundamin
2213 4649 2517 4714 Palaestina,
2548 4651 2599 4706 in
2613 4667 2720 4721 qua
2745 4650 2974 4721 ingressi
2994 4647 3249 4704 Israelita:
3279 4646 3494 4718 requie-

1892 4745 2003 4800 turi
2022 4751 2259 4799 erantex
2281 4743 2502 4799 miseria
2523 4743 2690 4798 multa
2705 4751 2760 4798 et
2779 4741 3088 4806 laboribus;
3111 4737 3350 4804 tertiam,
3367 4753 3488 4808 qua:

1892 4851 2023 4890 vera
2044 4843 2128 4891 est
2148 4835 2388 4906 requies,
2409 4833 2513 4890 hoc
2524 4842 2630 4900 est,
2657 4848 2884 4905 regnum
2907 4831 3194 4896 ctelorum,
3221 4829 3289 4885 ad
3319 4844 3484 4900 quam

1893 4941 2030 4997 quos
2055 4925 2340 4998 pervenire
2363 4925 2674 4994 contigerit,
2699 4924 2754 4978 in
2776 4938 2883 4994 qua
2908 4936 3098 4978 revera
3132 4921 3488 5002 requiescunt

1895 5033 1926 5072 a
1947 5016 2224 5073 laboribus
2247 5025 2303 5072 et
2325 5014 2730 5072 difﬁcultatibus
2752 5016 2884 5082 suis,
2901 5016 2969 5071 de
2987 5030 3093 5087 qua
3114 5014 3205 5070 hic
3222 5013 3484 5086 propheta

1892 5111 2130 5181 loquitur
2157 5110 2225 5164 ad
2251 5124 2409 5165 veros
2434 5108 2705 5164 Israelitas
2727 5108 2952 5164 dicens:
2983 5127 3003 5162 ι
3037 5107 3208 5165 Hodie
3226 5108 3273 5164 si
3295 5121 3485 5163 vocem

1893 5199 2010 5270 ejus
2039 5201 2320 5257 audieritis
2345 5217 2413 5257 ne
2437 5201 2716 5258 obduretis
2730 5202 2896 5258 corda
2916 5212 3118 5267 vestra,
3146 5219 3166 5253 ι
3193 5216 3262 5256 ne
3285 5198 3482 5256 similia

1892 5291 2193 5364 patiamini,
2209 5292 2388 5362 qualia
2404 5292 2775 5363 progenitores
2793 5294 2958 5349 vestri
2973 5292 3118 5364 passi
3140 5301 3265 5348 sunt
3287 5301 3342 5347 et
3359 5292 3475 5362 pri-

1893 5383 2006 5438 vati
2023 5391 2148 5439 sunt
2167 5383 2350 5452 requie
2380 5382 2643 5452 promissa
2671 5400 2685 5436 :
2711 5383 3002 5453 aliquando
3026 5383 3173 5438 enim
3197 5381 3487 5437 audierunt

1894 5481 2081 5546 patres
2111 5474 2274 5529 vestri
2304 5489 2492 5530 vocem
2551 5473 2693 5531 illius
2736 5490 2834 5547 per
2876 5473 3093 5547 Moysen
3125 5482 3181 5530 et
3230 5470 3482 5529 obduratl

1895 5573 2022 5622 sunt
2048 5582 2063 5631 ;
2097 5580 2226 5638 ergo
2257 5573 2385 5620 tunc
2415 5581 2512 5636 per
2538 5579 2840 5636 praeconem
2871 5566 3082 5622 locutus
3114 5575 3220 5630 est,
3265 5562 3483 5634 quando

1893 5657 2202 5714 obdurastis
2225 5658 2389 5713 corda
2414 5667 2614 5724 vestra,
2636 5674 2732 5728 per
2753 5673 2812 5714 se
2831 5673 2972 5713 nunc
2993 5657 3250 5727 loquitur,
3265 5653 3484 5710 molles.

1894 5759 2019 5806 cant
2056 5750 2218 5805 corda
2273 5757 2491 5815 vestra;
2527 5749 2619 5820 qui
2656 5763 2936 5820 praecones
2991 5755 3122 5802 ante
3150 5761 3208 5801 se
3231 5743 3486 5800 mittebat

1892 5843 2010 5918 ipse
2036 5842 2221 5900 venire
2248 5843 2498 5914 dignatus
2551 5852 2658 5913 est,
2707 5858 2804 5901 ore
2825 5857 2925 5899 suo
2970 5841 3060 5898 hic
3102 5839 3338 5909 loquitur
3381 5837 3482 5905 qui

3963 4001 3967 4160 l

3961 4223 3965 4366 J

3959 4389 3963 4586 ί

3957 4621 3961 4815 Ι

3955 4859 3959 5051 Ι
