3992 6338
474 336 575 394 751

1108 330 1171 387 B.
1212 327 1465 391 BABANI
1500 326 1720 385 MAURI
1757 323 2073 380 ARClllEP.
2112 322 2420 381 MOGUNT.
2459 278 2741 378 OPERUM
2777 320 2957 375 PARS
2995 319 3081 375 ιιι.

3631 319 3735 374 752

472 444 795 516 loquebatur
817 457 914 514 per
934 456 1029 497 ora
1058 442 1462 512 prophetarum,
1488 438 1555 493 ad
1583 437 1699 507 ejus
1720 450 1847 489 vero
1870 446 2057 486 vocem
2084 438 2137 501 Α
2160 434 2388 502 peccati,
2429 435 2531 489 hoc
2564 441 2668 497 est,
2696 430 3029 489 inﬁdelitate.
3072 431 3320 486 Attendis
3341 431 3469 503 quia
3502 430 3737 485 inﬁdeli-

477 530 567 605 qui
596 546 898 607 praeconem
950 530 1117 597 misit,
1147 538 1201 585 et
1230 546 1373 584 nunc
1422 544 1519 599 per
1545 541 1603 585 se
1640 524 1858 587 clamat,
1889 521 2051 577 nolite

475 622 725 680 claudere
774 621 937 678 corda
984 629 1187 686 vestra,
1248 616 1604 674 recordamini
1647 612 1916 686 quomodo
1954 613 2049 667 οῦν

472 712 650 770 durati
674 719 800 768 sunt
826 719 1007 781 patres
1029 707 1288 774 vestri,et
1303 706 1568 778 quomodo
1592 720 1698 759 non
1730 702 2049 757 introierunt

473 806 529 875 in
561 802 799 875 requiem
834 801 1172 873 promissam,
1217 798 1310 855 sed
1337 797 1615 852 amaricati
1651 782 2052 850 murmurantes

478 874 667 953 contra
713 892 880 948 Deum
917 891 1237 967 perierunt;
1287 897 1473 959 patres
1521 885 1687 943 vestri
1751 892 1906 939 erant
1958 882 2051 953 qui

473 987 771 1059 perierunt.
825 982 1001 1038 Nolite
1044 980 1241 1037 imitari
1270 995 1399 1043 eos;
1434 987 1617 1049 patres
1656 976 1823 1031 vestri
1870 986 2050 1037 erant.

476 1078 568 1132 scd
601 1076 647 1131 si
687 1075 879 1130 imitati
928 1087 1024 1128 eos
1080 1087 1185 1126 non
1222 1068 1453 1133 fueritis,
1510 1077 1691 1137 patres
1723 1066 1889 1121 vestri
1941 1081 2049 1121 non

471 1177 653 1232 erunt,
678 1166 926 1237 quamvis
949 1164 1015 1218 de
1041 1163 1121 1218 eis
1147 1161 1256 1216 nati
1278 1162 1415 1225 sitis,
1441 1160 1672 1214 scientes
1705 1178 1722 1209 ‹
1758 1158 1883 1228 quia
1910 1158 2052 1212 Deus

472 1268 665 1330 potens
691 1256 862 1313 estde
890 1254 1154 1325 lapidibus
1194 1253 1455 1307 suscitare
1486 1250 1625 1303 ﬁlios
1648 1249 1873 1302 Abrahae
1891 1245 2041 1318 (Luc.

472 1352 576 1421 tu).
624 1369 643 1402 ι
672 1348 1035 1419 Quadraginta
1064 1340 1106 1395 ἰ
1143 1344 1298 1397 annis
1341 1341 1576 1395 oﬂensus
1612 1338 1687 1393 fui
1716 1337 2052 1409 generationi

472 1441 619 1496 huic.
651 1460 670 1493 ›
704 1438 885 1494 Multis
912 1437 1084 1492 modis
1126 1451 1220 1491 eos
1244 1435 1492 1505 castigat,
1534 1431 1635 1502 ipsi
1674 1440 1851 1485 tamen
1906 1446 2051 1485 scm-

471 1548 569 1603 per
598 1531 759 1587 corde
790 1536 1126 1585 erraverunt.
1160 1525 1532 1596 Quadraginta
1558 1524 1671 1577 dies
1700 1521 1962 1578 Dominus
1997 1521 2052 1575 in

470 1623 686 1680 deserto
715 1619 1001 1691 jejunavit,
1028 1626 1088 1673 ut
1129 1617 1485 1686 triumpharet
1531 1614 1597 1670 de
1631 1630 1715 1679 eo,
1744 1629 1841 1685 per
1888 1628 2053 1683 quem

472 1715 546 1769 illi
581 1712 932 1785 quadraginta
963 1722 1134 1764 annos
1161 1718 1636 1762 tnurmuraverunt
1666 1715 1852 1761 contra
1884 1703 2053 1758 Deum

2156 534 2238 580 tas
2282 536 2562 597 peceatum
2595 525 2742 589 facit,
2771 526 2909 580 sicut
2945 524 3088 580 enim
3122 524 3412 581 inﬁdelitas
3444 523 3741 592 malignam

2151 614 2317 670 vitam
2352 625 2625 686 procreat,
2653 617 2731 673 sic
2758 617 2921 671 etiam
2951 617 3129 671 anima
3179 617 3396 685 quando
3429 616 3487 669 in
3515 615 3744 685 profun-

2152 706 2278 761 dunt
2307 707 2568 762 malorum
2591 708 2798 763 venerit
2823 707 3117 762 contemnit
3142 725 3154 760 :
3180 718 3538 763 contemnens
3560 716 3743 761 autem

2152 812 2325 866 neque
2371 799 2591 853 credere
2630 800 2852 869 patitur,
2881 806 2939 853 ut
2968 813 3023 854 se
3052 813 3083 852 a
3138 798 3329 855 timore
3379 797 3575 852 mortis
3623 813 3744 869 per-

2152 896 2327 957 petua:
2362 888 2569 943 liberet.
2596 888 2801 944 Deinde
2827 888 2989 944 infert
3020 888 3347 959 Apostolus:
3385 908 3403 941 ι
3436 888 3744 958 Participes

2159 998 2177 1029 ‹
2213 980 2357 1033 enim
2386 979 2587 1034 Christi
2617 977 2793 1036 eﬁ‘eCti
2842 996 3048 1035 sumus.
3085 1000 3103 1031 ι
3138 980 3279 1049 Quid
3301 989 3409 1047 est,
3442 982 3745 1052 participes

2153 1066 2327 1124 ell‘ecti
2355 1085 2542 1125 sumus
2568 1068 2805 1125 Christi?
2830 1070 3213 1141 participamus
3242 1086 3306 1125 ex
3328 1086 3416 1136 eo,
3456 1072 3661 1143 inquit,
3692 1071 3745 1127 id

2152 1171 2235 1215 est
2274 1178 2438 1215 unum
2487 1162 2661 1217 elfecti
2714 1178 2899 1217 sumus
2946 1178 3070 1217 cum
3126 1162 3234 1227 illo,
3297 1160 3571 1233 siquidem
3633 1164 3746 1234 ipse

2153 1264 2315 1325 Caput
2335 1268 2415 1310 est
2433 1265 2485 1310 et
2513 1272 2610 1311 nos
2632 1258 2891 1321 membra,
2910 1236 3220 1312 cohaeredes
3232 1265 3288 1311 et
3305 1272 3408 1311 con
3426 1256 3748 1327 corporales

2154 1347 2250 1411 illi,
2281 1347 2574 1402 secundum
2608 1348 2904 1418 spiritalem
2963 1349 3233 1403 hominem
3283 1349 3375 1418 qui
3409 1358 3639 1403 creatus
3666 1358 3751 1403 est

2154 1439 2209 1494 in
2244 1439 2378 1509 ipso.
2428 1456 2446 1489 ‹
2476 1436 2532 1492 Si
2563 1448 2739 1493 tamen
2787 1439 2999 1493 initium
3054 1439 3369 1494 substantiae
3400 1438 3525 1508 ejus
3572 1455 3751 1510 usque

2153 1530 2221 1585 ad
2268 1528 2428 1584 finem
2472 1529 2681 1583 ﬁrmam
2734 1530 3083 1584 retineamus.
3134 1549 3153 1583 ι
3188 1528 3327 1597 Quid
3385 1540 3473 1584 est
3532 1531 3752 1584 initium

2156 1619 2470 1675 substantia:
2483 1619 2705 1674 ‘IFidcm
2719 1620 2989 1689 signiﬁcat
3012 1635 3109 1693 per
3133 1636 3294 1689 quam
3318 1622 3679 1676 subsistimus
3696 1629 3753 1675 et

2156 1716 2267 1770 Deo
2288 1717 2400 1770 nati
2425 1731 2610 1769 sumus
2634 1716 2688 1770 in
2721 1714 2878 1780 ﬁlios,
2907 1725 2962 1770 et
2984 1715 3321 1779 essentiales,
3348 1724 3407 1768 ut
3438 1712 3518 1767 ita
3544 1713 3752 1779 dicam,

470 1807 525 1862 in
571 1819 775 1861 eremo.
829 1802 1063 1871 Postque
1118 1807 1544 1854 consummatam
1604 1796 1658 1850 in
1716 1795 1964 1866 passione
2002 1804 2054 1848 et

2161 1809 2287 1864 facti
2321 1825 2507 1864 sumus
2533 1827 2547 1866 :
2572 1809 2713 1879 quod
2747 1809 3155 1880 diligentissime
3199 1807 3611 1864 observandum
3646 1815 3755 1869 est,

468 1897 864 1954 resurrectione
906 1900 1073 1950 totam
1110 1889 1352 1945 victoria:
1404 1888 1631 1960 gloriam
1690 1886 2049 1958 quadraginta

468 1992 654 2048 diebus
682 1989 786 2044 fuit
823 2003 944 2044 cum
967 1983 1264 2055 discipulis,
1296 1991 1582 2050 antequam
1619 1979 1813 2035 cmlum
1856 1995 2049 2033 ascen-

470 2082 639 2138 deret.
690 2079 887 2136 Primis
915 2077 1268 2148 quadraginta
1298 2075 1484 2127 die',us
1510 2072 1867 2126 tentationum
1892 2069 2051 2139 hujus

468 2170 916 2246 peregrinationis
961 2167 1219 2232 ostendit,
1259 2164 1649 2236 posterioribus
1696 2161 2052 2232 quadraginta

468 2268 658 2323 diebus
700 2263 1146 2326 consolationem,
1180 2275 1342 2330 quam
1406 2256 1578 2312 sancti
1632 2254 1868 2308 habituri
1925 2260 2052 2307 sunt

469 2361 523 2416 in
546 2359 738 2432 patria.
764 2357 973 2426 Corpus
1000 2355 1144 2409 enim
1170 2350 1308 2420 ejus,
1336 2348 1388 2403 id
1415 2355 1497 2402 est
1530 2345 1787 2407 Ecclesia,
1829 2358 2053 2399 necesse

472 2457 556 2504 est
609 2456 669 2502 ut
712 2452 1012 2502 tentaretur
1060 2443 1112 2496 in
1168 2443 1271 2495 hoc
1320 2436 1547 2499 saeculo,
1613 2435 1709 2489 sed
1748 2450 1854 2489 non
1902 2432 2053 2489 deest

470 2537 559 2593 ille
612 2533 939 2595 consolator,
960 2531 1053 2602 qui
1078 2530 1244 2584 dixit:
1275 2546 1294 2579 ι
1328 2527 1467 2581 Ecce
1495 2539 1595 2597 ego
1623 2524 1900 2579 vobiscum
1935 2538 2054 2580 sum

467 2643 640 2700 usque
667 2626 736 2682 ad
777 2621 1300 2684 consummationem
1340 2617 1519 2676 smculi
1564 2615 1777 2689 (Matth.
1806 2616 2000 2689 xxviii)
2030 2635 2049 2667 ι

473 2739 492 2773 ι
548 2717 753 2788 Quibus
795 2714 976 2788 juravi
1024 2722 1247 2787 propter
1293 2710 1666 2766 inﬁdelitatem
1744 2724 1896 2779 suam
1942 2725 2050 2765 non

472 2811 723 2867 introisse
750 2810 805 2865 in
829 2807 1072 2881 requiem
1099 2820 1296 2863 meam.
1334 2824 1352 2856 ι
1396 2801 1567 2871 Loqui
1599 2800 1768 2856 Deum
1798 2816 2054 2873 maguum

466 2913 571 2973 est,
612 2910 816 2979 quanto
849 2901 1022 2977 magis
1049 2901 1268 2973 jurare:
1287 2896 1559 2970 juratione
1582 2896 2055 2952 conﬁrmationem

470 2998 587 3055 ﬁeri
622 2997 811 3054 voluit.
843 2995 949 3051 Per
977 3011 1138 3069 quem
1168 2996 1319 3067 jurat
1357 2994 1499 3048 Deus
1532 2990 1633 3046 nisi
1668 3008 1762 3063 per
1786 2990 2059 3063 seipsum?

469 3091 586 3146 Non
615 3090 762 3146 enim
787 3089 947 3145 habet
986 3074 1246 3161 majorem
1282 3100 1380 3156 per
1411 3098 1572 3155 quem
1617 3083 1782 3155 juret,
1840 3098 1939 3156 per
1973 3098 2058 3139 se-

2155 1915 2222 1954 ne
2248 1898 2529 1968 cujuslibet
2551 1899 2808 1954 doctrina:
2837 1898 3044 1953 macula
3067 1913 3485 1969 corrumpantur
3508 1914 3523 1963 ;
3551 1896 3759 1951 deinde

2155 1988 2419 2046 subiufert
2441 1988 2730 2059 Apostolus
2759 1989 2933 2043 adhuc
2956 1989 3113 2045 hodie
3138 1988 3335 2042 dicere.
3371 1986 3538 2059 (Αιὸ.)
3568 2008 3589 2037 ‹
3616 1986 3759 2040 Dum

2156 2079 2374 2141 dicitur,
2405 2078 2597 2149 inquit,
2626 2077 2781 2132 hodie
2816 2076 2860 2132 si
2891 2092 3076 2131 vocem
3106 2078 3222 2145 ejus
3250 2076 3551 2139 audieritis,
3578 2076 3759 2130 nolite

2155 2170 2424 2225 obdurare
2469 2168 2630 2224 corda
2670 2177 2873 2234 vestra,
2911 2168 3362 2237 quemadmodum
3412 2168 3467 2222 in
3512 2167 3609 2222 illa
3660 2182 3763 2221 ex-

2156 2261 2499 2317 acerbatioue
2522 2281 2540 2312 »
2568 2275 2737 2330 usque
2762 2281 2778 2310 ι
2799 2276 2865 2316 ex
2887 2261 2969 2315 his
2990 2276 3109 2331 qua:
3134 2261 3437 2315 audierunt.
3459 2280 3479 2311 ι
3500 2259 3605 2313 llic
3626 2274 3762 2314 vero

2153 2353 2442 2426 Apostolus
2470 2353 2843 2424 propheticum
2868 2353 3231 2408 testimonium
3259 2353 3426 2409 intrat
3450 2353 3763 2424 explanare

2155 2446 2298 2517 quod
2337 2445 2590 2516 superius
2648 2446 2861 2516 posuit;
2888 2445 3026 2499 dixit
3053 2445 3233 2500 enim:
3278 2466 3296 2498 ι
3326 2445 3503 2511 hodie,
3540 2446 3764 2516 inquit,

2156 2539 2204 2595 si
2232 2554 2418 2594 vocem
2448 2539 2567 2609 ejus
2598 2539 2899 2603 audieritis,
2934 2554 3004 2594 ne
3038 2538 3315 2594 obduretis
3342 2539 3503 2594 corda
3532 2549 3766 2605 vestra,

2158 2631 2298 2687 sicut
2328 2630 2380 2685 in
2406 2630 2788 2687 amaritudine.
2822 2628 3028 2704 (Ιοαη.)
3065 2630 3307 2699 Quorum
3351 2630 3769 2686 obduratorum

2160 2722 2489 2778 mentionem
2514 2719 2677 2777 facit?
2698 2722 3055 2793 quorumdam
3082 2722 3414 2778 inﬁdelium?
3437 2736 3633 2777 nonne
3668 2738 3770 2778 eo-

2158 2830 2278 2869 rum
2297 2829 2525 2883 quorum
2549 2814 2816 2869 cadavera
2830 2820 3101 2885 prostrata
3119 2821 3245 2868 sunt
3266 2815 3319 2869 in
3342 2812 3771 2884 deserto?quod

2158 2904 2304 2958 enim
2347 2902 2479 2959 dicit
2508 2903 2615 2958 tale
2644 2911 2765 2958 est:
2798 2920 2816 2953 ‹
2845 2902 3148 2957 Audierunt
3164 2911 3221 2958 et
3240 2903 3336 2971 illi,
3364 2902 3552 2973 inquit,
3607 2904 3773 2959 sicut

2159 3006 2216 3051 et
2244 3009 2342 3050 nos
2364 2993 2633 3059 audimus,
2647 2993 2742 3049 sed
2769 2993 2895 3064 quid
2910 2993 3230 3064 profuitillis
3248 3008 3424 3050 sermo
3443 2993 3684 3049 auditus
3698 2994 3727 3047 ?
3747 3012 3766 3045 ι

2159 3086 2278 3143 Non
2303 3103 2431 3160 ergo
2455 3087 2655 3159 putetis
2672 3088 2794 3159 quia
2818 3102 2883 3142 ex
2900 3087 3085 3143 auditu
3109 3096 3314 3144 tantum
3344 3087 3775 3158 praedicationis

470 3183 645 3255 ipsum
671 3181 958 3241 conﬁrmat
992 3188 1261 3253 prteccpta
1299 3195 1421 3245 sua,
1455 3191 1553 3250 per
1583 3178 1819 3249 seipsum
1856 3176 2057 3233 conﬁr—
2082 3183 2131 3250 α
2154 3180 2416 3255 juvemini
2445 3181 2595 3252 quia,
2628 3190 2681 3236 et
2704 3180 2779 3235 illi
2804 3182 3091 3237 audierunt
3117 3196 3213 3252 per
3235 3179 3467 3254 Moysen,
3487 3181 3584 3236 sed
3618 3180 3777 3237 nihil

467 3283 580 3330 mat
603 3275 778 3330 minas
805 3287 959 3327 suas:
988 3272 1129 3327 sicut
1158 3286 1347 3327 verum
1369 3280 1452 3327 est
1480 3273 1624 3347 quod
1647 3268 1934 3342 promittit,
1976 3268 2056 3323 sic

467 3378 677 3425 certum
704 3375 789 3422 est
829 3365 972 3435 quod
999 3365 1255 3423 minatur.
1289 3363 1500 3419 Juravit
1552 3374 1744 3419 utnon
1793 3363 2060 3418 intrarent

469 3459 525 3514 in
556 3458 794 3529 requiem
829 3457 1019 3528 ipsius,
1064 3469 1121 3513 et
1157 3466 1336 3513 tamen
1367 3465 1579 3530 Oportet
1612 3458 1817 3513 intrare
1847 3455 2058 3525 aliquos

469 3550 526 3609 in
557 3550 795 3623 requiem
822 3549 1020 3622 ipsius:
1046 3549 1151 3609 illis
1184 3566 1313 3623 ergo
1345 3552 1670 3623 reprobatis,
1700 3566 1798 3607 nos
1826 3547 2055 3606 intrabi-

471 3656 613 3707 mus,
655 3642 781 3713 quia
824 3640 870 3697 si
902 3641 1067 3715 aliqui
1106 3659 1173 3699 ex
1209 3644 1375 3701 ramis
1400 3653 1624 3716 propter
1661 3639 2057 3698 dissimilitudi-

469 3748 594 3789 nem
630 3742 687 3789 et
720 3732 1093 3789 inﬁdelitatem
1121 3732 1280 3791 fracti
1313 3743 1461 3802 sunt,
1508 3751 1607 3791 nos
1634 3741 1854 3806 propter
1896 3730 2055 3785 ﬁdem

470 3834 528 3881 et
565 3824 927 3882 humilitatem
973 3824 1295 3882 inseramur.
1336 3824 1544 3899 (Ιοαη.)
1599 3824 1857 3896 Sequitur
1907 3822 2055 3878 enim

471 3919 785 3979 exhortatio
845 3919 1140 3992 apostolica
1197 3919 1264 3975 ad
1323 3920 1579 3993 populum
1631 3920 1699 3975 de
1757 3917 1942 3989 requie
1972 3915 2056 3972 in-

470 4013 750 4077 troeunda,
794 4012 924 4071 dicit
954 4011 1127 4068 enim:
1178 4030 1196 4063 ι
1226 4010 1436 4077 Videte,
1466 4010 1683 4075 fratres,
1709 4026 1777 4067 ne
1817 4010 1957 4065 forte
1985 4008 2059 4064 sit

476 4126 495 4160 ί
531 4107 586 4163 in
635 4105 819 4178 aliquo
869 4115 1110 4162 vestrum
1151 4121 1247 4162 cor
1288 4106 1488 4161 malum
1514 4101 1906 4162 incredulitatis
1938 4099 2055 4156 dis-

473 4213 497 4251 σ
528 4194 751 4253 cedendi
776 4211 811 4251 a
856 4195 969 4250 Deo
995 4195 1137 4251 vivo.
1164 4216 1183 4249 ι
1217 4194 1424 4267 Quippe
1444 4212 1539 4266 per
1552 4196 1802 4250 duritiam
1824 4190 2057 4247 inﬁdeli-

472 4294 556 4341 tas
580 4285 839 4351 nascitur,
873 4290 928 4338 et
958 4283 1101 4339 sicut
1128 4284 1391 4340 obdurata
1437 4299 1663 4353 corpora
1698 4289 1755 4338 et
1786 4282 1919 4337 dura
1948 4294 2058 4335 non

474 4377 848 4449 obsequuntur
884 4376 1133 4432 manibus
1155 4376 1508 4440 medicorum,
1533 4376 1613 4431 sic
1641 4383 1695 4430 et
1729 4372 1926 4429 anima:
1957 4370 2055 4426 ob-

480 4469 688 4529 duratae
718 4483 824 4524 non
851 4467 1224 4538 obsequuntur
1250 4467 1416 4523 verbo
1466 4466 1582 4523 Dei.
1610 4465 1668 4521 Si
1698 4466 1842 4522 enim
1865 4470 2051 4535 putres

2159 3274 2410 3331 utilitatis
2434 3291 2497 3331 ex
2523 3273 2708 3329 auditu
2732 3275 3056 3340 habuerunt,
3084 3274 3340 3345 quoniam
3367 3289 3461 3329 nec
3496 3274 3773 3329 credide-

2159 3374 2305 3431 runt;
2326 3380 2425 3420 nec
2437 3380 2617 3421 sermo
2630 3364 2844 3420 auditus
2858 3365 2961 3420 ﬁde
2975 3372 3408 3435 contemperatus
3418 3373 3522 3429 est,
3537 3365 3775 3421 discre-

2155 3458 2235 3513 vit
2259 3473 2354 3513 eos
2379 3458 2469 3529 qui
2486 3458 2832 3514 crediderunt
2852 3458 3018 3513 verbo
3032 3458 3100 3514 ab
3127 3458 3230 3514 illis
3251 3460 3343 3530 qui
3368 3473 3470 3515 non
3500 3460 3777 3517 credide-

2157 3559 2304 3606 runt.
2321 3551 2614 3617 Aitenim,t
2633 3552 2728 3608 sed
2741 3567 2847 3608 non
2861 3552 3128 3608 universi:
3152 3551 3342 3608 iCaleb
3354 3568 3479 3609 vero
3491 3553 3777 3623 etJosue,

2157 3643 2285 3714 quia
2306 3661 2411 3699 non
2440 3653 2833 3700 consenserunt
2855 3643 3180 3710 inﬁdelibus,
3205 3642 3501 3717 effugerunt
3523 3661 3773 3718 penam

2156 3752 2279 3808 quae
2305 3736 2412 3794 illis
2444 3737 2591 3793 illata
2616 3747 2719 3794 est.
2757 3736 2866 3794 Nec
2896 3739 2999 3794 hoc
3033 3737 3206 3794 solum
3236 3737 3342 3794 illis
3370 3739 3633 3794 donatum
3678 3752 3779 3798 est

2158 3836 2389 3884 mortem
2421 3828 2671 3896 evadere,
2703 3844 2808 3901 qua
2859 3829 3040 3886 caeteri
3089 3830 3389 3901 perierunt,
3427 3830 3523 3886 sed
3575 3832 3773 3888 etiam

2158 3922 2343 3979 datum
2395 3929 2478 3977 est
2507 3921 2612 3979 illis
2642 3932 2842 3978 terram
2874 3921 3315 3992 repromissionis
3339 3922 3561 3991 intrare,
3591 3938 3772 3980 eam-

2158 4029 2265 4086 que
2286 4013 2630 4070 laudabiliter
2656 4029 2755 4087 pro
2773 4029 2871 4069 sua
2902 4013 3149 4084 portione
3176 4013 3471 4086 possidere.

2758 4103 2988 4161 CAPUT
3049 4104 3138 4160 IV.

2158 4197 2237 4254 De
2264 4198 2512 4283 intranda
2539 4198 2734 4283 caelesti
2744 4199 2971 4283 .reqm'e,’
2988 4196 3238 4283 umquam
3275 4197 3766 4283 festinandae-tear,

2227 4278 2438 4394 ιῶοηΰτ
2488 4269 2845 4325 excellentiam
2916 4269 3204 4323 divinitatis
3278 4269 3329 4324 et
3402 4269 3769 4325 humanitati:

2312 4356 2354 4393 η
2406 4357 2444 4395 ι.

2237 4470 2257 4506 ι
2294 4453 2608 4509 Timeamus
2635 4467 2765 4524 ergo
2804 4467 2893 4517 ne,
2924 4451 3066 4508 forte
3118 4450 3307 4507 relicta
3358 4449 3769 4521 pollicitatione

472 4561 659 4627 vestri,
690 4560 886 4631 inquit,
916 4561 1043 4635 quia
1072 4574 1177 4613 non
1222 4566 1575 4628 speraverunt
1602 4559 1743 4613 sicut
1776 4555 2062 4626 oportebat
2086 4549 2141 4611 Ι)
2170 4562 2190 4598 ί
2247 4545 2553 4601 introeundi
2591 4545 2645 4600 ίη
2705 4546 2944 4614 requiem
2973 4542 3111 4612 eius.
3156 4544 3498 4599 οιίεῐίωαυτ
3549 4542 3769 4614 ﬁliani!

474 4664 714 4722 sperare,
743 4650 857 4707 haec
898 4648 1042 4719 passi
1095 4657 1221 4704 sunt
1270 4664 1389 4718 quae
1442 4647 1695 4720 leguntur
1729 4646 1781 4701 in
1813 4644 2062 4711 historia,

475 4742 629 4814 cujus
670 4749 795 4798 ante
840 4741 1279 4806 memoravimus,
1316 4749 1370 4796 et
1419 4740 1700 4809 pericrunt
1754 4737 1806 4794 in
1844 4736 2061 4794 deserto

477 4842 696 4906 propter
724 4832 976 4888 duritiam
1010 4833 1206 4899 cordis,
1237 4831 1405 4887 multo
1448 4830 1681 4901 amplius
1713 4826 1867 4884 vobis
1932 4824 2061 4879 talia

480 4921 720 4978 timenda
769 4930 913 4989 sunt,
941 4922 1080 4977 sicut
1108 4921 1213 4977 illis
1261 4920 1603 4985 acciderunt;
1642 4919 1709 4973 ad
1742 4917 1864 4972 illos
1910 4914 2060 4969 enim

479 5028 661 5073 sermo
693 5013 793 5069 iste
832 5011 1008 5069 factus
1047 5022 1129 5069 est
1158 5014 1250 5083 qui
1288 5014 1342 5067 in
1396 5011 1681 5084 praesentia
1708 5007 1926 5064 fuerunt
1970 5004 2059 5061 vel

479 5102 643 5163 futuri
660 5112 787 5163 sunt
810 5120 825 5160 :
851 5105 971 5161 ideo
995 5105 1125 5160 dicit
1144 5123 1163 5156 ι
1192 5104 1406 5170 hodie,»
1425 5103 1580 5159 hodie
1595 5116 1826 5172 namque
1847 5113 2061 5169 semper

477 5208 563 5258 est
589 5198 758 5256 donec
800 5207 1013 5255 constat
1056 5198 1310 5263 mundus,
1338 5198 1505 5251 intrat
1532 5195 1677 5249 enim
1716 5193 1835 5265 plus
1877 5193 2059 5247 dicere

480 5292 547 5351 de
594 5292 755 5351 hodie
798 5300 855 5347 et
912 5288 1184 5359 subiungit
1238 5289 1454 5344 dicens:
1492 5308 1510 5340 ‹
1556 5286 1663 5342 Sed
1695 5284 2059 5340 adhortamini

486 5405 507 5445 ς
562 5385 917 5456 vosmetipsos
962 5396 1061 5453 per
1116 5380 1356 5451 singulos
1397 5380 1511 5435 dies
1562 5378 1733 5433 donec
1779 5377 1937 5433 hodie
1966 5391 2059 5432 co-

486 5497 508 5534 t
565 5479 931 5553 gnominatur,
983 5484 1043 5531 ut
1092 5492 1197 5533 non
1256 5474 1555 5530 obduretur
1603 5474 1725 5543 quis
1779 5488 1845 5528 ex
1901 5470 2058 5526 vobis

486 5595 505 5628 α
556 5570 765 5637 fallacia
786 5569 1017 5643 peccati.
1036 5588 1055 5621 ι
1086 5566 1199 5622 Hoc
1224 5574 1307 5622 est
1335 5584 1348 5621 :
1375 5566 1634 5621 :ediﬁcate
1664 5564 1911 5629 invicem,
1938 5577 2058 5616 cor-

488 5662 643 5733 rigile
689 5659 1068 5731 vosmetipsos,
1098 5673 1165 5714 ne
1194 5658 1509 5729 contingant
1538 5658 1691 5711 vobis
1719 5655 1936 5719 similia,
1990 5668 2060 5709 ne

486 5754 775 5837 ψόαι-ρων
830 5755 1116 5831 quisquam
1171 5768 1241 5811 ex
1292 5752 1447 5811 vobis
1499 5752 1799 5825 decipiente
1851 5752 2060 5809 fallacia

2172 4657 2192 4693 α
2233 4655 2297 4696 ex
2317 4639 2470 4694 vobis
2486 4638 2691 4693 deesse.
2721 4658 2741 4692 ι
2770 4637 2935 4711 (Αω.)
2965 4636 3274 4692 Timeamus
3290 4650 3388 4691 nos
3408 4650 3538 4690 vero
3556 4649 3765 4692 eorum

2164 4732 2520 4803 perditionem
2546 4738 2600 4785 et
2641 4729 2847 4799 justum
2881 4730 2973 4784 Dei
3004 4727 3266 4799 judicium
3294 4734 3619 4791 metuamus,
3658 4728 3765 4797 qui

2164 4824 2355 4879 reddet
2407 4822 2700 4893 unicuique
2745 4822 3039 4876 secundum
3091 4834 3255 4891 opera
3291 4816 3429 4887 ejus.
3482 4816 3766 4888 Requiem

2164 4915 2551 4985 sempiternam
2584 4912 2744 4967 ﬁdem
2771 4912 3111 4977 habentibus,
3144 4925 3267 4966 eam
3300 4920 3475 4965 tamen
3501 4924 3625 4980 qua:
3656 4926 3769 4980 per

2160 5006 2503 5077 dilectionem
2521 5016 2793 5077 operatur.
2826 5005 2941 5061 Non
2968 5005 3508 5073 credentibusitaque
3529 5018 3765 5074 penam

2160 5109 2496 5171 perpetuam,
2553 5116 2624 5155 ne
2682 5101 2844 5166 forte,
2876 5100 3067 5155 relicta
3118 5098 3509 5168 pollicitatione
3582 5111 3765 5166 quam

2163 5192 2410 5248 dedimus
2466 5193 2576 5248 Deo
2608 5193 2660 5247 in
2714 5191 3007 5262 baptismo,
3046 5191 3239 5246 iterum
3295 5196 3637 5245 revertamur
3688 5188 3769 5245 ad

2163 5296 2326 5350 opera
2360 5281 2694 5337 inﬁdelitatis
2750 5294 2871 5351 quae
2900 5280 3271 5335 abdicavimus
3321 5292 3507 5334 coram
3562 5276 3767 5332 multis

2164 5373 2392 5429 testibus
2407 5390 2421 5438 ;
2436 5374 2805 5443 unusquisque
2818 5374 3101 5443 peripsum
3116 5371 3401 5437 laboretne
3416 5369 3558 5427 forte
3570 5369 3767 5424 minus

2167 5464 2357 5534 dignus
2400 5465 2709 5519 inveniatur
2744 5464 3048 5518 introeundi
3082 5464 3136 5518 in
3172 5463 3415 5532 requiem
3446 5460 3562 5515 Dei.
3598 5477 3617 5509 α
3658 5458 3766 5514 ει.

2173 5572 2193 5607 ι
2232 5557 2373 5610 enim
2386 5566 2443 5611 et
2462 5557 2616 5611 nobis
2639 5556 2940 5611 nuntiatum
2960 5564 3039 5610 est
3062 5555 3515 5624 quemadmodum
3534 5560 3594 5607 et
3604 5549 3762 5607 illis:

2178 5666 2195 5701 ι
2230 5649 2324 5703 sed
2354 5662 2457 5703 non
2488 5648 2689 5718 profuit
2734 5648 2841 5703 illis
2874 5662 3055 5703 sermo
3094 5647 3306 5702 auditus
3345 5660 3451 5699 non
3481 5643 3767 5700 admisti:

2174 5761 2192 5794 ι
2230 5742 2353 5799 ﬁdei
2382 5758 2450 5798 ex
2477 5742 2563 5800 his
2587 5758 2706 5815 quae
2751 5742 3057 5799 audierunt.
3101 5759 3121 5794 ι
3152 5739 3366 5797 Etenim
3396 5736 3555 5795 nobis
3604 5750 3771 5793 unus
