3992 6338
128 292 246 351 733

598 287 1155 347 ENARRATIONUM
1191 289 1260 348 IN
1298 291 1450 348 EPP.
1486 292 1697 350 PAULI
1734 293 1864 350 LIB.
1903 292 2119 350 XXVII.
2162 324 2231 335 —
2268 293 2336 350 IN
2375 294 2595 351 EPIST.
2634 296 2727 352 AD
2763 260 2970 354 HEBIi.

3336 302 3443 361 754

129 408 333 465 tiatth
356 410 444 462 est
465 405 742 477 quomodo
784 405 993 461 intrare
1038 406 1335 463 debeamus
1377 408 1434 465 in
1486 408 1734 480 requiem
1762 420 1815 481 Α
1840 416 1926 463 est
1951 408 2214 479 quosdam
2243 410 2489 479 accipere
2518 410 2786 480 requiem,
2808 427 2930 481 quae
2941 425 3040 483 per
3061 413 3208 471 illam
3230 417 3438 490 signiti-

124 501 252 569 Dei,
282 501 426 559 sicut
453 510 509 558 et
538 500 665 569 illis,
695 501 855 558 nobis
883 509 1064 557 tamen
1092 517 1191 573 per
1219 502 1433 568 Filium,
1469 502 1578 559 illis
1603 517 1749 569 νει-ο,

120 610 231 667 per
257 594 522 651 famulum
540 592 880 663 ;-confestim
907 593 1092 666 itaque
1119 597 1286 653 verba
1332 595 1733 654 exhortationis

122 686 414 760 subiungit
438 686 732 760 Apostolus
766 687 986 744 dicens:
1024 707 1044 741 ι
1104 687 1448 760 lngredimur
1485 688 1630 744 enim
1676 688 1733 745 in

127 801 151 834 ι
196 780 449 853 requiem
515 781 611 853 qui
668 782 999 839 credidimus
1063 783 1515 854 quemadmodum
1572 782 1729 849 dixit,

124 893 145 926 ι
188 871 350 930 Sicut
369 871 554 943 iuravi
587 873 642 929 in
675 873 758 929 ira
802 888 924 929 mea
954 873 1001 929 si
1032 873 1336 930 introibunt
1383 874 1439 928 in
1489 873 1732 944 requiem

124 982 147 1016 ‹
196 962 409 1020 meam.
442 984 462 1018 ι
501 962 611 1021 Nos
639 978 770 1021 vero
831 966 1085 1021 hortatur
1120 966 1325 1020 intrare
1351 967 1405 1021 in
1458 965 1730 1036 requiem,

116 1071 195 1112 ne
222 1055 373 1112 forte
402 1056 557 1111 nobis
613 1056 827 1112 dicatur
875 1065 1017 1113 srcut
1053 1057 1179 1122 illis,
1213 1057 1257 1113 si
1320 1056 1646 1122 introibunt,
1677 1056 1733 1113 id

114 1154 207 1202 est
236 1162 347 1202 non
388 1146 667 1201 intrabunt
715 1147 767 1202 in
800 1147 1039 1216 requiem
1080 1163 1277 1203 meam.
1312 1147 1554 1203 Festinat
1585 1148 1731 1203 enim

114 1238 425 1292 ostendere
445 1237 604 1292 aliam
622 1253 743 1293 esse
757 1239 1022 1309 requiem,
1052 1243 1114 1293 ad
1133 1255 1294 1309 quam
1318 1240 1495 1295 vocati
1520 1254 1727 1305 sumus,

112 1331 173 1388 id
221 1340 313 1387 est
350 1332 637 1387 caelorum.
664 1332 773 1388 Nec
798 1346 896 1388 nos
909 1333 1039 1387 dicit
1060 1332 1204 1387 illam
1226 1348 1346 1404 qua:
1366 1334 1419 1388 in
1440 1332 1729 1389 Palaestina

112 1432 205 1481 est
274 1424 603 1489 intraturos,
642 1425 735 1480 sed
797 1425 917 1479 illos
971 1441 1078 1481 non
1136 1426 1454 1493 intraturos,
1509 1437 1732 1496 propter

108 1515 541 1571 obdurationem
569 1517 751 1571 cordis
780 1516 884 1582 sui,
915 1531 1017 1572 nec
1042 1517 1097 1572 in
1115 1503 1402 1572 Palaestina
1428 1532 1529 1572 nec
1561 1518 1612 1571 in
1646 1533 1730 1572 re-

108 1606 311 1677 quiem
333 1606 632 1662 cmlestem.
658 1606 1074 1679 Addidititaque
1089 1609 1156 1663 de
1184 1610 1355 1678 prima
1384 1608 1568 1678 requie
1584 1608 1729 1678 loqui

106 1697 314 1753 dicens
359 1716 374 1752 :
414 1717 433 1749 ι
483 1699 747 1769 Equidem
777 1702 1037 1771 operibus
1077 1702 1147 1757 ab
1175 1702 1514 1758 institutione
1533 1702 1719 1757 mundi

1836 508 1956 554 cata
1985 508 2088 567 est,
2122 516 2242 571 quae
2269 507 2351 556 est
2380 500 2435 556 in
2460 498 2767 567 Palmstina,
2797 503 2864 557 ad
2894 519 3059 573 quam
3079 521 3243 563 verus
3279 505 3440 568 Iesus

1834 593 2098 649 ducturus
2110 608 2186 648 esi
2213 593 2469 665 populum
2485 609 2665 649 suum.
2703 613 2722 647 ί
2751 592 2939 666 Itaque
2965 596 3289 668 relinquitur
3307 602 3438 658 sab-

1841 703 1860 736 c
1893 683 2161 742 batismus
2186 685 2390 757 populo
2425 685 2564 753 Dei;
2607 685 2701 757 qui
2748 687 2896 741 enim
2925 686 3207 759 ingressus
3254 698 3339 746 est

1840 795 1860 828 ς
1904 777 2152 845 requiem
2187 777 2327 847 ejus,
2371 777 2534 832 etiam
2582 777 2697 847 ipse
2750 777 3016 848 requievit
3055 764 3124 835 ab
3173 780 3435 851 operibus

1840 887 1858 920 ι
1902 870 2032 934 suis,
2065 870 2204 924 sicut
2228 885 2259 925 a
2283 870 2395 926 suis
2430 869 2593 925 Deus.
2632 890 2650 921 ι
2696 869 2935 943 Requies
2988 885 3120 928 vero
3167 871 3264 929 Dei
3298 887 3431 944 ope-

1834 974 1954 1013 rum
2000 960 2268 1030 perfectio
2320 959 2669 1030 intelligenda
2699 970 2806 1029 est,
2837 962 2965 1017 dum
2991 970 3148 1018 sexto
3189 962 3276 1019 die
3315 963 3438 1020 ﬁnit

1832 1067 1862 1105 a
1890 1053 2260 1123 primordinali
2292 1070 2472 1110 rerum
2501 1038 2799 1122 creatione,
2826 1065 2881 1112 et
2914 1058 2967 1113 in
2996 1059 3226 1130 septimo
3254 1074 3434 1116 cessa-

1830 1143 1960 1197 vita
1992 1159 2255 1199 novarum
2294 1146 2573 1201 creatione
2604 1158 2921 1203 naturarum
2948 1168 2961 1204 :
3006 1164 3105 1221 per
3132 1149 3279 1204 illam
3302 1164 3437 1207 vero

1832 1237 2075 1306 requiem
2103 1238 2222 1303 Dei,
2264 1253 2386 1309 qua:
2412 1247 2617 1294 aeterna
2641 1249 2743 1303 est,
2772 1256 2873 1296 nos
2917 1242 2985 1299 ad
3018 1251 3276 1299 aeternam
3319 1251 3435 1299 stu-

1831 1327 1982 1382 diose
2008 1336 2268 1399 provocat
2314 1329 2581 1398 requiem,
2630 1345 2790 1400 quem
2822 1330 3217 1387 sabbatismum
3257 1332 3433 1388 nomi-

1830 1419 1997 1473 navit.
2018 1416 2227 1497 (Ιοαη.)
2244 1416 2379 1474 Vide
2396 1429 2572 1475 autem
2590 1423 2862 1491 quomodo
2878 1429 3044 1477 totum
3058 1423 3217 1477 istum
3232 1437 3428 1479 sermo-

1828 1523 1952 1565 nem
1981 1510 2335 1566 ratiocinatus
2364 1520 2478 1567 est:
2518 1510 2746 1580 juravit,
2778 1513 2975 1582 inquit,
3004 1513 3110 1568 illis
3152 1513 3431 1585 prioribus

1828 1616 1935 1656 non
1979 1601 2186 1655 intrare
2231 1618 2326 1657 eos
2382 1604 2435 1657 in
2495 1604 2758 1674 requiem,
2816 1612 2873 1660 et
2913 1620 3020 1660 non
3070 1604 3427 1661 intraverunt.
3512 1638 3513 1643 η

1829 1692 2030 1748 Deinde
2058 1702 2180 1763 post
2218 1693 2336 1749 illos
2372 1702 2497 1765 post
2517 1694 2683 1750 multa
2707 1705 2948 1767 tempora
2985 1697 3430 1769 loquensJudaeis

111 1810 131 1843 ι
152 1789 358 1847 factis:
378 1791 515 1847 dixit
544 1792 687 1847 enim
705 1791 939 1862 quodam
970 1793 1089 1849 loco
1103 1793 1168 1848 de
1193 1794 1280 1849 die
1302 1795 1526 1864 septima
1544 1795 1642 1859 sic,
1661 1793 1727 1848 Et,
1753 1779 1801 1840 B
1831 1783 1996 1839 dixit:
2023 1802 2040 1835 ‹
2066 1783 2144 1838 Ne
2162 1784 2440 1841 obduretis
2464 1786 2627 1841 corda
2642 1793 2823 1840 vestra
2850 1786 3184 1859 sicutpatres
3206 1788 3423 1845 vestri.»

102 1881 392 1951 requievit
422 1880 562 1937 Deus
576 1882 662 1937 die
674 1883 901 1951 septima
927 1883 1258 1939 abomnibus
1276 1884 1528 1954 operibus
1550 1885 1682 1950 suis,
1705 1904 1725 1936 ι

107 1982 165 2031 et
197 1973 440 2045 reliqua.
476 1974 885 2046 Confestimque
934 1978 1226 2032 secundam
1256 1976 1552 2046 subjunxit,
1607 1993 1729 2047 quae

101 2067 388 2139 promissa
413 2075 501 2122 est
522 2067 719 2138 populo
736 2068 854 2133 Dei,
871 2078 927 2125 et
952 2070 1005 2124 in
1022 2070 1147 2135 ista,
1165 2069 1616 2141 inquit,rursum,
1636 2089 1654 2121 ι
1679 2069 1727 2124 si

104 2160 428 2215 introibunt
453 2160 508 2215 in
535 2162 777 2233 requiem
810 2179 987 2218 meam
1032 2180 1047 2217 :
1087 2182 1105 2215 ι
1137 2162 1205 2229 si,
1237 2178 1368 2218 vero
1412 2162 1725 2231 conjunctio

102 2266 208 2321 pro
266 2250 649 2317 afﬁrmatione,
706 2268 805 2323 pro
864 2255 1174 2327 negatione,
1212 2271 1312 2325 pro
1373 2256 1715 2311 dubitatione

103 2344 292 2415 accipi
321 2354 523 2414 potest,
569 2346 824 2415 superius
856 2364 956 2416 pro
988 2347 1275 2418 negatione
1299 2348 1477 2419 posita
1504 2358 1608 2413 est,
1632 2346 1722 2403 ubi

103 2436 183 2490 ait
245 2446 483 2507 propter
535 2437 972 2493 incredulitatem
1043 2454 1229 2494 eorum
1297 2439 1514 2510 jurasse
1551 2438 1721 2493 Deum

101 2545 215 2584 non
286 2528 517 2584 introire
567 2546 661 2586 eos
698 2531 752 2585 in
806 2531 1050 2602 requiem
1098 2534 1441 2603 promissam.
1502 2533 1723 2589 Addidit

109 2639 127 2672 ι
166 2620 217 2677 si
253 2621 583 2688 introibunt,
634 2642 654 2675 υ
686 2621 740 2677 id
772 2632 857 2677 est
911 2638 1015 2677 non
1068 2622 1400 2691 introibunt;
1452 2624 1543 2680 hic
1589 2638 1721 2678 vero

100 2721 297 2786 potest
332 2713 559 2786 intelligi
612 2730 713 2786 pro
748 2714 1106 2770 affirmatione
1146 2717 1380 2787 positum
1422 2731 1542 2773 esse
1564 2714 1720 2786 quasi

99 2808 345 2871 diceret,
380 2805 439 2861 Si
480 2806 779 2863 introibunt
800 2808 938 2864 bene
980 2809 1294 2876 habebunt;
1326 2809 1449 2864 ideo
1473 2808 1714 2864 addidit:

107 2921 126 2954 ι
162 2900 450 2969 Quoniam
482 2914 613 2973 ergo
635 2909 883 2972 superest
907 2903 1170 2973 quosdam
1198 2902 1428 2959 introire
1463 2903 1516 2957 in
1546 2900 1715 2968 illam,

1835 1873 2053 1931 Certum
2066 1892 2197 1946 ergo
2208 1885 2314 1943 est,
2329 1892 2472 1947 quon
2482 1877 2588 1931 iam
2600 1885 2686 1931 est
2704 1875 2809 1931 alia
2828 1878 3045 1947 requies
3065 1896 3078 1933 :
3097 1879 3163 1935 de
3179 1878 3267 1934 illa
3281 1879 3428 1934 enim

1832 1984 1952 2039 quae
1975 1972 2027 2024 in
2051 1969 2336 2025 Palaestina
2366 1970 2466 2025 fuit
2490 1985 2595 2026 non
2618 1978 2803 2040 posset
2832 1970 2959 2039 dici,
2984 1970 3258 2029 habebant
3279 1973 3426 2029 enim

1831 2062 2013 2130 illam;
2035 2062 2147 2133 jam
2180 2065 2247 2120 de
2281 2064 2513 2134 septima
2542 2064 2630 2119 die
2658 2079 2767 2119 non
2792 2073 2970 2135 potest
2995 2065 3123 2131 dici,
3149 2081 3255 2121 non
3279 2064 3428 2120 enim

1830 2157 1897 2211 de
1930 2155 2045 2226 ipsa
2070 2156 2441 2225 disputabant,
2482 2156 2751 2226 siquidem
2790 2157 2957 2213 multo
2984 2168 3111 2214 ante
3135 2159 3249 2230 jam
3278 2158 3426 2214 facta

1829 2255 1967 2302 erat.
1991 2248 2164 2303 Aliam
2192 2250 2356 2320 igitur
2395 2251 2685 2320 quamdam
2712 2251 2984 2323 signiﬁcat
3028 2268 3150 2323 qua:
3180 2268 3306 2309 vera
3339 2261 3426 2310 est

1828 2342 2065 2410 requies.
2116 2340 2326 2396 Revera
2371 2343 2519 2397 enim
2556 2342 2648 2397 illa
2705 2354 2791 2398 est
2843 2344 3081 2413 requies,
3138 2343 3230 2399 ubi
3284 2343 3425 2417 fugit

1827 2433 1999 2497 dolor,
2026 2433 2268 2501 tristitia,
2296 2434 2550 2506 gemitus,
2574 2436 2664 2491 ubi
2688 2451 2863 2507 neque
2885 2436 3299 2503 sollicitudines,
3326 2452 3426 2494 ne-

1823 2541 1931 2596 que
1956 2524 2189 2592 labores,
2208 2540 2382 2599 neque
2410 2541 2631 2597 agones,
2659 2542 2835 2599 neque
2867 2528 3028 2584 timor
3041 2528 3426 2603 obstupescere

1824 2616 2029 2673 faciens
2066 2628 2121 2673 et
2152 2634 2501 2675 commovens
2535 2620 2794 2687 animam,
2823 2622 2918 2677 sed
2942 2620 3091 2677 solus
3131 2622 3228 2678 Dei
3262 2622 3425 2679 timor

1824 2707 2099 2777 voluptate
2124 2709 2338 2779 plenus.
2364 2709 2481 2765 Non
2513 2719 2597 2767 est
2620 2711 2758 2767 illic:
2795 2731 2814 2763 ι
2835 2710 2892 2768 In
2914 2713 3112 2769 sudore
3137 2713 3318 2770 vultus
3346 2714 3423 2771 tui

1824 2797 2076 2853 comedes
2104 2814 2298 2868 panem
2325 2806 2475 2856 tuum
2505 2798 2658 2872 (Gen.
2686 2803 2770 2874 ιι),
2795 2822 2814 2855 ι
2847 2817 3023 2875 neque
3045 2805 3217 2877 spinae
3237 2822 3415 2879 neque

1824 2891 2003 2946 tribuli
2021 2909 2035 2957 ;
2056 2907 2159 2947 non
2173 2904 2255 2948 est
2269 2892 2404 2949 illic:
2434 2914 2451 2945 ι
2472 2893 2529 2949 In
2549 2893 2784 2950 tristitiis
2796 2895 3080 2966 generabis
3094 2896 3233 2953 ﬁlios
3247 2939 3262 2964 ,
3285 2917 3303 2950 ι
3322 2913 3422 2953 ne-

104 3012 123 3045 ι
156 3000 217 3048 ει
242 2992 304 3047 hi
346 2992 545 3063 quibus
586 2993 858 3063 prioribus
893 2995 1272 3050 annuntiatum
1301 3012 1317 3061 ;
1348 3004 1431 3050 εει
1478 3010 1586 3051 non
1628 2995 1719 3050 in-
1820 3000 1926 3056 que
1947 3003 1966 3037 ι
1987 2985 2069 3042 Ad
2085 2986 2260 3041 virum
2277 2996 2429 3041 tuum
2445 2987 2733 3043 conversio
2748 2995 2931 3055 tua,et
2952 2988 3067 3061 ipse
3090 2989 3424 3045 tuidomina-

104 3108 123 3142 σ
160 3089 445 3145 troierunt
474 3097 698 3161 pr0pter
730 3089 1186 3157 incredulitatem,
1233 3090 1426 3146 iterum
1459 3090 1718 3146 terminat

1825 3077 1984 3146 bitur;
2008 3100 2027 3132 ι
2052 3081 2146 3137 sed
2161 3080 2343 3136 omnia
2373 3096 2500 3151 pax,
2517 3081 2794 3152 gaudium,
2804 3081 3138 3153 jucunditas,
3152 3082 3417 3155 voluptas,

105 3200 124 3232 ε
162 3180 321 3237 diem
359 3143 650 3251 quelqida‘m
678 3180 848 3238 Hodie
880 3182 932 3237 in
962 3183 1129 3239 David
1153 3143 1401 3247 (iicendo,
1443 3192 1566 3256 post
1590 3193 1713 3241 lan-
1741 3143 1788 3208 Ο
1818 3172 2058 3239 bonitas,
2114 3143 2494 3227 mansuetudo.
2519 3143 2639 3227 ᾖοη
2668 3181 2754 3229 est
2788 3143 2898 3230 iIIIC
2949 3173 3151 3230 invidia
3170 3214 3185 3241 ,
3236 3143 3415 3246 neque

103 3291 123 3324 ι
162 3281 290 3327 tum
316 3273 604 3344 temporis,
632 3273 773 3330 sicut
802 3290 964 3346 supra
992 3276 1193 3331 dictum
1219 3284 1321 3341 est,
1352 3274 1524 3332 Hodie
1553 3277 1596 3332 si
1621 3291 1717 3333 vo-
1790 3264 1986 3351 χῑθιυδν
2018 3280 2193 3335 neque
2214 3267 2454 3330 morbus:
2481 3281 2656 3338 ηθαυθ
2670 3281 2818 3322 mors
2836 3268 3105 3339 corporis,
3127 3282 3302 3338 neque
3327 3267 3422 3327 illa
3462 3340 3468 3345 ,

106 3383 125 3417 ι
166 3380 297 3421 cem
323 3362 444 3432 ejus
469 3365 755 3421 audieritis
793 3365 962 3422 nolite
1003 3364 1271 3423 obdurare
1300 3370 1466 3425 corda
1496 3379 1709 3436 vestra;
1816 3375 1937 3430 quae
1957 3367 2039 3414 est
2059 3359 2254 3415 animae
2281 3378 2295 3414 =
2319 3376 2426 3416 non
2456 3360 2529 3417 ibi
2549 3361 2806 3429 tenebrae.
2837 3376 3014 3433 neque
3039 3377 3178 3419 nox:
3204 3377 3420 3434 semper

113 3473 133 3507 ι
167 3468 304 3508 nam
328 3453 377 3509 si
403 3454 484 3508 eis
521 3452 679 3509 Iesus
735 3456 979 3525 requiem
1029 3456 1395 3526 praestitisset,
1436 3474 1715 3531 nunquam
1816 3452 1952 3516 dies,
1979 3465 2193 3523 semper
2218 3451 2680 3524 lux,semperdiei
2707 3452 3080 3511 claritasmon
3096 3462 3182 3512 est
3198 3454 3270 3511 ibi
3293 3453 3420 3510 fati-

108 3567 127 3599 ι
161 3547 231 3603 de
266 3547 377 3603 alia
412 3546 729 3619 loqueretur
760 3549 984 3618 posthac
1011 3548 1118 3605 die.
1151 3569 1169 3601 ι
1211 3549 1713 3622 Quoniam,inquit,
1817 3543 2074 3615 gari,non
2089 3543 2455 3601 estfastidium
2470 3545 2737 3616 accipere,
2751 3546 3422 3619 semperindesideriobo-

103 3652 365 3715 superest
388 3644 651 3714 quosdam
672 3644 896 3701 introire
920 3645 974 3700 in
999 3645 1168 3712 illam,
1205 3645 1261 3700 in
1292 3645 1438 3701 illam
1465 3644 1717 3701 videlicet
1817 3650 2009 3691 uorum
2024 3636 2508 3706 perseverabimus.
2528 3634 2695 3710 (Alb.)
2712 3637 2777 3692 Et
2799 3639 2925 3709 quia
2940 3636 3415 3696 videlicetJudmis

106 3752 233 3808 quae
254 3736 315 3791 in
338 3734 636 3792 Palaestina
673 3733 795 3802 fuit,
828 3736 987 3807 pauci
1016 3736 1374 3803 intraverunt,
1411 3735 1462 3791 id
1486 3744 1572 3792 est
1608 3736 1715 3791 duo
1816 3727 2028 3785 loculus
2067 3736 2171 3796 est.
2212 3744 2318 3784 non
2347 3728 2486 3784 dixit
2522 3730 2627 3785 hoc
2670 3728 2791 3785 loco
2837 3729 3093 3800 Requies,
3138 3729 3234 3785 sed
3277 3726 3414 3784 Sab-

104 3837 351 3893 tantum,
402 3824 568 3883 Caleh
610 3835 661 3883 et
703 3825 885 3895 Iosue,
946 3843 1015 3884 ex
1059 3828 1310 3883 omnibus
1352 3827 1457 3883 illis
1502 3826 1598 3897 qui
1649 3826 1717 3882 de
1816 3818 2396 3893 batismus,proprium
2420 3836 2637 3889 nomen,
2662 3823 3417 3894 adquodgaudebantetcon-

100 3918 355 3993 λεπριο
389 3926 757 3990 perrexerant,
785 3918 1014 3992 proinde
1051 3919 1143 3983 ait,
1171 3927 1227 3975 et
1262 3919 1316 3974 hi
1342 3917 1541 3989 quibus
1570 3917 1716 3988 prio-
1819 3911 2134 3977 currebant,
2184 3912 2578 3969 sabbatismum
2616 3928 2845 3985 regnum
2883 3914 2981 3973 Dei
3010 3928 3242 3969 vocans:
3275 3914 3417 3971 sicut

99 4010 258 4065 ribus
299 4010 690 4066 annuntiatum
747 4019 834 4066 est
872 4026 978 4066 non
1008 4010 1340 4066 introierunt
1384 4018 1611 4081 propter
1633 4010 1717 4065 in-
1818 4005 1963 4060 enim
1979 4005 2206 4061 sabbato
2226 4007 2294 4060 ab
2314 4005 2568 4062 omnibus
2587 4005 2744 4062 malis
2771 4005 3033 4065 abstineri
3058 4006 3333 4079 praecepit,
3355 4014 3414 4063 et

99 4105 517 4173 credulitatem,
542 4121 638 4163 eos
673 4105 983 4178 signiﬁcans
1019 4104 1115 4177 qui
1142 4104 1208 4160 de
1228 4102 1464 4177 Egypto
1486 4102 1717 4174 proiecti
1819 4096 1909 4152 illa
1928 4106 2134 4155 tantum
2153 4097 2294 4155 Iiieri
2311 4113 2430 4168 qua:
2444 4097 2512 4153 ad
2525 4097 2845 4167 obsequium
2863 4099 2961 4155 Dei
2981 4098 3274 4170 pertinent,
3290 4113 3413 4170 quae

99 4207 252 4267 sunt,
277 4214 521 4272 quorum
567 4201 829 4259 cadavera
876 4206 1151 4270 prostrata
1203 4207 1330 4255 sunt
1374 4198 1430 4255 in
1473 4197 1714 4254 deserto.
1819 4194 2131 4251 sacerdotes
2161 4192 2494 4261 eiliciebant,
2524 4201 2582 4249 et
2618 4208 2740 4265 qua:
2764 4193 3003 4251 animam
3024 4191 3310 4264 iuvabant,
3357 4200 3415 4248 et

98 4293 313 4350 Deinde
341 4292 619 4363 incipitde
640 4292 959 4364 tertia,qum
973 4307 1068 4365 per
1082 4289 1355 4347 Christum
1370 4289 1716 4347 credentibus
1817 4288 1953 4345 nihil
1974 4289 2139 4357 aliud,
2168 4289 2248 4345 sic
2281 4298 2338 4346 et
2369 4298 2514 4347 tunc.
2540 4288 2653 4347 Nec
2698 4288 2861 4347 talem
2888 4288 3004 4347 vult
3031 4289 3315 4347 sabbatum
3354 4288 3412 4345 in

95 4385 385 4456 promissa
421 4392 525 4449 est,
551 4383 800 4455 quamvis
843 4380 1093 4446 obscure,
1125 4382 1418 4454 disputare.
1449 4400 1469 4433 ι
1490 4380 1715 4448 lterum,

1818 4395 1984 4454 regno
2009 4380 2104 4436 Dei
2128 4390 2189 4437 ut
2215 4382 2411 4438 iterum
2434 4383 2559 4453 quis
2579 4382 2777 4439 exinde
2798 4389 3108 4437 revertatur
3144 4381 3213 4437 ad
3246 4395 3411 4453 opera

96 4478 321 4550 inquit,
388 4477 646 4533 terminat
704 4477 848 4535 diem
905 4476 1194 4549 quemdam
1240 4475 1409 4532 Hodie
1449 4475 1501 4530 in
1542 4474 1712 4531 David
1740 4523 1790 4550 ,ἱ
1818 4473 2796 4540 laboriosa,sicutinsabbatocarnali
2820 4472 3089 4531 fecerunt.
3110 4471 3260 4533 Istud
3279 4488 3411 4531 vero

1740 4523 1790 4587 D

94 4568 371 4636 dicendo,
415 4576 539 4641 post
562 4576 773 4625 tantum
808 4568 1066 4639 temporis
1111 4567 1252 4623 sicut
1294 4581 1459 4637 supra
1503 4565 1709 4623 dictum
1742 4564 1789 4587 ν
1814 4566 2097 4625 sabbatum
2119 4567 2213 4622 Dei
2236 4566 2543 4637 quicunque
2566 4567 2756 4633 intrat,
2772 4564 3315 4637 requievitperpetuo
3342 4564 3409 4620 ab

96 4673 219 4720 est:
248 4658 437 4719 Hodie
481 4661 527 4717 si
572 4675 760 4717 vocem
795 4676 912 4731 eius
941 4658 1423 4726 audieritis,nolite
1441 4657 1710 4714 obdurare

95 4758 269 4815 corda
302 4761 515 4812 vestra.
559 4755 694 4812 Nam
741 4756 788 4813 si
831 4755 913 4813 eis
953 4753 1111 4811 Iesus
1151 4752 1395 4825 requiem
1422 4752 1711 4822 przestitis-

94 4860 203 4917 set,
218 4862 511 4918 nunquam
529 4848 595 4907 de
615 4847 719 4903 alia
735 4847 1067 4919 loqueretur.
1081 4866 1100 4899 ›
1124 4844 1222 4901 llic
1238 4845 1473 4902 ostendit
1494 4845 1712 4901 tertiam

94 4941 410 5012 quamdam
431 4954 549 4996 esse
572 4938 837 5010 requiem,
852 4938 918 4995 de
932 4953 1038 5009 qua
1067 4937 1235 4993 David
1256 4936 1414 5002 dixit,
1446 4955 1466 4989 ‹
1486 4936 1665 5000 hodie,
1688 4954 1708 4988 ι

94 5050 208 5090 non
264 5032 424 5089 illam
457 5031 768 5104 signiﬁcans
815 5032 885 5087 ad
937 5046 1099 5103 quam
1130 5028 1289 5087 Jesus
1321 5029 1577 5101 populum
1623 5030 1710 5085 in-

97 5125 382 5188 troduxit,
409 5124 504 5181 sed
528 5124 688 5179 aliam
713 5124 1002 5195 quamdam
1030 5123 1200 5179 multo
1230 5138 1347 5179 esse
1368 5121 1713 5179 excellentio-

99 5231 220 5272 rem
250 5215 363 5280 illi,
393 5213 460 5271 ad
481 5229 643 5286 quam
666 5229 773 5269 non
797 5214 1029 5287 typicus,
1053 5214 1148 5269 sed
1171 5228 1327 5270 verus
1349 5211 1507 5269 Jesus
1535 5214 1711 5270 intro-

96 5308 266 5363 duxit
292 5321 397 5361 eos
429 5305 519 5376 qui
539 5310 665 5363 sunt
692 5305 830 5377 ejus.
858 5304 1178 5370 Audiamus,
1200 5305 1342 5361 unde
1370 5305 1473 5361 hoc
1499 5312 1709 5361 certum

96 5398 173 5454 sit
206 5414 221 5449 :
261 5404 395 5470 post
418 5403 596 5451 tantos
626 5411 814 5460 annos,
857 5394 1054 5467 inquit,
1092 5394 1286 5450 iterum
1340 5396 1470 5452 dicit
1516 5396 1707 5463 David,

99 5509 121 5543 σ
158 5488 351 5546 Hodie
374 5488 419 5545 si
435 5472 620 5547 vocem
635 5489 754 5560 ejus
771 5488 1072 5555 audieritis,
1088 5488 1252 5544 nolite
1265 5489 1533 5544 obdurare
1544 5489 1710 5545 corda

96 5592 319 5650 vestra;
371 5582 418 5638 si
464 5581 609 5637 enim
663 5581 823 5638 Iesus
874 5596 1059 5636 veram
1100 5581 1441 5652 prmstitisset
1468 5581 1710 5652 requiem

95 5676 315 5761 populo
344 5674 502 5747 cujus
530 5676 726 5731 ductor
751 5674 875 5741 fuit,
902 5691 1076 5761 neque
1103 5676 1170 5730 de
1190 5674 1293 5728 alia
1323 5676 1509 5745 requie
1541 5676 1711 5733 David

98 5758 441 5845 togamque
467 5774 678 5844 postea.
716 5785 738 5823 ι
770 5764 991 5825 Certum
1018 5758 1105 5826 est
1127 5780 1258 5841 ergo
1292 5766 1419 5841 quia
1467 5766 1710 5827 futurum

1812 4660 2068 4731 operibus
2096 4659 2230 4726 suis,
2259 4660 2402 4716 sicut
2427 4674 2459 4714 a
2504 4658 2619 4716 suis
2654 4659 2816 4717 Deus.
2852 4657 3054 4717 Valens
3083 4657 3266 4727 itaque
3311 4669 3409 4715 eos

1815 4752 1885 4809 de
1910 4753 2309 4809 resurrectione
2346 4753 2637 4827 instruere,
2667 4761 2723 4809 et
2747 4753 2815 4811 de
2841 4751 3028 4823 requie
3055 4750 3401 4823 sempiterna,

1815 4844 1969 4923 hodie
1994 4846 2293 4917 saepissime
2318 4846 2660 4917 interposuit,
2682 4853 2739 4900 ut
2765 4858 3045 4914 nunquam
3056 4845 3409 4915 desperarent

1816 4949 1876 4990 se
1894 4935 2216 5001 intraturos,
2259 4934 2415 5005 quasi
2435 4935 2658 4997 diceret,
2697 4932 2759 4991 Si
2785 4932 3071 5003 quisquam
3100 4931 3409 5004 peccaverit

1813 5041 2094 5097 usquequo
2126 5035 2211 5083 est
2238 5027 2417 5094 hodie,
2449 5041 2599 5097 spem
2627 5026 2825 5083 habeat
2855 5026 3183 5085 revertendi.
3215 5025 3406 5085 Nullus

1812 5119 1978 5192 igitur
2015 5121 2265 5192 desperet
2304 5135 2587 5191 usquequo
2632 5119 2786 5177 vivit.
2835 5139 2854 5171 ι
2902 5118 3245 5177 Ροειὶιιθωω
3274 5134 3405 5193 ergo

1818 5229 1838 5264 ι
1875 5212 2084 5285 ingredi
2118 5211 2173 5266 in
2208 5210 2353 5265 illam
2400 5210 2641 5280 requiem
2682 5218 2745 5265 ut
2780 5224 2849 5265 ne
2893 5210 2950 5267 in
2989 5210 3226 5280 idipsum
3279 5209 3405 5281 quis

1818 5323 1838 5358 ι
1873 5305 2080 5361 incidat
2134 5303 2526 5363 incredulitatis
2576 5303 2903 5374 exemplum.
2934 5300 3151 5375 (Ιοαιι.)
3208 5301 3405 5374 Magna

1817 5397 2036 5469 quidem
2075 5411 2164 5452 res
2192 5406 2276 5453 est
2313 5395 2446 5453 ﬁdes
2482 5406 2538 5452 et
2582 5395 2853 5462 salutaris,
2886 5404 2944 5452 et
2991 5397 3110 5455 sine
3135 5396 3239 5453 hac
3291 5410 3402 5451 non

1817 5497 1902 5546 est
1932 5487 2133 5544 salvari
2159 5487 2418 5558 possibile
2439 5487 2621 5554 alicui,
2660 5487 2801 5544 sicut
2830 5488 3035 5545 dictum
3060 5495 3182 5545 est:
3219 5506 3238 5541 ι
3271 5485 3405 5542 Sine

1816 5582 1923 5641 ﬁde
1947 5580 2278 5654 impossibile
2298 5590 2384 5637 est
2408 5582 2516 5637 Deo
2538 5581 2754 5652 placere
2776 5580 2964 5655 (Hebr.
2989 5581 3097 5652 Ix);
3128 5601 3147 5633 ι
3177 5578 3277 5635 sed,
3292 5592 3403 5633 non

1817 5678 2012 5735 sullicit
2045 5676 2158 5732 sola
2190 5677 2305 5732 haec
2347 5675 2560 5746 operari
2588 5690 2685 5746 per
2716 5675 3060 5731 dilectionem
3093 5672 3278 5737 ﬁdem,
3298 5684 3398 5725 ne-

1817 5770 2117 5829 cessarium
2164 5774 2250 5827 est
2274 5776 2327 5826 et
2383 5768 2698 5827 conversari
2754 5767 2917 5844 digne
2957 5767 3114 5826 Deo:
3168 5761 3401 5843 proinde
