3992 6338
538 453 645 518 735
1165 453 1238 508 -B.
1280 442 1531 506 BABANI
1568 441 1786 503 MAURI
1823 437 2142 497 ARCHIEP.
2181 432 2490 494 MOGUNT.
2531 429 2816 490 OPERUM
2856 429 3035 485 PARS
3075 425 3164 484 lll.
3721 432 3820 487 736

536 573 703 631 etiam
742 567 944 624 Paulus
998 567 1251 622 admonet
1292 578 1386 618 eos
1436 561 1528 630 qui
1579 556 1944 630 dignationem
1998 565 2119 622 my-
2148 554 2198 612 Α
2223 547 2584 647 estjudicium
2613 545 2732 647 Dei,
2762 553 2821 600 ut
2851 544 3125 647 discernat
3151 544 3296 647 inter
3319 544 3574 647 carnalia
3599 559 3824 647 peccata

539 658 1116 728 scriorumsuscipere
1129 661 1460 715 meruerunt,
1491 649 1707 705 dicens:
1738 667 1756 699 ι
1788 645 2126 702 Festinemus
2222 646 2279 696 et
2302 637 2582 709 spiritalia,
2613 637 2757 707 quis,
2785 635 2934 728 quid,
2967 651 3074 728 quo
3105 643 3228 703 agat
3247 635 3462 728 animo,
3485 635 3576 728 vel
3606 650 3719 706 quo

448 803 451 808 ,
549 772 570 807 ι
611 751 817 824 ingredi
866 751 923 805 in
970 725 1116 803 illam
1165 744 1426 814 requiem.
1453 761 1471 794 ι
1511 740 1872 802 Festinemus,
1927 735 2124 805 inquit,
2223 730 2423 824 siderio
2446 728 2556 784 Deo
2578 729 2781 824 serviat
2803 727 2858 781 in
2881 726 3062 790 corde;
3085 733 3194 780 tam
3219 725 3582 824 penetrabilis
3602 739 3691 824 est
3714 726 3826 796 ejus

543 818 800 914 quoniam
825 855 934 896 non
959 835 1155 894 sufficit
1190 834 1346 899 ﬁdes,
1397 831 1493 888 sed
1545 830 1705 885 debet
1750 827 1972 882 addi-et
2013 824 2126 878 vita
2225 821 2476 886 intuitus,
2504 829 2562 875 ut
2587 821 2768 876 omnia
2809 827 2994 875 nostra
3019 834 3139 914 quae
3161 820 3374 914 agimus
3401 818 3492 874 vel
3520 820 3828 914 cogitamus

546 912 668 990 ﬁdei
683 929 972 1001 condigna,
997 936 1051 985 et
1076 925 1303 982 multum
1320 923 1557 978 studium
1584 921 1744 976 debet
1768 916 2129 1017 adhiberi,_ne
2228 917 2428 1017 certius
2449 915 2694 987 agnoscit
2718 929 2881 1017 quam
2909 913 3246 1017 nosmetipsi,
3279 912 3428 968 illum
3731 913 3829 1017 ha—

548 1023 681 1080 ﬁdes
709 1023 782 1078 sit
825 1021 1024 1076 otiosa.
1057 1017 1225 1090 (Alb.)
1270 1013 1327 1070 Si
1371 1014 1515 1069 enim
1566 1022 1766 1068 terram
1802 1009 2006 1064 intrare
2051 1006 2130 1062 illi
2229 1009 2418 1064 bemus
2485 1015 2678 1064 testem
2751 1016 2968 1062 actuum
3031 1015 3341 1062 nostrorum
3397 1007 3486 1062 vel
3539 1006 3829 1078 cogitatio-

548 1131 656 1180 non
698 1119 1014 1168 meruerunt
1055 1109 1148 1180 qui
1182 1106 1505 1163 murmurati
1541 1111 1668 1160 sunt
1695 1111 1886 1158 contra
1937 1100 2126 1162 Deum,

548 1179 820 1278 quomodo
867 1219 966 1260 nos
991 1179 1188 1259 ccelum
1220 1199 1546 1256 merebimus
1575 1199 1778 1251 intrare
1823 1192 2132 1250 indifferen—

551 1307 635 1352 ter
679 1295 921 1350 viventes
969 1293 1110 1348 sicut
1170 1289 1389 1361 gentes?
1432 1287 1580 1358 Opus
1609 1298 1693 1341 est
1741 1286 1939 1355 quippe
1983 1282 2132 1338 omni

549 1383 749 1438 volenti
765 1383 960 1438 coelum
981 1379 1255 1450 possidere
1279 1377 1437 1432 ﬁdem
1461 1376 1714 1446 operibus
1745 1375 1896 1430 bonis
1915 1386 2132 1429 ornare.

2231 1115 2360 1154 num
2383 1113 2544 1169 quem
2562 1097 2803 1168 iudicem
2829 1098 3066 1153 habituri
3097 1113 3306 1153 sumus.
3349 1098 3686 1153 Timeamus
3715 1097 3826 1166 ejus

2229 1191 2572 1262 pmsentiam
2594 1189 2746 1261 cujus
2771 1189 3052 1245 scientiam
3079 1189 3390 1245 nullatenus
3411 1187 3672 1261 effugere
3697 1189 3832 1244 vale-

2232 1282 2430 1337 bimus.
2456 1281 2604 1336 Dixit
2625 1282 2769 1335 enim
2798 1289 2858 1335 ut
2887 1280 3151 1336 discretor
3178 1282 3250 1337 sit
3274 1297 3455 1338 sermo
3488 1283 3618 1348 Dei,
3661 1283 3720 1336 id
3761 1291 3835 1338 est

2233 1371 2570 1443 providentia
2610 1371 2728 1436 Dei,
2756 1371 3146 1442 cogitationum
3170 1372 3333 1426 etiam
3371 1381 3429 1429 et
3467 1373 3832 1428 intention-

551 1473 661 1530 Nec
701 1475 803 1529 hoc
831 1471 1003 1529 solum
1028 1469 1209 1524 damni
1244 1469 1408 1523 habet
1429 1467 1569 1522 male
1612 1467 1822 1529 vivens,
1848 1463 1990 1536 quod
2026 1477 2135 1517 non
2237 1461 2417 1518 cordis
2439 1461 2754 1526 ostendens,
2777 1461 2904 1529 quia
2931 1461 3112 1515 omnia
3142 1469 3326 1518 nostra
3349 1463 3630 1518 interiora
3647 1463 3734 1516 vel
3754 1479 3836 1518 ex-

551 1565 717 1620 intrat
743 1565 798 1619 in
833 1577 1054 1633 regnum
1077 1561 1193 1626 Dei,
1221 1575 1408 1615 verum
1432 1559 1616 1623 etiam,
1644 1557 1786 1626 quod
1812 1554 2035 1625 majoris
2054 1561 2138 1609 est
2237 1553 2438 1608 teriora
2459 1551 2893 1622 dijudicabuntur
2910 1552 2979 1606 ab
3005 1567 3092 1618 eo,
3119 1553 3212 1622 qui
3237 1554 3420 1609 omnia
3444 1564 3650 1610 nostra
3675 1557 3835 1620 novit,

555 1659 799 1722 terroris,
863 1670 1038 1727 poenae
1077 1662 1350 1725 perpetuae
1374 1650 1692 1720 mancipari.
1743 1648 1868 1703 Ideo
1908 1646 2135 1710 addidit,
2237 1651 2294 1699 et
2324 1651 2589 1748 Iotuslper
2615 1651 2783 1697 totum
2807 1651 3056 1713 penetrat
3081 1643 3376 1700 hominem.
3407 1645 3528 1703 Nec
3557 1648 3772 1748 mirum
3793 1649 3836 1702 si

561 1773 579 1804 ι
612 1762 672 1806 ιιι
703 1768 770 1806 ne
801 1751 856 1804 in
880 1749 1111 1819 idipsum
1141 1747 1262 1816 quis
1301 1744 1505 1800 incidat
1534 1741 1928 1797 incredulitatis
1956 1754 2140 1795 exem-
2241 1741 2388 1789 totus
2433 1735 2630 1804 ubique
2657 1740 2828 1788 totam
2857 1748 3012 1788 suam
3055 1745 3318 1806 agnoscat
3342 1747 3697 1800 creaturam,
3731 1740 3838 1793 sive

560 1861 579 1894 ι
614 1842 780 1912 plum.
815 1860 834 1892 ι
877 1839 1074 1894 Eorum
1117 1837 1335 1892 interitu
1359 1835 1450 1906 qui
1489 1833 1769 1904 perierunt
1819 1832 1872 1886 in
1923 1831 2139 1886 deserto
2241 1827 2540 1898 spiritalem
2573 1827 2688 1882 sive
2719 1827 3078 1898 corporalem,
3112 1833 3237 1900 quia
3279 1830 3416 1886 nihil
3441 1832 3598 1902 quod
3637 1832 3837 1886 factum

556 1933 749 1988 terruit
776 1931 1078 1994 audientes,
1101 1944 1168 1984 ne
1191 1929 1244 1983 in
1275 1927 1484 1982 illorum
1515 1926 1813 1981 inciderent
1849 1923 2134 1993 judicium,
2164 1921 2212 1982 B
2239 1928 2342 1984 est,
2375 1918 2494 1973 sine
2537 1933 2602 1975 eo
2648 1917 2849 1974 factum
2879 1927 3000 1985 est;
3026 1919 3146 1976 ideo
3173 1921 3381 1976 addidit
3413 1942 3427 1976 :
3462 1942 3481 1974 ε
3519 1923 3593 1979 Et
3625 1939 3738 1978 non
3765 1935 3842 1978 est

555 2027 706 2097 quasi
735 2024 988 2081 dixisset:
1019 2019 1358 2077 Sufﬁcienter
1385 2035 1452 2074 ex
1471 2018 1788 2090 parentibus
1817 2016 2019 2072 nostris
2041 2017 2138 2070 do-

555 2135 762 2184 cemur,
797 2133 863 2173 ne
893 2117 946 2172 in
971 2115 1166 2171 similia
1195 2114 1516 2180 incidamus,
1547 2127 1614 2168 ne
1640 2111 1826 2168 eadem
1868 2113 2141 2182 patiamur

556 2224 675 2278 quae
704 2207 780 2263 illi
809 2206 952 2278 passi
989 2214 1131 2262 sunt.
1164 2203 1277 2260 Hoc
1303 2213 1407 2269 est,
1437 2223 1455 2255 ‹
1493 2203 1547 2258 in
1572 2203 1800 2273 idipsum
1831 2200 2139 2271 exemplum

558 2297 909 2353 inﬁdelitatis.
939 2317 956 2349 ι
979 2297 1180 2352 Deinde
1200 2305 1261 2350 ut
1283 2295 1542 2365 majorem
1563 2293 1912 2364 peccantibus
1932 2293 2140 2347 incute-

558 2398 642 2442 ret
689 2387 1030 2442 formidinem
1071 2386 1382 2457 subjungit:
1421 2405 1438 2435 ι
1477 2386 1644 2439 Vivus
1673 2395 1756 2439 est
1787 2384 1929 2440 enim
1961 2400 2142 2440 sermo

565 2497 584 2530 ‹
622 2478 739 2544 Dei,
755 2487 810 2533 et
834 2477 1041 2542 efficax,
1058 2487 1114 2532 et
1123 2475 1506 2546 penetrabilior
1524 2476 1670 2532 omni
1695 2474 1870 2546 gladio
1895 2476 2138 2546 ancipiti,

565 2588 584 2621 ι
619 2577 674 2623 et
694 2567 1008 2638 pertingens
1036 2581 1206 2634 usque
1228 2565 1294 2619 ad
1329 2563 1648 2622 divisionem
1679 2565 1872 2620 animae
1893 2581 1957 2620 ac
1984 2566 2143 2636 spiri-

566 2677 584 2712 ‹
623 2666 736 2713 tus:
780 2670 1099 2727 compagum
1125 2669 1338 2725 quoque
1387 2662 1441 2709 et
1469 2653 1826 2710 medullarum
1855 2664 1911 2709 et
1935 2655 2140 2710 discre-

565 2769 584 2801 α
623 2758 706 2804 tor
750 2748 1138 2820 cogitationum
1163 2755 1218 2801 et
1262 2747 1618 2802 intentionum
1651 2747 1849 2803 cordis.
1883 2767 1902 2799 ι
1932 2747 2141 2820 (Ιοαη.)

559 2839 659 2896 llic
691 2840 928 2896 ostendit
951 2840 1203 2909 quoniam
1229 2846 1286 2894 et
1310 2839 1400 2893 illa
1424 2839 1566 2894 idem
1591 2840 1706 2909 ipse
1741 2848 1994 2911 operatus
2035 2848 2140 2907 est,

560 2939 614 2987 et
639 2930 792 2996 vivit,
827 2946 934 2986 non
960 2936 1044 2985 est
1082 2929 1402 2985 exstinctus.
1426 2929 1592 2999 lgitur
1629 2929 1884 2999 quoniam
1931 2944 2141 2986 sermo-

2245 2030 2264 2063 ι
2293 2009 2398 2065 ulla
2427 2019 2678 2066 creatura
2705 2009 2990 2067 invisibilis
3033 2012 3089 2066 in
3119 2023 3410 2084 conspectu
3458 2013 3608 2082 eius,
3661 2017 3840 2070 omnia

2245 2120 2264 2153 ι
2287 2111 2466 2157 autem
2483 2103 2624 2157 nuda
2637 2111 2694 2157 et
2705 2115 2889 2173 aperta
2904 2111 3030 2158 sunt
3047 2104 3217 2160 oculis
3232 2105 3370 2172 ejus.
3394 2126 3412 2160 ι
3435 2105 3620 2177 (Sen)
3636 2107 3840 2173 Quibus

2241 2192 2526 2248 manifeste
2546 2192 2816 2262 colligitur
2837 2193 2969 2248 nihil
2989 2207 3109 2250 esse
3132 2194 3516 2266 incorporeum
3539 2199 3652 2252 nisi
3675 2198 3836 2251 Deum

2240 2287 2433 2351 solum,
2466 2294 2522 2340 et
2555 2285 2758 2341 idcirco
2791 2286 2892 2356 ipsi
2923 2287 3294 2343 tantummodo
3323 2303 3485 2358 posse
3520 2290 3840 2360 penetrabi-

2240 2375 2321 2432 les
2348 2391 2537 2432 omnes
2580 2377 2849 2446 spiritales
2891 2387 3056 2450 atque
3103 2379 3494 2435 intellectuales
3538 2397 3676 2437 esse
3709 2380 3835 2436 sub-

2241 2469 2493 2536 stantias,
2515 2485 2580 2525 eo
2601 2471 2743 2540 quod
2770 2471 2915 2527 solus
2943 2481 2997 2527 et
3021 2480 3163 2527 totus
3191 2481 3246 2526 et
3273 2473 3470 2545 ubique
3491 2485 3548 2530 et
3581 2477 3645 2531 in
3669 2478 3841 2531 omni-

2241 2559 2344 2615 bus
2370 2561 2461 2626 sit,
2491 2560 2564 2614 ita’
2601 2571 2655 2615 et
2691 2572 2748 2615 ut
2787 2563 3141 2634 cogitationes
3177 2563 3454 2620 hominum
3487 2575 3542 2622 et
3589 2567 3841 2623 internus

2242 2658 2420 2706 motus
2454 2651 2598 2706 adita
2648 2653 2846 2708 mentis
2883 2657 3137 2711 universa
3183 2656 3434 2729 inspiciat
3457 2667 3634 2729 atque
3664 2659 3846 2730 perlu-

2242 2747 2396 2798 stret.
2431 2742 2712 2798 Exteriora
2758 2759 2992 2814 namque
3032 2761 3193 2816 opera
3229 2758 3412 2819 patent
3443 2750 3625 2806 oculis
3659 2752 3840 2806 homi-

2243 2833 2578 2906 numﬂonge
2610 2851 2738 2891 vero
2765 2836 3262 2908 incomparabiliter
3291 2842 3575 2898 interiores
3601 2859 3678 2900 ac
3712 2846 3841 2900 sub-

2242 2925 2506 2982 tilissimae
2563 2927 2920 2997 cogitationes
2975 2940 3174 2986 nostrae
3231 2940 3416 3003 patent
3467 2933 3653 2989 oculis
3723 2935 3840 2989 Dei.

559 3039 683 3079 nem
711 3023 928 3088 audisti,
954 3038 1025 3078 ne
1057 3021 1376 3092 simpliciter
1401 3022 1653 3088 accipias,
1673 3023 1848 3094 gladio
1869 3024 2034 3091 enim,
2059 3024 2144 3080 in-
2249 3035 2268 3071 ι
2298 3016 2490 3074 Omnia
2514 3019 2660 3074 enim
2689 3059 2705 3087 ,
2745 3021 2886 3076 sicut
2928 3023 3189 3093 scriptum
3217 3033 3322 3090 est,
3351 3026 3492 3081 nuda
3531 3035 3590 3081 et
3641 3038 3840 3097 aperta

561 3115 699 3184 quit,
727 3123 809 3169 est
846 3111 1250 3184 penetrabilior.
1297 3113 1528 3168 Attende
1555 3112 1958 3170 distinctionem
1988 3113 2142 3169 Pauli
2243 3118 2371 3164 sunt
2396 3108 2566 3166 oculis
2587 3108 2721 3179 ejus.
2753 3129 2773 3164 ι
2804 3110 3008 3185 (Greg.)
3036 3113 3104 3168 Et
3128 3130 3269 3187 saepe
3293 3116 3348 3172 in
3369 3118 3652 3174 exteriore
3675 3135 3843 3190 Opere

562 3212 619 3258 et
664 3204 789 3259 hinc
825 3203 1108 3259 considera
1160 3216 1259 3273 pro
1287 3217 1392 3272 qua
1444 3217 1608 3257 causa
1661 3217 1798 3272 opus
1837 3203 2142 3260 habuerunt
2177 3275 2211 3280 _
2243 3209 2367 3257 ante
2410 3202 2596 3258 oculos
2649 3202 2927 3258 hominum
2997 3204 3287 3263 inordinati
3319 3223 3580 3280 apparere
3633 3215 3842 3267 metui-

560 3294 835 3364 prophetaa
883 3293 1066 3348 dicere
1100 3293 1358 3364 gladium,
1388 3293 1756 3363 rhomphzram
1800 3303 1856 3350 et
1917 3311 2135 3352 arcum:
2165 3275 2213 3342 C
2244 3307 2384 3357 nius,
2432 3302 2489 3350 et
2532 3293 2791 3350 interiore
2833 3295 3159 3367 cogitatione
3203 3275 3708 3372 illius—respectum
3741 3321 3843 3359 non

567 3402 586 3436 ι
620 3383 732 3437 Nisi
761 3381 1768 3454 convertamini,inquit,rbomphaaam
1789 3399 1943 3440 suam
1958 3384 2143 3442 vibra-
2243 3385 2554 3442 metuimus.
2591 3385 2876 3443 Videntem
2905 3390 3085 3444 omnia
3131 3405 3239 3447 non
3289 3393 3529 3450 videmus
3578 3413 3597 3454 :
3667 3398 3842 3454 multo

562 3475 658 3541 vit,
675 3488 863 3528 arcum
889 3488 1046 3528 suum
1070 3472 1297 3528 tetendit
1333 3481 1389 3529 et
1401 3474 1610 3544 paravit
1637 3473 1962 3547 illum(Psal.
1988 3473 2138 3548 vn).i
2242 3475 2389 3531 enim
2407 3476 2580 3548 magis
2611 3477 2940 3534 intrinsecus
2969 3479 3062 3536 Dei
3094 3497 3259 3552 quam
3287 3484 3635 3542 extrinsecus
3659 3488 3845 3544 homi-

565 3558 623 3621 Si
651 3566 794 3621 enim
823 3581 967 3621 nunc
1006 3575 1127 3636 post
1156 3573 1306 3620 tanta
1331 3575 1597 3636 tempora,
1626 3575 1682 3622 et
1709 3577 1832 3638 post
1855 3568 2144 3640 perfectio.
2242 3569 2403 3626 nibus
2431 3571 2806 3642 conspicibiles
2839 3589 3044 3631 sumus.
3087 3574 3242 3633 Unde
3275 3579 3448 3635 sancti
3476 3594 3683 3636 omnes
3707 3583 3844 3638 foris

565 3673 689 3713 nem
742 3673 847 3712 non
875 3665 1056 3728 potest
1085 3658 1302 3713 nomine
1346 3661 1614 3716 sermonis
1659 3667 1870 3716 tantum
1911 3669 2141 3731 terrere,

564 3749 658 3805 sed
723 3763 858 3818 opus
920 3747 1082 3804 habet
1139 3749 1303 3803 etiam
1358 3748 1480 3805 istis
1543 3750 1722 3807 verbis
1754 3792 1769 3818 ,
1806 3760 1896 3812 fut
1961 3760 2143 3807 osten-

567 3840 659 3896 dat
707 3839 1056 3896 eminentiam
1109 3856 1176 3897 ex
1234 3845 1634 3913 comparatione
1679 3862 1692 3898 :
1743 3844 1912 3902 multo
1969 3847 2144 3918 magis

569 3939 695 3987 tunc
741 3949 759 3983 ι
805 3931 1221 4002 penetrabilior,
1284 3933 1500 4003 inquit,
1565 3951 1736 4006 usque
1797 3939 1866 3994 ad
1927 3933 2178 3994 divisio-"

565 4037 688 4078 nem
737 4023 932 4078 anima:
965 4025 1301 4094 et-spiritus.
1341 4044 1360 4078 ι
1414 4025 1551 4092 Quid
1593 4036 1675 4083 est
1722 4028 1860 4084 hoc?
1899 4029 2144 4087 Terribi-

567 4115 670 4171 lius
719 4114 920 4185 aliquid
957 4114 1295 4187 signiﬁcavit,
1341 4124 1438 4172 aut
1492 4118 1616 4188 quia
1663 4120 1909 4188 spiritum
1955 4122 2174 4178 dividit'

571 4206 639 4262 ab
675 4207 876 4273 anima,
919 4216 1012 4260 aut
1048 4207 1173 4276 quia
1212 4217 1267 4262 et
1304 4207 1418 4279 ipsa
1463 4208 1778 4280 incorporea
1815 4221 2062 4282 penetrat
2091 4221 2147 4268 et

567 4295 844 4366 pertingit,
904 4311 1012 4350 non
1044 4304 1252 4352 tantum
1298 4298 1438 4353 sicut
1490 4299 1697 4371 gladius
1749 4317 1994 4372 corpora.
2043 4300 2174 4361 {lic

572 4384 828 4450 ostendit,
859 4384 983 4456 quia
1025 4393 1080 4439 et
1119 4386 1297 4441 anima
1323 4389 1544 4457 punitur
1568 4399 1624 4446 et
1653 4391 1910 4450 interiora
1939 4396 2146 4450 exami-

571 4485 787 4532 nantur.
853 4475 951 4532 Hic
1011 4477 1245 4533 ostendit
1291 4479 1539 4534 eumdem
1613 4497 1713 4537 nos
1783 4483 1984 4541 habere
2051 4485 2144 4556 ju-

571 4568 765 4634 dicem,
793 4567 883 4638 qui
917 4567 1035 4623 illos
1060 4575 1280 4638 propter
1320 4569 1748 4630 incredulitatem
1769 4589 1956 4630 eorum
1993 4577 2144 4633 dam-

570 4661 736 4716 navit.
768 4659 913 4715 Dixit
939 4661 1082 4716 enim
1113 4677 1129 4718 :
1163 4679 1182 4711 ι
1214 4658 1382 4716 Vivus
1407 4667 1493 4716 est
1516 4678 1693 4719 sermo
1728 4665 1844 4730 Dei,
1893 4685 1912 4719 ι
1963 4682 2144 4726 sermo

573 4751 666 4806 Dei
682 4751 850 4807 Filius
865 4759 950 4807 est
966 4751 1084 4818 Dei,
1111 4752 1202 4823 qui
1223 4753 1292 4809 de
1319 4753 1435 4824 ipso
1453 4755 1558 4810 ait:
1579 4775 1598 4807 ‹
1618 4755 1676 4812 Si
1697 4758 1819 4826 quis
1837 4773 2142 4816 sermonem

573 4855 753 4896 meum
807 4842 1122 4908 servaverit,
1181 4851 1412 4900 mortem
1475 4860 1580 4900 non
1615 4847 1821 4902 videbit
1876 4849 1929 4903 in
1978 4857 2140 4905 aeter-

573 4947 733 4997 num;
761 4951 780 4984 »
806 4932 947 4987 sicut
963 4933 1039 4988 illi
1062 4934 1106 4988 si
1136 4943 1417 4990 servarent
1437 4951 1739 4993 sermonem
1754 4939 1851 4994 Dei
1875 4941 2140 5009 viverent,

577 5029 878 5091 terramque
904 5023 1273 5092 promissionis
1316 5026 1604 5093 intrarent,
1630 5027 1709 5083 sic
1736 5036 1792 5084 et
1823 5045 1919 5085 nos
1953 5031 2001 5087 si
2027 5047 2144 5087 ser-

573 5112 876 5166 vaverimus
895 5128 1199 5169 sermonem
1224 5114 1361 5184 ejus,
1391 5117 1634 5174 vivemus
1656 5120 2004 5190 requiemque
2031 5137 2140 5178 cm-

574 5199 764 5257 lestem
792 5201 1130 5259 intrabimus.
1166 5223 1184 5258 ‹
1239 5206 1401 5262 Vivus
1428 5218 1511 5264 est
1553 5210 1696 5264 enim
1730 5210 1826 5266 Dei
1855 5227 2054 5279 sermo,
2084 5222 2141 5270 et

572 5291 780 5359 eflicax,
807 5302 862 5349 et
882 5295 1268 5364 penetrabilior
1289 5300 1436 5354 omni
1465 5301 1643 5372 gladio
1658 5302 1900 5373 ancipiti.
1919 5304 2142 5364 Gladius

572 5385 714 5440 enim
738 5395 913 5456 potest
939 5389 1177 5444 membra
1200 5390 1436 5449 dividere
1455 5409 1485 5448 a
1506 5409 1751 5465 corpore,
1781 5407 1835 5453 et
1857 5409 2143 5468 penetrare

572 5489 779 5535 secreta
789 5488 844 5534 et
861 5487 1108 5535 naturam
1131 5484 1308 5539 carnis
1332 5502 1344 5538 :
1370 5487 1463 5541 sed
1485 5503 1549 5542 eo
1571 5489 1738 5544 multo
1756 5493 2142 5560 penetrabilior

571 5579 656 5627 cst
677 5587 857 5627 sermo
880 5573 996 5638 Dei,
1017 5576 1346 5645 pertingens,
1370 5587 1428 5633 ut
1455 5581 1530 5635 ait
1551 5580 1863 5650 Apo~tolus,
1886 5601 2054 5655 usque
2073 5587 2140 5642 ad

572 5663 885 5718 divisionem
911 5667 1106 5721 anima:
1120 5683 1183 5723 ac
1200 5668 1436 5737 spiritus.
1456 5671 1648 5728 Anima
1677 5676 1922 5742 vivimus,
1949 5679 2142 5747 spiritu

575 5753 941 5826 intelligimus,
975 5759 1082 5814 vita
1108 5760 1261 5814 nobis
1281 5765 1514 5818 carnalis
1543 5779 1664 5819 cum
1693 5766 1881 5822 bestiis
1901 5782 2144 5823 commu-

575 5845 661 5901 nis
695 5855 794 5910 est,
820 5849 960 5905 ratio
1000 5851 1256 5912 spiritalis
1285 5868 1406 5910 cum
1456 5855 1680 5923 angelis.
1723 5855 1926 5914 Tamen
1953 5856 2144 5916 efﬁcax

2169 4633 2223 4694 D

2244 3675 2304 3716 se
2326 3661 2576 3734 intusque
2603 3664 3069 3737 circumspiciunt,
3099 3677 3156 3724 et
3178 3669 3264 3724 vel
3294 3671 3756 3742 reprehendendo
3787 3692 3844 3732 se

2243 3755 2505 3822 exterius,
2556 3757 2640 3812 vel
2689 3757 2902 3828 iniquos
2931 3775 2988 3815 se
3032 3761 3260 3816 interius
3282 3762 3448 3819 videri
3478 3763 3844 3822 invisibiliter

2243 3847 2455 3902 timent.
2509 3845 2715 3920 (Ιοιιη.)
2765 3848 2864 3905 Hic
2909 3851 3145 3907 maxime
3172 3867 3267 3909 eos
3312 3854 3523 3921 terruit,
3573 3871 3655 3911 ne
3697 3856 3844 3914 forte

2245 3939 2440 4006 adhuc,
2471 3933 2666 4009 inquit,
2694 3940 2746 3995 in
2777 3941 2882 3998 ﬁde
2904 3950 3130 4010 stantes,
3156 3959 3261 4000 non
3282 3961 3406 4002 cum
3428 3947 3636 4017 integra
3671 3952 3840 4006 satis-

2245 4031 2485 4089 factione
2525 4033 2822 4104 perﬁciatis
2863 4036 2985 4093 ﬁdei
3031 4053 3218 4109 opera,
3269 4041 3395 4112 quia
3439 4042 3550 4114 ipse
3601 4059 3740 4113 qua:
3785 4047 3837 4101 in

2245 4125 2410 4180 corde
2440 4135 2566 4180 sunt
2595 4126 2871 4194 discernit,
2913 4129 2984 4184 ibi
3035 4133 3330 4198 examinat,
3371 4133 3444 4188 ibi
3489 4137 3838 4202 consident,

2246 4216 2477 4272 reddens
2503 4217 2794 4288 unicuique
2834 4221 3127 4278 secundum
3171 4225 3366 4280 merita
3413 4241 3527 4282 sua.
3580 4227 3654 4281 Et
3702 4233 3840 4300 quid

2245 4307 2368 4365 dico
2424 4309 2490 4365 de
2531 4311 2874 4367 hominibus?
2908 4321 2965 4368 at
2996 4314 3040 4370 si
3089 4318 3307 4387 angelos
3333 4318 3500 4386 dicas,
3547 4327 3599 4374 at
3640 4323 3694 4376 si
3742 4341 3840 4378 ar-

2245 4400 2556 4472 changelos,
2579 4409 2637 4457 at
2658 4402 2700 4458 si
2721 4401 3012 4470 Cherubin,
3037 4414 3093 4461 at
3116 4406 3162 4462 si
3196 4405 3482 4480 Seraphin,
3507 4418 3562 4464 at
3587 4411 3640 4466 si
3668 4413 3840 4469 aliam

2245 4491 2543 4561 quamlibet
2564 4502 2889 4559 creaturam,
2913 4495 3092 4550 omnia
3114 4496 3349 4553 revelata
3366 4507 3488 4554 sunt
3509 4501 3676 4556 oculo
3691 4505 3836 4574 ejus,

2246 4584 2426 4638 omnia
2448 4593 2634 4654 aperta
2662 4594 2716 4640 et
2743 4585 3052 4642 manifesta.
3077 4576 3214 4657 Quid
3234 4600 3320 4646 est
3340 4592 3480 4662 quod
3507 4607 3632 4648 eum
3657 4600 3845 4666 possit

2247 4673 2448 4730 latere?
2467 4692 2485 4724 ι
2505 4673 2695 4730 Omnia
2711 4677 2856 4731 nuda
2879 4684 2935 4731 et
2959 4686 3144 4748 aperta
3159 4690 3284 4736 sunt
3305 4682 3474 4738 oculis
3485 4681 3620 4752 ejus.
3650 4706 3673 4740 ι
3695 4687 3842 4754 Quid

2249 4772 2428 4819 autem
2447 4782 2466 4816 ‹
2483 4765 2696 4835 aperta?
2713 4785 2732 4819 ι
2756 4765 2832 4821 Ex
2851 4769 3161 4840 metaphora
3181 4771 3420 4842 pellium,
3437 4789 3555 4845 qua:
3574 4775 3645 4831 de
3671 4793 3842 4849 pecu.

2247 4853 2420 4920 dibus,
2439 4855 2795 4912 detrahuntur
2815 4859 3065 4916 utvidere
3089 4854 3406 4920 licet.Sicut
3417 4866 3560 4922 enim
3580 4883 3718 4925 cum
3747 4889 3843 4941 pe-

2246 4949 2410 5002 cudes
2421 4948 2680 5004 occiderit
2701 4950 2842 5020 quis,
2860 4960 2916 5007 et
2933 4967 2997 5008 ex
3021 4954 3272 5010 carnibus
3298 4955 3840 5029 detraxeritpellem,

2245 5038 2426 5092 omnia
2453 5038 2707 5094 interiora
2744 5041 3051 5097 revelantur
3077 5053 3132 5098 et
3155 5053 3340 5116 aperta
3371 5046 3502 5102 fiunt
3527 5049 3714 5108 oculis
3745 5070 3841 5109 no-

2242 5131 2370 5185 stris
2412 5150 2424 5186 :
2457 5131 2536 5187 sic
2573 5141 2627 5187 et
2655 5131 2764 5188 Deo
2788 5144 2973 5204 aperta
3005 5135 3284 5206 subiaceant
3305 5155 3504 5195 omnia.
3531 5139 3610 5197 Tu
3644 5156 3838 5201 autem

2243 5221 2460 5276 attende
2509 5223 2670 5278 etiam
2715 5225 2817 5281 hoc
2851 5266 2865 5292 ,
2917 5229 3186 5296 quomodo
3227 5245 3439 5302 semper
3483 5247 3618 5304 opus
3667 5236 3842 5293 habet

2241 5313 2515 5382 corporeis
2550 5315 2836 5384 exemplis,
2873 5319 3012 5385 quod
3045 5316 3106 5372 ﬁt
3138 5334 3206 5375 ex
3247 5320 3560 5378 infirmitate
3597 5326 3830 5383 audien-

2243 5400 2405 5467 tium;
2427 5402 2554 5472 quia
2581 5404 2726 5458 enim
2755 5404 2953 5461 inﬁrmi
2979 5417 3133 5463 erant
3153 5408 3465 5479 declaravit,
3496 5413 3691 5472 dicens
3724 5427 3840 5474 tar-

2244 5489 2341 5545 dos
2363 5505 2456 5546 eos
2488 5507 2607 5548 esse
2636 5503 2690 5550 et
2722 5510 2856 5566 opus
2885 5497 3314 5566 babenteslacte,
3341 5516 3446 5556 non
3479 5504 3654 5560 solido
3681 5507 3832 5566 cibo.

2251 5599 2269 5632 ι
2299 5581 2489 5639 Omnia
2532 5587 2672 5640 nuda
2699 5597 2823 5642 sunt
2865 5598 2918 5644 et
2959 5602 3142 5661 aperta
3179 5593 3350 5650 oculis
3375 5593 3512 5664 ejus,
3548 5599 3618 5654 ad
3659 5617 3832 5672 quem

2244 5675 2400 5729 nobis
2419 5691 2615 5732 sermo.
2638 5699 2656 5730 ι
2684 5679 2820 5745 Quid
2841 5691 2924 5736 est
2951 5703 2968 5734 α
2988 5685 3054 5738 ad
3079 5701 3236 5754 quem
3268 5688 3423 5742 nobis
3444 5703 3628 5747 sermo
3653 5695 3785 5749 est?
3807 5715 3828 5748 ι

2244 5765 2347 5821 hoc
2387 5776 2492 5833 est,
2518 5769 2619 5840 ipsi
2668 5772 2927 5828 reddituri
2955 5789 3144 5833 sumus
3167 5778 3428 5835 rationem
3451 5789 3679 5840 actuum
3729 5802 3834 5842 no-

2245 5869 2502 5919 atrorum.
