3992 6338
157 350 268 409 757

625 345 1180 408 ENARRATIONUM
1214 346 1284 406 IN
1317 347 1469 406 EPP.
1507 346 1718 406 PAULI
1755 345 1885 404 LIB.
1926 345 2142 406 XXVII.
2175 375 2250 391 —
2278 345 2350 404 IN
2385 345 2606 405 EPIST.
2645 347 2739 404 AD
2773 346 2982 408 HEBR.

3338 353 3444 414 738

236 485 257 520 ι
301 463 580 521 Habentes
599 477 727 535 ergo
748 453 1057 534 pontiﬁcem
1087 479 1364 537 magnum,
1393 463 1484 534 qui
1507 454 1756 534 penetra;
1780 475 1828 534 Α
1857 470 2080 532 peccato
2129 470 2344 517 constat
2380 460 2546 518 fuisse
2596 471 2880 518 tentatum.
2931 462 3065 532 Quis
3097 466 3298 524 etenim
3348 467 3448 526 ho-

154 561 236 616 vit
266 559 454 624 cmlos,
477 557 662 613 Jesum
690 556 887 611 Filium
910 556 1024 610 Dei.
1067 577 1084 608 ι
1115 555 1576 628 (Alb.)Paululum
1603 553 1749 609 enim

153 661 286 708 ante
311 653 380 708 de
406 651 689 706 divinitate
710 649 830 720 ejus
869 651 1144 706 disserens
1173 649 1279 704 ait:
1328 669 1345 701 ι
1387 648 1578 705 Omnia
1609 649 1752 704 nuda

153 756 208 801 et
249 753 438 816 aperta
485 751 611 798 sunt
653 742 824 798 oculis
865 743 983 813 ejus
1009 783 1024 808 ,
1073 761 1092 794 ι
1129 756 1271 797 nunc
1309 751 1486 796 autem
1519 740 1644 811 quia
1685 740 1754 796 de

153 853 322 893 carne
360 835 625 906 loquitur,
663 834 729 889 de
758 833 1074 904 pontiﬁcatu
1101 834 1338 904 disputat
1371 831 1513 888 illius
1543 832 1635 901 qui
1666 846 1752 886 se-

151 927 450 998 metipsum
475 925 960 981 offerebat-nostrae
979 940 1143 981 causa
1167 924 1377 989 salutis,
1408 931 1464 978 et
1482 922 1753 993 quomodo

151 1021 306 1092 prior
324 1020 569 1074 omnium
592 1019 848 1073 intrasset
872 1019 925 1073 in
949 1018 1212 1088 requiem.
1250 1036 1269 1068 ι
1306 1015 1578 1072 Habemus
1606 1014 1751 1069 enim

149 1110 470 1181 pontiﬁcem
527 1123 782 1180 magnum
837 1109 929 1179 qui
977 1107 1285 1180 penetravit
1326 1107 1514 1164 caelos.
1550 1125 1569 1158 ι
1609 1105 1753 1177 Ergo

150 1200 371 1274 Moyses
427 1201 624 1257 ductor
681 1199 862 1271 populi
913 1199 1000 1256 cui
1061 1199 1330 1270 promissa
1393 1205 1476 1253 est
1538 1198 1755 1268 requies

152 1299 494 1374 transitoria,
527 1312 636 1355 non
666 1296 892 1353 intrabit
932 1297 988 1352 in
1026 1297 1272 1368 requiem
1300 1337 1315 1362 ,
1358 1292 1520 1366 quam
1556 1295 1754 1366 sacpius

148 1389 354 1462 popqu
392 1389 663 1461 promisit.
681 1389 789 1445 Iste
816 1403 948 1444 vero
982 1396 1170 1444 noster
1206 1389 1481 1452 sacerdos,
1511 1387 1753 1444 melioris

150 1483 533 1556 promissionis
546 1497 797 1554 sponsor,
821 1482 964 1536 viam
984 1480 1192 1538 faciens
1206 1481 1558 1536 credentibus
1585 1480 1639 1534 in
1669 1495 1752 1547 se,

149 1575 368 1645 primus
389 1574 613 1630 intravit
628 1574 682 1628 in
705 1573 948 1642 requiem
963 1571 1160 1644 populo
1175 1571 1279 1627 sibi
1293 1571 1502 1627 credito
1521 1570 1755 1642 promis-

149 1683 297 1736 sam,
311 1669 606 1725 ostendens
624 1682 748 1722 eum
765 1680 1020 1737 magnum
1043 1662 1404 1728 sacerdotem,
1419 1663 1545 1732 quia
1559 1661 1730 1732 sempi

148 1769 374 1817 ternum
397 1759 564 1815 habet
607 1757 994 1822 sacerdotium,
1043 1770 1260 1826 semper
1288 1754 1444 1810 vivus
1469 1753 1538 1808 ad
1580 1753 1752 1809 inter-

1855 555 2059 608 minum
2083 557 2331 625 quamvis
2374 554 2530 610 fortis
2561 564 2724 626 atque
2773 555 3004 611 bellator
3039 556 3132 624 sit,
3161 558 3447 617 hostilibus

1856 656 2036 703 tamen
2059 648 2178 703 telis
2205 648 2522 718 plerumque
2561 664 2666 703 non
2696 649 2917 719 pateat?
2944 649 3068 720 quis
3091 650 3239 706 velut
3275 644 3446 723 imp‘e—

1855 743 2106 798 netrabili
2143 757 2309 798 carne
2335 741 2704 797 circumdatus
2751 742 2917 797 tantis
2947 743 3256 813 praeliorum
3295 744 3445 815 peri-

1855 836 1992 892 culis
2033 836 2150 890 sine
2192 835 2434 906 periculo
2461 835 2792 890 misceatur?
2820 834 2912 889 llle
2938 844 3121 890 autem
3148 835 3294 890 solus
3319 850 3448 906 spe-

1855 928 2033 983 ciosus
2062 927 2235 983 forma
2264 943 2376 998 prae
2405 926 2530 982 ﬁliis
2543 927 2821 983 hominum
2854 925 3026 1000 (Psat.
3060 928 3230 998 xuv),
3253 928 3446 984 condi-

1855 1019 2056 1075 tionem
2085 1020 2276 1074 mortis
2323 1019 2572 1074 humanm
2602 1035 2725 1075 cum
2765 1019 3019 1075 universa
3071 1019 3253 1075 carnis
3279 1019 3448 1093 fragi-

1854 1111 2007 1167 litate
2031 1111 2351 1181 suscipiens,
2393 1109 2592 1167 nullius
2613 1126 2850 1182 unquam
2876 1119 2960 1168 est
2987 1110 3163 1166 sordis
3204 1110 3448 1170 macula-

1857 1209 1944 1258 tus
1971 1211 2198 1259 attactu.
2237 1203 2500 1259 Tentatus
2527 1211 2614 1259 est
2656 1204 2803 1259 enim
2833 1203 2888 1258 in
2916 1204 3132 1259 deserto
3161 1219 3193 1258 a
3231 1203 3448 1260 diabolo

1855 1294 2150 1349 secundum
2195 1293 2607 1349 similitudinem
2645 1302 2887 1349 nostram
2935 1293 3327 1367 gastrimargiaa
3366 1295 3448 1352 vi-

1857 1386 1952 1452 tio,
1983 1402 2108 1442 cum
2137 1385 2186 1442 ei
2201 1385 2403 1441 dictum
2423 1393 2543 1442 est:
2580 1405 2598 1438 ‹
2629 1385 2687 1441 Si
2713 1384 2881 1440 Filius
2910 1385 3003 1440 Dei
3027 1400 3109 1452 es,
3137 1386 3298 1442 dicut
3317 1386 3450 1458 lapi-

1857 1481 1951 1536 des
1975 1479 2060 1536 isti
2082 1494 2252 1551 panes
2279 1478 2411 1534 ﬁant
2432 1477 2651 1551 (Matth.
2676 1477 2774 1551 tv).
2813 1498 2831 1531 ι
2876 1478 3140 1535 Tentatus
3172 1488 3255 1536 est
3283 1481 3448 1536 etiam

1805 1619 1811 1626 .
1857 1572 2188 1638 caanodoxia,
2227 1587 2350 1627 cum
2404 1571 2454 1626 ei
2499 1571 2704 1627 dictum
2737 1579 2860 1627 est:
2900 1581 2920 1624 ι
2955 1570 3010 1628 Si
3039 1571 3209 1628 Filius
3237 1572 3334 1628 Dei
3366 1588 3448 1640 es,

1855 1666 2012 1722 mitte
2039 1673 2091 1722 te
2135 1665 2410 1722 deorsum.
2449 1683 2469 1716 ι
2503 1663 2770 1721 Tentatus
2796 1673 2882 1721 est
2915 1666 3080 1721 etiam
3103 1665 3452 1738 philargyria:

1857 1762 2070 1827 morbo,
2095 1775 2192 1816 seu
2221 1767 2436 1816 tumore
2460 1757 2746 1829 superbiae,
2787 1773 2912 1814 cum
2940 1759 2990 1814 ei
3020 1775 3052 1814 a
3080 1757 3296 1814 diabolo
3321 1773 3450 1832 pro-

147 1852 464 1928 pellandum
487 1866 586 1923 pro
609 1850 861 1917 nobis,et
883 1849 1029 1904 hunc
1050 1848 1223 1920 ipsum
1242 1847 1440 1903 Filium
1463 1846 1558 1901 Dei
1577 1854 1757 1904 osten-
1781 1841 1831 1902 B
1859 1851 2204 1906 mitterentur
2253 1850 2434 1905 omnia
2484 1863 2649 1922 regna
2681 1849 2867 1905 mundi
2922 1857 2979 1904 et
3017 1849 3187 1922 gloria
3233 1865 3446 1906 eorum.

151 1946 311 2011 dens,
342 1943 472 1998 dum
499 1941 662 2008 dixit,
695 1938 855 1996 Jesus
883 1937 1052 1995 Filius
1082 1939 1200 2005 Dei,
1225 1939 1371 2010 quod
1393 1953 1662 2008 nusquam
1683 1938 1752 1994 de

149 2036 342 2108 Moyse
369 2035 553 2091 dicere
581 2031 749 2088 voluit
783 2050 796 2086 :
831 2031 925 2087 sed
959 2047 1083 2086 eum
1111 2029 1371 2085 famulum
1417 2027 1750 2100 proferebat,

151 2129 211 2186 in
263 2124 636 2198 superioribus
687 2121 987 2179 testiﬁcans
1035 2138 1158 2178 eum
1204 2123 1314 2179 sub
1333 2122 1552 2178 nomine
1602 2119 1749 2186 Jesu,

149 2220 323 2292 quod
345 2233 545 2276 nomen
585 2215 809 2287 angelus
833 2230 864 2270 a
895 2214 1007 2271 Deo
1035 2215 1274 2272 directus
1295 2212 1505 2286 Virgini
1540 2229 1754 2269 annun-

153 2311 339 2374 tiavit,
386 2298 584 2365 Filium
615 2309 714 2364 Dei
744 2323 868 2364 esse
901 2324 1112 2374 verum,
1142 2319 1197 2364 et
1220 2307 1340 2363 ideo
1367 2323 1623 2379 magnum
1669 2323 1756 2362 sa-

150 2407 454 2460 cerdotem.
487 2420 507 2454 ι
548 2400 856 2458 Teueamus
903 2410 958 2457 et
1005 2400 1401 2457 confessionem
1443 2398 1586 2469 ejus,
1643 2414 1754 2454 non

156 2515 176 2548 ι
211 2496 365 2551 enim
391 2494 654 2551 habemus
687 2492 1000 2564 pontiﬁcem
1041 2493 1133 2564 qui
1163 2508 1269 2547 non
1320 2490 1492 2562 possit
1518 2489 1755 2560 compati

157 2605 179 2638 ‹
215 2585 632 2642 inﬁrmitatibus
695 2583 919 2642 nostris.
977 2603 996 2638 ι
1058 2583 1286 2652 Qualem
1351 2583 1754 2640 confessionem

151 2679 324 2736 dicit?
343 2677 600 2748 quoniam
621 2677 789 2734 Filius
817 2677 1030 2743 Deiest,
1053 2677 1312 2748 quoniam
1339 2675 1589 2732 Christus
1613 2677 1757 2733 Deus

149 2781 263 2838 est,
311 2771 570 2842 quoniam
617 2784 814 2841 passus
850 2777 954 2837 est,
1000 2768 1240 2840 sepultus
1284 2777 1388 2835 est,
1433 2769 1753 2836 resurrexit,

149 2867 322 2924 tertia
351 2865 439 2923 die
490 2865 736 2923 ascendit
789 2864 846 2920 in
891 2863 1088 2922 caelum
1108 2905 1124 2932 ,
1163 2863 1316 2920 sedet
1357 2862 1426 2918 ad
1473 2863 1757 2918 dexteram

155 2959 259 3014 Dei
279 2956 486 3023 Patris,
518 2957 646 3012 inde
670 2965 934 3012 venturus
952 2955 1197 3028 judicare
1225 2954 1378 3010 vivos
1404 2962 1462 3009 et
1486 2960 1756 3020 mortuos,

147 3065 254 3122 per
283 3065 443 3121 quem
481 3049 669 3106 omnia
692 3049 836 3105 bona
863 3049 1162 3104 habemus:
1189 3045 1637 3118 redemptionem,
1662 3061 1754 3101 re-

152 3145 560 3200 surrectionem
588 3183 603 3209 ,
640 3141 1014 3199 baereditatem
1057 3157 1184 3198 cum
1234 3156 1301 3198 eo
1341 3141 1750 3211 sempiternam.

1856 1943 2119 1998 Tentatus
2146 1950 2231 1998 est
2285 1941 2554 2013 siquidem
2601 1941 2832 1999 diversis
2873 1942 3072 2010 modis,
3102 1943 3198 2000 sed
3225 1957 3334 1999 non
3356 1960 3451 2000 su-

1856 2044 2110 2108 peratus:
2143 2034 2200 2090 in
2242 2033 2682 2090 tribulationibus
2718 2033 3002 2105 probatus,
3044 2034 3244 2105 ubique
3280 2034 3456 2091 victor

1856 2131 2143 2201 gloriosus.
2195 2129 2462 2186 Tentatus
2511 2137 2596 2186 est
2659 2129 2926 2200 siquidem
2963 2145 3063 2202 pro
3101 2129 3456 2186 similitudine

1856 2221 2042 2278 carnis
2072 2222 2276 2291 absque
2301 2229 2547 2292 peccato.
2590 2219 3014 2277 Similitudinem
3050 2221 3238 2293 itaque
3267 2221 3452 2279 carnis

1855 2312 2064 2386 peccati
2080 2311 2285 2374 habuit,
2304 2327 2426 2382 qua:
2441 2319 2617 2367 tamen
2643 2326 2773 2367 caro
2787 2311 2933 2367 illius
2943 2313 3150 2383 absque
3167 2313 3314 2368 omni
3330 2327 3456 2383 pec-

1857 2414 1981 2463 cato
2004 2405 2124 2460 fuit.
2159 2403 2286 2460 Haec
2315 2412 2401 2460 est
2417 2404 2642 2476 tentatio
2657 2418 2764 2474 qua
2799 2411 3040 2459 tentatus
3073 2411 3182 2470 est,
3202 2419 3458 2475 persecu-

1857 2497 2061 2553 tionem
2089 2495 2446 2567 plurimorum
2472 2509 2667 2566 passus
2693 2504 2800 2561 est,
2827 2502 2986 2566 sputa
3015 2495 3274 2566 suscepit,
3297 2510 3459 2551 accu-

1858 2597 2009 2646 satus
2050 2595 2157 2654 est,
2188 2587 2584 2644 detractionem
2623 2587 2900 2653 sustinuit,
2933 2587 3233 2644 calumnias
3265 2602 3461 2660 passus

1857 2687 1963 2743 est,
2005 2676 2251 2747 repulsus
2298 2685 2432 2732 esta
2453 2678 2674 2749 propria
2717 2687 2908 2749 gente,
2958 2677 3013 2732 in
3070 2676 3232 2734 ﬁnem
3283 2677 3463 2734 cruel-

1859 2771 2000 2827 ﬁxus
2047 2780 2149 2827 est.
2187 2789 2206 2823 ‹
2243 2769 2406 2826 Juxta
2454 2769 2884 2837 similitudinem,
2936 2769 3138 2840 inquit,
3183 2771 3302 2826 sine
3333 2783 3464 2840 pec-

1859 2875 2002 2922 cato.
2036 2884 2055 2918 ›
2101 2866 2237 2920 Dum
2269 2864 2398 2922 dicit
2448 2864 2504 2919 in
2557 2864 2915 2920 similitudine
2961 2863 3166 2932 carnis,
3201 2880 3310 2921 non
3357 2865 3466 2922 hoc

1859 2955 2012 3022 dicit,
2041 2954 2170 3026 quia
2221 2953 2520 3010 similitudo
2572 2954 2756 3010 carnis
2799 2952 2902 3009 fuit
2953 2953 3009 3009 in
3050 2968 3136 3020 eo,
3188 2955 3286 3010 sed
3333 2955 3463 3026 quia

1867 3063 2092 3104 carnem
2121 3047 2366 3118 suscepit
2405 3031 2614 3101 veram.
2649 3044 2830 3114 Quare
2858 3060 2990 3119 ergo
3011 3044 3149 3102 dixit
3178 3045 3234 3102 in
3275 3045 3468 3104 simili-

1861 3141 2109 3198 tudinem
2142 3141 2364 3198 carnis‘!
2391 3149 2588 3196 natura
2634 3155 2764 3197 vera
2792 3155 2956 3212 quam
3003 3142 3241 3212 suscepit
3269 3142 3464 3199 similis

149 3234 288 3292 Haec
312 3233 703 3299 conﬁteamur;
744 3233 873 3305 quia
895 3248 1027 3308 vero
1054 3233 1168 3288 hac
1192 3248 1321 3289 vera
1353 3240 1501 3298 sunt,
1534 3230 1766 3287 manife-
1790 3215 1838 3281 C
1869 3242 1953 3290 est
1978 3233 2132 3289 carni
2179 3227 2404 3300 nostrae,
2447 3239 2670 3304 peccata
2700 3247 2832 3289 vero
2866 3247 3208 3303 nequaquam
3255 3233 3466 3302 habuit,

152 3328 401 3383 stissime
441 3341 511 3382 ex
534 3339 601 3381 eo
629 3325 774 3396 quod
805 3323 1048 3396 pontifex
1093 3324 1150 3379 in
1174 3325 1435 3381 interiora
1479 3323 1764 3379 velaminis

153 3419 490 3484 constitutus
530 3426 633 3483 est,
661 3416 832 3472 intrat
853 3416 909 3472 in
943 3417 1209 3487 sanguine
1237 3431 1494 3486 aspersus
1519 3415 1760 3487 pr0prio,

153 3525 268 3567 non
318 3509 500 3566 alieno
534 3509 677 3566 sicut
722 3508 1006 3580 pontiﬁces
1045 3509 1258 3579 priores
1292 3549 1308 3575 ,
1354 3508 1448 3580 qui
1502 3507 1766 3580 sanguine

152 3617 342 3658 vaccae
380 3601 562 3658 rubrae
605 3602 1054 3674 aspergebantur.
1091 3621 1110 3654 ‹
1145 3601 1264 3657 Non
1311 3602 1457 3656 enim
1500 3601 1768 3658 habemus

159 3717 182 3748 ι
217 3696 567 3768 pontiﬁcem,
599 3695 692 3767 qui
742 3711 850 3751 non
877 3695 1050 3766 possit
1094 3694 1332 3764 compati
1361 3692 1767 3750 inﬁrmitatibus

155 3789 394 3846 nostris.
444 3807 464 3842 ι
514 3787 653 3853 Non,
679 3787 888 3858 inquit,
938 3787 1151 3860 ignorat
1199 3802 1319 3858 qua:
1373 3796 1574 3842 nostrae
1617 3793 1764 3840 sunt.

156 3881 331 3938 Venit
352 3880 500 3937 enim
523 3896 622 3951 per
636 3881 779 3936 viam
803 3881 1056 3936 humana:
1077 3879 1428 3946 conditionis,
1453 3865 1558 3951 per
1582 3877 1767 3933 omnia

162 3971 286 4028 sine
312 3979 562 4042 peccato,
591 3971 726 4027 nihil
745 3986 930 4028 secum
956 3969 1188 4028 aﬁ‘erens
1204 3973 1344 4027 unde
1369 3971 1532 4026 morti
1555 3969 1769 4026 debitor

160 4072 357 4129 esset,
416 4063 559 4119 sicut
607 4063 726 4135 ipse
776 4063 833 4118 in
891 4063 1186 4136 Evangelio
1227 4071 1484 4128 testatur,
1535 4062 1763 4118 dicens:

166 4175 187 4206 σ
226 4156 394 4212 Venit
435 4155 580 4210 enim
609 4155 866 4227 Princeps
893 4155 1054 4228 hujus
1108 4155 1317 4220 mundi,
1363 4149 1417 4211 et
1452 4154 1505 4210 in
1551 4169 1637 4209 me
1660 4169 1770 4209 non

163 4247 335 4302 habet
394 4244 711 4316 quidquam.
759 4264 778 4298 ι
828 4245 979 4300 Multi
1032 4245 1318 4315 pontiﬁces
1369 4245 1624 4317 ignorant
1677 4260 1772 4301 eos

163 4341 260 4410 qui
303 4341 362 4395 in
400 4339 841 4396 tribulationibus
860 4340 1138 4396 constituti
1168 4349 1316 4406 sunt,
1350 4355 1526 4411 neque
1551 4355 1672 4409 qua:
1701 4339 1774 4394 sit

165 4431 453 4488 tribulatio
491 4431 547 4487 in
575 4431 818 4504 quolibet
852 4431 1049 4488 sciunt.
1074 4431 1413 4504 Impossibile
1465 4431 1662 4502 quippe
1690 4437 1776 4486 est

165 4525 316 4581 scire
372 4523 692 4580 aﬁlictiones
735 4523 1059 4580 aﬁlictorum
1100 4525 1149 4580 ei
1197 4524 1292 4595 qui
1335 4523 1773 4595 experimentum

166 4619 484 4678 aﬁlictionis
529 4637 636 4678 non
681 4622 912 4688 habuit,
955 4630 1013 4678 et
1057 4620 1387 4678 sensibiliter
1435 4620 1616 4676 omnia
1664 4633 1772 4674 non

167 4715 453 4771 sustinuit.
491 4713 740 4771 Pontifex
779 4715 927 4772 enim
975 4723 1162 4771 noster
1188 4721 1561 4786 competenter
1591 4713 1774 4770 omnia

169 4807 456 4873 sustinuit,
483 4823 604 4878 quae
647 4806 870 4864 fuerunt
904 4807 1157 4863 humana:
1199 4806 1433 4862 miseria:
1471 4805 1621 4862 illata
1652 4811 1778 4878 post

171 4906 462 4971 peccatum
501 4899 663 4970 primi
706 4899 963 4967 hominis,
1009 4907 1066 4956 et
1092 4907 1225 4955 tunc
1255 4899 1313 4955 in
1340 4899 1601 4956 interiora
1630 4897 1777 4954 vela-

174 4992 345 5048 minis
407 4992 480 5048 ad
529 4992 786 5048 thronum
848 5001 1092 5065 paternae
1147 4991 1447 5062 majestatis
1507 4991 1773 5048 ascendit.

179 5107 201 5141 ι
241 5086 536 5144 Tentatum
557 5097 738 5144 autem
766 5104 866 5160 per
907 5087 1092 5143 omnia
1118 5101 1220 5159 pro
1267 5084 1623 5142 similitudine
1657 5085 1782 5140 abs-

175 5199 288 5255 que
314 5190 564 5254 peccato.
601 5202 620 5235 ι
662 5181 872 5256 (ΤΙιεο.)
914 5180 972 5238 Si
999 5181 1164 5253 igitur
1198 5181 1365 5238 etiam
1398 5188 1630 5236 terrenae
1687 5179 1782 5235 huc

177 5277 435 5333 militatis
457 5287 659 5334 nostrae
685 5293 809 5334 cum
839 5276 932 5333 illo
951 5275 1169 5334 excelso
1193 5275 1486 5346 divinaque
1517 5273 1782 5331 Pontiﬁce

178 5373 302 5431 haec
344 5382 525 5447 potest
574 5390 694 5431 esse
745 5372 1081 5439 communio,
1127 5381 1190 5426 ut
1237 5372 1401 5428 etiam
1451 5387 1550 5426 nos
1578 5370 1783 5442 absque

180 5471 292 5526 ulla
327 5470 537 5542 peccati
580 5468 882 5526 offensione
936 5475 1228 5532 tentemur,
1282 5481 1380 5522 cur
1428 5464 1481 5519 in
1535 5464 1626 5518 illo
1678 5465 1784 5520 hoc

179 5561 482 5634 Apostolus
506 5561 653 5617 velut
678 5562 896 5617 unicum
920 5575 986 5616 ac
1012 5558 1284 5630 singulare
1307 5556 1610 5628 suscipiens
1635 5563 1784 5610 tanta

181 5652 308 5726 eius
363 5653 616 5709 meritum
671 5654 739 5708 ab
795 5651 1108 5708 hominibus
1169 5648 1440 5706 divisione
1491 5647 1784 5704 discrevit?

184 5746 306 5802 Hac
330 5760 467 5816 ergo
491 5745 605 5802 sola
642 5747 711 5801 ab
738 5745 993 5802 omnibus
1029 5745 1189 5801 nobis
1223 5742 1541 5813 exceptione
1589 5740 1784 5797 distin-

188 5842 400 5916 guitur,
441 5840 568 5912 quia
617 5855 718 5897 nos
768 5855 878 5896 non
921 5838 1124 5909 absque
1174 5844 1418 5911 peccato,
1474 5834 1624 5891 illum
1669 5833 1788 5892 sine

1867 3341 1990 3396 qua:
2035 3334 2222 3382 nostra
2265 3341 2397 3382 caro
2422 3325 2490 3382 de
2516 3325 2836 3396 parentibus
2876 3327 3171 3392 contraxit,
3200 3324 3328 3397 quia
3354 3325 3464 3384 tale

1867 3416 1970 3473 fuit
1997 3417 2260 3490 originale
2301 3425 2583 3488 peccatum
2632 3417 2686 3472 in
2729 3416 2896 3473 carne
2915 3417 3079 3490 primi
3115 3417 3372 3486 hominis,
3403 3423 3468 3474 ut

1867 3513 1994 3570 inde
2021 3525 2078 3568 et
2102 3528 2264 3584 pmna
2297 3523 2353 3569 et
2390 3512 2691 3570 remedium
2731 3513 2849 3569 ﬁeri
2887 3513 3178 3586 potuisset,
3208 3527 3373 3586 poena
3407 3521 3466 3571 et

1867 3614 2152 3676 peccatum
2199 3604 2254 3660 in
2289 3605 2436 3660 omni
2465 3605 2706 3660 humano
2733 3621 2950 3678 genere,
2985 3615 3176 3677 prtetet
3229 3606 3282 3660 in
3310 3605 3471 3664 Cbri-

1867 3705 1947 3762 to,
1982 3695 2038 3750 in
2076 3711 2186 3766 quo
2230 3695 2344 3752 solo
2371 3695 2517 3752 salus
2567 3704 2624 3752 et
2662 3697 2965 3753 remedium
3018 3696 3140 3753 fuit.
3173 3694 3292 3753 Non
3319 3698 3469 3754 enim

1866 3789 2216 3862 praejudicata
2261 3799 2346 3846 est
2398 3805 2530 3846 caro
2576 3791 2878 3860 peccatrix,
2917 3798 2978 3844 ut
3003 3790 3129 3846 inde
3164 3789 3468 3846 remedium

1869 3881 1988 3938 ﬁeri
2014 3898 2122 3938 non
2151 3881 2438 3953 potuisset,
2470 3881 2791 3952 praesctebat
2811 3881 3055 3952 potentia
3086 3879 3185 3937 Dei
3232 3879 3468 3952 qualiter

1871 3988 1940 4029 ex
1972 3973 2165 4030 eadem
2209 3988 2388 4028 massa
2433 3971 2662 4042 justitiaa
2696 3972 2924 4042 aequitas
2975 3980 3034 4028 et
3077 3971 3468 4029 misericordiae

1870 4065 2045 4136 pietas
2070 4065 2360 4136 provenire
2378 4063 2644 4136 potuisset
2665 4082 2708 4116 .‹
2729 4063 2999 4119 Adeamus
3024 4078 3158 4136 ergo
3179 4077 3303 4118 cum
3329 4062 3472 4120 ﬁdu-

1857 4139 1874 4152 .
1890 4189 1914 4225 ι
1944 4169 2029 4227 cia
2055 4167 2123 4224 ad
2145 4167 2400 4222 thronum
2418 4160 2628 4234 gratiae,
2653 4151 3152 4214 utmisericordiam
3168 4164 3466 4218 consequa-

1890 4283 1913 4320 ι
1942 4258 2084 4328 mur,
2108 4269 2164 4317 et
2189 4258 2420 4332 gratiam
2438 4254 2776 4310 inveniamus
2797 4250 2851 4304 in
2877 4245 3079 4304 auxilio
3094 4251 3415 4315 opportuno.
3437 4259 3458 4293 ι

1891 4374 1912 4409 ι
1948 4349 2157 4426 (Ιοαη.)
2185 4349 2358 4418 Quam
2405 4346 2536 4404 dicit
2578 4344 2760 4401 sedem
2805 4341 3025 4414 gratiae?
3071 4339 3255 4396 sedem
3289 4335 3465 4406 ipsam

1887 4447 2121 4520 regalem
2144 4443 2297 4510 dicit,
2320 4443 2385 4498 de
2415 4455 2522 4512 qua
2546 4438 2673 4494 alibi
2700 4436 2897 4494 dicitur
2928 4454 2942 4490 :
2967 4454 3003 4487 .c
3035 4433 3186 4488 Dixit
3205 4429 3468 4520 Dominus

1887 4517 2119 4597 Domino
2138 4552 2298 4594 meo:
2329 4533 2469 4590 Sede
2489 4549 2518 4586 a
2544 4529 2751 4587 dextris
2769 4528 2907 4584 meis
2925 4524 3098 4599 (Psal.
3123 4522 3256 4592 clx).
3281 4541 3300 4573 ι
3327 4517 3469 4588 Quid

1888 4642 1994 4701 est,
2025 4651 2046 4686 ι
2076 4630 2398 4688 accedamus
2421 4640 2543 4681 cum
2566 4621 2798 4679 ﬁducia?
2825 4639 2843 4672 ι
2873 4619 2999 4690 quia
3020 4613 3330 4688 pontiﬁcem
3352 4611 3471 4667 sine

1887 4734 2110 4800 peccato
2133 4723 2419 4784 habemus,
2442 4725 2741 4774 certantem
2754 4728 2876 4768 cum
2891 4710 3111 4800 mundo.
3136 4725 3155 4758 σ
3177 4705 3466 4800 Conﬁdite,

1895 4793 2138 4886 linquit,
2191 4825 2291 4884 ego
2341 4807 2486 4865 enim
2538 4806 2645 4861 vici
2701 4802 2962 4858 mundum
3017 4797 3198 4871 (Joan.
3251 4793 3386 4865 xvi).
3421 4813 3461 4886 γ»

1889 4885 2037 4964 Nam,
2052 4902 2195 4976 quod
2242 4902 2451 4958 dictum
2498 4906 2622 4954 est:
2681 4893 2911 4966 Oportet
2939 4905 3063 4946 eum
3097 4887 3281 4946 omnia
3322 4885 3464 4959 pati,

1891 4997 2148 5056 mundum
2199 5002 2381 5051 autem
2433 5005 2557 5048 eum
2601 5001 2724 5046 esse
2767 5001 2798 5042 a
2848 4983 3106 5056 peccatis,
3152 4983 3259 5039 hoc
3304 4978 3469 5051 signi-

1893 5091 2101 5147 ﬁcans:
2138 5101 2203 5143 ac
2231 5086 2278 5142 si
2314 5099 2415 5140 nos
2455 5063 2556 5138 s‘ub
2601 5087 2826 5152 peccato
2871 5091 3079 5143 sumus,
3128 5072 3322 5146 inquit,
3376 5069 3471 5128 sed

1892 5181 2009 5252 ipse
2029 5179 2145 5236 sine
2171 5182 2414 5233 peccato.
2448 5167 2616 5244 (Alb.)
2657 5167 2995 5224 Accedamus
3021 5179 3152 5238 ergo
3175 5177 3300 5220 cum
3330 5159 3470 5216 ﬁdu-

1883 5277 1991 5346 cia,
2019 5283 2080 5332 ut
2102 5273 2238 5330 nihil
2261 5273 2562 5330 habeamus
2585 5270 2641 5326 in
2665 5267 2996 5327 conscientia
3019 5267 3338 5340 malignum,
3378 5267 3484 5323 hoc

1883 5376 1988 5430 est,
2025 5382 2132 5423 non
2163 5365 2478 5421 dubitantes
2515 5379 2529 5416 :
2569 5377 2678 5418 non
2718 5361 2864 5417 enim
2902 5368 3082 5431 potest
3120 5375 3242 5416 cum
3285 5358 3482 5415 ﬁducia

1888 5459 1980 5517 tali
2023 5457 2304 5514 accedere.
2349 5454 2624 5511 Adeamus
2651 5468 2782 5525 ergo
2812 5468 2935 5508 cum
2988 5451 3208 5518 ﬁducia,
3255 5453 3360 5508 hoc
3401 5458 3487 5506 est

1887 5555 2145 5610 adeamus
2186 5566 2284 5620 per
2315 5548 2474 5606 ﬁdem
2501 5546 2569 5604 ad
2599 5547 2854 5603 thronum
2884 5545 3075 5618 gratiae
3100 5543 3239 5615 ejus,
3284 5542 3486 5598 habea-

1887 5661 2009 5702 mus
2034 5643 2307 5705 ﬁduciam,
2345 5641 2594 5712 quamvis
2621 5647 2940 5711 peccatores
2983 5638 3173 5703 simus,
3221 5649 3324 5707 per
3368 5633 3488 5706 ejus

1889 5739 2119 5812 gratiam
2164 5736 2474 5807 recuperari
2509 5750 2688 5806 posse,
2732 5734 2781 5790 si
2828 5741 3009 5789 tamen
3054 5729 3266 5786 fructus
3292 5727 3486 5801 dignos

1890 5831 2185 5889 fecerimus
2225 5828 2594 5905 poenitentiae,
2642 5835 2700 5884 et
2743 5826 2904 5883 ﬁdem
2951 5825 3167 5882 ﬁrmam
3213 5835 3386 5894 usque
3429 5821 3486 5880 in
