3992 6338
550 434 663 497 τω
1208 431 1269 488 Β.
1306 426 1567 487 RABANI
1600 368 1821 482 ΜΑοώ
1852 413 2172 478 ARCHIEP.
2210 405 2524 467 MOGUNT.
2561 401 2850 462 OPERUM
2886 400 3069 458 PARS
3104 399 3191 457 111.
3749 395 3848 455 πο

538 554 707 614 ﬁnem
740 551 1091 609 retineamus.
1112 548 1278 605 Nunc
1310 560 1474 602 verus
1506 542 1661 600 sedet
1684 538 1928 612 pontifex
1954 542 2138 591 noster
2165 534 2219 596 Α
2240 532 2393 581 Clu“?
2428 522 2503 578 ίιίι
2540 519 2991 614 ίηιιοηθεμιε-θεῑυ
3022 515 3296 614 ίζυοηιοάθ
3328 513 3527 614 δίζηηδ
3548 522 3643 572 ei“
3666 513 3849 614 hui‘s‘

540 649 700 710 Iesus
724 648 893 704 Filius
920 646 1016 704 Dei
1039 646 1095 701 in
1121 646 1320 701 throno
1349 641 1558 713 gratiae,
1599 647 1822 710 paratus
1865 634 2142 707 indulgere

530 740 782 817 peccatis
804 738 1010 794 nostris
1036 738 1090 792 iu
1116 737 1217 795 hoc
1246 742 1551 806 opportuno
1576 730 1797 786 auxilio.
1832 727 1985 784 Nunc
2013 741 2144 817 vero

544 816 906 902 opportunum
936 836 1151 896 tempus
1174 833 1258 880 est
1279 822 1467 878 auxilii
1488 829 1544 877 et
1571 817 1959 874 misericordiae
1981 816 2143 882 illius,

544 923 687 983 sicut
730 921 834 976 iste
876 919 1066 974 doctor
1108 916 1358 989 egregius
1398 913 1504 969 alio
1548 912 1667 967 loco
1705 911 1844 967 dixit
1880 930 1895 966 :
1943 931 1962 962 ι
2008 910 2147 965 Ecce

545 1028 692 1071 nunc
745 1021 958 1081 tempus
1005 1008 1374 1081 acceptubile,
1427 1021 1554 1063 ecce
1604 1020 1748 1061 nunc
1794 1004 1911 1060 dies
1957 1001 2147 1061 salutis

549 1106 634 1183 (11
667 1107 791 1164 Cor.
819 1107 928 1179 vi);
966 1126 985 1159 ι
1023 1114 1077 1161 et
1106 1104 1374 1176 Propheta
1421 1101 1593 1158 multo
1637 1109 1764 1156 ante
1809 1100 1913 1155 hoc
1959 1096 2169 1152 auxiliit

548 1200 838 1272 opportuni
888 1208 1100 1269 tempus
1145 1195 1498 1269 signiﬁcans:
1533 1212 1552 1245 ι
1589 1191 1886 1262 Tempore,
1938 1189 2147 1259 inquit,

548 1298 854 1365 opportuno
901 1288 1083 1345 audivi
1133 1295 1223 1352 te,
1270 1295 1327 1341 et
1371 1285 1451 1341 in:
1479 1285 1568 1340 die
1616 1283 1807 1339 salutis
1858 1279 2040 1351 adjuvi
2095 1289 2150 1336 te

551 1376 689 1455 (Isa.
715 1378 885 1448 χιιι).
919 1398 939 1431 ι
972 1376 1216 1447 Namque
1240 1383 1299 1431 et
1335 1389 1480 1430 nunc
1512 1382 1635 1443 post
1670 1371 1997 1443 baptismum
2023 1385 2149 1441 pee-

549 1478 739 1529 cantes
778 1468 1020 1525 invenire
1051 1465 1503 1530 misericordiam,
1533 1465 1580 1519 si
1615 1462 1989 1535 paenitentiam
2018 1476 2146 1534 ege-

550 1564 682 1628 rint,
724 1560 897 1634 gratia
942 1567 1027 1615 est
1074 1558 1243 1623 illius,
1270 1557 1363 1628 qui
1405 1556 1559 1612 sedet
1600 1555 1654 1610 in
1702 1555 1897 1610 throno
1938 1554 2146 1626 gratiae.

542 1650 706 1723 'Quod
733 1666 862 1707 vero
886 1657 1225 1721 opportunus
1249 1647 1425 1703 factus
1446 1655 1533 1702 est
1559 1662 1656 1717 pro
1685 1645 1861 1711 nobis,
1891 1660 2148 1715 magnum

550 1751 634 1801 est
669 1739 994 1797 humilitatis
1039 1737 1328 1801 indicium,
1374 1752 1537 1808 quam
1580 1752 1646 1791 ex
1684 1744 1869 1792 nostra
1912 1735 2152 1806 suscepit

552 1843 770 1899 natura,
800 1848 912 1888 non
951 1846 1062 1888 sua:
1106 1830 1422 1886 substantize
1453 1844 1616 1900 quam
1652 1828 1814 1883 habet
1843 1827 2146 1898 triumpha—

2242 616 2387 673 modi
2416 628 2601 671 senem
2634 608 2892 682 appellari
2921 650 2938 676 ,
2967 609 3060 680 qui
3085 623 3262 678 neque
3284 607 3431 663 :etati
3488 606 3854 663 reverentiam

2242 705 2516 766 exhibet?
2548 704 2641 776 qui
2674 704 2820 758 enim
2848 701 3010 757 dicit:
3042 700 3269 757 Peccata
3288 697 3601 770 juventutis
3631 714 3771 755 mea
3792 714 3855 757 ne

2243 801 2588 867 memineris,
2622 797 2789 853 veluti
2820 796 2873 851 in
2902 802 3183 852 senectute
3211 802 3517 859 correctus,
3556 793 3683 848 haec
3709 791 3853 849 dicit.

2245 894 2364 952 Non
2392 895 2551 966 igitur
2585 908 2657 948 ex
2695 890 2782 947 his
2805 903 2926 961 qua:
2954 888 3010 943 in
3038 892 3323 959 senectute
3350 885 3689 956 contingunt
3718 882 3859 939 Itane

2244 988 2342 1044 des
2372 997 2603 1058 teipsum
2632 1000 2665 1039 a
2696 982 2855 1039 venia
2882 981 3050 1036 etiam
3097 993 3287 1035 eorum
3342 993 3466 1049 quae
3498 977 3555 1032 in
3578 975 3857 1047 juventule

2244 1078 2443 1135 fecisti.
2494 1075 2777 1146 Quomodo
2822 1071 2968 1129 enim
3014 1087 3123 1127 non
3150 1079 3235 1126 est
3280 1068 3623 1135 absurdum,
3668 1080 3727 1123 et
3772 1086 3855 1126 su-

2244 1189 2344 1246 pra
2377 1171 2590 1228 veniam
2633 1168 2779 1241 quod
2824 1168 2907 1239 lit,
2936 1174 2997 1221 ut
3029 1180 3198 1233 senex
3242 1163 3302 1220 in
3344 1164 3611 1219 tabernas
3659 1162 3855 1229 sedeat,

2248 1278 2413 1322 senex
2439 1263 2508 1317 ad
2537 1262 2745 1318 circum
2768 1258 3008 1324 festinet,
3035 1272 3207 1313 senex
3240 1255 3311 1313 ad
3355 1256 3646 1311 theatrum
3676 1270 3859 1313 asca-

2248 1354 2362 1419 dat,
2410 1350 2573 1407 veluti
2622 1349 2776 1422 pueri
2816 1356 3100 1405 currentes
3144 1361 3271 1403 cum
3310 1345 3491 1417 plebe.
3543 1345 3699 1403 Vens
3736 1361 3858 1402 ma-

2250 1445 2393 1501 fusio
2421 1452 2585 1501 estet
2614 1442 2825 1508 irrisio,
2887 1452 2948 1497 ut
2994 1440 3195 1496 canitie
3225 1438 3445 1511 quidem
3476 1447 3720 1495 ornetur
3772 1455 3857 1495 ex-

2252 1537 2562 1601 trinsecus,
2612 1535 2944 1591 intrinsecus
3002 1540 3186 1589 autem
3236 1531 3582 1588 intellectum
3636 1531 3859 1587 habent

2250 1631 2550 1705 puerilem;
2590 1637 2645 1683 et
2676 1628 2943 1697 siquidem
2971 1626 3193 1699 injuriet
3234 1625 3384 1681 illum
3400 1624 3662 1694 juvenis,
3688 1626 3860 1681 statim

2251 1740 2418 1781 canos
2436 1726 2489 1781 in
2518 1726 2753 1781 medium
2779 1724 3023 1796 proferet
3048 1725 3273 1781 dicens:
3302 1724 3398 1779 Vel
3429 1726 3599 1781 canis
3629 1724 3753 1781 istis
3776 1739 3860 1779 ex-

2251 1817 2380 1873 hibe
2404 1818 2785 1874 reverentiam.
2831 1816 2891 1873 Si
2920 1832 3052 1873 vero
3096 1826 3151 1872 tu
3177 1817 3256 1873 eis
3296 1832 3409 1873 non
3434 1817 3681 1873 exhibes
3721 1831 3860 1872 reve-

546 1924 736 1984 biliter
761 1941 885 1982 cum
904 1920 1091 1990 Patre,
1120 1922 1207 1978 cui
1239 1937 1339 1976 nos
1372 1921 1530 1976 ﬁdem
1559 1935 1682 1976 cum
1710 1919 1903 1976 ﬁducia
1934 1919 2148 1975 bonita-
2178 1905 2226 1966 Β
2255 1911 2608 1981 rentiamjam
2624 1910 3861 1982 senex,quomodojuvenemtuoscanosme-

552 2018 626 2076 tis
664 2033 777 2074 suae
806 2014 1119 2073 aiferamus.
1150 2012 1264 2071 Hoc
1290 2022 1596 2085 opportuno
1626 2020 1870 2084 tempore
1901 2027 2025 2067 cum
2061 2025 2150 2065 se-

556 2106 648 2165 det
675 2109 733 2164 in
760 2107 949 2181 gratiae
982 2107 1196 2172 throno,
1233 2114 1288 2161 et
1322 2104 1502 2161 omnia
1534 2103 1723 2175 tribuit
1751 2119 1870 2174 qua:
1899 2102 2056 2157 nobis
2086 2102 2154 2157 ad

554 2200 788 2257 salutem
838 2199 1126 2271 provenire
1171 2197 1535 2254 certissimum
1580 2204 1685 2261 est,
1736 2193 1896 2249 modo
1942 2203 2155 2263 tempus

554 2302 641 2350 est
676 2292 962 2349 donorum.
1010 2290 1181 2346 Nemo
1215 2288 1282 2346 de
1322 2290 1503 2361 seipse
1542 2289 1824 2359 desperet;
1868 2288 2157 2342 timeamus

557 2384 812 2441 thronum
841 2383 1117 2455 aequitatis
1145 2380 1280 2452 ejus,
1311 2396 1433 2438 cum
1464 2379 1677 2435 venerit
1705 2378 2006 2450 dijudicare
2035 2392 2152 2431 om—

559 2476 652 2531 nia
691 2474 987 2532 secundum
1016 2473 1311 2545 justitiam,
1356 2481 1412 2529 et
1455 2481 1583 2527 tunc
1614 2473 1714 2527 erit
1762 2470 2158 2542 desperationis

562 2576 775 2638 tempus
810 2581 953 2621 nunc
997 2565 1306 2621 nolentibus
1351 2566 1595 2621 converti
1631 2566 1699 2620 ad
1738 2565 1921 2620 sedem
1947 2564 2152 2636 gratias,

562 2674 689 2715 cum
722 2656 989 2715 thalamus
1028 2659 1134 2715 erit
1167 2658 1404 2725 clausus,
1437 2668 1755 2729 tantumque
1794 2673 1916 2714 cum
1959 2673 2159 2729 sponso

565 2757 849 2807 remanent
873 2751 965 2821 qui
994 2746 1241 2806 lucentes
1267 2750 1421 2807 bonis
1442 2751 1698 2822 operibus
1724 2751 1929 2806 ferrent
1955 2750 2160 2821 lampa-

565 2842 682 2901 des.
719 2841 928 2917 (Ιοαὴ.)
965 2861 984 2895 ‹
1015 2838 1374 2909 Festinemus,
1408 2864 1432 2898 ι
1471 2844 1644 2914 inquit
1673 2860 1685 2897 :
1720 2858 1845 2898 nam
1870 2851 1928 2899 et
1959 2842 2161 2899 Paulus

558 2936 746 2994 'dixit:
782 2956 801 2988 ι
840 2928 934 2992 Sic
960 2952 1146 3003 curro,
1176 2952 1286 2993 non
1309 2937 1464 3009 quasi
1496 2937 1550 2993 in
1593 2937 1898 3001 incertum;
1940 2955 1960 2989 ι
1995 2952 2161 2992 cursu

563 3042 699 3100 opus
723 3035 807 3084 est
832 3036 888 3084 et
912 3043 1074 3083 cursu
1088 3024 1283 3084 valido.
1303 3026 1404 3095 Qui
1433 3028 1628 3095 currit,
1656 3027 1930 3084 neminem
1963 3042 2159 3084 occur-

564 3127 775 3175 rentem
816 3116 919 3174 sibi
953 3119 1121 3185 videt,
1161 3120 1275 3175 sive
1314 3134 1412 3190 per
1453 3128 1630 3191 prata,
1677 3120 1791 3176 sive
1832 3135 1930 3192 per
1968 3134 2161 3191 aspera

546 3206 679 3268 ’loca
712 3219 974 3267 transeat.
1009 3211 1111 3280 Qui
1143 3211 1335 3277 currit,
1372 3228 1648 3283 nunquam
1684 3220 1814 3281 stat,
1847 3228 1972 3269 nam
2002 3215 2049 3270 si
2075 3213 2160 3268 vel

2252 2004 2360 2060 reri
2389 2005 2700 2059 desideras?
2728 2000 2847 2059 Non
2878 2003 3169 2071 revereris,
3195 2002 3399 2073 inquis,
3416 2003 3524 2058 bos
3542 2003 3755 2058 canos?
3775 2002 3857 2058 sed

2254 2104 2312 2151 tu
2337 2111 2432 2152 eos
2455 2094 2761 2151 confundis.
2781 2095 2923 2151 Deus
2944 2103 2997 2150 te
3022 2094 3330 2159 honoravit,
3350 2093 3665 2150 candorem
3692 2092 3859 2166 capilli

2260 2189 2410 2246 dedit
2441 2189 2555 2243 tibi.
2578 2189 2879 2244 Primatum
2913 2188 3118 2245 habere
3139 2202 3431 2244 consessus
3450 2189 3593 2259 quid
3614 2188 3861 2259 prodant!

2256 2284 2406 2340 illum
2437 2286 2701 2340 honorem
2751 2285 3025 2355 quomodo
3079 2292 3398 2340 revereatur
3432 2284 3705 2354 juvenis,
3750 2300 3861 2342 eum

2258 2388 2311 2435 te
2340 2381 2531 2435 viderit
2558 2379 2789 2450 amplius
2814 2379 3053 2435 lascivia:
3085 2378 3361 2434 deditum?
3390 2376 3653 2435 Canities
3678 2380 3864 2450 qui»:

2259 2480 2390 2527 tunc
2408 2479 2492 2527 est
2518 2472 2844 2528 venerabilis
2865 2472 3083 2543 quando
3106 2487 3169 2528 ea
3187 2471 3327 2540 gerit
3345 2485 3471 2542 quae
3492 2472 3767 2529 canitiem
3784 2476 3867 2529 do-

2259 2574 2407 2629 cent,
2435 2578 2560 2618 cum
2602 2578 2733 2619 vero
2765 2562 3080 2634 juveniliter
3105 2572 3491 2631 conversatur,
3510 2564 3645 2634 plus
3660 2564 3868 2634 juveni-

2256 2646 2362 2712 biis
2389 2655 2651 2713 ridiculus
2675 2657 2800 2712 erit.
2830 2656 3112 2725 Quomodo
3136 2657 3385 2727 poteritis
3414 2658 3663 2728 juvenes
3692 2659 3869 2715 abo-

2260 2765 2412 2817 nere,
2444 2751 2569 2806 dum
2593 2766 2713 2816 vos,
2738 2764 2916 2815 senes,
2941 2750 3227 2809 ebriemini
3268 2767 3367 2822 per
3409 2752 3869 2809 inminentia:

2261 2842 2536 2897 vestram?
2584 2841 2703 2897 Non
2749 2842 2898 2898 enim
2949 2858 3094 2899 nunc
3142 2843 3379 2899 irridens
3440 2845 3707 2901 certiores
3764 2846 3873 2902 hac

2263 2935 2405 3001 dico,
2432 2936 2527 2991 sed
2548 2935 2777 3007 juvenes
2802 2934 2975 3005 magis
3000 2935 3224 2991 irrideo.
3244 2934 3508 3003 Quienim
3530 2937 3659 2993 hac
3686 2938 3871 3009 agitis,

2262 3029 2365 3084 etsi
2391 3029 2460 3085 ad
2492 3030 2849 3085 centesimum
2870 3027 3101 3085 veniatis
3118 3043 3347 3094 annum,
3370 3028 3505 3085 mihi
3526 3029 3777 3100 juvenes
3796 3032 3875 3086 vi-

2264 3120 2488 3189 demini,
2520 3130 2575 3176 et
2602 3121 2805 3177 similes
2836 3121 3039 3193 pueris.
3070 3118 3304 3179 iuvenes
3333 3121 3500 3188 enim,
3542 3122 3657 3178 etsi
3698 3125 3875 3181 ntuli-

2206 3258 2233 3286 ._
2264 3229 2384 3269 cam
2414 3213 2754 3285 disciplinam
2790 3213 3060 3284 accipiant
3086 3221 3143 3271 et
3159 3215 3526 3286 corrigantur,
3556 3217 3879 3273 senioribus

548 3306 839 3363 modicum
877 3274 1146 3378 negligat,
1193 3274 1363 3361 totum
1395 3274 1612 3363 amittit.
1647 3306 1749 3375 Qui
1776 3274 1981 3375 currit,
2026 3308 2161 3364 nihil
2189 3274 2236 3341 Ο
2266 3274 2767 3361 melioressunt.Et
2782 3320 2888 3359 non
2903 3274 3200 3361 istesermo
3214 3274 3879 3379 meus,sed'etScriptu-a

554 3388 1014 3479 ‘anteponit'ﬁni,
1055 3397 1149 3453 sed
1177 3398 1352 3469 magis
1391 3396 1458 3453 ad
1487 3413 1611 3453 eum
1640 3400 1939 3469 pertendit.
1971 3398 2085 3455 Hoc
2129 3414 2163 3454 a

568 3498 657 3543 me
678 3484 881 3541 dictum
910 3494 994 3541 est
1013 3484 1081 3541 ad
1110 3501 1225 3553 eos,
1253 3484 1347 3558 qui
1373 3487 1558 3543 dicunt
1582 3507 1595 3543 :
1627 3488 1685 3544 In
1718 3488 2006 3560 juventule
2036 3491 2161 3563 qui-

570 3576 694 3634 dem
715 3590 836 3635 mea
861 3578 1098 3634 studium
1116 3579 1307 3646 habui,
1338 3579 1392 3635 in
1407 3578 1692 3649 juventule
1711 3583 1952 3654 jejunavi
1980 3600 1993 3636 :
2019 3599 2165 3640 nunc

550 3668 760 3727 'autem
798 3670 975 3727 senui.
1026 3670 1260 3727 Maxime
1287 3689 1417 3729 vero
1460 3673 1866 3745 religiositatem
1906 3689 2165 3746 augmen-

570 3758 690 3819 tare
718 3758 973 3818 debuisti.
991 3760 1162 3816 Nemo
1178 3760 1311 3817 mihi
1338 3770 1551 3818 veteres
1576 3763 1806 3819 virtutes
1844 3773 2160 3830 enumeret;

570 3868 718 3911 nunc
743 3853 919 3924 magis
933 3853 1075 3926 viget
1095 3852 1238 3926 quis,
1255 3863 1309 3909 et
1333 3854 1385 3909 in
1404 3854 1687 3926 iuventute
1714 3853 1904 3911 ﬁrmus
1924 3872 2031 3912 non
2057 3863 2160 3912 est.

578 3944 682 4013 Qui
698 3942 841 4001 enim
862 3943 1201 4016 corporalem
1220 3945 1381 4000 istum
1398 3946 1820 4011 curritcursum,
1838 3956 1986 4003 recte
2000 3946 2164 4014 dicit,

571 4035 701 4106 quia
722 4035 951 4092 canities
973 4050 1097 4092 eum
1128 4036 1505 4109 apprehendit,
1530 4048 1587 4092 et
1611 4053 1718 4093 non
1749 4037 1890 4093 valet
1917 4038 2168 4095 similiter

572 4140 795 4185 currere
812 4169 828 4193 ,
856 4128 983 4200 quia
1006 4129 1185 4184 omnis
1207 4144 1347 4201 agon
1374 4128 1429 4184 in
1453 4144 1682 4201 corpore
1708 4132 2036 4186 constitutus
2061 4139 2164 4187 est.

577 4219 659 4276 Tu
702 4234 833 4274 vero
881 4219 952 4275 ob
999 4235 1163 4290 quam
1210 4234 1434 4275 causam
1500 4235 1718 4276 cursum
1770 4222 2021 4277 minues?
2066 4220 2168 4278 llic

577 4309 725 4365 enim
762 4307 945 4363 animo
977 4324 1114 4379 opus
1142 4316 1261 4374 est,
1291 4309 1473 4366 animo
1501 4319 1703 4367 erecto.
1744 4311 1938 4367 Anima
1969 4310 2170 4384 quippe

580 4398 635 4455 in
683 4404 962 4453 senectute
1006 4397 1187 4468 potius
1241 4397 1594 4465 confortatur,
1653 4411 1781 4456 tunc
1824 4400 1990 4472 viget,
2041 4410 2172 4459 tunc

584 4488 850 4554 exsultat;
870 4487 1011 4544 sicut
1024 4489 1169 4544 enim
1201 4502 1397 4560 corpus
1412 4506 1690 4563 usquequo
1708 4492 1946 4548 febribus
1962 4494 2170 4550 detine-

582 4589 691 4648 tur,
716 4588 774 4636 et
810 4578 1262 4650 subsequentibus
1295 4582 1724 4654 :egritudinibus,
1757 4600 1819 4639 ac
1857 4585 1903 4640 si
1941 4587 2011 4641 sit
2040 4586 2172 4641 vali-

581 4672 731 4740 dum,
773 4680 952 4727 tamen
976 4668 1257 4744 amigitur;
1293 4689 1417 4730 cum
1456 4684 1637 4730 autem
1679 4674 1964 4732 liberatum
2011 4677 2175 4734 fuerit

582 4763 650 4818 ah
666 4762 981 4820 obsessione
1002 4764 1334 4829 morborum,
1350 4776 1558 4823 recreat
1575 4768 1849 4839 propriam
1870 4769 2124 4824 virtutem
2153 4789 2166 4827 :

583 4856 664 4912 sic
702 4854 870 4911 etiam
908 4857 1088 4912 anima
1132 4858 1187 4914 in
1225 4858 1509 4930 juventule
1552 4857 1796 4916 febribus
1834 4862 2076 4929 laborat,
2118 4872 2173 4921 et

588 4960 745 5002 amor
793 4944 977 5018 gloriae
1010 4950 1266 5021 opprimit
1298 4964 1450 5016 eam,
1484 4958 1540 5006 et
1577 4950 1890 5009 deliciarum
1921 4962 1977 5011 et
2004 4970 2170 5011 vene-

587 5052 802 5094 rearum
820 5052 1019 5109 rerum,
1039 5048 1093 5096 et
1118 5039 1345 5097 aliarum
1367 5043 1659 5099 multarum
1690 5045 2166 5119 imaginationum;

584 5144 711 5185 cum
744 5138 922 5187 autem
948 5143 1202 5189 senectus
1228 5132 1531 5202 advenerit,
1552 5150 1743 5194 omnes
1766 5138 1866 5195 bas
1892 5141 2173 5212 passiones

574 5218 786 5293 'eﬂ‘ugat
812 5241 825 5277 :
855 5220 987 5281 alias
1012 5238 1111 5296 per
1128 5226 1462 5295 satietatem,
1491 5226 1628 5286 alias
1656 5246 1752 5301 per
1778 5232 2176 5304 philosophiam

587 5314 933 5373 constrictas.
974 5315 1078 5386 Qui
1114 5318 1258 5374 enim
1289 5318 1342 5374 in
1375 5326 1653 5377 senectute
1693 5322 1770 5377 ita
1806 5322 2042 5383 furiosus
2070 5335 2176 5396 est,

587 5408 827 5465 ostendit
850 5411 977 5481 quia
1019 5420 1076 5467 et
1116 5410 1173 5467 in
1202 5412 1507 5485 juventute,
1537 5429 1646 5470 non
1670 5428 1769 5487 per
1794 5419 2176 5489 ignorantiam,

588 5515 696 5556 non
722 5514 820 5572 per
846 5502 1172 5574 imperitiam
1192 5544 1210 5572 ,
1250 5520 1355 5560 non
1391 5521 1489 5577 per
1515 5515 1730 5563 aetatem
1764 5510 1887 5569 talis
1920 5512 2019 5569 fuit
2039 5554 2055 5581 ,
2083 5514 2180 5571 sed

584 5602 691 5665 per
724 5590 1125 5667 negligentiam.
1166 5594 1260 5651 Ille
1296 5597 1496 5668 quippe
1533 5607 1710 5671 potest
1748 5602 1928 5660 dicere
1967 5623 1980 5658 :
2023 5625 2042 5657 ‹
2078 5605 2181 5662 De-

587 5681 717 5739 licta
758 5682 1058 5755 iuventutis
1103 5698 1157 5743 et
1200 5688 1519 5760 ignorantia:
1571 5708 1705 5750 meze
1752 5710 1820 5751 ne
1870 5698 2180 5758 memineris

548 5826 559 5833 .
590 5773 765 5848 (Paul.
797 5776 969 5850 XXIV),
1008 5799 1027 5832 ι
1061 5782 1153 5853 qui
1194 5783 1249 5840 in
1290 5795 1570 5843 senectute
1601 5793 1966 5861 competentia
2006 5795 2177 5867 gerit,

590 5868 686 5939 qui
713 5870 1039 5939 procedente
1060 5884 1221 5937 aetate
1248 5887 1489 5937 mutatur
1518 5900 1530 5938 :
1560 5882 1606 5939 si
1641 5894 1821 5941 autem
1852 5892 1907 5942 et
1935 5885 1987 5942 in
2020 5903 2178 5946 sene-

2264 3395 2408 3451 hauc
2450 3396 2602 3451 novit
2646 3396 3048 3453 discretionem.
3083 3416 3103 3448 ‹
3141 3397 3405 3456 Senectus
3444 3400 3625 3468 enim,
3676 3402 3880 3474 inquit.

2261 3488 2620 3556 honorabilis,
2650 3505 2758 3544 non
2794 3490 2949 3546 multi
2975 3493 3256 3563 temporis,
3282 3502 3342 3549 et
3390 3501 3523 3551 tetas
3562 3499 3881 3554 senectutis

2262 3582 2377 3636 vita
2419 3581 2766 3637 immaculata
2788 3580 2943 3654 (Sap.
2976 3583 3073 3654 iv).
3115 3604 3135 3637 ι
3174 3583 3387 3639 Etenim
3410 3568 3883 3645 ambat-annus

2264 3673 2545 3748 [canitiem
2561 3673 2607 3748 ?]
2646 3690 2753 3730 non
2801 3675 2928 3745 quia
2971 3676 3209 3732 colorem
3252 3677 3540 3733 candidum
3576 3678 3795 3745 habet,
3833 3690 3884 3737 et

2271 3765 2394 3820 ideo
2407 3764 2475 3820 ab
2491 3766 2646 3837 nigro
2666 3765 2848 3821 colore
2872 3767 3103 3837 amplius
3134 3768 3483 3836 honoramus,
3506 3770 3605 3826 sed
3633 3773 3785 3843 quia
3810 3774 3887 3829 in-

2265 3856 2468 3912 dicium
2510 3868 2595 3912 est
2633 3857 2758 3913 vitae
2800 3858 2855 3913 in
2899 3858 3099 3914 virtute
3126 3869 3413 3930 provecta,
3441 3869 3497 3917 et
3526 3861 3801 3921 videntes
3822 3881 3885 3921 ex

2266 3950 2371 4007 hoc
2395 3950 2713 4022 conjiciinus
2738 3951 3055 4009 interiorem
3084 3963 3421 4014 senectutem
3447 3974 3462 4010 :
3494 3958 3545 4013 si
3568 3973 3725 4016 vero
3752 3976 3883 4018 cul-

2268 4043 2439 4099 traria
2467 4045 2733 4100 senectuti
2766 4046 3055 4118 gesserint,
3076 4048 3362 4107 irrisibiles
3387 4036 3541 4107 ﬁunt.
3570 4050 3886 4112 Verumta-

2268 4150 2394 4190 men
2439 4149 2541 4191 nec
2581 4136 2802 4207 juvenis
2844 4136 3055 4195 alienus
3074 4148 3158 4196 est
3181 4140 3338 4212 culpa
3371 4159 3385 4196 :
3408 4139 3631 4211 juvenis
3680 4147 3887 4218 quippe

2270 4228 2345 4284 ibi
2377 4236 2585 4285 tantum
2620 4229 2823 4287 habere
2863 4231 3079 4288 veniam
3120 4235 3344 4304 poterit,
3378 4236 3507 4293 dum
3550 4236 3889 4311 imprimam

2270 4318 2457 4387 fuerit,
2504 4320 2633 4376 dum
2681 4328 2922 4391 tempore
2968 4323 3176 4397 indiget
3218 4334 3275 4381 et
3314 4328 3687 4398 experientia.
3749 4332 3887 4389 Cum

2271 4420 2451 4467 auten
2481 4428 2619 4483 opus
2654 4414 2762 4471 erit
2790 4418 3201 4487 temperantiam
3245 4428 3339 4475 aut
3370 4419 3768 4483 fortitudinem
3800 4430 3890 4485 de»

2276 4513 2602 4571 monstrare,
2642 4522 3005 4577 nequaquam,
3054 4524 3231 4581 neque
3268 4513 3483 4582 quando
3524 4529 3674 4584 opus
3706 4520 3823 4576 erit
3858 4537 3887 4577 a

2201 4640 2252 4704 Β
2275 4598 2525 4669 pecuniis
2549 4598 2823 4656 abstinere
2853 4619 2866 4654 :
2893 4615 3020 4657 nam
3044 4612 3128 4661 est
3155 4604 3246 4660 ubi
3278 4605 3449 4676 magis
3477 4606 3596 4678 plus
3624 4624 3785 4670 sese
3804 4613 3889 4685 ju-

2279 4692 2435 4747 venis
2492 4692 2760 4765 culpatur.
2816 4694 2909 4751 llle
2944 4697 3147 4768 quippe
3197 4700 3369 4755 multa
3410 4703 3713 4762 contione
3756 4722 3891 4779 opus

2280 4782 2506 4839 habebit
2533 4825 2549 4849 ,
2599 4785 2917 4844 debilitante
2964 4788 3115 4845 illum
3163 4802 3493 4851 senectute:
3540 4796 3651 4853 iste
3701 4810 3887 4858 tota

2277 4873 2435 4931 fortis
2475 4884 2579 4943 est,
2624 4877 2670 4932 si
2712 4878 2944 4936 voluerit
2988 4881 3223 4954 seipsum
3250 4899 3476 4957 regere;
3519 4888 3761 4960 qualem
3800 4908 3891 4949 ve-

2278 4966 2426 5023 niam
2450 4977 2726 5024 mereatur
2747 4985 2871 5026 cum
2896 4972 3041 5043 rapit
3062 4975 3296 5046 amplius
3312 4993 3480 5049 quam
3524 4994 3737 5049 senex.
3766 5000 3887 5042 CII

2278 5068 2428 5115 tenet
2452 5060 2653 5116 malum
2682 5062 2739 5117 in
2767 5064 3104 5130 corde,,dum
3126 5083 3233 5124 non
3262 5070 3480 5142 adjuvat
3504 5087 3740 5143 om,
3763 5079 3889 5134 dum

2278 5151 2448 5206 multa
2473 5153 2742 5223 superﬂua
2772 5154 3029 5225 loquitur,
3053 5158 3180 5215 dum
3206 5159 3461 5231 injuriat,
3490 5164 3619 5221 dum
3652 5169 3889 5228 mbi-

2278 5242 2372 5306 cit,
2415 5243 2540 5300 dum
2582 5245 2915 5302 inebriatur?
2942 5248 3001 5305 Si
3027 5259 3207 5309 autem
3237 5253 3305 5311 de
3330 5259 3705 5327 temperantia
3732 5270 3887 5334 pun

2279 5349 2387 5389 non
2412 5351 2572 5407 posse
2593 5337 2819 5409 culpari,
2855 5343 3071 5399 attende
3100 5344 3253 5401 illum
3278 5355 3331 5403 et
3360 5348 3436 5405 ibi
3460 5350 3633 5407 multa
3668 5353 3889 5425 adjuto-

2282 5429 2362 5484 ria
2390 5429 2703 5498 habentem,
2724 5433 2769 5489 si
2802 5442 2979 5491 tamen
3002 5436 3264 5495 voluerit:
3292 5456 3359 5498 ac
3383 5442 3433 5498 si
3456 5443 3889 5505 enimnonnﬂ-

2281 5522 2402 5579 dius
2412 5537 2536 5579 eum
2559 5539 2723 5595 quam
2743 5540 2929 5583 senem
2954 5530 3225 5600 cupiditas
3243 5528 3505 5601 stimulet,
3538 5544 3739 5596 tamen
3758 5550 3891 5597 aut

2280 5615 2449 5673 multa
2475 5617 2529 5673 iu
2554 5618 2751 5690 quibus
2797 5621 2969 5693 magis
2992 5638 3156 5694 quam
3180 5640 3347 5683 senex
3372 5629 3569 5699 poterit
3600 5629 3888 5699 labem

2282 5717 2342 5765 ut
2378 5708 2607 5765 bestiam
2654 5710 2801 5767 illam
2845 5712 3101 5772 incantet.
3131 5714 3261 5787 Quae
3286 5728 3413 5775 sunt
3444 5721 3586 5777 ista?
3634 5722 3885 5789 labeas,

2280 5798 2560 5867 lectiones,
2590 5801 2801 5873 vigilize.
2837 5801 2945 5865 Sed
2973 5806 3103 5879 quid
3130 5808 3199 5865 ad
3242 5824 3342 5865 nos
3370 5809 3506 5879 haec,
3548 5812 3763 5883 inquit,
3790 5814 3887 5886 qui

2282 5907 2388 5949 non
2413 5908 2600 5951 sumus
2612 5896 2902 5952 monachi?
2924 5895 3052 5956 llaec
3076 5901 3211 5958 mihi
3236 5901 3370 5960 dicis
3390 5902 3414 5958 ?
3437 5903 3523 5961 dic
3554 5903 3739 5964 Paulo
3762 5921 3885 5964 cum
