3992 6338
218 366 320 443 in

683 380 1233 440 ENARRATIONUM
1268 381 1338 438 IN
1369 382 1518 438 EPP.
1556 378 1763 440 PAULI
1796 379 1926 437 LIB.
1962 379 2174 439 XXVII.
2207 414 2279 424 -—
2309 381 2379 440 IN
2415 382 2632 441 EPIST.
2667 384 2760 441 AD
2796 370 3000 444 HEBR.

3376 370 3489 446 vis

218 496 399 559 icit:
451 518 469 553 ι
513 498 812 572 Vigilantes
864 500 918 554 in
965 500 1111 556 omni
1159 500 1421 572 patientia
1466 509 1521 556 et
1567 501 1811 556 oratione
1838 498 2666 574 Ajamexcellentiaest.dequa
2686 502 3197 577 superiusinpriore
3218 507 3488 565 sententia

219 592 439 666 (Ephes.
463 591 579 663 vi);
617 612 636 645 ›
670 606 790 647 cum
814 591 946 646 dicit
982 609 994 645 :
1040 611 1057 642 ι
1089 590 1280 648 Carnis
1306 609 1491 648 curam
1518 609 1585 648 ne
1616 593 1807 649 feceri-

220 685 291 741 tis
330 686 385 740 in
418 684 867 756 concupiscentiis
896 683 1073 758 (Rom.
1110 686 1309 761 x110.)
1353 686 1472 743 Non
1507 688 1651 743 enim
1685 705 1805 744 mo-

215 777 410 835 nachis
436 777 551 833 haec
578 777 848 833 scribebat
872 787 1099 844 tantum,
1126 780 1227 835 sed-
1246 781 1495 838 omnibus
1537 783 1627 853 qui
1652 793 1808 842 erant

216 874 275 929 in
320 872 649 928 civitatibus.
701 872 819 928 Non
870 875 1012 930 enim
1068 877 1342 933 saecularis
1392 878 1555 935 homo
1604 881 1807 953 aliquid

215 962 450 1036 amplius
472 964 673 1021 habere
692 966 978 1033 monacho,
1015 982 1176 1037 quam
1206 983 1328 1023 cum
1359 985 1527 1026 uxore
1550 988 1808 1028 concum-

212 1058 349 1114 bere
379 1067 619 1113 tantum:
653 1058 742 1114 hic
766 1060 909 1114 enim
936 1060 1101 1116 habet
1122 1063 1358 1130 veniam,
1395 1063 1449 1119 in
1477 1065 1597 1121 aliis
1626 1076 1805 1123 autem

213 1166 596 1224 nequaquam,
650 1153 744 1208 sed
796 1154 976 1209 omnia
1026 1155 1304 1226 aequaliter
1362 1158 1502 1213 sicut
1554 1161 1806 1217 monachi

213 1259 381 1316 agere
420 1246 636 1302 debent.
676 1245 812 1300 Nam
862 1253 915 1302 et
960 1248 1318 1307 beatitudines
1364 1269 1484 1322 qua:
1519 1269 1550 1307 a
1589 1253 1805 1310 Christo

214 1336 492 1404 dicuntur,
520 1350 628 1392 non
660 1337 939 1393 monachis
965 1348 1172 1394 tantum
1202 1338 1362 1396 dicta:
1390 1352 1534 1409 sunt,
1563 1344 1804 1415 alioquin

212 1428 505 1483 universus
532 1428 762 1483 mundus
784 1427 1001 1499 peribit,
1034 1438 1090 1483 et
1114 1431 1489 1488 accusabimus
1516 1433 1806 1490 crudelita-

154 1524 161 1529 '
210 1528 329 1575 tein
360 1518 492 1586 Dei;
539 1520 584 1576 si
612 1535 739 1576 vero
776 1520 1136 1577 beatitudines
1178 1521 1308 1577 solis
1337 1524 1613 1579 monachis
1649 1526 1805 1581 dicta:

210 1620 382 1679 sunt,
433 1611 743 1668 smcularem
795 1620 975 1668 autem
1022 1612 1297 1669 hominem
1344 1606 1671 1687 impossibile
1719 1624 1807 1672 est

208 1718 314 1759 eas
332 1702 580 1775 implere,
598 1718 718 1759 cum
747 1705 861 1775 ipsc
884 1707 1098 1775 nuptias
1113 1706 1275 1777 jussit
1290 1748 1304 1773 ,
1325 1706 1440 1777 ipse
1460 1724 1589 1780 ergo
1613 1724 1805 1765 omnes

202 1800 471 1870 perdidit.
497 1798 557 1854 Si
582 1799 724 1854 enim
742 1815 848 1854 non
860 1808 1041 1870 potest
1068 1816 1130 1854 ea
1157 1816 1280 1855 cum
1305 1801 1524 1871 nuptiis,
1547 1817 1665 1872 quae
1689 1817 1804 1856 mo-

204 1991 364 2049 suut,
387 1991 441 2037 et
466 1983 519 2037 in
551 1988 837 2054 angustum
866 1980 1128 2037 conclusit
1150 1997 1214 2037 ea
1257 1997 1377 2051 qua:
1402 1982 1618 2037 virtutis
1638 1991 1797 2049 sunt;

129 2086 139 2095 '
202 2082 269 2129 et
316 2066 586 2143 quomodo
631 2072 975 2129 honorabiles
1001 2081 1125 2128 sunt
1150 2073 1369 2144 nuptiae,
1399 2088 1521 2144 quae
1549 2089 1650 2131 nos
1676 2084 1800 2130 tan-

204 2175 330 2223 tum
360 2164 690 2237 impediunt?

845 2274 1072 2332 CAPUT
1115 2275 1178 2332 V.

196 2374 460 2447 Deqlarat
490 2370 771 2443 Apostolus
794 2374 922 2445 quid
950 2375 1004 2428 in
1030 2374 1274 2447 pontiﬁce
1303 2376 1631 2447 requiratur,
1651 2382 1804 2432 acea

285 2444 492 2501 Christo
515 2444 1139 2513 convenireﬁnsinuando
1158 2444 1498 2501 dicendorum
1520 2446 1583 2501 de
1599 2446 1802 2502 Chr-isto

284 2517 665 2589 diﬁcultatem.

286 2628 311 2660 ‹
344 2608 533 2665 Omnis
556 2622 791 2679 namque
808 2607 1049 2678 pontifex
1070 2622 1137 2663 ex
1160 2608 1472 2666 hominibus
1496 2620 1805 2681 assumptus

198 2719 231 2755 c
276 2714 379 2771 pro
420 2699 730 2754 hominibus
772 2699 1122 2753 constituitur
1162 2699 1216 2753 in
1264 2700 1349 2755 his
1394 2714 1514 2768 quae
1552 2710 1680 2757 sunt
1737 2702 1804 2756 ad

202 2810 229 2845 ι
270 2790 469 2845 Deum.
492 2788 699 2862 (Ιοαη.)
728 2808 750 2841 ι
779 2788 904 2843 Vult
926 2790 1215 2845 ostendere
1236 2790 1351 2860 jam
1374 2790 1563 2846 beatus
1606 2789 1806 2846 Paulus

198 2884 474 2956 quoniam
517 2884 687 2939 multo
724 2884 917 2938 melius
947 2893 1031 2939 est
1056 2880 1461 2938 Testamentum
1503 2883 1607 2940 hoc
1645 2898 1804 2956 quam

192 2986 396 3042 vetus,
423 2976 549 3047 quia
586 2976 721 3030 nihil
762 2975 815 3029 in
859 2976 962 3032 hoc
1002 2985 1084 3031 est
1130 2975 1528 3048 imaginarium,
1570 2985 1633 3032 ut
1676 2987 1805 3048 puta

198 3088 325 3130 non
355 3072 614 3143 templum
657 3071 955 3144 corporale,
1004 3087 1111 3127 non
1136 3072 1372 3127 victimae
1398 3070 1661 3138 carnales,
1693 3082 1801 3128 neu

194 3167 620 3226 observationes
644 3166 863 3238 legales,
894 3166 991 3222 sed
1025 3165 1215 3221 altiora
1241 3173 1296 3221 et
1332 3165 1660 3237 perfectiora
1686 3182 1802 3222 om-

1909 592 2074 649 latius
2098 594 2407 664 diSputavit.
2435 595 2585 663 Quod
2614 612 2745 652 vero
2776 596 3046 666 adjunxit:
3071 618 3089 649 ‹
3110 598 3177 654 Et
3202 611 3488 673 propterea

1913 706 1932 737 ι
1972 686 2129 741 debet
2156 687 2608 756 quemadmodum
2630 696 2685 743 et
2711 703 2810 760 pro
2847 688 3061 762 populo,
3086 692 3158 746 ita
3184 694 3347 748 etiam
3388 709 3490 766 pro

1914 798 1933 830 ι
1970 779 2258 849 semetipso
2277 778 2473 835 oll'erre
2491 795 2588 851 pro
2610 782 2869 853 peccatis.
2892 802 2911 835 ι
2929 781 3042 839 Hoc
3063 798 3191 840 vero
3214 785 3283 841 ad
3307 800 3489 842 sacer-

1909 866 2061 925 dotes
2089 868 2290 941 legales
2315 871 2485 943 magis
2509 873 2759 942 pertinet,
2776 889 2937 945 quam
2961 874 3029 929 ad
3051 873 3350 943 Christum,
3378 877 3488 934 nisi

1908 962 2047 1017 forte
2064 964 2185 1033 quis
2208 964 2351 1019 dicat
2371 980 2534 1018 unum
2559 980 2682 1021 esse
2703 980 2899 1036 corpus
2918 965 3118 1024 Christi
3140 969 3483 1038 etEcclesiae,

1908 1061 1961 1109 et
1993 1054 2122 1107 dum
2160 1052 2316 1109 oli'ert
2338 1071 2436 1124 pro
2458 1054 2721 1122 Ecclesia,
2750 1072 2848 1129 pro
2876 1057 2988 1112 suis
3020 1058 3185 1114 etiam
3227 1060 3486 1116 membris

1908 1147 2105 1205 olTerat
2129 1167 2142 1203 :
2175 1150 2267 1205 sed
2298 1150 2413 1205 haec
2436 1148 2668 1208 violenta
2692 1153 3066 1224 interpretatio
3095 1156 3264 1211 videri
3283 1165 3484 1229 potest.

1908 1243 2109 1299 Deinde
2158 1245 2432 1315 disputare
2468 1247 2797 1317 aggreditur,
2839 1250 3106 1318 quomodo
3140 1250 3261 1323 quis
3304 1250 3373 1307 ad
3398 1266 3488 1309 sa-

1907 1332 2205 1389 cerdotium
2230 1338 2488 1391 accedere
2512 1337 2726 1403 debeat,
2758 1354 2824 1393 ne
2847 1341 3149 1417 quisquam,
3179 1343 3276 1408 ait,
3306 1351 3488 1400 sumat

1908 1425 2007 1480 sibi
2062 1425 2345 1505 honorem,
2398 1426 2491 1482 sed
2550 1428 2642 1498 qui
2685 1438 2910 1487 vocatur
2955 1446 2987 1486 a
3038 1432 3167 1499 Deo,
3228 1441 3485 1505 tauquam

1906 1514 2108 1570 Aaron.
2141 1504 2239 1573 Πίὸ
2283 1518 2446 1573 etiam
2498 1521 2733 1589 percutit
2779 1523 3090 1581 sacerdOtes
3120 1504 3353 1581 honoris
3384 1541 3484 1581 cu-

1904 1605 2081 1677 pidos,
2123 1614 2179 1662 et
2206 1608 2490 1662 sacerdotii
2525 1610 2739 1677 avidos;
2768 1626 2876 1666 non
2921 1627 3021 1687 pro
3069 1613 3245 1671 salute
3277 1617 3483 1686 populi,

1908 1696 2000 1751 sed
2032 1712 2132 1766 pro
2169 1697 2464 1755 ambitione
2497 1700 2701 1756 saeculi.
2730 1700 2901 1773 Igitur
2923 1704 3105 1760 Aaron
3146 1716 3368 1763 vocatus
3406 1714 3490 1767 est

1909 1804 1939 1842 a
1961 1786 2091 1851 Deo,
2125 1789 2279 1860 signo
2306 1787 2545 1845 ﬁorentis
2566 1792 2731 1864 virga:
2757 1788 3158 1851 demonstratus
3190 1805 3275 1852 est
3302 1812 3488 1853 sacer-

98 1936 109 1950 .
206 1890 513 1946 nachorum
530 1896 678 1955 sunt,
698 1889 941 1960 implere,
969 1890 1149 1943 omnia
1170 1891 1450 1960 perierunt
1475 1900 1530 1946 et
1549 1900 1804 1965 corrupta
1832 1889 1881 1949 B
1908 1882 2087 1937 (Ῐοιθαι
2115 1898 2145 1937 a
2172 1880 2283 1937 D30
2311 1898 2432 1938 0558
2456 1883 2711 1951 θιθοιυιη,
2732 1885 2897 1940 ﬁliam
2919 1895 2973 1941 ει
3002 1886 3250 1943 incendio
3295 1903 3486 1945 eorum

1905 1974 1996 2044 qui
2052 1975 2167 2046 ejus
2211 1976 2550 2047 pontiﬁcatui
2596 1977 2836 2035 invidere
2870 1978 3174 2035 voluerunt.
3220 1999 3238 2032 ε
3289 1980 3378 2036 Sic
3431 1987 3487 2037 et

1911 2086 1929 2118 ‹
1963 2066 2211 2123 Christus
2247 2083 2355 2123 non
2397 2069 2744 2140 semetipsum
2776 2069 3114 2138 clariﬁcahit,
3147 2079 3208 2127 ut
3241 2071 3481 2143 pontifex

1918 2179 1936 2211 ‹
1965 2158 2119 2215 ﬁeret
2147 2174 2161 2213 :
2188 2160 2282 2216 sed
2310 2160 2401 2232 qui
2434 2160 2644 2218 locutus
2662 2171 2749 2217 est
2774 2163 2842 2218 ad
2874 2179 3020 2231 eum,
3048 2164 3215 2221 Filius
3243 2182 3395 2222 meus
3424 2182 3486 2222 es

1911 2269 1929 2303 ι
1972 2260 2049 2318 tu,
2080 2268 2180 2325 ego
2206 2252 2366 2308 hodie
2380 2254 2539 2326 genui
2571 2262 2640 2309 te.
2671 2274 2689 2307 ι
2721 2253 2836 2310 Hoc
2871 2262 2956 2310 est
2983 2256 3124 2326 quod
3158 2256 3211 2312 in
3241 2257 3485 2328 Evange-

1903 2342 1977 2400 lio
2000 2345 2113 2415 ipse
2141 2346 2217 2400 ait
2250 2365 2263 2400 :
2299 2364 2318 2398 ι
2364 2344 2482 2403 Νοη
2509 2347 2654 2403 enim
2686 2363 2717 2403 a
2746 2348 2953 2419 meipso
2989 2349 3136 2415 veni,
3165 2349 3259 2405 sed
3290 2349 3379 2404 ille
3399 2364 3487 2407 me

1911 2454 1931 2488 ι
1962 2436 2109 2492 misit
2146 2436 2328 2510 (Joan.
2359 2437 2480 2509 vit).
2516 2457 2536 2492 ι
2573 2438 2641 2493 Et
2689 2440 2925 2495 iterum:
2963 2458 2981 2491 ι
3020 2436 3079 2495 Si
3116 2456 3218 2511 ego
3245 2441 3487 2513 gloriﬁco

1836 2540 1840 2547 '
1912 2547 1929 2580 ι
1963 2527 2247 2599 meipsum,
2280 2528 2449 2599 gloria
2504 2529 2634 2584 mihi
2677 2530 2810 2585 nihil
2840 2538 2941 2587 est.
2976 2531 3071 2586 Est
3120 2533 3264 2586 enim
3297 2531 3479 2598 Pater,

1906 2621 1998 2693 qui
2021 2621 2285 2695 gloriﬁcat
2309 2636 2392 2676 me
2417 2620 2617 2693 (Joan.
2649 2638 2740 2677 vtn
2767 2621 2810 2695 ).
2844 2643 2864 2677 ›
2904 2623 3206 2699 Notandum
3235 2633 3318 2681 est
3343 2624 3486 2695 quod

1906 2714 2231 2789 gloriﬁcare,
2266 2722 2320 2769 et
2357 2716 2648 2779 honorare,
2682 2725 2736 2769 et
2781 2715 3102 2782 clariﬁcare,
3137 2718 3238 2773 tria
3269 2718 3487 2789 quidem

1907 2784 2090 2869 verba,
2114 2804 2209 2860 sed
2234 2820 2337 2857 una
2366 2819 2455 2859 res
2478 2815 2579 2858 est.
2613 2804 2764 2871 Quod
2788 2804 2977 2861 Graece
3019 2804 3216 2861 dicitur
3245 2784 3488 2873 δξξάζιιν,

1907 2895 2003 2950 sed
2026 2895 2380 2966 interpretum
2411 2897 2675 2950 varietate
2715 2895 2874 2950 aliter
2902 2905 3064 2965 atque
3109 2895 3266 2951 aliter
3291 2905 3375 2951 est
3397 2911 3492 2965 po-

1908 2988 2069 3044 situm
2116 2988 2169 3043 in
2212 2987 2443 3055 Latino;
2493 2989 2638 3059 quod
2689 2988 2745 3044 in
2802 2988 3094 3061 Evangelia
3145 2990 3349 3045 dictum
3405 2995 3489 3045 est

1907 3076 2188 3153 gloriﬁco,
2245 3081 2334 3137 hic
2379 3080 2669 3152 Apostolus
2729 3080 3171 3137 clariﬁcationem
3222 3080 3486 3136 nominat.

1892 3161 2244 3228 'Clariﬁcatus
2291 3180 2378 3228 est
2424 3187 2553 3244 ergo
2582 3171 2750 3227 Filius
2776 3186 2806 3226 a
2836 3170 3022 3238 Patre,
3057 3172 3273 3241 quando
3327 3186 3489 3242 super

199 3264 330 3327 nia,
356 3262 484 3333 quia
511 3270 679 3317 totum
706 3260 967 3333 quidquid
992 3262 1151 3316 estin
1186 3259 1516 3331 spiritalibus
1540 3269 1624 3315 est
1649 3242 1878 3333 hujust
1907 3260 2238 3334 baptizatum
2290 3272 2392 3319 vox
2439 3242 2616 3320 Patris
2655 3263 2835 3320 audita
2874 3271 2958 3319 est
2990 3262 3055 3319 de
3099 3264 3289 3319 caelis:
3328 3284 3347 3317 ι
3388 3262 3489 3320 Hic

202 3355 531 3411 testamenti
560 3355 721 3409 ratio.
755 3352 1031 3425 Spiritalia
1062 3367 1190 3408 vero
1216 3367 1328 3407 non
1355 3353 1434 3409 sic
1459 3352 1807 3408 introducunt

202 3448 498 3513 inﬁrmos,
553 3447 694 3503 sicut
743 3445 1064 3517 corporalia.
1116 3444 1191 3501 De
1240 3444 1610 3516 corporalibus
1659 3445 1806 3501 enim

198 3539 515 3611 incipiebat
544 3538 842 3610 disputare,
878 3538 1096 3594 dicens:
1134 3554 1152 3589 t
1184 3536 1375 3593 Omnis
1404 3552 1637 3608 namque
1670 3550 1808 3607 pon-

202 3634 351 3689 tifex
379 3647 449 3688 ex
471 3633 781 3689 hominibus
816 3640 1122 3702 assumptus
1146 3646 1246 3702 pro
1277 3631 1580 3686 hominibus
1606 3631 1808 3688 consti-

200 3724 413 3782 tuitur.
468 3743 489 3776 ι
540 3724 740 3780 Deﬁnit
787 3725 933 3779 enim
981 3724 1216 3794 primum
1262 3724 1392 3793 quid
1441 3724 1513 3779 sit
1566 3720 1806 3795 pontifex

194 3824 266 3872 et
302 3816 641 3871 demonstrat
664 3828 785 3885 qua:
808 3814 1115 3886 pertineant
1136 3812 1205 3868 ad
1230 3812 1575 3884 pontiﬁcem,
1603 3822 1657 3868 et
1679 3814 1809 3883 quid

201 3909 294 3966 sit
322 3908 443 3980 ejus
466 3907 850 3975 ministerium,
882 3917 937 3963 et
964 3920 1083 3976 quae
1111 3915 1236 3962 sunt
1265 3907 1419 3977 signa
1442 3906 1804 3978 pontiﬁcatus,

198 4001 271 4057 id
297 4006 405 4067 est,
437 4010 497 4054 ut
518 3997 716 4055 oderat
735 3999 874 4055 dona
903 4006 959 4053 et
978 3997 1240 4053 sacriﬁcia
1263 4012 1362 4068 pro
1380 3998 1641 4067 peccatis,
1667 4006 1810 4054 etut

196 4093 512 4153 condolere
532 4093 701 4165 possit
714 4093 803 4148 his
821 4093 913 4163 qui
940 4093 1190 4165 ignorant
1203 4100 1257 4147 et
1271 4099 1475 4147 errant.
1510 4110 1527 4143 ι
1545 4089 1808 4158 Quoniam

198 4196 272 4243 et
290 4186 407 4257 ipse
430 4184 799 4240 circumdatus
816 4192 898 4239 est
920 4182 1256 4237 inﬁrmitate.
1295 4201 1313 4233 ι
1345 4182 1639 4252 Oportebat
1666 4180 1810 4236 enim

201 4288 291 4341 ab
310 4280 701 4339 excellentibus
722 4281 952 4336 terrenis
974 4280 1133 4336 ﬁdem
1155 4279 1355 4346 facere,
1378 4286 1439 4335 ut
1464 4279 1531 4333 ad
1552 4277 1812 4334 excellen-

200 4379 363 4435 tiora
391 4374 654 4447 spiritalia
678 4373 967 4445 pervenire
983 4372 1213 4442 possint,
1226 4386 1281 4428 et
1302 4380 1362 4427 ut
1382 4370 1712 4427 consuetudo
1730 4380 1812 4426 sa-

201 4470 507 4528 cerdotum
527 4480 700 4529 more,
716 4465 809 4535 qui
830 4464 885 4519 in
905 4464 1023 4536 lege
1043 4463 1244 4530 fuit,ad
1268 4463 1445 4529 altius,
1460 4463 1513 4517 id
1536 4472 1639 4528 est,
1654 4460 1813 4517 Chri-

200 4562 289 4618 sti
313 4558 681 4617 sacerdotium
704 4571 798 4613 eos
816 4555 1149 4626 perduceret,
1166 4555 1258 4624 qui
1279 4554 1454 4609 adhuc
1480 4551 1679 4607 inﬁrmi
1700 4551 1812 4608 fue-

202 4658 373 4714 runt,
402 4658 453 4703 et
484 4660 773 4720 propterea
804 4647 1023 4703 modum
1070 4645 1307 4701 carnalis
1324 4644 1596 4715 pontiﬁcis
1640 4644 1810 4699 intro-

160 4754 169 4784 ε
200 4742 398 4800 ducit.
429 4730 709 4795 Pontiﬁcis
736 4738 916 4809 itaque
938 4737 1171 4793 cilicium
1197 4745 1280 4793 est
1309 4737 1450 4791 inter
1475 4735 1641 4791 Deum
1664 4743 1808 4791 stare

200 4844 271 4893 et
302 4832 587 4905 populum,
611 4833 777 4887 Deum
803 4829 1083 4901 deprecari
1102 4844 1201 4900 pro
1234 4828 1415 4900 populi
1445 4827 1673 4893 delictis,
1706 4826 1811 4882 hoc

196 4927 431 4985 etenim
458 4925 708 4981 Christus
728 4923 879 4989 fecit,
908 4923 1143 4992 seipsum
1172 4921 1405 4977 otl‘erens
1438 4934 1536 4991 pro
1571 4918 1808 4991 peccatis

202 5020 452 5085 nostris,
477 5032 692 5088 semper
718 5018 872 5072 vivus
906 5017 972 5071 ad
1000 5016 1445 5087 interpellandum
1478 5030 1577 5085 pro
1606 5014 1760 5069 nobis
1790 5028 1804 5067 :

196 5111 401 5170 gente!
428 5111 499 5167 ab
531 5110 838 5165 hominibus
878 5118 1206 5179 assumptus,
1238 5109 1332 5164 sed
1360 5122 1572 5180 semper
1596 5120 1697 5177 pro
1716 5108 1814 5163 ho-

197 5202 472 5262 minibus
500 5199 868 5271 mterpellans.
923 5199 1081 5255 Ponit
1116 5200 1202 5255 his
1241 5199 1528 5271 Apostolus
1565 5198 1811 5269 quaedam

196 5294 544 5355 communia
560 5293 776 5349 Christo
812 5306 935 5351 eum
974 5292 1367 5359 sacerdotibus,
1411 5292 1652 5364 quaedam
1683 5306 1812 5347 vero

198 5389 453 5446 altiora.
472 5386 628 5455 Quod
656 5387 837 5457 itaque
851 5387 946 5453 ait,
981 5404 1001 5438 ι
1022 5385 1198 5441 omnis
1223 5398 1453 5456 namque
1476 5382 1715 5454 pontifex
1745 5398 1811 5439 ex

196 5481 551 5543 hominibus
588 5488 912 5552 assumptus,
943 5500 962 5534 ι
992 5480 1095 5536 hoc
1140 5492 1424 5534 commune
1458 5487 1541 5532 est
1572 5474 1810 5533 Christo.

1906 3360 1988 3412 est
2020 3354 2187 3411 Filius
2214 3372 2366 3411 meus
2399 3355 2645 3421 dilectus,
2688 3356 2743 3411 in
2773 3371 2879 3427 quo
2907 3356 3038 3412 mihi
3074 3357 3211 3413 bene
3250 3356 3489 3428 compla-

1905 3447 1990 3504 cui
2023 3444 2236 3520 (Matth.
2270 3447 2368 3519 tv),
2406 3467 2425 3501 ›
2460 3463 2581 3518 qum
2627 3446 2945 3503 clariﬁeatio
2984 3447 3101 3504 sive
3144 3446 3483 3523 gloriﬁcatio,

1904 3538 2076 3597 multo
2121 3547 2246 3595 ante
2289 3554 2388 3609 per
2432 3538 2783 3611 Pr0phetam,
2837 3538 3042 3611 Spiritu
3087 3534 3279 3595 sancto
3327 3539 3488 3609 inspi-

1907 3639 2080 3699 rante,
2112 3630 2369 3701 praedicta
2394 3637 2515 3685 est:
2552 3647 2570 3680 ε
2614 3627 2875 3685 Dominus
2906 3626 3043 3684 dixit
3082 3629 3150 3684 ad
3174 3644 3294 3685 me:
3320 3628 3487 3685 Filius

1886 3706 2059 3776 'meus
2087 3735 2146 3775 es
2172 3728 2250 3789 tu,
2282 3734 2382 3791 ego
2412 3718 2570 3775 hodie
2595 3719 2753 3789 genui
2777 3726 2829 3774 te
2873 3718 3046 3791 (Psal.
3078 3718 3162 3791 ιι),
3201 3718 3486 3774 Dominum

1907 3812 2179 3884 signiﬁcat
2202 3808 2444 3867 Patrem.
2474 3809 2830 3866 Attendamus
2857 3819 3059 3876 autem,
3098 3809 3241 3880 quod
3284 3808 3485 3883 posuit,

1913 3924 1933 3958 ι
1963 3904 2097 3961 dixit
2125 3904 2192 3959 ad
2221 3920 2339 3969 me,
2392 3902 2562 3959 Filius
2606 3916 2758 3958 meus
2784 3917 2845 3958 es
2875 3910 2962 3969 tu,
2992 3922 3010 3955 ι
3049 3894 3191 3974 (ιιὼιι
3218 3903 3380 3958 etiam
3410 3901 3490 3959 di-

1906 4008 2095 4071 cturus
2138 4005 2255 4053 erat
2305 4004 2427 4068 post
2473 3996 2828 4068 baptismum,
2867 4014 2885 4046 ‹
2914 3995 3015 4051 Hic
3043 4005 3128 4051 est
3156 3993 3326 4051 Filius
3353 3995 3488 4051 dile-

1909 4099 2046 4159 ctus,
2072 4091 2127 4145 in
2158 4105 2265 4161 quo
2294 4088 2424 4143 mihi
2447 4087 2768 4159 complacui.
2805 4106 2824 4140 ι
2857 4085 2971 4142 Hoc
3003 4087 3187 4158 itaque
3233 4094 3292 4141 ut
3330 4084 3490 4142 Chri-

1910 4192 2051 4238 stum
2078 4196 2239 4237 uuam
2281 4194 2567 4250 personam
2596 4178 2847 4247 sentires,
2891 4186 2952 4232 ut
3003 4176 3341 4251 unigenitum
3390 4175 3488 4235 Dei

1906 4274 2105 4330 Filium
2136 4270 2334 4341 adjecit
2364 4278 2387 4324 :‘
2413 4289 2431 4323 ι
2464 4268 2576 4339 Ego
2630 4268 2787 4324 hodie
2840 4267 2999 4341 genui
3052 4276 3126 4333 te,
3160 4288 3180 4349 ρ
3230 4268 3334 4324 hoc
3375 4267 3489 4338 jam

1909 4368 2044 4426 nihil
2079 4366 2243 4422 habet
2277 4378 2563 4421 commune
2599 4378 2721 4418 cum
2752 4361 2983 4427 caeteris,
3012 4360 3139 4431 quia
3176 4359 3272 4415 ﬁlii
3302 4360 3493 4416 dicun-

1910 4470 2020 4527 tur,
2047 4458 2140 4531 qui
2198 4456 2506 4512 sacerdotes
2561 4452 2919 4525 appellantur,
2949 4452 3015 4507 de
3042 4436 3238 4522 quibus
3284 4450 3488 4506 dictum

1911 4561 1994 4609 est
2027 4571 2041 4606 :
2096 4568 2115 4600 ι
2144 4547 2257 4619 Ego
2282 4546 2439 4601 dixi:
2480 4544 2569 4600 Dii
2622 4543 2753 4600 estis
2796 4551 2852 4599 et
2887 4540 2982 4597 lilii
3040 4536 3254 4596 Excelsi
3304 4554 3492 4596 omnes

1915 4641 2087 4717 (Psat.
2111 4638 2323 4710 LXXXI),
2358 4657 2376 4690 ι
2413 4636 2507 4693 sed
2562 4644 2729 4692 totum
2779 4640 2864 4689 est
2904 4630 3164 4705 nnigenlti
3206 4628 3328 4687 Filii
3365 4645 3491 4702 pro-

1898 4734 2120 4807 prium;
2146 4729 2597 4802 quemadmodum
2623 4726 2752 4782 etin
2779 4722 2883 4781 alio
2903 4723 3021 4780 loco
3049 4720 3215 4778 dicit:
3258 4740 3278 4774 ι
3314 4721 3393 4777 Tu
3429 4736 3490 4779 es

1906 4825 2169 4881 sacerdos
2214 4822 2267 4876 in
2293 4826 2555 4875 aeternum
2597 4815 2891 4873 secundum
2929 4811 3174 4883 ordinem
3206 4810 3492 4868 Melchise-

1916 4914 2088 4986 deeh(
2113 4910 2260 4968 Psat.
2285 4909 2420 4981 cxx).
2458 4929 2477 4963 ι
2516 4904 2908 4963 Melchisedech
2960 4900 3257 4959 secundum
3300 4901 3494 4976 legalia

1916 5005 2172 5064 mandata
2206 5018 2315 5058 non
2337 5002 2439 5056 fuit
2460 4998 2732 5063 sacerdos,
2762 4996 2857 5052 sed
2889 4994 3184 5052 secundum
3212 4995 3490 5066 cujusdam

1916 5096 2205 5169 singularis
2260 5089 2548 5149 sacerdotii
2604 5087 2959 5158 dignitatem,
3010 5098 3206 5157 panem
3263 5085 3494 5144 offerens

1916 5192 2029 5248 Deo
2055 5199 2110 5245 et
2130 5190 2339 5252 vinum,
2366 5199 2474 5240 non
2502 5183 2784 5238 brutorum
2813 5180 3125 5237 animalium
3153 5182 3491 5255 sanguinem,

1915 5284 1972 5338 in
1993 5282 2148 5353 cujus
2174 5278 2421 5335 ordinem
2473 5273 2763 5331 sacerdotii
2804 5272 3056 5330 Christus
3086 5270 3264 5329 factus
3290 5285 3373 5329 est
3411 5288 3499 5329 sa-

1917 5376 2128 5441 cerdos,
2159 5389 2268 5431 non
2298 5364 2630 5442 temporalis,
2665 5366 2761 5424 sed
2799 5364 3049 5423 aeternus.
3078 5364 3163 5423 Ad
3204 5380 3364 5438 quem
3392 5362 3497 5420 hoc

1917 5471 2119 5526 dictum
2148 5474 2261 5523 est:
2301 5484 2320 5518 ι
2355 5458 2438 5519 Tu
2464 5479 2523 5520 es
2549 5458 2800 5519 sacerdos
2826 5458 2881 5516 in
2910 5470 3172 5516 aeternum
3200 5456 3494 5515 secundum

200 5596 235 5630 α
260 5573 713 5631 Prohominibus
729 5550 1093 5627 constituitur.
1115 5589 1134 5623 ι
1155 5566 1305 5625 Et'ad
1316 5566 1496 5640 hoc[f.
1511 5566 1678 5621 etiam
1692 5564 1816 5639 hoc]
1916 5560 2161 5619 ordinem
2184 5557 2593 5616 Melchisedech.
2629 5575 2647 5609 ι
2678 5554 2877 5612 Omnes
2904 5554 3048 5610 enim
3073 5552 3172 5607 sub
3195 5550 3318 5640 lege
3341 5558 3498 5640 erant

198 5688 239 5722 ιι
270 5664 363 5722 Ut
387 5663 581 5720 oleret
603 5665 742 5719 dona
771 5671 828 5719 et
850 5661 1117 5719 sacriﬁcia
1140 5676 1237 5732 pro
1255 5636 1512 5732 peccatis.
1545 5676 1563 5708 ι
1601 5656 1666 5711 Et
1691 5636 1817 5724 hoc,
1917 5652 2247 5716 sacerdotes,
2282 5650 2383 5705 iste
2410 5648 2582 5705 solum
2616 5644 2913 5703 secundum
2944 5642 3189 5698 ordinem
3222 5636 3499 5732 Melchise-

196 5761 338 5821 σού
358 5776 466 5815 non
490 5729 1159 5830 totum,reliquaveronon
1184 5729 1650 5811 suntcommunia.
1675 5770 1692 5802 ι
1717 5750 1817 5817 Qui
1918 5746 2075 5809 dceh,
2108 5760 2175 5799 ex
2221 5756 2286 5799 eo
2316 5741 2460 5814 quod
2506 5750 2665 5796 natus
2689 5747 2773 5795 est
2801 5738 2868 5794 de
2918 5740 3073 5830 utero
3099 5729 3378 5830 virginali‘
3374 5738 3501 5830 ante

198 5872 269 5924 ς..
288 5852 590 5909 eondotere
612 5820 787 5924 possit
813 5820 914 5907 ubis
944 5850 1039 5923 qui
1068 5849 1317 5921 ignorant
1344 5855 1401 5902 et
1427 5851 1631 5901 errant.
1669 5864 1688 5897 ›
1720 5840 1817 5898 Hic
1915 5837 2223 5898 Luciferum
2243 5850 2258 5902 ;
2276 5850 2386 5892 non
2407 5833 2702 5891 secundum
2726 5830 2780 5885 id
2802 5825 2942 5901 quod
2973 5832 3131 5881 natus
3156 5829 3238 5878 est
3259 5820 3500 5879 expatre
