3992 6338
1923 223 2044 237 .--ο-“-.-
2185 218 2262 235 θυι·

613 345 732 410 ’183
1250 341 1316 404 B.
1357 343 1615 403 RABANI
1648 341 1871 402 MAURI
1889 332 2228 398 'ARCHIEP.

2347 331 2582 394 )GUNT.
2620 328 2911 391 OPERUM
2947 323 3136 389 PARS
3171 329 3259 389 ιιι.
3705 342 3774 403 τη

619 469 763 525 Deus
787 462 930 538 apud
955 460 1217 530 Patrem;
1250 469 1558 518 coaeternus
1608 456 1848 530 gignenti
1889 463 1944 510 et
1967 453 2199 509 eonsub-
2226 459 2282 521 Α
2304 448 2464 512 dere,
2498 463 2606 502 non
2635 447 2831 502 timore
2861 445 3088 510 mortis,
3119 446 3222 538 sed
3235 454 3430 538 nostra
3465 462 3601 508 causa
3620 453 3774 526 salutis;

619 536 910 622 stantialis,
939 556 1033 612 sed
1085 554 1340 610 sacerdos
1379 559 1600 622 propter
1635 562 1891 612 carnem,
1922 559 2085 616 quam
2117 557 2208 597 as-
2311 541 2455 596 unde
2486 548 2540 596 et
2565 539 2676 594 alio
2702 538 2820 594 loco
2842 539 3007 593 etiam
3039 537 3174 592 dicit
3203 536 3383 608 (Hebr.
3409 541 3519 610 xu),
3545 548 3774 615 sanguinem

620 649 868 718 sumpsit,
922 654 1016 701 aut
1070 653 1294 716 propter
1343 643 1644 707 victimam,
1695 653 1860 710 quam
1916 651 2015 708 pro
2051 633 2209 690 nobis
2313 632 2514 689 Christi
2547 632 2743 688 melius
2771 631 3038 687 clamasse
3063 646 3164 701 pro
3191 631 3343 687 nobis
3390 647 3531 702 quam
3552 639 3776 707 sanguinem

619 739 880 798 offerebat
903 753 936 793 a
957 737 1113 793 nobis
1145 743 1476 806 susceptam,
1519 733 1573 788 id
1615 740 1723 798 est,
1754 744 1978 786 carnem
2013 738 2069 784 et
2092 743 2210 783 san-
2309 727 2468 793 Abel,
2506 728 2599 798 qui
2637 727 2706 782 ad
2752 725 3087 782 causandum
3112 723 3402 779 fraternum
3439 726 3590 784 scelus
3617 729 3778 789 deter-ra

623 831 840 904 guinem
867 843 1057 894 suum;
1084 827 1152 883 de
1167 840 1275 897 qua
1299 825 1522 880 victima
1551 823 1668 893 ipse
1693 823 1750 876 in
1777 818 2070 891 Evangelio
2099 817 2206 872 ait:
2314 818 2570 874 clamavit
2594 816 2748 888 (Gen.
2777 816 2886 888 IV);
2921 815 3128 872 Christi
3153 828 3283 870 vero
3310 816 3512 887 sanguis
3535 818 3590 872 ad
3609 820 3778 892 ἤπια-ρει.

631 943 650 977 ι
686 923 802 980 Nisi
848 920 1304 978 manducaveritis
1333 932 1552 974 carnem
1592 915 1715 973 Filii
1745 915 2002 980 hominis,
2035 920 2091 968 et
2131 910 2214 966 bi-
2314 908 2535 966 landum
2571 924 2672 981 pro
2716 909 2875 964 nobis
2905 908 2972 964 de
3011 916 3156 963 terra
3183 906 3378 961 clamat
3404 907 3463 962 ad
3491 906 3678 966 Patrem.
3706 914 3782 970 «Et

625 1019 820 1075 beritis
872 1016 991 1087 ejus
1034 1015 1392 1087 sanguinem,
1451 1027 1560 1069 non
1611 1009 1883 1066 habebitis
1933 1009 2101 1063 vitam
2154 1005 2214 1060 in
2321 1021 2342 1056 ι
2374 1001 2594 1073 quidem
2617 1017 2739 1057 cum
2761 1010 2906 1058 esset
2923 999 3092 1056 Filius
3113 999 3229 1065 Dei,
3245 1001 3422 1056 didicit
3443 1016 3502 1058 ex
3521 1002 3592 1058 his
3609 1019 3782 1077 φημί-

623 1111 781 1169 vobis
826 1110 1011 1184 (Joan.
1050 1107 1152 1181 vi).
1193 1126 1214 1162 ο
1261 1105 1370 1162 Sed
1407 1106 1462 1160 in
1495 1106 1599 1160 ista
1632 1117 1799 1160 carne
1833 1117 1899 1158 ac
1925 1100 2212 1173 sanguine,
2323 1112 2343 1146 ‹
2374 1109 2469 1150 sus
2483 1093 3038 1158 estobedientiam,et
3055 1093 3782 1184 consummatusfactusomnibns

625 1204 705 1262 nil
749 1183 1061 1268 cruentum,
1111 1200 1188 1257 nil
1243 1196 1594 1268 corruptibile
1623 1208 1777 1250 mens
1807 1195 2044 1248 humana
2085 1205 2216 1246 con—
2323 1207 2343 1240 ι
2374 1185 2876 1258 obtemperantibus
2897 1186 3000 1242 Sibi
3018 1200 3185 1242 causa
3209 1183 3394 1242 salutis
3414 1195 3614 1253 aeternae,
3631 1191 3783 1260 appella-

627 1297 813 1370 cipiat,
845 1311 937 1359 ne,
964 1294 1106 1351 sicut
1125 1291 1258 1348 dicit
1285 1289 1615 1360 Apostolus:
1650 1305 1669 1338 ι
1697 1285 1802 1354 Qui
1844 1287 1991 1341 enim
2015 1297 2216 1354 corpus
2327 1295 2346 1330 ι
2385 1287 2472 1370 ms
2500 1293 2532 1334 a
2561 1275 2940 1370 Deopontifex
2967 1276 3126 1370 juxta
3153 1276 3780 1370 ordinem‘Melchisedechu

626 1367 843 1448 Domini
883 1387 1104 1460 indigne
1133 1383 1448 1447 manducat,
1485 1379 1753 1451 judicium
1789 1377 1892 1434 sibi
1925 1376 2217 1431 manducet
2319 1370 2398 1427 De
2431 1369 2788 1426 similitudine
2833 1367 3185 1440 pontiﬁcatus
3236 1367 3593 1460 Melchisedech
3623 1374 3783 1442 superius

631 1479 683 1554 (ι
705 1477 828 1535 Cor.
859 1477 960 1551 χι),
997 1459 1020 1530 .’
1049 1476 1147 1533 sed
1202 1473 1618 1530 viviﬁcatricem
1660 1469 2021 1526 substantiam
2053 1477 2221 1537 atque
2321 1461 2456 1554 satis
2480 1461 2702 1554 dictum
2732 1460 3004 1554 arbitror,
3044 1474 3192 1554 nunc
3220 1459 3486 1554 videamus
3513 1460 3620 1532 quid
3637 1461 3782 1518 vultis-

638 1552 936 1630 salutarem
974 1570 1030 1625 in
1067 1582 1209 1640 pane
1243 1575 1300 1624 et
1326 1566 1475 1632 vino,
1514 1579 1615 1636 per
1652 1577 1839 1634 quam,
1876 1561 1924 1616 si
1949 1558 2110 1630 digne
2135 1573 2223 1614 su-
2261 1638 2268 1640 ν
2323 1552 2494 1626 telligi
2521 1553 2816 1624 Apostolus
2843 1553 2898 1608 in
2926 1569 2992 1610 eo
3018 1553 3166 1623 quod
3187 1553 3290 1608 ait:
3322 1572 3341 1606 ι
3373 1553 3595 1621 Quicum
3617 1556 3784 1612 esseth

629 1639 826 1729 mitur,
841 1660 1000 1718 nobis
1019 1638 1104 1717 est
1116 1666 1464 1731 peccatorum
1479 1653 1727 1712 remissio
1739 1660 1794 1709 et
1814 1651 1966 1723 regni
1989 1650 2084 1707 Dei
2099 1665 2226 1721 pos-
2260 1638 2270 1648 ’
2324 1647 2429 1702 lius
2447 1645 2543 1701 Dei
2562 1645 2753 1702 didicit
2778 1662 2847 1702 ex
2876 1647 2963 1704 his
2983 1663 3108 1720 qum
3131 1662 3327 1706 nassus
3349 1657 3429 1705 est
3449 1649 3748 1715 obedientiam;
3769 1673 3781 1706 ι

630 1755 801 1812 sessio
828 1753 1046 1810 collata.
1077 1750 1248 1820 Hujus
1269 1750 1514 1805 ordinem
1539 1743 1796 1801 sacriﬁcii
1823 1758 1921 1814 per
1936 1741 2223 1812 mysticam
2325 1738 2466 1794 hanc
2488 1738 2879 1805 obedientiam,
2909 1753 3077 1808 quam
3099 1739 3190 1795 hic
3215 1739 3460 1796 didicisse
3480 1739 3639 1795 Filium
3660 1741 3724 1796 Μ
3741 1741 3785 1796 di-

631 1845 1040 1903 similitudinem
1055 1839 1452 1898 Melchisedech
1479 1835 1818 1909 justissimus
1841 1848 1939 1889 rex
1967 1831 2223 1896 instituit,
2255 1841 2302 1901 Β
2329 1830 2424 1896 cit,
2467 1829 2568 1886 hoc
2595 1840 2680 1886 est
2697 1869 2713 1896 ,
2740 1829 3046 1885 voluntarie
3073 1830 3394 1900 suscepisse,
3429 1829 3522 1886 alio
3541 1832 3785 1900 quoquelooo

630 1939 847 2012 quando
867 1937 1097 1992 Domino
1116 1933 1273 2006 panis
1300 1939 1356 1988 et
1384 1929 1495 1986 vini
1516 1926 1728 1984 fructus
1754 1925 1970 1982 obtulit.
2001 1923 2230 1980 Constat

631 2031 898 2102 pecudum
921 2028 1199 2084 victimam
1235 2023 1350 2094 jam
1388 2021 1637 2093 periisse,
1671 2033 1793 2090 quas
1842 2015 2062 2072 fuerunt
2089 2015 2230 2072 ordi-

635 2123 721 2179 nis
742 2123 948 2188 Aaron,
989 2135 1100 2176 non
1126 2114 1525 2173 Melchisedech
1556 2153 1571 2179 ,
1613 2112 1709 2168 sed
1735 2113 1839 2166 hoc
1861 2121 2086 2164 manere
2135 2121 2231 2178 po-

635 2217 744 2273 tius
794 2215 1128 2281 institntum,
1174 2211 1320 2284 quod
1359 2218 1478 2266 toto
1497 2209 1630 2264 orbe
1661 2207 1718 2261 in
1763 2209 2231 2260 sacramentorum

637 2293 957 2378 erogatione
987 2303 1313 2360 celebratur.
1347 2298 1617 2356 Sacerdos
1644 2304 1826 2351 autem
1849 2293 2121 2364 praecipue
2145 2288 2229 2343 di-

643 2395 788 2451 citur
813 2393 1084 2460 Christus,
1101 2391 1195 2464 qui
1225 2389 1395 2446 semel
1422 2404 1482 2444 se
1505 2402 1607 2458 pro
1637 2385 1796 2458 nobis
1819 2381 2016 2438 obtulit
2039 2381 2232 2435 immo-

639 2483 882 2550 landum,
919 2483 1063 2538 sicut
1091 2481 1261 2538 semel
1280 2481 1348 2536 de
1377 2477 1775 2535 Melchisedech
1804 2475 1861 2530 in
1883 2481 2072 2529 sancta
2100 2470 2236 2540 legi-

646 2585 740 2630 tur
781 2573 1062 2644 Scriptura
1112 2579 1167 2627 et
1195 2569 1315 2640 ejus
1344 2569 1673 2626 sacerdotio.
1719 2567 1777 2622 ln
1809 2574 2073 2622 aeternum
2102 2575 2235 2618 vero

649 2681 768 2722 eum
791 2664 1009 2731 dicitur,
1040 2663 1158 2734 ipse
1183 2661 1522 2734 signiﬁcatur
1545 2659 1806 2716 Dominus
1832 2657 2107 2723 Christus,
2139 2652 2232 2725 qui

640 2764 924 2834 permanet
970 2756 1026 2811 in
1073 2755 1246 2827 gloria
1295 2755 1648 2824 sempiterna.
1708 2770 1728 2804 ‹
1788 2749 1894 2818 Qui
1940 2749 1998 2804 in
2046 2747 2235 2804 diebus

648 2867 668 2901 α
713 2848 892 2904 carnis
929 2861 1043 2903 sua:
1078 2860 1274 2917 preces
1316 2843 1841 2916 supplicationesque
1879 2840 1950 2896 ad
1989 2853 2112 2895 eum
2142 2838 2236 2909 qui

647 2957 667 2991 ί
709 2938 885 3010 possit
921 2936 1072 2992 illum
1101 2935 1310 2992 salvum
1340 2951 1371 2991 a
1400 2944 1574 2990 morte
1606 2932 1810 3001 facere,
1841 2947 1964 2989 cum
1993 2931 2235 2987 clamore
2315 2997 2318 3000 _

646 3049 666 3083 ι
713 3031 888 3087 valido
915 3039 972 3086 et
995 3030 1252 3102 laerymis
1288 3028 1540 3095 oﬁ'erens,
1573 3027 1862 3084 exauditus
1890 3035 1974 3084 est
1999 3041 2101 3098 pro
2138 3037 2237 3080 sua

651 3144 670 3176 ι
717 3124 1042 3180 reverentia.
1099 3143 1118 3177 ι
1156 3121 1323 3195 (Αιθ.)
1372 3122 1512 3189 Quid
1540 3137 1671 3177 vero
1701 3123 1757 3177 in
1795 3121 2102 3177 sacerdotio
2137 3133 2236 3174 no-

2328 1921 2594 1987 ostendit,
2625 1921 2718 1976 ubi
2747 1921 2826 1975 ait
2857 1939 2869 1974 :
2904 1939 2923 1972 ι
2958 1921 3160 1976 Factus
3185 1930 3268 1978 est
3287 1921 3525 1978 obediens
3551 1920 3664 1976 Patri
3683 1937 3786 1991 usque

2329 2014 2397 2069 ad
2426 2021 2658 2069 mortem
2675 2054 2690 2080 ,
2719 2021 2950 2070 mortem
2983 2023 3168 2070 autem
3201 2014 3406 2080 crucis,
3433 2023 3620 2085 propter
3639 2015 3735 2084 quod
3756 2021 3786 2066 et

2331 2103 2473 2158 Deus
2494 2102 2754 2158 exaltavit
2799 2102 2950 2158 illum
2980 2100 3154 2174 (Phil.
3209 2103 3294 2175 ll).
3344 2123 3364 2158 ›
3406 2103 3460 2159 ln
3497 2119 3553 2159 eo
3588 2118 3684 2160 vero
3702 2103 3784 2173 quod

2331 2197 2409 2251 ait
2438 2214 2450 2251 ;
2483 2215 2502 2248 ι
2555 2195 2978 2254 Consummatus
3019 2197 3204 2253 factus
3240 2205 3323 2253 est
3362 2197 3584 2254 omnibus
3607 2197 3784 2268 obtempe-

2332 2285 2582 2341 rantibus
2609 2285 2714 2342 sibi
2752 2301 2920 2342 causa
2957 2286 3152 2343 salutis
3173 2296 3405 2354 aeternas,
3433 2307 3450 2340 ι
3480 2295 3783 2350 consummatus,

2333 2378 2388 2434 id
2421 2388 2524 2447 est,
2553 2379 2861 2450 perfectus,
2910 2381 3158 2436 ostendit
3195 2389 3449 2452 quantum
3475 2380 3645 2436 lucrum
3661 2379 3786 2456 sitejut

2333 2477 2542 2547 passio,
2579 2492 2701 2547 quae
2731 2477 2982 2533 omnibus
3009 2469 3368 2534 credentibus
3389 2474 3559 2532 sufﬁcit
3576 2474 3629 2529 ad
3647 2473 3785 2529 saluta

2340 2568 2747 2646 sempiternam.
2779 2569 2946 2638 Igitur
2980 2569 3028 2624 si
3052 2569 3362 2626 obedientia
3389 2567 3500 2624 Filii
3521 2581 3651 2623 causa
3671 2573 3786 2620 estu-

2335 2659 2468 2716 lutis
2496 2661 2771 2728 humanae,
2810 2668 3012 2732 quanta
3053 2660 3216 2718 nobis
3257 2659 3532 2718 necessitas
3557 2667 3624 2716 est
3652 2655 3786 2713 obedire

2337 2752 2470 2820 Deo,
2509 2761 2569 2808 ut
2615 2755 2763 2826 digni
2811 2753 3156 2810 inveniamur
3197 2754 3318 2826 ejus
3342 2753 3518 2810 salutis
3560 2765 3681 2823 quam
3695 2749 3786 2805 Olli!

2336 2858 2436 2914 per
2458 2845 2654 2900 Filium
2681 2847 2960 2917 proprium
2989 2846 3347 2917 perdonavit?

2421 2954 2440 2988 ι
2484 2936 2562 2993 De
2613 2953 2723 3009 quo
2775 2937 2996 3010 grandis
3056 2937 3218 2994 nobis
3262 2931 3434 2994 sermo
3480 2945 3529 2992 et
3573 2933 3786 3000 ininterpte-

2353 3051 2374 3086 ‹
2420 3031 2603 3088 tabilis
2657 3031 2726 3088 ad
2769 3031 3060 3088 dicendum
3087 3072 3104 3099 ,
3162 3032 3410 3104 quoniam
3455 3025 3684 3086 imbecilla
3713 3021 3787 3076 facti

2345 3143 2366 3178 ι
2409 3125 2546 3181 estis
2589 3125 2657 3180 ad
2708 3124 3060 3180 audiendum.
3103 3144 3124 3178 ι
3151 3123 3380 3180 Causam
3414 3121 3541 3178 enim
3583 3116 3787 3176 redditur

643 3221 756 3268 ster
777 3213 1018 3284 pontifex
1044 3212 1263 3285 egisset,
1307 3214 1510 3268 certius
1544 3212 1633 3267 bic
1658 3213 1916 3284 exprimit
1947 3210 2238 3282 Apostolus
2263 3201 2311 3267 C
2344 3227 2492 3276 esset
2515 3232 2697 3274 sermo
2724 3229 2886 3287 quem
2908 3217 2978 3274 de
3010 3215 3156 3273 Filio
3185 3217 3455 3273 incarnato
3477 3211 3663 3270 instituit
3675 3203 3787 3262 diﬁci-

645 3305 874 3362 dicens:
907 3323 927 3358 ι
964 3305 1058 3374 qui
1086 3305 1140 3360 in
1176 3305 1365 3360 diebus
1395 3304 1574 3360 carnis
1617 3319 1756 3372 suae;
1805 3322 1825 3356 ι
1875 3303 1992 3360 dies
2036 3303 2238 3374 quippe

643 3394 828 3450 carnis
880 3394 1094 3450 Domini
1137 3394 1310 3452 nostri
1350 3394 1465 3450 dies
1510 3403 1660 3462 sunt,
1682 3396 1738 3450 in
1779 3394 1974 3466 quibus
2011 3410 2234 3452 carnem

643 3485 969 3556 assumpsit,
1005 3485 1062 3540 in
1109 3485 1305 3556 quibus
1354 3492 1594 3540 tentatus
1629 3493 1736 3552 est,
1792 3501 1984 3555 passus
2028 3492 2144 3550 est,
2179 3485 2236 3540 in

644 3574 842 3647 quibus
868 3590 1062 3648 preces
1097 3575 1624 3648 supplicationesque
1658 3577 1728 3631 ad
1761 3592 1884 3632 eum
1937 3577 2031 3648 qui
2063 3577 2237 3648 possit

642 3665 854 3723 salvum
894 3666 1044 3722 illum
1075 3665 1260 3724 facere
1282 3683 1314 3723 a
1340 3677 1514 3725 morte
1540 3668 1804 3726 offerebat
1838 3687 1852 3723 :
1889 3678 2062 3726 tetum
2103 3685 2236 3727 vero

646 3759 910 3832 quidquid
933 3762 1044 3833 egit
1066 3760 1319 3820 Christus
1343 3763 1400 3818 in
1426 3779 1591 3820 carne
1608 3804 1625 3832 ,
1655 3779 1849 3836 preces
1873 3773 2001 3822 sunt
2025 3774 2081 3822 et
2110 3781 2236 3838 sup-

609 3918 615 3924 _
646 3850 967 3924 plicationes
986 3867 1086 3924 pro
1105 3854 1344 3924 peccatis
1370 3856 1594 3912 humani
1621 3857 1858 3928 generis.
1885 3857 2082 3914 Sancta
2104 3872 2238 3915 vero

647 3945 928 4016 sanguinis
967 3943 1086 4015 ejus
1131 3945 1340 4014 eﬁ'usio,
1379 3948 1587 4006 clamor
1630 3950 1839 4006 validus
1881 3960 1996 4020 est,
2039 3953 2094 4008 in
2131 3967 2242 4024 quo

647 4037 935 4094 exauditus
977 4046 1062 4095 est
1106 4053 1138 4093 a
1178 4039 1290 4095 Deo
1320 4039 1483 4098 Patre
1520 4058 1620 4114 pro
1661 4045 1968 4101 reverentia
1996 4045 2240 4116 ejusdem

647 4127 918 4199 passionis
937 4143 1050 4187 sum
1073 4129 1191 4186 sine
1211 4141 1468 4203 peccato;
1498 4144 1699 4190 nostra:
1713 4135 1904 4192 salutis
1927 4152 2094 4193 causa
2111 4152 2237 4209 pas-

651 4233 746 4275 sus
771 4228 877 4286 est,
909 4220 1022 4289 qui,
1053 4221 1259 4277 nullum
1284 4223 1493 4280 habens
1515 4237 2118 4300 peccatum,peccatum
2141 4245 2242 4302 pro

651 4312 810 4367 nobis
831 4311 1008 4367 factus
1031 4319 1134 4379 est,
1165 4313 1221 4369 id
1248 4325 1354 4383 est,
1379 4316 1583 4374 oblatio
1611 4334 1711 4390 pro
1743 4323 1986 4391 peccatis
2013 4324 2236 4380 nostris.

652 4401 770 4459 Hoc
802 4404 950 4459 enim
981 4412 1152 4461 totum
1191 4406 1247 4462 in
1283 4424 1480 4482 magna
1511 4415 1815 4469 reverentia
1863 4425 1918 4470 et
1962 4419 2244 4488 perfectis-

651 4499 788 4554 sima
836 4499 1104 4556 charitate
1131 4502 1366 4572 peregit,
1397 4504 1490 4574 qui
1519 4507 1670 4575 prior
1701 4507 1890 4563 dilexit
1914 4525 2014 4566 nos
2039 4520 2094 4566 et
2121 4520 2239 4567 tra-

652 4591 789 4649 didit
814 4593 1167 4664 semetipsum
1203 4608 1304 4665 pro
1343 4597 1501 4652 nobis
1529 4597 1765 4654 hostiam
1798 4599 1910 4657 Deo
1932 4604 2244 4675 acceptabi-
2265 4575 2321 4636 D

651 4683 758 4740 lem
777 4724 794 4752 ,
820 4685 915 4756 qui
941 4685 1064 4743 ideo
1089 4685 1378 4744 exauditus
1399 4697 1482 4744 est
1511 4704 1543 4744 a
1571 4689 1702 4758 Deo,
1729 4693 1858 4763 quia
1889 4695 2121 4751 hostiam
2145 4711 2240 4753 ac-

651 4780 974 4850 ceptabilem
1009 4780 1205 4838 obtulit
1233 4780 1372 4850 Deo,
1413 4783 1469 4838 id
1497 4791 1600 4848 est,
1643 4785 1904 4857 seipsum.
1939 4785 2131 4845 Simile
2160 4797 2248 4847 est

652 4870 836 4940 itaque
857 4872 1002 4942 quod
1024 4873 1113 4930 hic
1143 4874 1370 4931 dicitur:
1412 4894 1431 4929 ι
1452 4876 1556 4944 Qui
1586 4892 1776 4948 preces
1799 4881 2248 4952 supplicationes-

653 4977 760 5033 que
807 4961 877 5018 ad
933 4977 1058 5020 eum
1125 4967 1219 5037 qui
1270 4968 1443 5038 possit
1491 4968 1702 5024 salvum
1766 4968 1950 5028 facere
2011 4971 2166 5028 illum
2212 4989 2248 5032 ει

655 5065 853 5124 morte,
888 5073 1012 5115 cum
1052 5060 1288 5119 clamore
1314 5064 1495 5121 valido
1533 5073 1588 5121 et
1616 5065 1871 5137 lacrymis
1915 5064 2178 5136 offerens;
2218 5087 2238 5122 ι

553 5145 555 5147 ’
655 5161 722 5203 eo
756 5149 900 5218 quod
925 5148 981 5204 in
1006 5149 1299 5222 Evangelia
1325 5154 1528 5226 legitur
1551 5170 1677 5211 eum
1701 5156 1903 5213 dixisse
1939 5173 1952 5210 :
1995 5176 2014 5211 ς
2059 5157 2241 5229 Pater,

655 5238 703 5294 si
729 5238 846 5294 ﬁeri
868 5247 1066 5308 potest,
1101 5241 1336 5297 transfer
1364 5259 1396 5298 a
1423 5259 1510 5300 me
1537 5245 1765 5300 calicem
1793 5245 1960 5303 istum
1985 5265 1999 5303 :
2030 5263 2246 5306 verum-

657 5339 840 5385 tamen
867 5345 976 5385 non
998 5344 1121 5385 mea
1147 5330 1421 5400 voluntas,
1445 5335 1542 5391 sed
1562 5345 1653 5390 tua
1670 5335 1763 5391 fiat
1783 5336 2001 5408 (Matth.
2017 5339 2186 5412 xxvr),
2217 5359 2238 5395 ι

655 5419 782 5493 quia
831 5436 936 5476 non
986 5420 1136 5477 venit
1179 5421 1360 5480 facere
1399 5427 1734 5486 voluntatem
1774 5445 1946 5495 suam,
1985 5433 2081 5488 sed
2129 5432 2247 5502 ejus

655 5514 748 5586 qui
794 5513 944 5569 misit
982 5514 1154 5583 illum,
1195 5516 1528 5574 voluntatem
1555 5531 1798 5592 paterna:
1823 5523 2247 5595 dispensationis

655 5609 952 5680 pmposuit
990 5609 1259 5666 voluntati
1301 5615 1482 5669 carnis
1518 5630 1650 5683 suae,
1681 5626 1741 5673 ut
1775 5632 1957 5673 veram
1989 5621 2246 5675 ostende-

657 5707 743 5754 ret
787 5699 841 5754 in
888 5701 1066 5772 seipso
1117 5701 1472 5760 humanitatis
1499 5715 1696 5763 nostrm
1738 5717 2011 5764 naturam.
2050 5709 2244 5769 Beatus

658 5789 857 5860 Paulus
886 5795 974 5852 hic
1003 5795 1165 5866 dicit,
1203 5814 1395 5878 preces
1421 5816 1544 5856 eum
1581 5811 1635 5857 et
1663 5803 2089 5874 supplicationes
2119 5804 2240 5863 fun-

2342 3319 2410 3376 lis
2456 3319 2526 3374 ad
2574 3313 3041 3386 interpretandum
3073 3333 3088 3368 :
3123 3313 3178 3369 id
3220 3323 3324 3382 est,
3360 3313 3476 3386 quia
3505 3309 3570 3366 illi
3603 3299 3788 3362 imbecilles

2342 3419 2499 3468 erant
2543 3418 2598 3466 et
2645 3407 2867 3480 fragiles
2905 3421 3070 3464 sensu
3122 3410 3192 3464 ad
3225 3403 3591 3479 intelligendum
3621 3389 3787 3470 profundi

2341 3509 2640 3578 mysteria;
2661 3503 2752 3575 qui
2777 3502 2940 3558 etiam
2967 3517 3067 3574 pro
3095 3510 3339 3574 tempore
3363 3495 3576 3572 magistri
3597 3491 3786 3582 debueﬂlfi

2341 3612 2484 3664 esse,
2537 3595 2670 3652 facti
2706 3602 2834 3650 sunt
2854 3592 3067 3665 quibus
3097 3593 3184 3650 lac
3213 3607 3347 3664 opus
3366 3598 3462 3657 est,
3491 3602 3579 3643 non
3595 3580 3788 3640 SOlidllSCl-

2341 3691 2483 3758 bus;
2515 3689 2606 3746 illa
2633 3686 2921 3745 difﬁcultas
2944 3685 3362 3758 interpretandi,
3386 3685 3439 3739 in
3452 3680 3628 3738 illorum
3643 3671 3712 3728 fuit
3730 3677 3788 3720 tar-

2343 3781 2536 3847 ditate,
2564 3795 2673 3835 non
2705 3779 2762 3834 in
2785 3776 3086 3849 apostolica
3109 3775 3392 3850 sapientia,
3415 3772 3494 3828 cui
3515 3765 3690 3826 revelata
3714 3763 3787 3850 sum

2343 3845 2604 3946 mysteria
2643 3887 2674 3926 a
2710 3845 2926 3926 saeculis
2953 3845 3300 3935 abscondita,
3339 3867 3472 3924 sicut
3493 3864 3540 3918 in
3563 3845 3787 3946 Epistolatd

2343 3936 2613 4038 Ephesios
2658 3963 2974 4036 plenissime
3014 3963 3372 4018 demonstrat.
3423 3951 3609 4029 (Ιοαη.)
3647 3936 3790 4038 Attendt

2343 4035 2614 4130 quomodo
2641 4035 2765 4112 cum
2789 4054 2951 4110 laude
2971 4052 3108 4110 facit
3129 4052 3467 4117 desiderium,
3491 4048 3577 4104 hoc
3598 4035 3790 4131 (ιιιὶΡΡθέί

2344 4163 2561 4220 semper
2575 4146 2854 4220 sapientia:
2863 4145 3039 4211 Pauli,
3053 4144 3291 4202 difﬁcilia
3310 4143 3458 4200 bonis
3482 4131 3788 4220 intermiseram.

2344 4215 2487 4311 quod
2506 4215 2672 4296 etiam
2694 4239 2747 4294 in
2767 4237 3008 4310 Epistola
3028 4237 3097 4293 ad
3109 4236 3330 4294 Galatas
3349 4233 3468 4290 fecit
3485 4231 3660 4287 dicem:
3682 4215 3790 4271 «Cur-

2345 4331 2550 4387 rebatis
2562 4331 2722 4397 bene,
2738 4330 2861 4400 quis
2882 4343 2981 4384 vos
2996 4328 3304 4400 impedivit?
3325 4348 3342 4382 r
3360 4335 3412 4382 et
3431 4343 3448 4377 ι
3466 4324 3693 4380 sinemus:
3703 4313 3788 4363 unt!

2343 4425 2489 4496 passi
2522 4423 2680 4492 estis,
2716 4423 2762 4479 si
2807 4431 2988 4478 tamen
3017 4421 3138 4478 sine
3165 4437 3329 4478 causa
3367 4417 3498 4492 (Gal.
3534 4413 3664 4484 v);et
3688 4403 3788 4496 ﬂeti:

2351 4492 2596 4572 iCertus
2635 4531 2755 4572 sum
2804 4515 2872 4572 de
2914 4513 3071 4571 vobis
3121 4515 3180 4572 in
3229 4513 3451 4570 Domino
3485 4502 3666 4580 (Ibid);
3699 4492 3791 4547 »Ιιω

2348 4608 2516 4664 etiam
2543 4616 2598 4662 et
2617 4606 2764 4664 circa
2796 4606 2932 4664 istos
2957 4605 3110 4674 facit,
3131 4625 3151 4660 ς
3181 4613 3362 4664 certus
3384 4609 3544 4660 autem
3569 4607 3663 4684 sum
3677 4587 3722 4643 de
3739 4593 3791 4684 t0-

2345 4700 2432 4757 bis
2457 4699 2684 4755 meliora
2711 4708 2765 4755 et
2784 4700 3017 4757 salutem
3033 4699 3311 4757 habentia.
3333 4719 3352 4754 ι
3378 4692 3558 4754 Deinde
3579 4679 3789 4750 subiunxit:

2354 4809 2373 4845 ι
2411 4791 2625 4848 Etenim
2665 4807 2790 4848 cum
2825 4793 3098 4850 deberetis
3117 4790 3364 4863 magistri
3391 4801 3502 4845 esse
3524 4783 3690 4856 Pro?”
3711 4776 3789 4865 ’φῖ

2356 4887 2531 4957 σὐιιε,
2568 4900 2784 4940 rursum
2819 4883 3078 4957 indigetis
3114 4892 3175 4940 ut
3199 4857 3295 4940 vos
3317 4872 3586 4939 doceamini

2355 4995 2376 5030 ι
2409 4953 2679 5034 elementa
2692 4977 2898 5034 exordii
2913 4953 3226 5036 sermonum
3239 4970 3538 5044 Dei,etfacti
3554 4962 3657 5023 estis

2348 5067 2492 5124 lacte
2515 5083 2654 5140 opus
2680 5069 2897 5136 sit,non
2925 5069 3097 5127 solido
3121 5071 3264 5127 cibo.
3297 5088 3318 5122 ι
3337 5060 3570 5141 (Alb.)Ad
3593 5068 3665 5112 eos
3684 5053 3790 5112 ibi“

2348 5161 2611 5234 loquitur,
2645 5165 2738 5235 qui
2765 5166 3126 5222 exercitatum
3159 5178 3377 5222 sensum
3397 5176 3487 5234 per
3508 5156 3645 5227 legem
3664 5151 3703 5202 ει
3718 5150 3789 5210 ΡΝ·

2348 5256 2541 5326 phetas
2585 5256 2653 5312 de
2702 5254 2936 5312 adventu
2977 5256 3178 5314 Christi
3206 5265 3263 5313 et
3298 5253 3480 5328 gratia,
3520 5257 3618 5319 (1³³

2349 5345 2698 5404 credentibus
2733 5347 2898 5405 allata
2948 5356 3052 5414 est,
3085 5349 3284 5404 habere
3305 5326 3592 5404 debuerunt.
3614 5326 3789 5424 ⁸1³⁵
3860 5403 3861 5410 η

2349 5439 2668 5512 magisterio
2681 5441 2804 5496 aliis
2824 5455 2923 5513 per
2940 5409 3200 5514 mysteria
3219 5439 3334 5506 Dei,
3354 5449 3465 5508 quae
3483 5432 3588 5487 data
3605 5425 3696 5514 ευθξ
3715 5409 3787 5514 illi"

2348 5496 2601 5601 poterant
2635 5547 2774 5596 esse,
2809 5496 2854 5588 si
2889 5496 3247 5590 credidissent
3274 5550 3287 5585 :
3315 5496 3448 5586 nunc
3468 5530 3616 5580 autem
3860 5531 3861 5601 ξ

2347 5590 2423 5677 cti
2453 5631 2579 5677 sunt
2632 5632 2691 5676 ut
2752 5590 3012 5690 infantes,
3039 5624 3250 5696 quibus
3285 5622 3447 5692 prima
3501 5607 3705 5668 elelltellla

2350 5721 2587 5770 terarum
2639 5716 2929 5771 traduntur
2969 5680 3036 5773 ad
3072 5680 3380 5787 legendum,
3419 5709 3530 5764 dum
3553 5680 3786 5787 illorlimﬁ‘

2346 5807 2516 5865 fortes
2554 5823 2674 5866 esse
2699 5810 2756 5866 in
2791 5809 2897 5868 ﬁde
2923 5820 2979 5869 et
2999 5784 3207 5882 alacres
3231 5810 3285 5867 in
3309 5800 3528 5866 scientia.
3553 5784 3784 5850 801³4³³⁸³⁸

3860 5567 3861 5608 ι

3859 6069 3861 6122 ἱ

3860 6127 3861 6184 i
