3992 6338
285 359 393 413 7ιὸ

749 353 1295 416 ENARRATIONUM
1333 355 1398 412 IN
1439 354 1586 411 EPP.
1624 353 1830 411 PAULI
1863 353 1991 409 LIB.
2038 351 2248 408 XXVII.
2285 381 2356 391 —-
2387 351 2455 406 IN
2495 351 2709 408 EPIST.
2750 352 2844 408 AD
2878 351 3079 408 HEBR.

3435 356 3539 412 ἠδ

284 471 508 543 pientis;
534 469 713 525 cibum
739 469 806 523 ad
827 468 1252 539 percipiendum,
1271 468 1362 538 qui
1380 476 1464 523 est
1482 468 1865 539 perfectorum,
1894 471 1946 530 Α
1971 472 2063 520 aut
2091 465 2251 529 illius,
2277 473 2332 521 et
2366 475 2496 521 tunc
2528 466 2690 531 dicit,
2714 466 2939 537 proinde
2960 473 3216 521 annotata
3247 467 3395 522 vobis
3420 482 3544 524 esse

283 577 438 618 nunc
461 559 591 615 facti
636 567 760 614 sunt
787 558 985 628 quibus
1011 566 1095 613 est
1120 557 1260 613 lacte
1287 573 1444 629 opus.
1472 558 1580 612 Lac
1603 557 1747 612 enim
1777 558 1871 611 hu-

283 653 474 710 milem
511 663 817 707 sermonem
843 658 1022 714 vocat,
1053 664 1161 720 quo
1179 665 1274 706 eos
1301 651 1592 720 indiguisse
1616 658 1868 714 testatur,

283 747 382 818 qui
410 745 578 800 etiam
607 743 676 797 ad
698 742 888 798 altiora
912 743 1292 812 mysteriorum
1323 742 1417 797 Dei
1448 749 1657 797 secreta
1683 756 1871 796 ascen-

286 836 422 892 dere
463 849 569 888 non
615 841 883 902 poterant.
927 833 1171 901 Exempli
1210 833 1404 899 gratia,
1438 833 1530 902 qui
1556 849 1663 887 non
1695 840 1874 903 potest

287 924 597 996 intelligere
655 923 799 992 quod
848 923 1172 991 evangelista
1221 923 1342 976 ait:
1400 941 1419 974 ‹
1461 922 1697 977 Verbum
1744 937 1872 976 caro

287 1015 501 1070 factum
541 1021 642 1080 est,
698 1033 716 1065 ι
751 1014 1022 1084 quomodo
1061 1021 1239 1082 potest
1273 1013 1342 1067 ad
1392 1012 1724 1067 altitudinem
1757 1012 1872 1081 ejus

288 1107 566 1162 sermonis
613 1106 918 1177 pervenire,
973 1106 1060 1161 ubi
1101 1106 1178 1161 ait
1216 1123 1231 1160 :
1283 1125 1301 1158 t
1330 1105 1388 1160 In
1442 1106 1707 1176 principio
1757 1114 1876 1160 crat

296 1215 319 1250 ε
359 1198 618 1258 Verbum,
649 1205 704 1252 et
726 1195 961 1252 Verbum
989 1204 1110 1252 erat
1131 1197 1272 1268 apud
1301 1195 1490 1263 Deum,
1513 1207 1562 1251 et
1590 1197 1732 1252 Deus
1755 1204 1874 1252 erat

297 1311 318 1342 ι
365 1289 645 1346 Verbum?
677 1308 696 1342 ι

367 1400 392 1432 ι
437 1380 625 1436 Omnis
661 1380 806 1435 enim
840 1379 932 1450 qui
961 1379 1116 1435 lactis
1137 1389 1218 1436 est
1247 1381 1538 1452 particeps,
1568 1393 1765 1450 expers
1799 1379 1875 1431 fa-

295 1489 322 1524 1
365 1481 494 1527 ctus
515 1481 599 1526 est
621 1472 889 1527 sermonis
899 1471 1144 1540 justitiae.
1170 1472 1430 1528 Parvulus
1451 1473 1594 1527 enim
1618 1480 1720 1526 est.
1748 1469 1875 1524 Per-

297 1580 321 1612 ‹
367 1561 632 1616 fectorum
664 1569 844 1616 autem
875 1570 959 1616 est
1002 1561 1205 1617 solidus
1237 1564 1431 1630 cibus;
1465 1578 1653 1618 eorum
1693 1570 1875 1616 autem

300 1669 321 1704 ε
367 1651 461 1720 qui
511 1651 832 1706 exercitatos
880 1653 1082 1707 habent
1135 1669 1325 1710 sensus
1372 1655 1439 1710 ad
1494 1653 1875 1709 discretionem

302 1762 322 1795 ι
369 1744 498 1798 boni
537 1758 601 1797 ac
647 1742 794 1796 mali.
839 1763 860 1795 ι
903 1742 1122 1799 Palatus
1175 1745 1317 1799 enim
1353 1760 1574 1814 sapores
1618 1742 1879 1798 discernit

1972 553 2257 620 debebant,
2307 563 2361 610 et
2411 570 2517 610 non
2571 555 2742 611 solum
2789 555 2964 637 ipsum
3013 553 3218 611 textum
3266 558 3546 615 debebatis

1969 648 2132 714 scire,
2166 649 2259 703 sed
2281 656 2336 703 et
2365 664 2558 705 causas
2580 665 2766 705 eorum
2793 665 2911 718 quae
2931 650 3131 719 scripta
3169 659 3314 714 sunt,
3344 661 3398 705 et
3417 652 3546 722 quis

1969 737 2085 793 hac
2099 738 2315 804 dixerit,
2332 740 2426 795 sed
2449 740 2628 794 omnia
2651 740 2768 795 sine
2783 755 2944 795 causa
2971 749 3025 795 et
3040 755 3392 809 supervacue.
3416 740 3544 797 Om-

1970 829 2056 885 nis
2088 827 2360 886 festinatio
2404 831 2460 885 in
2509 830 2595 886 his
2621 847 2743 901 quae
2777 831 2845 886 ad
2877 832 3045 887 vitam
3091 832 3231 887 hanc
3271 833 3548 902 pertinent

1970 929 2282 976 evacuatur.
2333 921 2409 976 De
2455 921 2788 990 spiritalibus
2839 931 3019 976 autem
3065 921 3210 976 nulla
3257 922 3395 976 ratio
3440 931 3545 984 est,

1971 1019 2253 1081 pmpterea
2290 1010 2444 1066 nobis
2473 1025 2647 1081 neque
2669 1010 2758 1066 illa
2787 1027 2886 1082 pro
2909 1022 3035 1068 voto
3062 1010 3417 1082 proveniunt,
3453 1011 3551 1067 sed

1972 1103 2217 1172 plurimae
2265 1103 2432 1157 etiam
2491 1104 2564 1158 ibi
2617 1101 2987 1170 difﬁcultates;
3049 1103 3297 1159 Christus
3349 1104 3552 1174 quippe

1973 1190 2109 1246 dixit
2139 1208 2152 1244 :
2189 1209 2206 1242 t
2249 1191 2422 1246 Petite
2449 1207 2673 1263 regnum
2701 1193 2816 1258 Dei,
2847 1193 3037 1249 et'hzec
3068 1194 3250 1250 omnia
3277 1209 3550 1265 apponen-

1973 1291 2063 1336 tur
2111 1281 2263 1336 vobis
2308 1281 2525 1354 (Matth.
2559 1282 2656 1355 vr).
2697 1303 2718 1337 ι
2752 1283 2819 1338 Et
2849 1285 2966 1340 htec
3009 1286 3224 1354 quidem
3254 1285 3306 1340 in
3338 1285 3552 1356 apposi-

1977 1371 2138 1426 tionis
2173 1380 2330 1442 parte
2358 1372 2491 1428 dicit
2518 1373 2768 1429 daturum
2791 1415 2804 1440 ,
2836 1390 2935 1431 nos
2959 1385 3138 1431 autem
3158 1376 3400 1432 ordinem
3428 1391 3553 1446 per-

1974 1465 2236 1520 vertimus
2259 1473 2314 1521 et
2333 1467 2568 1536 petimus
2585 1477 2782 1522 terram
2805 1477 2860 1523 et
2879 1468 3018 1524 bona
3041 1469 3097 1524 in
3125 1478 3270 1525 terra
3293 1477 3550 1540 tanquam

1977 1556 2081 1612 illis
2126 1557 2181 1611 in
2234 1558 2529 1614 additionis
2584 1559 2705 1614 loco
2761 1560 3100 1626 tribuendis,
3156 1576 3254 1617 nos
3308 1561 3550 1628 idcirco,

1978 1661 2152 1718 neque
2196 1647 2319 1714 ista,
2373 1664 2548 1719 neque
2605 1648 2710 1704 illa»
2737 1650 3021 1707 habemus.
3073 1652 3398 1722 Evigilemus
3452 1653 3554 1708 ali-

1977 1738 2232 1807 quando,
2289 1747 2345 1794 et
2406 1727 2702 1794 efﬁciamur
2758 1739 3064 1797 futurorum
3119 1743 3552 1809 desideratores,

292 1835 540 1890 ciborum
572 1850 586 1886 ς
617 1832 798 1886 anima
828 1834 1096 1887 variarum
1138 1834 1329 1904 probat
1358 1848 1634 1889 sermones
1675 1831 1876 1887 dociri-
1906 1817 1953 1876 B
1981 1827 2060 1882 sic
2101 1828 2267 1882 etiam
2313 1828 2417 1883 ista
2463 1837 2776 1900 sequentur,
2823 1831 3156 1901 impossibile
3195 1849 3430 1904 namque
3475 1843 3559 1890 est
3615 1859 3624 1868 ‘

292 1939 512 1988 narum,
547 1924 613 1978 de
641 1923 837 1991 quibus
871 1923 925 1978 in
955 1924 1413 1993 consequentibus
1441 1923 1598 1990 hujus
1624 1923 1877 1994 Epistolze

292 2018 426 2073 dicit
462 2032 479 2071 :
522 2035 540 2068 t
569 2016 842 2072 Doctrinis
869 2017 1030 2072 variis
1055 2017 1219 2072 nolite
1247 2017 1438 2071 abduci
1464 2015 1650 2089 (Hebr.
1675 2017 1818 2086 xut).
1850 2033 1869 2067 ι

293 2108 452 2164 Sicut
495 2109 639 2163 enim
680 2108 934 2178 parvulus
973 2109 1113 2163 inter
1157 2108 1338 2163 cibum
1371 2115 1427 2162 et
1459 2107 1638 2162 cibum
1671 2107 1877 2162 discer-

293 2215 429 2256 nere
459 2201 649 2260 nescit,
681 2210 737 2254 et
775 2216 914 2271 szepe
941 2199 1191 2254 innoxiis
1213 2200 1488 2254 sumendis
1520 2198 1875 2270 periclitatur,

292 2291 340 2346 si
371 2306 479 2346 non
505 2290 854 2361 prohibeatur
881 2307 912 2345 a
939 2291 1192 2356 seniore,
1238 2291 1311 2345 ita
1359 2285 1609 2345 indoctus
1649 2290 1879 2360 quisque

291 2380 678 2436 discretionem
700 2380 1068 2436 doctrinarum
1099 2383 1292 2446 nescit,
1323 2379 1484 2437 facile
1511 2381 1798 2452 decipitur,
1824 2389 1880 2437 et

292 2471 353 2524 in
382 2469 469 2523 via
510 2470 712 2525 erroris
755 2470 1123 2540 periclitatur;
1170 2471 1398 2542 quodin
1444 2458 1582 2526 lacte
1611 2481 1668 2526 et
1709 2471 1879 2526 solido

295 2563 438 2625 cibo,
468 2562 569 2616 hoc
593 2564 645 2616 in
671 2562 886 2618 indocto
909 2570 964 2616 et
992 2562 1233 2634 sapiente
1248 2561 1444 2617 dill‘ert.
1464 2561 1618 2618 Sicut
1644 2563 1726 2618 lac
1755 2577 1879 2634 par-

301 2653 448 2708 vulis
491 2653 764 2724 congruit,
815 2661 869 2707 et
915 2652 1119 2707 solidus
1163 2652 1318 2707 cibus
1364 2660 1526 2708 aetate
1577 2652 1875 2722 perfectis:

297 2743 376 2796 ita
406 2742 640 2798 indoctis
677 2742 900 2796 humilis
921 2757 1123 2807 sermo,
1159 2750 1214 2796 et
1244 2740 1581 2811 sapientibus
1620 2755 1878 2796 arcanum

296 2833 394 2888 Dei
434 2832 753 2904 mysterium
787 2847 948 2887 nosse
977 2833 1253 2896 convenit,
1292 2831 1385 2902 qui
1419 2831 1746 2886 exercitatos
1783 2831 1879 2886 ha-

296 2930 430 2984 bere
470 2927 726 2982 videntur
759 2941 971 2982 sensus.
1022 2945 1040 2976 (
1070 2925 1350 2992 Quomodo
1405 2926 1566 2996 igitur
1625 2933 1880 2995 poterunt

295 3034 493 3074 sensus
532 3019 699 3073 nostri
730 3017 1012 3072 exercitati
1043 3018 1197 3072 esse?
1228 3016 1412 3086 utique
1458 3031 1524 3070 ex
1558 3031 1656 3069 usu
1687 3023 1736 3068 et
1771 3013 1878 3068 fre-

297 3113 484 3184 quenti
507 3111 738 3167 lectione
761 3119 1070 3166 sanctarum
1091 3108 1552 3178 Seripturarum.»
1573 3105 1726 3161 Unde
1749 3105 1877 3159 bea-

298 3216 414 3261 tum
446 3205 620 3259 virum
653 3203 940 3258 Psalmista
969 3201 1100 3257 dicit
1122 3217 1263 3266 esse,
1305 3201 1396 3271 qui
1440 3201 1492 3254 in
1527 3199 1644 3270 lege
1667 3198 1878 3253 Domini

297 3295 656 3350 meditabitur
677 3294 764 3348 die
785 3308 849 3348 ac
871 3301 1030 3348 nocte
1052 3289 1291 3363 (Psnln).
1312 3289 1382 3363 [.l.
1399 3289 1621 3361 Chrys.)
1653 3289 1883 3355 Quomo-

299 3387 369 3442 do
383 3397 566 3440 autem
587 3385 717 3438 fiunt
731 3400 922 3439 sensus
935 3382 1105 3437 nostri
1120 3382 1506 3440 exercitati?ex
1523 3396 1621 3434 usu
1641 3379 1884 3450 Scriptu-

301 3493 512 3542 rarum,
545 3492 611 3531 ex
635 3477 904 3546 frequenti
943 3476 1216 3531 auditione
1245 3493 1259 3528 :
1284 3474 1500 3545 quando
1527 3474 1670 3528 enim
1696 3489 1884 3545 propo

301 3567 577 3622 suerimus
603 3583 791 3622 eorum
819 3581 1054 3631 errores,
1093 3574 1146 3622 et
1188 3565 1348 3621 hodie
1377 3564 1637 3631 audieris,
1679 3576 1734 3620 et
1759 3579 1880 3620 cra-

296 3660 440 3714 stina
468 3659 780 3730 probaveris
803 3673 908 3714 non
931 3659 1066 3713 bene
1095 3673 1154 3712 se
1182 3657 1400 3722 habere,
1423 3667 1620 3711 cuncta
1643 3655 1880 3722 deceris,

293 3757 490 3804 cuncta
506 3751 806 3821 cognoscis,
822 3761 876 3804 et
889 3750 934 3804 si
955 3749 1114 3804 hodie
1136 3764 1242 3803 non
1261 3750 1589 3819 assequeris,
1604 3764 1726 3804 cras
1739 3763 1884 3803 asse-

1975 1930 2122 1982 eum,
2154 1917 2266 1987 qui,
2296 1933 2417 1988 quae
2446 1919 2542 1974 Dei
2569 1929 2729 1988 sunt,
2755 1922 2968 1992 quzerit,
2994 1939 3101 1978 non
3122 1924 3287 1978 etiam
3307 1940 3428 1995 quae
3456 1926 3559 1982 hu-

1975 2019 2137 2060 mana
2181 2016 2327 2074 sunt,
2361 2010 2582 2080 assequi
2627 2028 2640 2065 :
2685 2013 2953 2068 sententia
2987 2023 3070 2070 est
3121 2014 3288 2084 ipsius
3313 2017 3559 2073 veritatis

1975 2097 2081 2152 hoc
2103 2097 2351 2155 dicentis.
2376 2099 2726 2172 Nequaquam
2749 2103 2913 2176 igitur
2941 2103 3100 2160 aliter
3128 2105 3391 2164 faciamus
3411 2149 3428 2175 ,
3461 2109 3560 2164 sed

1976 2193 2351 2262 aequanimiter
2413 2193 2655 2254 feramus
2713 2197 3044 2255 voluntatem
3087 2198 3322 2267 Christi,
3371 2214 3439 2256 ne
3488 2202 3557 2258 ab

1979 2285 2230 2342 omnibus
2253 2287 2581 2344 excidamus.

2585 2442 2813 2502 CAPUT
2849 2447 2934 2501 VI.

1976 2548 2255 2634 Apostolus
2283 2551 2432 2634 nddit
2460 2568 2522 2607 ea
2540 2570 2658 2634 quae
2685 2555 3099 2634 vult__tiimittere,
3120 2559 3315 2634 quibus
3329 2565 3560 2634 acceptio

2043 2636 2155 2700 sua:
2185 2620 2442 2700 doctrinm
2473 2620 2562 2678 est
2587 2625 2944 2697 impossibilia,
2973 2638 3023 2683 et
3060 2620 3248 2700 quibus
3273 2633 3341 2688 sit
3378 2620 3563 2691 contra?

2047 2691 2194 2744 niens
2216 2700 2265 2744 et
2294 2691 2460 2748 utilis.

2052 2835 2073 2870 ι
2105 2818 2441 2893 Quapropter
2484 2823 2905 2884 intermittentes
2952 2829 3312 2889 inchoationis
3355 2832 3562 2891 Christi

1983 2930 2002 2964 t
2036 2927 2366 2979 sermonem,
2400 2917 2465 2972 ad
2499 2918 2889 2992 perfectionem
2926 2922 3184 2993 feramur,
3227 2943 3333 2983 non
3374 2943 3566 2986 rursus

1983 3020 2002 3054 t
2030 3001 2295 3071 jacientes
2339 3005 2751 3066 fundamentum
2807 3015 3142 3083 poenitentiae
3190 3017 3259 3072 ab
3308 3021 3565 3090 operibus

1984 3111 2002 3144 ι
2037 3095 2285 3158 mortuis,
2314 3104 2368 3150 et
2391 3096 2518 3154 fidei
2553 3101 2619 3155 ad
2647 3101 2840 3168 Deum,
2865 3103 3249 3175 baptismatum
3273 3109 3556 3176 doctrinae,

1988 3201 2005 3234 t
2040 3184 2398 3256 impositionis
2447 3204 2663 3260 quoque
2709 3208 2964 3248 manuum
3031 3212 3096 3252 ac
3147 3201 3564 3257 reSurrectionis

1987 3290 2007 3324 t
2044 3284 2402 3344 mortuorum,
2420 3287 2474 3334 et
2494 3279 2685 3350 judicii
2711 3284 2920 3338 aeterni.
2959 3284 3028 3339 Et
3059 3285 3177 3342 haec
3207 3286 3486 3356 faciemus,
3514 3292 3562 3346 si

1991 3385 2008 3420 Ι
2040 3369 2258 3438 quidem
2274 3373 2579 3440 permiserit
2601 3373 2796 3430 Deus.»
2835 3375 2911 3448 (J.
2937 3376 3149 3450 Chrys.)
3175 3379 3372 3438 Audite
3391 3398 3563 3453 quan-

1981 3468 2094 3514 tum
2117 3458 2376 3517 Hebraeos
2391 3462 2626 3533 culpavit
2647 3463 2846 3521 Paulus
2864 3466 3108 3524 volentes
3123 3485 3338 3541 semper
3350 3472 3563 3528 discere

1979 3549 2319 3621 eademipsa,
2338 3543 2632 3609 etmerito:
2660 3573 2680 3607 t
2707 3554 2840 3610 Cum
2863 3557 3136 3616 deberetis
3147 3561 3292 3616 enim
3313 3577 3455 3628 esse,
3470 3563 3558 3619 iu-

1980 3642 2119 3712 quit,
2149 3641 2396 3700 doctores
2422 3654 2644 3716 propter
2671 3657 2901 3719 tempus,
2933 3649 3131 3718 iterum
3163 3667 3300 3724 opus
3325 3655 3558 3722 habetis,

1981 3731 2074 3800 qui
2104 3747 2198 3787 vos
2230 3733 2442 3800 doceat,
2466 3750 2585 3805 quze
2619 3737 2730 3792 sint
2770 3737 3037 3796 elementa
3061 3742 3310 3812 principii
3349 3757 3560 3800 sermo-

293 3840 503 3910 queris.
536 3860 554 3890 t
579 3839 1349 3910 Sensus,inquil,exercitatos
1365 3838 1647 3896 habentes.
1671 3859 1690 3892 ι
1719 3837 1883 3894 Vides
1982 3837 2109 3877 “um
2153 3824 2270 3879 θεία
2311 3843 2330 3876 δ
2387 3826 2584 3884 Timeo‘
2616 3843 2685 3885 ne
2723 3831 2887 3884 etiam
2942 3833 3009 3887 ad
3057 3847 3154 3888 vos
3193 3834 3296 3888 ista
3348 3835 3562 3891 dicendi

296 3928 430 3999 quia
464 3938 679 3999 Oportet
706 3930 994 3984 exercitari
1027 3930 1269 3985 auditum
1293 3938 1539 3985 nostrum
1571 3930 1876 4000 frequenter

1981 3922 2194 3986 tempus
2247 3916 2348 3982 sit,
2402 3918 2529 3987 quia
2575 3919 2838 3977 debentes
2883 3937 3004 3978 esse
3053 3923 3302 3980 doctores
3340 3935 3564 3997 propter

293 4018 576 4073 auditione
610 4019 911 4074 divinarum
935 4019 1358 4091 Scripturarum,
1379 4031 1440 4076 ut
1465 4021 1606 4077 nulla
1643 4021 1883 4076 novitate
1981 4016 2217 4080 tempus.
2270 4024 2442 4081 neque
2485 4011 2869 4084 diSCipulorum
2902 4019 3128 4088 gradum
3187 4020 3418 4087 habetis,
3467 4022 3562 4076 sed

291 4123 741 4178 expavescamus.
761 4110 1152 4178 Exercitatum,
1169 4112 1365 4182 inquit,
1383 4111 1449 4168 ad
1478 4112 1876 4176 discretionem,

1981 4115 2195 4172 semper
2211 4101 2400 4158 eadem
2418 4103 2536 4174 ipsa
2556 4105 2854 4173 audientes,
2878 4116 2935 4164 et
2961 4109 3027 4164 de
3052 4109 3239 4165 iisdem
3262 4111 3416 4182 ipsis,
3441 4118 3563 4166 tan-

292 4199 407 4254 boc
433 4207 536 4266 est,
570 4199 803 4269 peritum
827 4214 949 4257 esse
977 4219 990 4254 :
1024 4201 1162 4256 alius
1195 4201 1412 4272 quidem
1449 4202 1582 4257 dicit
1619 4218 1726 4258 non
1756 4215 1878 4256 esse
1980 4208 2144 4264 quam
2171 4195 2216 4250 si
2258 4194 2395 4250 nihil
2422 4196 2712 4262 audiretis,
2749 4199 2829 4254 sic
2850 4200 3093 4272 dispositi
3131 4201 3280 4256 estis.
3312 4201 3426 4256 Etsi
3464 4216 3562 4257 vos

292 4293 780 4358 resurrectionem,
820 4294 958 4348 alius
986 4302 1166 4348 autem
1210 4293 1344 4348 nihil
1372 4293 1674 4349 futurorum
1720 4310 1882 4364 expe-
1981 4285 2265 4356 quisquam
2299 4287 2744 4358 interrogaverit.
2773 4304 2933 4345 nemo
2967 4303 3203 4346 νθδιτυῐη
3237 4293 3439 4363 poterit
3474 4307 3563 4348 re-

291 4389 448 4447 ctat;
481 4381 618 4436 alius
655 4382 883 4436 alterum
911 4384 1043 4438 dicit
1071 4383 1270 4450 Deum;
1305 4383 1442 4439 alius
1472 4398 1538 4440 ex
1562 4377 1730 4439 Maﬂa
1751 4383 1882 4440 dicit
1981 4380 2269 4448 spondere,
2301 4389 2499 4450 praeter
2521 4382 2807 4438 admodum
2838 4398 3037 4454 paucos
3053 4395 3107 4440 et
3128 4385 3287 4442 facile
3308 4401 3561 4442 numera-

290 4485 425 4526 eum
452 4470 651 4526 habere
679 4472 1028 4542 principium.
1057 4473 1273 4528 Intuere
1302 4472 1585 4528 confestim
1607 4473 1878 4544 quomodo
1907 4520 1954 4549 ῃ
1979 4469 2116 4526 biles
2143 4489 2156 4525 :
2181 4472 2284 4526 hoc
2316 4481 2494 4529 autem
2535 4490 2642 4530 non
2665 4484 2752 4532 est
2783 4491 3009 4546 parvum
3043 4478 3559 4549 damnum.‘Saepius

288 4577 368 4617 ex
409 4562 853 4618 immoderatione
897 4578 1087 4619 omnes
1132 4565 1472 4632 ceciderunt;
1517 4565 1608 4619 alii
1657 4565 1874 4634 quidem
1900 4559 1953 4580 "
1978 4559 2178 4630 quippe
2212 4561 2490 4619 doctorem
2523 4563 2790 4622 volentem
2833 4567 2886 4622 in
2927 4566 3200 4622 anteriora
3239 4567 3555 4638 procedere,

289 4666 515 4720 semper
568 4653 783 4706 modum
828 4654 1187 4719 excedentes;
1229 4654 1318 4708 alii
1359 4663 1537 4708 autem
1582 4655 1723 4708 intra
1763 4669 1877 4708 mo-
1976 4661 2034 4708 et
2075 4654 2396 4712 secretiores
2438 4656 2763 4728 altioresque
2808 4673 3085 4714 sermones
3132 4659 3420 4730 attingere,
3449 4674 3555 4715 non

289 4741 428 4795 dum
468 4756 526 4796 se
565 4751 932 4808 coarctantes,
956 4752 1015 4797 ut
1039 4753 1166 4814 puta
1191 4745 1367 4814 prima
1392 4746 1610 4814 quidem
1633 4747 1873 4800 omnium
1975 4745 2243 4814 permittit
2291 4747 2606 4804 inhabitudo
2650 4749 2996 4805 discentium.
3036 4748 3190 4804 Sicut
3219 4750 3370 4804 enim
3413 4751 3553 4820 apud

289 4832 523 4888 haeresis
569 4831 669 4886 fuit
713 4832 1037 4899 Marcionis,
1082 4834 1173 4889 illa
1211 4834 1440 4890 alterum
1488 4836 1655 4890 Deum
1702 4836 1873 4890 intro—
1975 4838 2266 4908 magistros
2287 4838 2420 4905 ludi,
2444 4840 2489 4894 si
2515 4855 2730 4911 semper
2747 4856 2879 4912 puer
2901 4841 3164 4897 elementa
3191 4842 3418 4899 audiens
3445 4856 3556 4898 non

291 4923 478 4987 duxit,
509 4924 602 4992 qui
630 4938 736 4978 non
765 4933 904 4989 erat,
931 4926 1171 4980 excessit
1191 4927 1427 4980 modum.
1454 4925 1583 4980 Post
1608 4926 1752 4980 illam
1778 4926 1878 4982 Sa-
1977 4935 2182 4994 teneat,
2225 4943 2441 4999 semper
2468 4929 2547 4985 illi
2594 4931 2892 4987 necessitas
2930 4932 3036 4987 erit
3067 4932 3257 4987 eadem
3303 4931 3421 5004 ipsa
3465 4931 3549 4986 in-

290 5013 470 5079 bellii,
494 5014 712 5079 Filium,
747 5025 804 5070 et
835 5014 1094 5086 Spiritum
1129 5025 1186 5071 et
1209 5016 1426 5072 Patrem
1461 5033 1624 5072 unum
1650 5033 1769 5074 esse
1803 5017 1880 5073 di-
1977 5032 2172 5073 sonare
2190 5033 2358 5088 puero
2377 5060 2391 5084 ,
2420 5027 2609 5076 etnon
2634 5021 2871 5077 cessabit
2896 5031 3022 5078 ante
3049 5023 3248 5078 docens
3273 5038 3553 5094 usquequo

286 5106 496 5162 centis.
521 5106 725 5162 Deinde
745 5106 979 5162 Marcelli
1003 5117 1060 5162 et
1083 5107 1323 5174 Pbotini,
1345 5109 1510 5164 etiam
1537 5110 1625 5164 isti
1648 5109 1764 5164 hmo
1783 5125 1876 5164 ea-
1978 5108 2068 5164 illa
2096 5109 2305 5181 integre
2339 5109 2549 5166 discere
2573 5111 2827 5178 valuerit;
2858 5113 3137 5168 enimvero
3172 5113 3412 5168 stultitiae
3437 5129 3554 5168 ma-

289 5196 422 5250 dem
448 5195 808 5266 pmdicantes
825 5237 841 5262 ,
869 5207 926 5254 et
948 5197 1101 5254 Pauli
1125 5196 1485 5264 Samosateni,
1512 5199 1578 5255 de
1601 5199 1769 5255 Maria
1791 5199 1875 5255 di-

288 5287 471 5343 centis
514 5303 639 5343 eum
689 5289 890 5346 habere
935 5291 1279 5360 principium.
1317 5292 1519 5348 Deinde
1564 5291 1878 5348 Manichaeo-

289 5391 440 5443 rum,
487 5378 592 5433 ista
627 5380 775 5435 enim
815 5380 1204 5450 aliquantulum
1233 5398 1390 5437 nova.
1427 5382 1558 5438 Post
1585 5383 1702 5438 illas
1739 5383 1870 5438 item

285 5467 430 5524 Arii.
462 5467 602 5525 Sunt
629 5479 808 5526 autem
833 5481 890 5526 et
927 5472 1066 5527 alite.
1106 5472 1333 5543 Propter
1359 5475 1466 5530 hoc
1509 5475 1670 5530 tidem
1699 5475 1872 5531 susci-

285 5557 504 5630 pimus,
553 5570 744 5617 utnon
793 5578 1051 5634 cogamur
1099 5565 1286 5620 decem
1318 5565 1486 5619 millia
1537 5566 1768 5623 hmreses
1815 5577 1872 5623 et

287 5649 538 5705 laborem
568 5652 792 5709 habere.
828 5654 1142 5711 Ascendens
1184 5657 1352 5720 enim,
1400 5657 1492 5726 qui
1521 5656 1670 5729 legit,
1694 5659 1869 5730 primo

285 5741 426 5800 dicit
449 5743 648 5803 librum
688 5747 842 5819 cujus
867 5756 986 5813 est,
1030 5748 1174 5806 illius
1217 5750 1368 5807 verbi
1397 5751 1568 5822 gratia
1598 5753 1870 5823 propheta:

620 5842 893 5905 Parant.
957 5843 1146 5908 CXII.

1969 5200 2108 5270 joris
2133 5211 2236 5268 est,
2267 5210 2348 5268 ut,
2369 5203 2462 5273 qui
2485 5203 2659 5274 prima
2685 5219 2792 5260 non
2822 5204 2958 5260 bene
2985 5204 3322 5275 imposuerit,
3352 5205 3419 5260 ad
3445 5203 3552 5258 alia

1976 5294 2106 5349 velit
2129 5308 2354 5365 puerum
2393 5295 2701 5363 adducere;
2741 5299 2823 5353 sic
2845 5298 3027 5369 itaque
3051 5306 3106 5354 et
3131 5299 3185 5355 in
3210 5297 3475 5363 Ecclesia,
3503 5298 3549 5352 si

1977 5400 2190 5456 semper
2207 5387 2401 5441 eadem
2427 5386 2728 5444 dicentibus
2750 5389 2907 5445 nobis
2932 5390 3064 5444 nihil
3098 5389 3327 5460 amplius
3347 5388 3550 5443 edisca-

1975 5475 2065 5542 tis,
2107 5492 2381 5547 nunquam
2407 5477 2599 5534 eadem
2627 5478 2856 5536 dicendo
2888 5481 3238 5537 cessabimus.
3282 5477 3446 5549 (Alb.)
3488 5474 3548 5531 Si

1974 5571 2119 5627 enim
2151 5571 2528 5628 ostentationis
2551 5572 2708 5629 nobis
2736 5581 2881 5630 esset
2913 5574 3052 5629 ratio
3078 5581 3132 5628 et
3172 5584 3326 5626 amor
3351 5567 3545 5634 laudis,

1974 5678 2196 5720 necesse
2223 5673 2367 5720 esset
2395 5680 2608 5737 semper
2623 5667 2924 5733 transilire,
2955 5664 3250 5738 praeterire,
3291 5658 3425 5714 nihil
3451 5672 3549 5713 cu-

1975 5762 2159 5812 rantes
2184 5756 2351 5812 vestri
2379 5758 2573 5828 gratia,
2607 5758 2702 5816 sed
2729 5758 2948 5832 plausus
2974 5763 3186 5812 vestros
3218 5759 3427 5810 tantum
3449 5764 3548 5822 ap-

2968 5847 3044 5908 2's
