3992 6338
553 319 652 373 7&7

1185 316 1244 370 Β.
1282 317 1535 372 ΙὶΑΒΑΝΙ
1573 317 1790 375 MAURI
1828 305 2164 371 ARCHIEP.‘
2188 313 2492 405 MOGUN'l‘.
2531 313 2812 372 OPERUM
2851 314 3030 373 PARS
3067 316 3150 374 lli.

3624 334 3701 392 748

551 438 855 498 peteremus
887 447 898 481 :
927 443 1050 498 quia
1072 444 1202 484 vero
1227 444 1331 483 non
1355 431 1458 486 hoc
1489 430 1642 484 nobis
1665 431 1898 484 studium
1929 443 2121 500 propo-
2147 430 2198 488 Λ
2223 427 2382 484 debet
2402 427 2630 498 culpare
2653 439 2708 483 et
2731 429 2988 499 abjicere,
3004 439 3062 485 et
3084 447 3245 502 opera
3267 436 3441 492 mortis
3463 454 3544 509 per
3566 449 3698 512 ρωηί.

552 520 780 582 suimus,
820 519 915 573 sed
948 519 1127 576 omnia
1167 535 1266 588 pro
1289 529 1468 574 vestro
1488 521 1764 590 juvamine
1791 521 2118 585 laboramus,

551 625 658 665 non
689 609 1022 681 quiescimus
1045 609 1110 664 de
1139 610 1329 664 iisdem
1361 610 1492 679 ipsis
1527 610 1678 664 vobis
1701 625 1915 680 semper
1937 610 2119 678 dispu-

547 713 690 767 tare,
742 699 912 756 donec
951 700 1039 755 illa
1097 701 1152 755 in
1192 701 1372 756 habitu
1405 701 1730 771 percipiatis.
1779 699 1930 756 Sicut
1976 700 2120 754 enim

549 805 674 845 eum
718 789 807 857 qui
856 788 910 842 in
951 788 1250 843 doctrinam
1304 789 1604 842 litterarum
1658 789 1959 854 adducitur,
2015 788 2122 842 cle-

551 890 734 936 inenta
755 887 968 949 oportet
991 883 1223 950 primum
1245 880 1449 945 audire,
1477 879 1555 934 sic
1575 887 1631 932 et
1657 877 1994 932 Christianus
2013 878 2122 947 pri-

549 987 642 1026 mo
669 972 908 1026 omnium
934 971 998 1026 de
1029 970 1132 1026 ﬁde
1154 970 1419 1026 catholica
1439 970 1640 1025 erudiri
1666 970 1844 1035 debet,
1871 969 2014 1038 quod
2040 976 2123 1023 est

552 1061 960 1116 fundamentum
1001 1059 1188 1114 salutis
1215 1059 1700 1115 nostrae-Firmum
1723 1058 1868 1113 enim
1910 1065 2123 1126 oportet

531 1160 610 1205 vet
630 1152 797 1204 ﬁxum
825 1165 943 1206 esse
963 1152 1066 1204 hoc
1087 1149 1487 1204 fundamentum
1512 1149 1654 1218 quod
1685 1149 1847 1204 habet
1873 1149 1928 1203 in
1961 1149 2122 1204 corde

553 1239 918 1305 Christianus,
975 1247 1032 1292 ut
1082 1238 1202 1293 inde
1252 1238 1445 1309 dignus
1488 1238 1583 1292 ﬁat
1627 1239 1693 1294 ad
1736 1237 2120 1308 perfectionem

553 1331 780 1385 aliarum
807 1329 1060 1384 tranferri
1084 1330 1361 1384 virtutum.
1392 1328 1451 1384 Si
1483 1337 1665 1383 autem
1694 1330 1977 1399 quisquam
2005 1345 2124 1384 ver-

551 1423 681 1477 bum
721 1422 969 1478 veritatis
995 1420 1229 1485 audivit,
1264 1428 1318 1475 et
1345 1421 1650 1488 baptizatus
1679 1429 1781 1486 est,
1808 1429 1862 1476 et
1881 1428 2001 1490 post
2029 1435 2124 1474 an-

551 1527 650 1566 nos
690 1511 891 1580 aliquot
927 1512 993 1566 de
1034 1510 1137 1565 ﬁde
1173 1510 1368 1564 iterum
1407 1509 1592 1565 audire
1616 1525 1751 1580 opus
1779 1510 1960 1574 habet,
1997 1509 2122 1578 quia

551 1600 774 1657 credere
815 1609 1030 1671 oportet
1051 1615 1174 1654 eum
1203 1601 1270 1655 de
1301 1601 1694 1657 resurrectione
1729 1607 1785 1654 et
1811 1601 1992 1655 futuro
2018 1615 2120 1655 sae-

551 1692 695 1758 culo,
723 1691 953 1747 necdum
999 1689 1402 1746 fundamentum
1432 1693 1626 1757 habet;
1667 1707 1880 1746 rursum
1911 1691 2121 1744 initium

551 1782 973 1837 Christianitatis
1003 1783 1215 1852 qumrit,
1245 1783 1369 1852 quia
1395 1783 1538 1837 enim
1564 1782 1697 1837 ﬁdes
1717 1783 2121 1837 fundamentum

553 1881 666 1938 est;
712 1884 904 1929 caetera
949 1889 1078 1929 vero
1123 1873 1687 1944 superaediﬁcationes,
1739 1873 1881 1943 quod
1935 1874 2124 1928 beatus

550 1963 748 2020 Paulus
777 1967 1122 2034 sequentibus
1151 1966 1328 2021 verbis
1367 1967 1622 2032 ostendit,
1651 1967 1876 2022 dicendo
1903 1984 1916 2019 :
1954 1985 1972 2017 ‹
2007 1964 2122 2019 Non

550 2069 766 2110 rursum
785 2054 1054 2124 iacientes
1075 2056 1482 2111 fundamentum
1503 2056 1833 2127 paenitentia:
1854 2056 1921 2110 ab
1941 2054 2120 2124 operi-

551 2149 653 2204 bus
673 2147 898 2202 mortuis
921 2155 975 2202 et
995 2147 1115 2202 ﬁdei
1133 2149 1197 2202 ad
1215 2147 1403 2202 Deum.
1417 2147 1531 2217 »(1.
1553 2147 1760 2219 Chrys.)
1777 2146 1914 2214 Quid
1933 2155 2124 2202 autem

550 2247 634 2293 est
679 2238 934 2293 initium?
960 2237 1093 2290 nihil
1124 2237 1266 2292 aliud
1295 2253 1454 2308 quam
1484 2240 1588 2294 hoc
1611 2255 1624 2292 :
1648 2239 1882 2302 Initium,
1919 2238 2122 2308 inquit,

549 2337 655 2393 est,
677 2344 799 2383 cum
821 2328 931 2382 vita
954 2342 1057 2382 non
1081 2327 1255 2381 aderit
1275 2329 1504 2399 integra.
1526 2329 1678 2383 Sicut
1698 2329 1840 2383 enim
1865 2343 2010 2393 cum,
2032 2328 2121 2398 qui

556 2419 625 2471 ad
655 2416 955 2471 doctrinam
981 2416 1279 2472 litterarum
1311 2418 1604 2484 inducitur,
1629 2419 1892 2474 elementa
1914 2427 2125 2489 oportet

551 2503 788 2574 primum
815 2504 1000 2558 audire
1037 2522 1050 2558 :
1080 2505 1159 2558 sic
1183 2514 1238 2560 et
1264 2505 1630 2562 Christianum
1666 2510 1782 2563 haec
1813 2510 1953 2563 scire
1983 2510 2124 2565 inte-

554 2607 673 2664 gre,
696 2601 750 2648 et
773 2593 907 2648 nihil
931 2595 1175 2649 dubitare
1207 2596 1271 2650 de
1297 2595 1434 2652 istis.
1464 2596 1522 2652 Si
1553 2606 1729 2653 autem
1758 2614 1892 2669 opus
1922 2599 2122 2655 habue-

550 2684 623 2737 rit
651 2674 845 2738 horum
883 2684 1154 2750 doctrina,
1202 2687 1431 2740 necdum
1484 2687 1889 2744 fundamentum
1938 2691 2118 2756 habet,

559 2774 764 2829 ﬁmium
804 2774 947 2828 enim
976 2783 1189 2844 oportet
1225 2785 1280 2831 et
1312 2776 1478 2831 ﬁxum
1519 2793 1638 2834 esse
1672 2787 1726 2834 et
1752 2789 1899 2836 stare
1933 2790 2120 2836 etnon

550 2865 854 2920 transferri.
886 2865 942 2920 Si
965 2875 1141 2922 autem
1167 2867 1453 2937 quisquam
1486 2871 1709 2926 verbum
1740 2872 1984 2927 veritatis
2021 2888 2118 2927 au-

549 2953 702 3019 divit,
727 2962 784 3010 ct
807 2954 1109 3024 baptizatus
1138 2965 1254 3022 est,
1291 2965 1486 3027 etpost
1515 2974 1686 3016 annos
1714 2947 1901 3016 decem
1928 2964 1994 3018 de
2019 2963 2122 3019 ﬁde

549 3045 743 3100 iterum
767 3045 952 3101 audire
970 3062 1103 3116 opus
1128 3047 1306 3113 habet,
1332 3049 1459 3118 quia
1481 3050 1701 3106 credere
1719 3061 1930 3122 oportet
1957 3056 2008 3108 in
2040 3071 2123 3110 re-

549 3135 882 3191 surrectione
904 3144 1236 3192 mortuorum
1247 3178 1262 3203 ,
1275 3141 1503 3194 necdum
1517 3140 1922 3198 fundamentum
1939 3145 2116 3212 habet,

549 3223 749 3280 iterum
799 3226 1012 3281 initium
1056 3225 1479 3286 Christianitatis
1533 3233 1772 3300 quaerit:
1806 3234 1932 3304 quia
1975 3237 2119 3290 enim

551 3314 687 3371 ﬁdes
709 3315 1116 3372 fundamentum
1139 3326 1223 3373 est
1239 3360 1254 3385 ,
1281 3331 1474 3376 caetera
1501 3337 1629 3378 vero
1653 3325 2122 3395 superaediﬁcatio-

543 3421 670 3473 nes,
706 3407 923 3462 adverte
944 3408 1118 3477 ipsum
1146 3409 1410 3466 dicentem
1439 3412 1491 3483 (I
1515 3412 1638 3468 Cor.
1661 3417 1744 3485 ιιι)
1770 3432 1784 3470 :
1812 3435 1831 3467 ι
1866 3416 1977 3486 Ego
2003 3417 2121 3473 fun-

551 3498 859 3552 damentum
888 3499 1060 3566 posui,
1083 3499 1221 3554 alius
1246 3503 1676 3570 supertediﬁcat:
1706 3507 1751 3561 si
1783 3508 1903 3576 quis
1931 3523 2118 3579 super-

551 3586 780 3642 aediﬁcat
807 3601 968 3668 super
988 3588 1392 3646 fundamentum
1411 3593 1530 3661 hoc,
1563 3611 1753 3650 aurum
1771 3637 1785 3663 ,
1814 3608 2116 3670 argentum,

537 3675 758 3744 lapides
783 3677 1070 3746 pretiosos,
1113 3679 1288 3750 ligna,
1320 3683 1536 3750 fenum,
1560 3684 1832 3755 stipulam,
1855 3697 1958 3744 etc.
1993 3710 2010 3742 ι
2043 3690 2120 3747 Ne

549 3764 762 3830 iterum,
813 3765 1000 3834 inquit,
1053 3765 1462 3826 fundamentum
1507 3776 1896 3833 constituentes
1939 3781 2116 3848 ιιωηί-

549 3856 731 3910 tentia:
757 3856 823 3911 ab
836 3857 1089 3926 operibus
1110 3861 1358 3916 mortuis.
1383 3861 1521 3929 Quid
1550 3873 1728 3921 autem
1754 3875 1838 3922 est
1859 3888 1876 3920 ι
1904 3869 1970 3924 ad
1995 3886 2117 3940 per-

547 3943 835 4000 fectionem
866 3945 1140 4001 feramur?
1185 3967 1203 4000 ι
1238 3950 1305 4004 ad
1327 3951 1499 4021 ipsum
1533 3961 1889 4024 transeamus,
1925 3961 2112 4030 inquit,

541 4035 654 4105 jam
683 4051 960 4103 cacumen,
1013 4039 1116 4094 hoc
1161 4049 1262 4106 est_
1284 4041 1452 4096 vitam
1503 4046 1762 4114 optimam
1799 4049 2112 4108 habeamus.

547 4125 697 4182 Sicut
731 4128 874 4182 enim
907 4129 961 4182 in
990 4128 1268 4186 elementis
1294 4133 1548 4190 universa
1579 4152 1714 4206 apex
1748 4141 1986 4209 primus,
2013 4144 2115 4199 hoc

545 4224 648 4281 est,
687 4215 843 4285 alpha
885 4217 1152 4282 continet,
1198 4226 1253 4272 et
1279 4219 1685 4278 fundamentum
1715 4228 2000 4283 aediﬁcium
2029 4240 2110 4286 to-

545 4315 660 4362 tum
682 4309 967 4378 icontinet;
1019 4310 1096 4364 sic
1137 4317 1192 4363 et
1239 4311 1363 4367 vitae
1421 4316 1735 4371 munditiam
1791 4320 2109 4388 satisfactio,

2225 521 2447 574 tentiam
2474 535 2726 590 purgare,
2752 530 2808 576 et
2831 521 2910 577 sic
2948 521 3200 577 accedere
3233 526 3298 582 ad
3323 526 3490 584 Deum.
3521 549 3537 583 ι
3564 534 3701 606 Βηιιῑ.

2221 618 2452 664 smatum
2473 612 2752 678 doctrinae,
2777 613 2872 678 ait,
2905 613 3262 684 impositionis
3286 632 3480 688 quoque
3505 639 3699 684 manuum

2221 709 2278 755 et
2308 701 2715 756 resurrectionis
2743 711 3075 758 mortuorum
3091 713 3145 759 et
3161 705 3344 774 iudicii
3369 712 3552 764 atterni.
3576 733 3591 766 ι
3617 715 3700 772 Non

2222 791 2366 844 enim
2398 789 2595 846 suﬁicit
2627 793 2944 860 pmnitentia
2981 796 3208 850 mundos
3227 795 3415 853 facere
3441 812 3700 871 peccatores,

2223 880 2326 934 nisi
2355 880 2634 936 confestim
2659 884 3031 952 baptizentur,
3061 885 3202 941 sicut
3230 887 3281 940 in
3315 889 3516 947 Actibus
3540 906 3698 963 aposto-

2222 971 2396 1026 lorum
2422 972 2639 1027 beatum
2667 973 2886 1028 Petrum
2919 977 3260 1045 respondisse
3280 978 3463 1046 legitur
3491 997 3504 1036 :
3533 1004 3548 1034 ι
3573 985 3702 1042 Poeni-

2224 1062 2445 1116 tentiam
2498 1063 2658 1134 agite,
2707 1063 2923 1130 fratres,
2963 1073 3020 1120 et
3074 1067 3374 1138 baptizetur
3413 1076 3704 1147 unusquisque

2222 1162 2460 1209 vestrum
2487 1154 2542 1208 in
2585 1155 2803 1211 nomine
2839 1156 2965 1211 Jesu
3000 1157 3136 1228 (Act.
3161 1156 3254 1230 tt);
3295 1179 3312 1210 ι
3348 1161 3464 1230 quia
3491 1167 3606 1232 quod
3635 1169 3704 1222 im-

2220 1245 2475 1314 possibile
2499 1257 2582 1301 est
2609 1248 2824 1317 operari
2865 1248 3138 1304 hominem
3166 1266 3263 1320 per
3298 1267 3372 1316 se,
3410 1253 3500 1309 hoc
3526 1271 3602 1325 per
3621 1275 3705 1328 gra-

2225 1332 2352 1387 tiam
2405 1333 2501 1388 Dei
2544 1335 2600 1388 in
2647 1335 2967 1404 baptismate
3007 1339 3253 1408 accipere
3298 1349 3477 1410 potest.
3509 1344 3620 1410 Quid
3651 1360 3707 1404 est

2223 1411 2379 1478 enim.
2399 1443 2417 1476 t
2450 1425 2831 1493 baptismatum
2860 1427 3141 1482 doctrina?
3169 1448 3188 1480 ι
3214 1429 3327 1484 Νοη
3356 1439 3581 1503 tanquam
3609 1439 3706 1490 mul-

2223 1523 2398 1569 torum
2429 1516 2813 1585 baptismatnm
2844 1518 3002 1574 debet
3035 1519 3282 1591 intelligi,
3305 1523 3395 1576 sed
3429 1525 3592 1592 unius;
3617 1531 3705 1598 quia

2223 1605 2361 1660 sicut
2398 1622 2502 1660 una
2543 1605 2676 1662 ﬁdes
2702 1616 2808 1672 est,
2852 1608 2927 1662 ita
2972 1625 3138 1664 unum
3170 1619 3224 1664 et
3257 1612 3502 1680 baptisma
3530 1617 3704 1672 estSed

2221 1712 2319 1767 pro
2353 1699 2618 1754 varietate
2651 1700 3028 1769 accipientium
3057 1703 3430 1773 baptismatum
3453 1708 3583 1764 dixit.
3602 1729 3616 1761 i
3636 1711 3704 1765 lm-

2148 1801 2196 1862 Β
2223 1789 2505 1859 positionis
2532 1805 2745 1860 quoque
2770 1807 3082 1859 manuum,»
3107 1810 3204 1864 per
3231 1812 3388 1866 quam
3408 1797 3606 1867 Spiritus
3625 1818 3707 1856 san-

2225 1888 2343 1936 ctus
2371 1881 2540 1951 accipi
2570 1889 2767 1952 potest.
2799 1883 3050 1938 Creditur
3074 1887 3219 1955 quod
3239 1898 3359 1957 post
3377 1889 3646 1959 baptismum
3660 1894 3705 1949 ad

2223 1970 2685 2026 conﬁrmationem
2712 1973 2936 2028 unitatis
2962 1973 3018 2028 in
3050 1975 3295 2032 Ecclesia
3317 1977 3503 2034 Christi
3533 1997 3558 2034 a
3578 1984 3704 2052 ponti-

2224 2060 2414 2116 ﬁcibus
2436 2060 2552 2115 ﬁeri
2582 2062 2736 2117 solet.
2766 2061 2861 2118 llis
2890 2063 3052 2134 igitur
3069 2065 3310 2136 perfecte
3327 2069 3382 2122 in
3400 2070 3602 2126 Ecclesia
3618 2089 3704 2142 per-

2223 2151 2411 2220 ceptis,
2460 2150 2591 2207 ﬁdes
2626 2155 3038 2210 resurrectionis
3064 2165 3120 2212 et
3135 2157 3324 2228 judicii
3347 2160 3499 2216 futuri
3526 2163 3705 2219 habenda

2223 2251 2326 2297 est.
2360 2243 2552 2298 Vivere
2572 2245 2769 2314 quippe
2809 2245 2948 2300 sicut
2982 2248 3184 2318 angeli,
3208 2258 3262 2304 et
3291 2250 3474 2306 nullius
3497 2268 3623 2325 egere
3642 2271 3705 2311 eo-

2223 2353 2340 2391 rum
2377 2351 2498 2405 qure
2542 2339 2595 2393 in
2639 2339 2742 2394 ista
2784 2341 2896 2394 vita
2943 2351 3100 2410 sunt,
3134 2344 3294 2414 hujus
3343 2345 3458 2399 vita:
3494 2347 3708 2416 promissio

2222 2424 2376 2480 nobis
2413 2426 2553 2481 facta
2595 2437 2677 2482 est
2705 2444 2803 2498 per
2841 2428 3100 2499 Spiritum
3141 2443 3383 2489 sanctum
3411 2453 3424 2488 :
3452 2434 3622 2491 fructus
3639 2451 3705 2492 au-

2225 2523 2328 2569 tem
2350 2517 2510 2586 hujus
2530 2519 2928 2586 promissionis,
2947 2520 3187 2590 ejusdem
3214 2528 3484 2594 praesentia
3507 2528 3605 2582 vita:
3626 2537 3706 2590 est;

2220 2620 2340 2674 quae
2369 2606 2496 2672 duo,
2548 2606 2600 2660 id
2641 2617 2727 2662 est
2767 2608 2898 2665 ﬁdes
2926 2618 2981 2665 et
2998 2610 3290 2681 judicium,
3317 2617 3471 2672 semel
3505 2617 3707 2689 baptizato

2221 2702 2448 2759 restant,
2473 2709 2577 2749 non
2600 2695 2793 2752 iterum
2817 2699 3101 2769 baptizari.
3121 2703 3199 2775 (Ι.
3217 2703 3420 2778 Chrys.)
3441 2708 3556 2775 Quid
3577 2720 3706 2766 autem

2219 2783 2604 2854 baptismatum
2627 2787 2905 2868 doctrina?
2932 2807 3040 2846 non
3075 2800 3330 2864 tanquam
3365 2799 3608 2856 multorum
3638 2803 3704 2856 ba-

2218 2875 2553 2944 ptismatum,
2581 2878 2675 2934 sed
2714 2879 2890 2935 unius.
2923 2881 3099 2948 Quare
3123 2900 3256 2956 ergo
3279 2887 3460 2957 plurali
3479 2891 3566 2946 hoc
3585 2892 3707 2946 dixit?

2220 2964 2454 3021 Dicendo
2500 2968 2667 3033 enim,
2723 2989 2742 3020 ς
2793 2985 2861 3025 ne
2902 2971 3096 3027 iterum
3141 2975 3524 3034 fundamentum
3561 2982 3704 3035 consti-

2220 3060 2432 3110 tuentes
2449 3057 2800 3126 pmnitentize,
2836 3079 2854 3111 ι
2889 3076 3023 3131 opus
3048 3063 3240 3120 habuit
3273 3068 3425 3123 etiam
3459 3071 3546 3126 hoc
3562 3072 3704 3136 dicere,

2147 3149 2191 3210 C
2222 3144 2388 3200 veluti
2423 3161 2558 3215 opus
2599 3148 2917 3212 habentibus
2951 3151 3150 3209 iterum
3191 3156 3445 3228 baptizari
3489 3171 3534 3217 et
3566 3163 3704 3218 iterum

2221 3239 2566 3305 catechizari,
2597 3250 2652 3297 et
2682 3243 2877 3299 iterum
2907 3255 3031 3315 post
3058 3247 3387 3319 baptismum
3416 3255 3593 3322 doceri,
3616 3259 3703 3326 quid

2219 3343 2378 3400 agere
2405 3331 2699 3398 deberent,
2737 3336 2864 3404 quid
2899 3352 3003 3392 non
3033 3340 3319 3399 deberent.
3349 3345 3600 3417 Propterea
3618 3363 3705 3402 vero

2217 3419 2498 3488 pluraliter.
2520 3423 2677 3490 dixit,
2704 3426 2890 3482 volens
2913 3427 2992 3484 eis
3015 3429 3342 3502 signiﬁcare,
3369 3437 3482 3506 quia
3508 3439 3545 3493 si
3566 3439 3704 3494 itenun

2220 3522 2355 3580 Opus
2393 3509 2656 3566 haberent
2677 3516 2946 3582 mundari,
2972 3518 3365 3594 ineorrigibiles
3386 3537 3702 3596 permanerent.

2225 3621 2243 3654 ι
2279 3603 2347 3657 Ει
2374 3605 2753 3674 impositionis,
2784 3609 2976 3679 inquit,
2993 3628 3273 3672 manuum.
3304 3638 3322 3671 ι
3346 3619 3429 3675 Sic
3450 3622 3704 3692 quippesan-

2217 3703 2362 3750 ctum
2397 3697 2656 3767 Spiritum
2683 3702 3082 3772 accipiebant...
3119 3708 3454 3779 imponentcs
3483 3715 3549 3769 eis
3580 3715 3704 3783 palam

2217 3802 2426 3844 manus.
2451 3809 2468 3840 ι
2492 3789 3147 3869 Resurrectionisquoque
3161 3805 3594 3870 mortuorum,hoc
3605 3804 3704 3859 enim

2218 3880 2274 3934 in
2303 3882 2628 3951 baptismate
2667 3887 2729 3939 ﬁt
2751 3927 2766 3952 ,
2812 3896 2866 3941 et
2895 3889 2950 3943 in
2981 3894 3324 3951 confessione
3359 3897 3586 3951 ﬁrmatur.
3620 3896 3704 3949 «Et

2208 3971 2398 4040 iudicii
2429 3977 2637 4032 aeterni.
2677 3998 2696 4030 ι
2739 3981 2915 4044 Quare
2949 3992 3130 4040 autem
3186 3989 3291 4044 hoc
3339 3991 3493 4045 dixit?
3516 3990 3702 4060 quoniam

2214 4064 2459 4123 fortassis
2487 4076 2713 4138 possent
2734 4074 2938 4128 moveri
2961 4074 3073 4143 jam
3097 4081 3404 4146 credentes,
3432 4082 3505 4138 vel
3527 4083 3634 4136 male
3651 4081 3703 4134 vi-

2215 4169 2339 4211 vere
2368 4164 2419 4212 et
2459 4159 2811 4229 negligenter,
2837 4163 2988 4230 dicit,
3020 4167 3290 4238 evigilate.
3323 4170 3432 4227 Non
3467 4171 3699 4227 estdicere.

2215 4245 2315 4312 Qui
2359 4248 2690 4319 negligenter
2715 4251 2958 4310 vivamus
3001 4255 3197 4312 iterum
3225 4261 3608 4330 baptizabimur,
3635 4261 3702 4313 ite-

2214 4353 2332 4392 rum
2377 4339 2862 4410 atechizabimur,
2913 4345 3110 4403 iterum
3155 4354 3471 4421 accipiemus
3506 4353 3699 4423 Spiritum

542 4414 665 4470 (11133
703 4407 786 4454 est
823 4400 964 4512 ἀπ’ξὲ
997 4400 1181 4466 ﬁdem.
1213 4405 1452 4460 οοηιίηει
1485 4425 1497 4460 ε
1534 4409 1650 4463 Sine
1679 4410 1782 4465 ista
1819 4413 1962 4468 enim
2003 4431 2110 4471 non
2135 4494 2184 4512 ἢ
2212 4437 2474 4484 sanctum.
2509 4430 2567 4485 Si
2605 4434 2747 4488 enim
2783 4400 2926 4491 nunc
2964 4455 2996 4492 a
3025 4439 3130 4495 ﬁde
3157 4400 3516 4512 deciderimus,
3540 4400 3698 4499 riterum

542 4501 720 4563 potest
745 4507 862 4548 esse
900 4494 1258 4562 Christianus,
1287 4497 1442 4552 sicuti
1483 4513 1582 4554 nec
1602 4501 1717 4556 sine
1760 4501 2109 4563 fundamento
2135 4494 2186 4552 D

541 4584 1026 4654 :ediﬁcium,neque
1040 4585 1156 4640 sine
1169 4587 1448 4643 elementis
1462 4591 1664 4658 peritus
1677 4591 1975 4648 litterarum
1993 4595 2108 4650 ﬁeri

539 4683 736 4746 potest,
763 4679 856 4733 sed
887 4680 932 4733 si
965 4693 1180 4749 semper
1207 4680 1490 4750 quisquam
1515 4682 1660 4737 circa
1694 4683 1956 4741 elementa
1979 4704 2110 4744 con-

539 4776 784 4822 versetur
811 4777 866 4824 et
895 4784 1001 4825 non
1027 4771 1170 4826 circa
1199 4771 1484 4827 aediﬁcium
1503 4813 1517 4839 ,
1552 4791 1822 4846 nunquam
1851 4777 1926 4832 illi
1955 4781 2107 4850 quid-

537 4871 700 4926 quam
740 4860 968 4929 amplius
1007 4863 1129 4918 erit.
1165 4864 1243 4919 Tn
1285 4874 1465 4920 autem
1505 4881 1576 4922 ne
1603 4877 1758 4937 putes
1787 4870 2105 4929 diminutam

536 4960 656 5003 esse
683 4947 842 5003 ﬁdem
870 4961 1089 5020 propter
1108 4956 1249 5026 quod
1281 4956 1604 5012 elementum
1633 4969 1820 5014 vocata
1848 4971 1946 5016 est.
1978 4961 2103 5018 Om-

533 5034 622 5091 nis
646 5037 790 5091 enim
811 5039 980 5096 virtus
1002 5042 1113 5112 ipsa
1139 5054 1238 5099 est.
1267 5045 1430 5117 (Alb.)
1453 5047 1756 5103 Perfectum
1778 5050 1922 5104 enim
1951 5052 2100 5108 illum

533 5140 808 5193 vocamus,
841 5130 933 5199 qui
965 5145 1086 5187 cum
1121 5134 1225 5190 ﬁdc
1253 5136 1419 5190 vitam
1454 5138 1618 5192 habet
1652 5146 1852 5193 rectam
1888 5155 1901 5194 :
1929 5142 1975 5196 si
2001 5158 2098 5196 au-

535 5230 641 5273 tem
700 5219 889 5275 horum
945 5227 1389 5295 unumquodlibet
1431 5228 1620 5293 deerit,
1676 5229 1946 5298 perfectus
1992 5249 2098 5289 non

530 5313 634 5368 erit
668 5331 680 5367 :
717 5313 762 5369 si
789 5331 916 5370 vero
950 5319 1108 5373 ambo
1131 5321 1341 5383 desunt,
1368 5318 1564 5373 merito
1587 5320 1843 5389 parvulus
1867 5323 1969 5378 dici
2004 5340 2099 5394 po-

531 5412 664 5470 test;
688 5415 740 5459 et
769 5407 923 5477 quasi
951 5407 1128 5463 infans
1149 5409 1364 5473 litteris,
1382 5409 1460 5463 sic
1481 5410 1645 5465 etiam
1672 5413 1773 5468 iste
1799 5415 1852 5468 in
1877 5414 1979 5470 ﬁde
2003 5417 2102 5472 ite-

531 5510 650 5548 rum
671 5495 994 5552 erudiendus
1016 5505 1119 5552 est.
1152 5496 1408 5552 Latenter
1434 5507 1614 5554 autem
1638 5500 1809 5573 legem
1826 5503 2100 5561 inﬁrmare

529 5588 670 5655 vult,
703 5598 758 5644 et
782 5591 850 5645 ad
877 5591 1107 5661 gratiam
1131 5591 1331 5647 Christi
1361 5607 1487 5648 suos
1523 5610 1776 5651 revocare
1802 5599 2094 5655 auditores.

531 5680 630 5746 Qui
659 5691 836 5738 autem
863 5684 929 5739 ad
956 5683 1205 5740 virtutem
1237 5686 1410 5743 iturus
1439 5697 1542 5756 cst,
1570 5691 1804 5761 primum
1831 5695 2092 5751 malitiam

2210 4521 2504 4588 poterimus
2523 4522 2804 4594 baptizati,
2822 4538 3042 4596 peccata
3072 4531 3313 4600 abluere,
3343 4545 3395 4591 et
3419 4537 3580 4591 eadem
3601 4535 3699 4587 bona

2211 4610 2505 4680 percipere,
2537 4629 2656 4682 qua:
2679 4617 2854 4684 primo
2891 4633 3312 4690 acceperamus:
3338 4628 3534 4690 erratis,
3557 4625 3699 4693 inquit,

2209 4700 2315 4754 ista
2352 4711 2622 4770 putantes.
2655 4725 2674 4756 ι
2711 4706 2779 4760 Ει
2812 4708 2915 4763 hoc
2941 4709 3218 4781 faciemus,
3252 4717 3297 4770 si
3329 4718 3524 4787 quidem
3555 4713 3700 4784 ρει-ιιιί-

2208 4793 2339 4847 serit
2375 4794 2534 4850 Deus.
2574 4815 2592 4848 ι
2622 4795 2788 4869 (Αιῡ.)
2818 4799 2874 4854 In
2903 4802 3004 4858 hac
3026 4805 3224 4876 quippe
3238 4807 3341 4864 ﬁde
3360 4806 3646 4878 baptismatis
3666 4810 3703 4856 et

2205 4887 2632 4952 resurrectionis,
2660 4897 2715 4944 et
2723 4889 2912 4958 judicii
2937 4893 3101 4950 futuri
3127 4911 3244 4964 vos,
3269 4899 3376 4954 Deo
3404 4899 3698 4968 permittente.

2207 4975 2436 5046 pleniter
2479 4979 2814 5037 instruimus.
2842 4983 2920 5040 Ne
2956 5002 3086 5042 vero
3119 4990 3383 5047 ullatenus
3418 4992 3524 5060 quis
3558 5001 3699 5044 secun-

2205 5067 2331 5122 dum
2363 5068 2446 5124 vel
2475 5070 2694 5125 tertium
2732 5073 3027 5128 aestimaret
3069 5087 3189 5146 post
3214 5089 3428 5148 peccata
3455 5092 3589 5148 posse
3614 5071 3697 5128 ﬁeri

2203 5157 2490 5228 baptisma,
2516 5175 2642 5214 mox
2671 5163 2967 5232 subiunxit,
2993 5165 3174 5221 dicens
3205 5185 3219 5221 :

2279 5267 2296 5298 ι
2333 5249 2663 5317 lmpossibile
2715 5261 2799 5308 est
2862 5255 3006 5310 enim
3077 5273 3169 5313 eos
3233 5261 3324 5328 qui
3398 5258 3544 5314 semel
3608 5259 3698 5308 sunt

2209 5361 2228 5392 ‹
2265 5340 2566 5407 illuminati,
2615 5354 2961 5413 gustaverunt
3005 5349 3169 5404 etiam
3205 5351 3400 5406 donum
3430 5349 3635 5409 celeste,
3658 5349 3696 5395 cl

2207 5449 2225 5481 ι
2268 5417 2559 5500 participes
2591 5441 2715 5486 sunt
2761 5433 2887 5490 facti
2927 5436 3160 5505 Spiritus
3186 5441 3374 5504 sancti,
3413 5436 3696 5509 gustaverunl

2205 5539 2224 5572 ι
2270 5522 2619 5579 nihilominus
2658 5524 2858 5580 bonum
2889 5526 2986 5582 Dei
3023 5531 3266 5594 verbum,
3299 5531 3594 5596 virtutesque
3622 5533 3695 5574 Si!"

2203 5629 2223 5662 ε
2264 5613 2370 5670 culi
2398 5615 2630 5682 venturi,
2662 5624 2716 5671 et
2744 5617 2879 5688 lapsi
2905 5629 3054 5686 sunt,
3073 5621 3316 5676 renovari
3342 5633 3513 5674 rursus
3538 5615 3592 5668 ad
3608 5623 3695 5681 pa:-

2201 5723 2218 5756 ι
2266 5705 2568 5774 nitentiam,
2609 5723 2823 5765 rursum
2864 5711 3234 5784 cruciﬁgenles
3277 5707 3590 5777 sibimetipsis
3627 5697 3691 5755 Fi‘
