3992 6338
255 408 360 464 749

714 401 1257 462 ENA‘RRATIONUM
1293 401 1360 456 IN
1398 400 1543 456 EPP.
1583 400 1786 456 PAULI
1822 400 1946 454 LIB.
1991 400 2198 454 XXVII.
2247 430 2308 440 —
2347 399 2410 453 IN
2449 400 2662 455 EPIST.
2703 400 2791 454 AD
2828 400 3030 454 HEBR.

3393 405 3495 460 750

258 541 280 575 ι
327 521 461 575 lium
492 519 610 586 Det,
651 527 705 573 et
742 520 974 574 ostentui
1002 518 1281 573 habentes.
1314 539 1332 569 ι
1365 517 1693 588 lmpossibile
1723 525 1826 583 est,
1855 520 1907 579 Α
1932 515 2110 571 facere
2150 517 2497 586 ptenitentiae,
2554 526 2816 586 quatenus
2856 516 3158 572 nullatenus
3204 519 3259 572 in
3309 523 3494 576 eadem

253 611 456 681 inquit,
489 626 594 664 non
613 609 842 664 dillicile.
866 609 1199 680 lmpossibile
1227 608 1534 677 est,inquit.
1560 607 1616 661 ln
1643 608 1828 677 despe-

251 702 529 756 rationem
568 715 660 755 eos
689 699 837 754 misit
883 702 1118 754 secundo
1159 699 1417 768 baptizari
1457 712 1611 767 posse
1651 713 1664 749 :
1703 698 1828 766 quia

251 789 590 861 impossibile
649 796 732 844 est
785 790 927 858 quod
981 788 1096 842 ﬁeri
1151 805 1256 844 non
1316 796 1494 857 potest
1545 805 1558 841 :
1619 786 1830 842 diﬁicilc

249 896 390 936 vero
429 881 591 951 quod,
641 880 886 950 quamvis
924 895 1046 934 cum
1081 880 1303 944 labore,
1345 879 1460 932 ﬁeri
1511 885 1690 932 tamen
1735 894 1829 947 po-

253 982 391 1029 test.
429 973 487 1028 Si
519 973 720 1036 semel,
755 972 965 1042 inquit,
1008 971 1291 1026 illuminati
1319 970 1451 1025 estis
1473 985 1571 1040 per
1596 970 1826 1041 gratiam

251 1063 435 1118 sancti
479 1062 740 1131 Spiritus,
793 1070 848 1115 et
884 1062 1136 1132 gustastis
1183 1063 1381 1117 donum
1433 1061 1672 1126 cmleste,
1727 1061 1830 1115 hoc

251 1163 363 1219 est,
416 1153 784 1208 remissionem
827 1161 1173 1221 peccatorum
1203 1153 1503 1222 accepistis,
1559 1161 1616 1207 et
1664 1151 1832 1222 parti-

252 1246 407 1316 cipes
448 1243 575 1298 facti
625 1243 756 1297 estis
814 1242 1045 1312 Spiritus
1098 1244 1292 1308 sancti,
1344 1243 1394 1298 in
1455 1243 1830 1298 distributione

253 1335 523 1389 donorum
579 1333 697 1398 Dei,
743 1348 860 1402 qua:
913 1333 967 1386 in
1015 1331 1250 1402 Epistola
1303 1333 1371 1387 ad
1411 1331 1718 1387 Corinthios
1767 1331 1826 1386 Β.

253 1425 458 1480 Paulus
488 1433 802 1490 enumerat;
836 1434 890 1479 et
917 1426 1113 1480 bonum
1150 1425 1400 1495 gestastis
1454 1425 1676 1480 verbum
1712 1407 1826 1489 Dci,

253 1517 350 1571 hic
379 1517 675 1571 doctrinam
725 1515 853 1570 dicit
907 1515 1303 1586 Evangelicam,
1351 1524 1405 1569 et
1429 1516 1655 1571 virtutes
1701 1531 1830 1569 ven-

255 1608 369 1662 turi
425 1607 602 1662 szeculi
643 1608 987 1678 cognovistis.
1059 1607 1187 1674 Qua:
1235 1616 1318 1662 est
1369 1608 1622 1662 revelatio
1665 1607 1828 1662 futuri

254 1697 466 1763 saeculi,
517 1697 618 1751 nisi
651 1698 975 1770 resurrectio
1021 1707 1076 1752 et
1128 1699 1236 1752 vita
1275 1698 1430 1752 beata
1479 1714 1598 1768 qua:
1627 1700 1829 1753 sanctis

254 1789 635 1858 promittitur?
674 1788 799 1843 Haec
831 1791 1085 1844 omniain
1107 1790 1350 1845 doctrina
1391 1791 1532 1854 ﬁdei,
1576 1791 1627 1844 in
1655 1791 1828 1861 gratia

1931 608 2123 662 iterum
2162 616 2376 662 corruat
2402 618 2640 677 peccata.
2706 608 2904 662 Deinde
2935 608 3115 664 multis
3143 610 3500 690 elcemosynis

1930 697 2190 752 redimere
2219 713 2275 752 se
2306 698 2542 767 incipiat,
2589 698 2680 767 qui
2709 698 2886 751 SIBCUli
2929 699 3126 754 habeat
3148 708 3497 772 potestatem,

1930 788 2069 843 sicut
2095 789 2352 857 scriptum
2377 797 2496 842 cst:
2537 807 2554 839 ι
2599 788 2806 842 Divitia:
2827 788 2928 842 viri
2977 787 3273 860 redemptio
3303 792 3495 851 animo:

1929 876 2072 930 illius
2103 875 2284 944 (Prov.
2327 876 2469 946 xm).
2507 896 2526 930 ι
2575 876 2856 932 Postremo
2879 893 3014 948 opus
3036 887 3120 933 est
3157 880 3284 934 nulli
3314 881 3500 949 irasci,

1932 983 2105 1037 neque
2145 967 2341 1021 malum
2369 983 2466 1037 pro
2494 968 2635 1022 malo
2674 969 2923 1033 reddere,
2953 970 3205 1026 omnibus
3226 971 3494 1025 dimittere

1929 1059 2272 1128 peccantibus
2321 1059 2372 1113 in
2401 1076 2479 1124 se,
2525 1061 2735 1115 dicente
2767 1061 2880 1130 ipsa
2921 1061 3158 1120 Veritate
3191 1082 3202 1117 :
3239 1083 3257 1115 r
3304 1058 3499 1113 Dimit-

1930 1152 2044 1217 tite,
2074 1160 2127 1206 et
2154 1152 2452 1206 dimittetur
2479 1153 2632 1207 vobis
2663 1152 2877 1222 (Matth.
2938 1156 3034 1226 vt).
3077 1176 3094 1207 ι

2005 1259 2024 1292 ι
2069 1241 2233 1296 Terra
2282 1242 2426 1298 enim
2479 1258 2618 1312 smpe
2661 1245 2962 1299 venientem
3003 1261 3165 1316 super
3205 1263 3263 1303 se
3311 1248 3502 1305 bibens

1936 1351 1954 1382 ι
2000 1331 2245 1396 imbrem,
2291 1340 2346 1386 et
2385 1333 2692 1402 germinans
2737 1335 2954 1390 herbam
2986 1351 3340 1408 opportunam
3391 1343 3495 1406 his,

1935 1442 1954 1476 ι
2001 1439 2031 1478 a
2068 1423 2266 1493 quibus
2303 1424 2514 1490 colitur,
2566 1426 2771 1496 accepit
2813 1428 3236 1486 benedictionem
3279 1450 3309 1487 a
3354 1432 3498 1500 Deo;

1935 1533 1972 1590 ι.
1998 1513 2277 1583 proferens
2326 1526 2506 1568 autem
2552 1517 2736 1586 spinas
2785 1533 2848 1571 ac
2880 1519 3100 1575 tribulos
3131 1524 3356 1592 reproba
3395 1533 3499 1589 est,

1937 1621 1954 1654 ι
1999 1614 2053 1658 ct
2078 1604 2360 1659 maledicto
2390 1606 2650 1675 proxima,
2679 1607 2830 1676 cujus
2859 1613 3247 1666 consummatio
3277 1613 3329 1667 in
3359 1628 3508 1669 com-

1936 1710 1956 1742 ι
2000 1694 2320 1748 bustionem.
2358 1713 2376 1744 ι
2409 1694 2481 1764 (J.
2507 1691 2716 1764 Chrys.)
2745 1696 2876 1751 Cum
2903 1699 3093 1754 timore
3114 1710 3288 1756 autem
3320 1704 3505 1758 audia-
3605 1735 3618 1746 -

1931 1796 2052 1834 mus
2083 1797 2360 1836 sermones
2402 1782 2515 1836 Dei.
2544 1781 2659 1837 Non
2687 1793 2812 1838 sunt
2845 1785 2926 1839 lue
2981 1787 3138 1843 mina:
3163 1789 3312 1844 Pauli
3339 1808 3353 1857 ;
3400 1808 3506 1848 non

257 1879 356 1932 Dei
407 1894 501 1948 per
523 1879 849 1948 baptismum
887 1880 1172 1934 illuminati
1222 1882 1507 1950 accepistis
1554 1890 1827 1952 ctcogno-
1861 1870 1905 1928 Β
1935 1879 2056 1926 sunt
2115 1873 2350 1927 hominis
2388 1873 2576 1939 verba,
2636 1878 2798 1930 verba
2847 1875 3079 1946 Spiritus
3143 1884 3313 1938 sancti
3358 1893 3506 1950 sunt,

253 1968 436 2022 vistis.
483 1967 684 2022 Scitote
728 1969 1046 2035 certissime,
1091 1969 1135 2024 si
1166 1971 1217 2024 in
1241 1971 1476 2041 peccatis
1505 1972 1699 2026 iterum
1746 1988 1835 2026 ca-

252 2056 421 2122 detis,
474 2056 804 2126 impossibile
830 2073 949 2113 essc
983 2075 1078 2114 vos
1110 2062 1353 2115 renovari
1385 2062 1578 2116 iterum
1607 2063 1674 2117 ad
1709 2077 1828 2133 pte-

253 2148 565 2212 nitentiam,
614 2149 717 2203 hoc
754 2157 854 2216 est,
898 2166 995 2220 per
1035 2153 1406 2220 paenitentiam
1477 2153 1614 2221 Quid
1665 2155 1836 2225 ergo?

255 2239 492 2294 Exclusa
524 2249 608 2294 est
641 2240 951 2309 paenitentia
979 2252 1098 2311 post
1122 2243 1488 2311 baptismum?
1534 2244 1717 2310 Absit;
1742 2245 1835 2301 sed

256 2331 540 2385 renovatio
585 2346 683 2401 per
730 2331 871 2386 sacri
924 2331 1236 2400 baptimatis
1280 2333 1554 2388 lavacrum
1600 2335 1836 2390 secunda

253 2424 382 2475 vice
405 2421 518 2476 ﬁeri
545 2437 650 2476 non
673 2431 882 2492 potest:
909 2424 1174 2488 renovari,
1201 2424 1356 2490 dixit,
1383 2424 1483 2481 hoc
1508 2432 1609 2489 est,
1639 2441 1836 2480 novum

254 2513 402 2568 fieri.
457 2511 662 2568 Novum
708 2514 904 2583 quippe
925 2513 1102 2569 facere
1149 2515 1417 2570 hominem
1465 2515 1605 2570 sacri
1659 2515 1834 2585 bapti-

255 2604 454 2658 smatis
473 2613 575 2667 est,
601 2604 665 2657 de
690 2619 797 2673 quo
826 2603 1093 2675 Propheta
1115 2605 1190 2658 ait
1214 2622 1228 2659 :
1266 2623 1284 2656 ι
1329 2604 1696 2660 Renovabitur
1738 2606 1837 2661 sic-

191 2739 202 2748 .
251 2704 320 2747 ut
357 2693 549 2763 aquila:
577 2694 828 2763 juventus
879 2705 969 2748 tua
1019 2692 1330 2766 (Psal.cn).
1375 2715 1394 2746 ι
1454 2694 1617 2765 Cujus
1643 2695 1834 2761 virtus,

256 2785 443 2850 idest,
466 2784 801 2854 baptismatis
825 2784 985 2849 sacri,
1012 2784 1066 2838 in
1085 2799 1243 2838 cruce
1263 2793 1317 2838 et
1341 2783 1612 2853 sepultura
1637 2783 1837 2839 Christi

256 2883 496 2931 constat.
549 2875 780 2930 Proinde
818 2876 1128 2947 subjunxit:
1185 2894 1204 2928 ‹
1248 2875 1484 2930 Rursum
1521 2875 1838 2946 cruciﬁgen-

257 2977 344 3022 tes
377 2967 725 3036 sibimetipsis
761 2965 952 3020 Filium
989 2966 1106 3030 Dei,
1137 2974 1192 3020 et
1213 2966 1445 3020 ostentui
1473 2965 1771 3031 habentes;
1810 2983 1836 3016 ν

258 3059 370 3112 hoc
405 3067 528 3111 est:
561 3075 580 3106 ‹
616 3055 782 3111 Vetus
814 3057 976 3110 homo
1011 3064 1196 3110 noster
1239 3055 1400 3110 simul
1434 3054 1725 3111 cruciﬁxus
1755 3062 1838 3110 est

256 3165 390 3204 cum
417 3148 631 3204 Christo
661 3145 834 3220 (Rom.
866 3147 964 3217 γι).
996 3167 1014 3201 ι
1047 3147 1199 3203 Sicut
1224 3147 1328 3202 alio
1347 3148 1466 3203 loco
1489 3148 1566 3202 ait
1592 3166 1604 3201 :
1641 3145 1668 3198 «
1692 3147 1834 3203 Con—

259 3237 469 3291 formes
492 3236 636 3290 enim
659 3235 784 3291 facti
819 3251 1003 3292 sumus
1025 3237 1215 3291 mortis
1235 3237 1380 3306 ejus;
1437 3240 1477 3289 r'
1510 3245 1564 3291 et
1597 3237 1794 3292 iterum
1819 3277 1833 3290 .

265 3349 286 3380 ε
335 3329 646 3400 Consepulti
677 3330 821 3384 enim
849 3330 980 3384 estis
1023 3331 1072 3385 ei
1115 3345 1210 3399 per
1238 3329 1563 3402 baptismum
1618 3331 1673 3385 in
1702 3345 1843 3385 mor-

258 3427 316 3473 te
375 3417 712 3490 (601033.11).
771 3438 789 3470 ι
844 3418 996 3473 Sicut
1033 3419 1177 3473 enim
1231 3419 1564 3488 impossibile
1611 3427 1694 3474 est
1752 3433 1842 3474 se-

259 3512 443 3566 cundo
492 3511 732 3582 cruciﬁgi
780 3509 1074 3576 Christum,
1127 3511 1230 3565 hoc
1292 3519 1377 3564 est
1439 3508 1672 3564 ostentui
1717 3523 1842 3564 eum

262 3605 487 3658 habere.
542 3603 642 3670 Qui
666 3603 902 3658 secundo
945 3619 1003 3658 se
1035 3602 1294 3672 baptizari
1345 3615 1502 3671 posse
1545 3607 1717 3671 putat,
1754 3615 1841 3656 se-

260 3693 444 3749 cundo
495 3693 769 3748 Christum
805 3693 1119 3764 cruciﬁgere
1154 3693 1347 3763 quzerit
1399 3709 1412 3746 :
1455 3693 1546 3761 qui
1582 3693 1628 3747 si
1661 3692 1841 3746 cruci-

263 3784 408 3838 lixus
435 3790 536 3847 est,
556 3791 610 3836 et
633 3792 897 3846 mortuus,
927 3794 980 3836 et
1003 3783 1172 3835 victor
1201 3781 1390 3835 mortis
1415 3781 1732 3845 resurrexit,
1764 3789 1846 3834 at-

260 3889 372 3942 que
417 3887 538 3926 eum
581 3872 850 3942 triumpho
875 3879 929 3924 et
955 3870 1125 3941 gloria
1157 3869 1321 3924 caelos
1359 3870 1617 3924 ascendit.
1655 3889 1672 3919 ι
1695 3868 1846 3925 Sicut

261 3967 412 4020 enim
443 3964 609 4020 semel
638 3963 884 4019 Christus
907 3971 1152 4018 mortuus
1175 3970 1258 4017 est
1284 3976 1446 4016 carne
1478 3962 1532 4015 in
1559 3976 1740 4026 cruce,
1766 3960 1846 4015 sic

264 4074 366 4113 nos
403 4055 567 4112 semel
613 4057 874 4111 morimur
918 4056 970 4109 in
997 4054 1348 4122 baptismate;
1396 4068 1501 4108 non
1539 4067 1720 4116 carne,
1751 4053 1847 4108 sed

259 4154 510 4217 peccato.
539 4165 558 4198 ι
592 4145 765 4214 Atque
793 4145 924 4200 sicut
967 4144 1056 4198 ille
1084 4144 1278 4198 iterum
1314 4142 1452 4196 mori
1489 4157 1593 4196 non
1625 4142 1846 4212 poterit,

1935 1961 2132 2016 Christi
2156 1972 2279 2016 sunt
2311 1963 2580 2034 loquentis
2617 1965 2669 2018 in
2693 1965 2878 2021 Paulo.
2911 1967 3383 2039 Comparationem
3416 1975 3504 2029 hic

1937 2050 2062 2106 fecit
2088 2054 2163 2107 'de
2188 2053 2500 2122 proﬁciente
2527 2055 2704 2108 anima
2735 2056 2790 2110 in
2817 2056 3058 2113 doctrina
3084 2061 3202 2126 Dei,
3252 2072 3307 2118 et
3341 2063 3507 2134 negli-

1935 2141 2078 2212 genti
2109 2141 2333 2196 salutem
2366 2158 2536 2198 suam.
2563 2142 2872 2200 Fructiferzc
2901 2155 3056 2202 terra:
3093 2152 3511 2222 caelestibusque

1936 2230 2195 2286 imbribus
2217 2231 2450 2303 irrigata:
2478 2235 2780 2305 adaequavit
2807 2237 3174 2307 proﬁcientem
3198 2244 3430 2301 animam
3454 2247 3509 2302 in

1934 2321 2154 2378 ﬂoribus
2220 2333 2526 2380 sanctorum
2573 2329 2906 2398 germinum,
2964 2332 3195 2389 dicens:
3266 2355 3285 2388 ‹
3338 2337 3506 2393 Terra

1933 2414 2078 2468 enim
2100 2430 2240 2484 szepe
2276 2416 2582 2472 venientem
2628 2434 2790 2489 super
2836 2436 2896 2476 se
2950 2421 3176 2480 imbrem
3223 2428 3432 2485 bibens.
3483 2451 3502 2484 ι

1935 2503 2036 2559 Hic
2079 2505 2318 2562 declarat
2341 2507 2486 2577 quod
2520 2508 2575 2562 hi
2616 2510 2681 2564 ad
2724 2525 2860 2580 quos
2903 2511 3020 2583 ejus
3054 2530 3232 2571 sermo
3269 2518 3388 2586 fuit,
3420 2535 3510 2575 su-

1935 2607 2219 2668 sceperunt
2244 2607 2298 2654 et
2319 2600 2694 2658 combiberunt
2716 2605 2934 2660 verbum
2965 2607 3204 2665 caelestis
3228 2611 3506 2681 doctrinm,

1934 2698 1989 2745 et
2011 2691 2204 2760 saepius
2216 2707 2314 2761 per
2334 2692 2522 2762 legem,
2538 2708 2637 2762 per
2653 2697 2940 2765 prophetas
2964 2712 3338 2770 perceperunt,
3365 2713 3419 2759 et
3446 2721 3516 2760 ne

1937 2781 2016 2836 sic
2051 2783 2285 2852 prompti
2324 2782 2449 2838 facti
2475 2793 2599 2838 sunt
2628 2787 2870 2856 germina
2892 2788 3012 2844 ﬁdei
3033 2791 3296 2859 proferre.
3322 2795 3514 2850 Adhuc

1937 2873 2142 2928 addidit
2172 2873 2238 2928 de
2265 2873 2403 2928 bona
2435 2883 2600 2940 terra,
2652 2876 2705 2930 in
2729 2892 2888 2946 quam
2913 2880 3108 2934 cecidit
3135 2896 3317 2937 semen
3361 2885 3510 2939 verbi

1937 2964 2052 3031 Dei,
2083 2983 2101 3015 ι
2121 2965 2446 3035 germinans,
2469 2966 2559 3029 ait,
2595 2967 2815 3021 herbam
2839 2979 3213 3040 opportunam.
3229 2995 3246 3025 ι
3269 2973 3411 3029 Nihil
3437 2976 3514 3031 sic

1937 3064 2296 3126 opportunum
2328 3057 2467 3112 sicut
2494 3057 2626 3112 ﬁdes
2655 3059 2708 3112 in
2729 3059 2923 3114 Filium
2954 3061 3046 3117 Dei
3077 3072 3131 3118 et
3149 3066 3258 3118 vita
3288 3067 3510 3136 Optima.

1938 3145 2065 3201 Haec
2094 3161 2224 3202 vero
2281 3147 2404 3202 talis
2437 3155 2578 3203 terra
2619 3150 2814 3220 accipit
2849 3150 3276 3210 benedictionem
3319 3172 3349 3210 a
3380 3158 3508 3222 Deo,

1941 3243 2000 3291 ut
2021 3236 2159 3292 ferat
2191 3237 2543 3309 trigesimum,
2586 3243 3000 3312 sexagesimum,
3042 3247 3204 3301 etiam
3250 3257 3304 3302 et
3334 3259 3511 3305 cente-

1941 3327 2134 3384 simum
2166 3327 2419 3384 fructum.
2463 3330 2531 3384 Et
2570 3332 2672 3386 hoc
2701 3333 2993 3388 notandum
3023 3346 3129 3402 est,
3167 3338 3308 3408 quod
3338 3341 3516 3396 omnis

1941 3419 2268 3474 abundantia
2301 3420 2353 3474 in
2381 3419 2626 3492 frugibus
2656 3430 2832 3488 teme,
2884 3425 2938 3480 in
2965 3426 3229 3486 fructibus
3255 3433 3510 3488 arborum

1942 3523 2048 3564 non
2077 3509 2254 3576 aliter,
2285 3510 2387 3565 nisi
2414 3526 2512 3580 per
2540 3511 2634 3566 Dei
2665 3513 3090 3573 benedictionem
3119 3520 3416 3579 cultoribus
3443 3525 3512 3580 ad

1940 3600 2268 3656 voluntatem
2284 3601 2554 3670 respicere
2567 3605 2784 3672 poterit.
2801 3605 2983 3677 Neque
2995 3612 3139 3665 enim
3156 3615 3512 3684 agricolarum

1942 3687 2045 3743 fuit
2070 3699 2264 3745 terram
2291 3692 2531 3746 excitare
2562 3693 2629 3747 ad
2661 3693 2890 3761 fructus,
2940 3699 3034 3753 sed
3064 3701 3345 3771 imperium
3393 3704 3510 3771 Dei,

1943 3781 2083 3836 sicut
2109 3782 2236 3837 alibi
2264 3784 2404 3838 idem
2435 3785 2627 3839 beatus
2656 3786 2854 3844 Paulus
2881 3791 2958 3844 ait
2983 3809 2995 3844 :
3053 3811 3070 3842 ι
3116 3793 3227 3863 Ego
3249 3794 3510 3864 plantavi,

1941 3871 2132 3940 Apollo
2183 3873 2398 3943 rigavit,
2450 3873 2544 3928 sed
2569 3875 2710 3929 Deus
2741 3876 3132 3935 incrementum
3183 3883 3274 3936 dat
3309 3883 3360 3954 (1
3386 3883 3509 3940 Cor.

1945 3960 2046 4032 ιιι).
2111 3980 2129 4014 ι
2174 3961 2285 4016 Hoc
2330 3977 2458 4032 ergo
2498 3965 2563 4018 de
2596 3966 2773 4019 anima
2798 3968 3009 4023 ﬂorenti
3039 3972 3092 4024 in
3123 3973 3410 4032 virtutibus
3463 3987 3520 4033 et

1945 4053 2040 4108 Dei
2065 4052 2434 4109 benedictione
2471 4056 2628 4128 digne
2656 4059 2879 4128 protulit
2921 4063 3254 4134 exemplum;
3282 4083 3516 4139 moxque

1946 4143 2223 4213 subjunxit
2261 4143 2404 4199 aliud
2431 4148 2742 4218 paradigma
2784 4149 2848 4203 de
2876 4165 2940 4204 ea
2971 4167 3090 4221 qua:
3119 4169 3268 4209 suam
3295 4157 3521 4230 negligit

263 4243 341 4296 ita
399 4255 499 4294 nos
540 4237 801 4308 baptizari
853 4252 959 4292 non
998 4250 1306 4306 possumus,
1341 4234 1443 4289 nisi
1485 4234 1728 4289 fortassis
1773 4234 1850 4288 la-
1947 4234 2205 4300 salutem,
2233 4235 2456 4290 dicens:
2489 4256 2506 4287 ι
2547 4236 2834 4294 Proferens
2863 4249 3040 4296 autem
3089 4245 3272 4314 spinas
3325 4263 3390 4303 ac
3423 4250 3519 4305 tri-

267 4330 480 4401 crymis
504 4329 854 4399 ptenitentiae,
881 4344 986 4382 non
1011 4327 1212 4382 lavacri
1242 4325 1848 4398 regenerationenQuid
1945 4324 2116 4390 hulos,
2172 4327 2402 4396 reproba
2440 4337 2541 4393 est,
2594 4337 2647 4384 et
2706 4330 2988 4389 maledicto
3043 4335 3309 4404 proxima,
3363 4342 3518 4412 cujus

264 4438 398 4493 ergo
441 4421 564 4476 est?
595 4420 792 4488 inquis,
848 4436 955 4476 non
981 4428 1065 4474 est
1110 4419 1479 4488 poenitentia?
1525 4419 1618 4473 Est
1664 4419 1849 4487 utique
1947 4419 2338 4474 consummatio
2361 4419 2415 4473 in
2445 4420 2889 4477 combustionem.
2939 4444 2958 4476 ›
3004 4425 3136 4492 Quis
3179 4445 3408 4500 namque
3434 4441 3516 4487 est

263 4515 609 4586 paenitentia,
649 4513 741 4567 sed
769 4513 1032 4582 baptisma
1065 4511 1209 4566 aliud
1238 4525 1344 4565 non
1376 4519 1476 4565 est.
1519 4509 1843 4565 Pteuitentia
1868 4537 1920 4598 Β
1947 4505 2015 4560 ab
2038 4508 2154 4562 istis
2175 4508 2341 4578 spinis
2368 4509 2634 4564 mundus?
2654 4511 2732 4564 Ac
2762 4512 2806 4565 si
2843 4528 3084 4569 essemus
3107 4517 3313 4586 mundi,
3340 4535 3518 4590 neque

265 4621 398 4661 vero
439 4603 578 4669 est,‘
600 4612 656 4659 et
695 4601 916 4656 multam
951 4602 1112 4655 habet
1165 4600 1529 4655 fortitudinem
1575 4601 1737 4654 etiam
1785 4600 1839 4654 in

265 4713 395 4754 eum
445 4697 537 4766 qui
576 4695 814 4764 peccatis
853 4693 1009 4747 valde
1045 4692 1308 4746 dimersus
1360 4701 1459 4746 est.
1491 4691 1548 4745 Si
1589 4690 1838 4756 voluerit,

254 4773 449 4859 potest
485 4801 608 4842 eum
639 4786 868 4839 liberare
894 4798 959 4837 ex
992 4797 1154 4837 onere
1188 4790 1553 4852 peccatorum,
1609 4791 1664 4836 et
1699 4782 1840 4850 peri-

270 4877 546 4932 clitantem
578 4875 631 4928 in
656 4883 770 4928 tuto
789 4874 1134 4937 constituere,
1172 4887 1233 4926 ac
1255 4872 1297 4927 si
1325 4871 1392 4926 ad
1421 4872 1590 4940 ipsum
1619 4871 1841 4925 fundum

269 4962 574 5032 iniquitatis
609 4962 941 5031 pervenerit;
972 4967 1026 5016 et
1054 4961 1156 5014 hoc
1181 4975 1249 5014 ex
1283 4959 1466 5013 multis
1502 4958 1840 5014 manifestum

267 5061 356 5107 est
385 5051 726 5107 testimoniis.
774 5050 897 5104 Ideo
949 5049 1155 5104 addidit
1183 5065 1197 5102 :
1231 5067 1249 5098 ι
1293 5046 1545 5117 Nunquid
1575 5049 1720 5104 enim
1751 5049 1841 5118 qui

270 5143 450 5207 cadet,
492 5157 597 5196 non
629 5149 901 5211 resurget;
925 5150 1015 5194 aut
1038 5140 1431 5209 quiavertitur,
1471 5131 1843 5196 non'reverte-

271 5235 401 5290 tur?
431 5254 450 5285 ι
481 5233 612 5305 (Jer.
638 5233 778 5293 vtu.)
801 5231 966 5298 Quale
988 5247 1116 5301 ergo
1137 5240 1219 5286 est
1241 5231 1380 5285 istud
1401 5232 1850 5286 medicamentum

270 5323 611 5394 paenitentia:
631 5363 645 5387 ,
665 5330 761 5376 aut
789 5321 1023 5391 qualiter
1051 5321 1369 5375 conﬁcitur?
1396 5321 1634 5375 Primum
1674 5321 1852 5376 excul-

269 5415 454 5486 pando
479 5414 693 5484 propria
719 5420 972 5484 peccata:
1012 5431 1031 5464 ι
1065 5411 1424 5480 lniquitatem,
1450 5413 1645 5481 inquit,
1672 5427 1846 5466 meam

271 5521 384 5562 non
428 5505 628 5569 celavi;
679 5513 733 5557 et
785 5503 1144 5574 pronuntiabo
1179 5504 1462 5558 adversum
1507 5517 1593 5556 me
1648 5502 1847 5573 iniqui-

272 5603 444 5650 tatem
481 5608 654 5648 meam
709 5594 954 5657 Domino,
1017 5603 1070 5648 et
1098 5602 1152 5647 tu
1197 5593 1461 5646 abstulisti
1511 5593 1842 5662 impietatem

273 5689 459 5743 cordis
485 5688 592 5741 mei
623 5685 792 5756 (Prol.
821 5687 991 5757 xxxi).
1029 5707 1047 5738 ι
1101 5685 1370 5749 Secundo,
1414 5687 1578 5739 multa
1627 5687 1842 5741 humili-

275 5788 391 5838 tate
413 5778 669 5848 plangere
691 5785 911 5848 peccata
937 5793 1055 5846 sua,
1087 5777 1396 5846 fructusque
1424 5778 1612 5849 dignos
1654 5779 1846 5835 exinde

1946 4599 2024 4653 sic
2052 4607 2502 4669 praesumptuosos
2532 4617 2632 4655 nos
2669 4611 2882 4672 oportet
2907 4619 3046 4671 esse,
3105 4607 3196 4662 sed
3228 4587 3446 4667 timem—
3469 4621 3524 4668 et
3551 4587 3556 4591 ’

1948 4698 2198 4752 tremere,
2238 4705 2304 4744 ne
2334 4689 2470 4744 forte
2511 4691 2768 4760 pullulent
2805 4694 2858 4747 in
2881 4695 3036 4750 nobis
3063 4698 3230 4766 spinae
3268 4683 3521 4772 peccato-

1948 4793 2086 4833 rum.
2137 4779 2415 4845 Quomodo
2440 4779 2616 4834 anima
2653 4781 2737 4836 vel
2762 4798 2886 4837 caro
2941 4785 3110 4854 Spinis
3140 4787 3294 4856 plena
3331 4807 3523 4863 super-

1947 4869 2063 4924 bire
2083 4868 2316 4936 poterit?
2348 4867 2594 4938 Nunquid
2627 4885 2730 4924 non
2761 4871 2949 4941 majori
2966 4874 3321 4934 sollicitudine
3349 4885 3518 4940 exsti-

1947 4973 2077 5028 pare
2100 4973 2193 5012 eas
2223 4973 2357 5027 opus
2397 4959 2658 5012 haberet?
2701 4958 2830 5026 Quae
2863 4971 2988 5016 sunt
3013 4978 3142 5035 ergo
3183 4969 3382 5037 spinas?
3414 4971 3518 5026 An-

1948 5049 2158 5103 diamus
2177 5047 2451 5102 Christum
2475 5048 2540 5103 de
2572 5049 2740 5118 spinis
2773 5051 3071 5118 dicentem,
3109 5058 3230 5125 quia
3261 5075 3388 5114 cura
3420 5077 3520 5118 sac-

1946 5138 2052 5194 culi
2079 5136 2235 5205 hujus
2259 5147 2314 5190 et
2333 5137 2577 5206 deceptio
2601 5138 2908 5194 divitiarum
2934 5145 3227 5210 praefocant
3273 5153 3512 5216 verbum,

1952 5238 2008 5284 et
2035 5229 2426 5283 infructuosum
2455 5227 2685 5284 eﬁicitur
2712 5229 2923 5300 (Matth.
2941 5236 3080 5306 xm).
3107 5237 3413 5308 Proferens,
3446 5247 3523 5299 di-

1950 5322 2050 5385 xit,
2077 5321 2276 5389 spinas,
2304 5335 2408 5373 non
2443 5334 2723 5389 generatis,
2749 5321 3105 5380 maledictioni
3141 5333 3382 5397 proxima
3413 5342 3514 5386 est.

1950 5411 1994 5467 Ο
2019 5421 2274 5481 quautam
2314 5410 2470 5464 habet
2499 5411 2914 5467 consolationem
2958 5415 3044 5469 hic
3067 5421 3272 5472 sermo!
3305 5420 3522 5475 Maledi-

1947 5505 2144 5567 ctioni,
2181 5503 2354 5572 inquit
2383 5502 2643 5572 proxima.
2692 5502 2806 5558 Non
2853 5506 3154 5574 maledicta,
3189 5511 3310 5578 quia
3339 5521 3518 5566 autem

1945 5593 2175 5648 necdum
2206 5592 2258 5644 in
2287 5592 2712 5648 maledictionem
2741 5595 2946 5661 incidit,
2974 5600 3065 5652 sed
3085 5600 3518 5667 proximitatem,

1948 5692 2003 5740 et
2028 5685 2183 5754 longe
2212 5683 2329 5737 ﬁeri
2355 5683 2568 5751 poterit.
2603 5684 2669 5738 Et
2706 5701 2811 5740 non
2838 5687 2942 5742 hoc
2975 5689 3150 5742 solum
3193 5689 3516 5754 consolatus,

1951 5778 2045 5834 sed
2068 5776 2226 5831 etiam
2250 5777 2302 5829 in
2329 5790 2394 5831 eo
2418 5776 2558 5844 quod
2587 5777 2846 5845 sequitur.
2863 5778 2976 5834 Non
3003 5779 3161 5833 dixit:
3195 5777 3438 5848 Reproba
3464 5789 3519 5835 et
