3992 6338
585 339 682 393 751

1225 337 1284 389 Β.
1329 336 1582 391 RABANl
1620 335 1838 390 MAURI
1875 334 2194 390 ARCHIEP.
2238 334 2544 392 MOGUNT.
2583 336 2866 395 OPERUM
2906 338 3083 396 PARS
3116 331 3201 398 ill.
3667 359 3740 414 τες

582 456 944 512 maledictiom
983 459 1250 528 proxima,
1293 473 1412 528 quae
1447 458 1811 512 comburetur.
1859 455 1965 510 Sed
1995 453 2164 525 quid?
2193 458 2244 516 Α
2271 454 2454 526 Neque
2490 471 2619 527 ergo
2675 457 2730 512 in
2779 457 3032 512 omnibus
3069 459 3332 527 adulatur,
3369 475 3432 518 ne
3474 465 3648 536 pejores
3683 477 3740 529 er.

586 567 604 600 ι
626 547 791 616 Cujus
819 552 1214 603 consummatio
1239 548 1292 602 in
1311 547 1755 604 combustionem.
1798 567 1817 600 ι
1851 546 1980 602 Ηωο
2008 562 2160 601 com-

579 637 760 692 bustio
781 653 884 692 non
908 639 1033 704 erit,
1056 639 1158 693 nisi
1179 639 1298 708 quis
1322 653 1489 708 usque
1512 639 1564 693 in
1590 640 1752 692 ﬁnem
1773 646 2087 708 permaneat
2107 638 2160 691 in

579 731 813 799 peccatis
828 731 959 785 suis.
977 731 1112 797 Quia
1134 750 1152 782 ι
1175 732 1225 785 in
1248 747 1566 802 quacunque
1581 733 1666 786 die
1689 747 1982 787 conversus
2002 730 2165 786 fuerit

579 832 850 890 peccator,
884 825 991 877 vita
1019 825 1160 878 vivet
1189 832 1242 879 et
1270 841 1376 880 non
1400 825 1658 879 morietur
1687 823 1902 895 (Ezech.
1931 823 2105 892 xvttt).
2137 841 2156 875 ι

582 912 637 966 Si
662 928 791 966 vero
824 913 1202 968 ahscindamus
1222 915 1404 982 spinas
1443 929 1538 984 per
1565 915 1956 985 paenitentiam,
2012 923 2162 982 pote-

581 1003 750 1057 rimus
791 1004 934 1059 mille
968 1005 1123 1060 bonis
1149 1005 1374 1074 perfrui,
1404 1015 1458 1061 et
1489 1007 1604 1061 ﬁeri
1635 1005 1960 1077 probabiles,
1987 1015 2041 1060 et
2069 1006 2161 1060 be-

581 1096 903 1150 nedictionis
926 1097 1017 1150 Dei
1045 1097 1354 1167 participes.
1388 1097 1465 1167 (J.
1511 1096 1723 1168 Chrys.)
1750 1097 2039 1167 Postquam
2065 1111 2159 1151 eos

581 1186 742 1256 igitur
767 1187 1068 1257 increpavit
1105 1185 1452 1252 sufﬁcienter,
1483 1197 1537 1242 et
1559 1188 1754 1242 terruit
1791 1196 1846 1242 et
1870 1189 2156 1257 percussit,

582 1287 734 1332 curat
770 1279 962 1334 iterum
993 1295 1060 1333 ne
1089 1279 1317 1348 amplius
1345 1295 1438 1339 eos
1467 1279 1683 1348 dejiciat
1718 1288 1772 1334 et
1795 1281 2016 1350 supinos
2045 1279 2163 1334 efﬁ-

582 1368 710 1435 ciat,
754 1370 963 1423 tardum
997 1370 1160 1435 enim,
1205 1370 1296 1438 qui
1343 1370 1600 1439 percutit,
1644 1370 1934 1425 tardiorem
1973 1369 2158 1424 efﬁcit.

2267 548 2411 602 ﬁciat
2441 565 2456 613 ;
2505 563 2677 618 neque
2711 548 2769 602 in
2800 549 3050 603 omnibus
3079 551 3324 620 percutit,
3369 552 3454 607 sed
3488 555 3740 626 aliquantum

2265 641 2479 711 quidem
2517 640 2856 710 percussoria
2897 655 3187 710 apponens,
3217 642 3430 696 multum
3457 655 3606 700 autem
3629 667 3741 707 cura.

2267 733 2403 787 toria
2426 730 2572 785 affer»
2601 746 2698 800 per
2717 747 2778 785 ea
2796 747 2914 800 quae
2941 731 3198 786 inferunt.
3225 731 3357 799 Quid
3375 735 3741 799 enimdixitlb'on

2268 823 2430 878 veluti
2445 824 2595 894 culpa
2607 832 2724 878 ntes
2737 839 2830 877 vos
2843 825 2956 878 haec
2968 824 3212 888 dicimus,
3232 840 3396 894 neque
3410 827 3549 882 veluti
3563 841 3741 899 putantes

2269 929 2362 968 vos
2384 915 2554 984 Spinis
2583 914 2788 983 plenos,
2824 914 2917 968 sed
2948 914 3217 978 timentes,
3246 931 3312 969 ne
3327 915 3450 971 tales
3467 919 3740 978 elliciamini:

2265 1006 2457 1060 melius
2482 1008 2676 1076 quippe
2705 1014 2790 1061 est
2814 1006 2996 1059 verbis
3023 1021 3118 1060 vos
3155 1015 3354 1060 terrere
3408 1023 3471 1062 ne
3496 1009 3628 1063 rebus
3657 1015 3743 1080 ipsis

2267 1097 2524 1162 doleatis;
2562 1105 2618 1150 et
2658 1098 2762 1150 hoc
2785 1097 3061 1166 sapientiae
3087 1095 3239 1150 Pauli
3264 1104 3370 1162 est;
3400 1107 3447 1151 et
3480 1101 3743 1166 maximam

2264 1204 2371 1243 non
2418 1187 2572 1253 dixit,
2622 1197 2902 1257 putamus,
2941 1202 3115 1256 neque
3167 1187 3487 1255 conjicimus,
3528 1205 3664 1260 neque
3684 1209 3743 1246 er-

2265 1287 2593 1349 spectamus,
2623 1293 2796 1348 neque
2822 1293 3118 1348 speramus,
3149 1279 3241 1334 sed
3267 1279 3416 1349 plena
3440 1279 3610 1336 virtute
3631 1284 3743 1339 animi

2268 1369 2611 1436 conﬁdimus,
2637 1368 2778 1439 quod
2806 1369 2860 1422 in
2890 1369 3043 1424 initio
3066 1369 3340 1438 sequentis
3364 1369 3479 1424 libri
3503 1373 3742 1428 ostenditur.

1185 1559 1599 1755 LIBER
1680 1637 2452 1761 VICESIMUS
2537 1638 3247 1757 OCTAVUS.

993 1919 1341 1988 SEQUITUR
1377 1919 1604 1977 CAPUT
1644 1920 1730 1977 Vl.

659 2031 680 2064 ι
699 2010 1030 2069 Conﬁdimus
1043 2021 1221 2068 autem
1233 2052 1246 2073 ,
1259 2011 1587 2067 dilectissimi
1598 2053 1612 2078 ,
1627 2012 1693 2066 de
1707 2009 1857 2066 vobis
1873 2009 2094 2066 meliora
2106 2019 2161 2065 et

588 2124 605 2158 ι
628 2104 886 2160 viciniora
922 2103 1103 2169 saluti,
1138 2104 1348 2158 tametsi
1377 2103 1448 2157 ita
1470 2102 1756 2171 loquimur.
1780 2121 1798 2152 ι
1836 2100 2000 2172 (Αιὸ.)
2023 2100 2160 2168 Quia

579 2199 770 2254 beatus
805 2197 1002 2252 Paulus
1024 2211 1131 2252 non
1154 2197 1341 2252 hahuit
1381 2197 1524 2251 unde
1567 2210 1660 2250 eos
1680 2195 1747 2250 ad
1767 2210 1901 2264 quos
1922 2195 2157 2264 scripsit,

581 2289 648 2343 de
677 2290 928 2360 praesenti
961 2289 1228 2354 laudaret,
1260 2289 1448 2359 incipit
1491 2290 1570 2344 eis
1618 2288 1686 2343 de
1722 2301 1818 2358 spe
1854 2286 2161 2341 futurorum

582 2378 877 2446 praedicare
907 2378 1134 2432 dicens:
1189 2394 1207 2427 ι
1251 2376 1600 2441 Conﬁdimus,
1645 2375 1863 2440 fratres,
1915 2375 1982 2430 de
2010 2374 2162 2430 vobis

585 2466 807 2520 meliora
836 2475 890 2521 et
918 2467 1178 2522 viciniora
1208 2467 1390 2532 saluti,
1431 2466 1680 2536 quamvis
1718 2466 1792 2520 ita
1821 2465 2062 2520 dicamus
2089 2481 2102 2517 :
2133 2483 2153 2518 ι

583 2558 741 2629 quasi
763 2557 1013 2612 dixisset:
1040 2556 1252 2626 Optima
1279 2557 1525 2626 quaedam
1551 2557 1620 2612 de
1638 2557 1790 2612 vobis
1819 2554 2158 2618 conﬁdimus,

585 2659 640 2702 et
664 2664 783 2718 qua:
803 2647 961 2702 saluti
997 2656 1190 2702 vestrae
1213 2647 1528 2718 proﬁciant;
1556 2662 1664 2702 non
1692 2647 1876 2716 utique
1897 2645 2040 2716 quod
2065 2659 2159 2700 su-

584 2741 766 2810 perius
781 2739 890 2794 dixi
919 2741 984 2794 de
1005 2740 1232 2810 reproba
1257 2749 1397 2794 terra
1423 2747 1478 2794 et
1501 2738 1860 2794 eombustioni
1885 2737 2156 2807 proxima,

585 2846 693 2884 non
721 2828 788 2883 de
816 2829 967 2884 vobis
996 2829 1097 2884 hoc
1121 2829 1373 2893 dicimus,
1390 2827 1516 2897 quia
1536 2828 1759 2883 meliora
1779 2827 1845 2882 de
1865 2827 2016 2881 vobis
2041 2840 2160 2881 cre-

583 2923 777 2978 dimus.
804 2921 1039 2976 Adduxit
1065 2937 1278 2992 quoque
1323 2923 1402 2977 eis
1430 2921 1483 2978 in
1519 2923 1832 2978 memoriam
1863 2923 2153 2993 praeterita,

581 3021 643 3066 ut
681 3028 746 3066 ex
777 3012 1065 3081 praeteritis
1095 3027 1190 3067 eos
1228 3011 1469 3066 alliceret
1492 3011 1556 3066 ad
1586 3012 1727 3066 bona
1758 3027 2004 3082 qumque,
2037 3010 2158 3066 ideo

583 3103 855 3172 subjunxit
883 3120 896 3155 :
936 3120 954 3153 ι
1003 3101 1116 3157 Non
1143 3103 1289 3157 enim
1319 3103 1548 3173 injustus
1578 3103 1738 3168 Deus,
1782 3113 1842 3157 ut
1871 3103 2159 3160 oblivisca-

588 3212 605 3243 ι
655 3203 740 3247 tur
774 3194 952 3262 operis
980 3193 1162 3256 vestri,
1193 3200 1247 3246 et
1277 3193 1595 3256 dilectionis,
1648 3210 1809 3263 quam
1843 3198 2157 3255 ostendistis

588 3304 605 3335 ι
655 3284 708 3336 in
737 3283 952 3338 nomine
973 3283 1161 3351 ipsius,
1211 3283 1303 3351 qui
1341 3283 1685 3338 ministrastis
1715 3286 1917 3341 sanctis
1959 3297 2015 3342 et
2053 3289 2153 3344 mi—
2179 3272 2224 3335 Ο

589 3393 605 3423 ‹
654 3373 916 3428 nistratis.
942 3391 962 3425 ι
989 3371 1064 3442 (.1.
1084 3370 1294 3442 Chrys.)
1316 3373 1454 3428 Ecce
1476 3375 1743 3443 quomodo
1761 3377 2021 3431 recreavit
2037 3379 2156 3432 ani-

583 3481 702 3518 mas
749 3479 934 3517 eorum
983 3471 1034 3516 et
1075 3462 1415 3526 confortavit,
1470 3465 1686 3533 antiqua
1721 3466 1800 3520 eis
1840 3465 1895 3521 in
1919 3475 2155 3523 mentem

583 3569 864 3609 revocans.
911 3552 1061 3607 Tunc
1107 3552 1233 3606 fecit
1261 3568 1372 3614 eos,
1414 3562 1475 3608 ut
1513 3570 1619 3610 non
1651 3557 1982 3612 aestimarent
2022 3559 2157 3615 obli-

583 3644 717 3698 visci
749 3643 914 3696 Deum
959 3651 1012 3697 et
1047 3643 1320 3712 pra-terita
1351 3643 1468 3712 ejus
1495 3645 1754 3700 beneﬁcia
1807 3647 1862 3700 in
1899 3663 2010 3703 eos.
2053 3648 2157 3703 Ne-

581 3750 731 3790 cesse
759 3743 840 3788 est
881 3733 1024 3788 enim
1048 3748 1170 3786 eum
1199 3749 1444 3804 peccare,
1491 3735 1576 3788 cui
1607 3750 1730 3804 spes
1755 3737 1925 3790 deerit
1953 3736 2153 3794 futura.

579 3825 782 3879 Deinde
825 3824 1074 3878 hortatur
1091 3838 1184 3878 eos
1216 3824 1466 3878 omnibus
1488 3825 1661 3880 modis
1699 3841 1916 3895 sperare
1954 3827 2154 3883 futura.

579 3916 714 3970 Eum
753 3915 896 3969 enim
947 3915 1038 3984 qui
1078 3915 1325 3984 desperat
1362 3916 1426 3970 de
1473 3918 1828 3985 praesentibus
1880 3919 2159 3976 beneﬁciis

582 4009 696 4073 Dei,
749 4007 891 4077 quod
919 4023 949 4060 a
971 4007 1078 4061 Deo
1102 4022 1205 4061 non
1229 4007 1444 4072 habeat,
1489 4008 1554 4062 de
1576 4008 1775 4064 futuris
1803 4010 1924 4079 quis
1957 4016 2158 4081 poterit

577 4115 700 4153 eum
731 4099 1081 4154 confortare?
1117 4097 1303 4152 Simile
1333 4098 1462 4167 quid
1487 4097 1697 4154 Calatis
1719 4101 2048 4170 improperat
2077 4103 2158 4157 di-

579 4207 710 4246 cens
739 4209 751 4243 :
797 4209 814 4240 ι
846 4189 1154 4244 Currebatis
1185 4190 1320 4243 bene
1347 4207 1359 4241 :
1387 4189 1508 4257 quis
1535 4205 1628 4246 vos
1663 4189 1984 4246 fascinavit?
2010 4189 2152 4264 (Gal.

578 4280 632 4350 v)
672 4299 690 4329 ι
760 4278 936 4347 Atque
996 4278 1190 4331 iterum
1243 4292 1260 4332 :
1316 4296 1334 4328 ι
1393 4279 1565 4333 Tanta
1636 4281 1780 4349 passi
1839 4283 1973 4337 estis
2039 4284 2156 4339 sine

579 4387 774 4434 causa;
815 4389 834 4422 ι
876 4377 934 4422 ιιι
962 4384 1198 4439 ριέιιδεηε
1233 4369 1508 4438 mitigaret
1535 4368 1779 4424 eamdem
1810 4374 2153 4440 sententiam,

577 4479 700 4518 mox
727 4461 1002 4532 subjunxit
1031 4480 1042 4514 :
1085 4479 1102 4511 ι
1146 4461 1191 4515 si
1225 4469 1402 4514 tamen
1427 4461 1540 4515 sine
1569 4477 1752 4516 causa.
1799 4483 1818 4516 ι
1871 4463 1962 4519 Sic
1992 4466 2156 4520 etiam

578 4555 680 4606 hoc
712 4552 828 4607 loco
861 4549 1177 4620 temperavit
1199 4551 1517 4604 sententiam
1545 4566 1720 4617 suam,
1742 4552 1926 4608 dicens
1950 4571 1962 4608 :
1993 4571 2012 4605 ι
2037 4554 2153 4609 Non

576 4645 720 4699 enim
765 4642 997 4711 injuslus
1040 4641 1204 4706 Deus,
1241 4649 1301 4695 ut
1354 4641 1704 4698 obliviscatur
1747 4644 1925 4714 operis
1967 4647 2152 4712 vestri,
2187 4627 2234 4686 ο

577 4739 702 4790 dum
746 4745 944 4790 tantam
973 4735 1255 4790 caritatem
1302 4737 1614 4792 ostendistis
1655 4737 1710 4792 in
1755 4741 1974 4795 sanctis.
1999 4760 2017 4792 ι
2053 4741 2157 4797 Vo—

580 4827 756 4881 lumus
788 4828 931 4881 enim
970 4842 1064 4881 vos
1098 4827 1296 4882 imitari
1323 4843 1417 4884 eos
1447 4829 1538 4899 qui
1562 4846 1659 4900 per
1687 4819 1844 4885 ﬁdem
1871 4840 1925 4887 et
1946 4833 2157 4901 patien-

577 4919 705 4972 tiam
739 4918 1038 4974 haereditati
1071 4927 1196 4972 sunt
1222 4920 1626 4988 promissiones.
1674 4920 1841 4988 Quale
1861 4937 1992 4977 vero
2017 4923 2157 4978 desi-

576 5005 786 5060 derium
805 5007 1027 5062 haberet
1049 5009 1112 5062 de
1139 5009 1312 5064 salute
1331 5025 1541 5076 eorum,
1563 5014 1805 5080 sequenti
1827 5014 2063 5068 ostendit
2083 5016 2158 5070 al-

577 5097 864 5166 legatione,
917 5099 1099 5153 dicens
1132 5118 1144 5154 :
1191 5118 1209 5150 ι
1245 5100 1503 5169 Cupimus
1547 5101 1690 5156 enim
1722 5118 2159 5174 unumquemque

581 5204 600 5236 ι
646 5195 884 5241 vestrum
916 5190 1160 5244 eamdem
1193 5197 1466 5243 ostentare
1493 5189 1904 5246 sollicitudinem
1957 5194 2024 5247 ad
2058 5209 2156 5249 ex-

578 5296 596 5327 (
643 5276 932 5346 pletionem
962 5279 1076 5348 spei
1121 5294 1290 5347 usque
1325 5279 1376 5332 in
1402 5279 1583 5344 ﬁnem,
1637 5288 1693 5332 ut
1721 5297 1828 5337 non
1855 5297 2047 5351 segnes
2079 5283 2158 5337 ef-

579 5384 598 5416 ι
647 5366 926 5421 ﬁciamini.
965 5385 985 5418 ›
1047 5366 1429 5420 Desideramus
1478 5381 1625 5431 vero,
1673 5368 1866 5438 inquit,
1911 5387 2017 5425 non
2042 5383 2156 5426 tan-

575 5466 688 5511 tum
714 5458 862 5512 circa
891 5458 1080 5520 verba,
1105 5457 1200 5511 sed
1229 5457 1392 5510 etiam
1414 5457 1467 5510 in
1491 5459 1776 5514 virtutibus
1802 5464 2112 5518 conversari
2137 5481 2150 5518 :

572 5560 679 5599 non
704 5546 858 5615 quasi
887 5545 1067 5615 priora
1103 5554 1282 5600 vestra
1310 5547 1607 5616 culpantes,
1646 5551 1738 5605 sed
1769 5559 1826 5604 ut
1866 5551 1934 5606 de
1959 5552 2158 5609 futuris

572 5636 786 5691 solliciti
814 5636 952 5700 sitis,
981 5636 1360 5702 admonentes;
1391 5639 1492 5693 hoc
1511 5650 1611 5705 est,
1635 5642 1820 5711 quales
1841 5643 2018 5700 fuistis
2044 5646 2155 5715 pri-

572 5739 745 5791 mum,
795 5725 928 5781 tales
956 5741 1049 5782 vos
1075 5726 1320 5798 cupimus
1373 5728 1606 5784 etmodo
1642 5745 1782 5798 esse,
1833 5741 1886 5789 et
1915 5733 1969 5788 in
2011 5733 2155 5789 futu-

2181 1925 2229 1984 B
2256 1934 2398 1974 rum.
2444 1916 2510 1971 Et
2541 1931 2648 1972 non
2693 1915 2831 1970 dixit
2867 1914 2980 1970 volo
3001 1932 3023 1981 ;
3063 1915 3209 1986 quod
3255 1924 3338 1972 est
3376 1915 3659 1970 auctoritatis
3685 1919 3742 1973 do-

2262 2008 2484 2072 ctrinae;
2523 2006 2638 2071 sed,
2670 2005 2813 2076 quod
2849 2015 2967 2060 erat
2999 2015 3240 2076 paternae
3275 2007 3567 2073 dilectionis,
3591 2009 3741 2072 hocest,

2267 2117 2286 2150 ι
2331 2098 2576 2170 cupimus
2608 2117 2625 2148 ι
2657 2112 3093 2168 unumquemque
3140 2106 3376 2152 vestrum
3403 2100 3612 2154 eamdem
3636 2115 3742 2168 quam

2261 2188 2391 2244 olim
2435 2187 2700 2243 habuistis
2751 2187 3175 2243 sollicitudinem
3223 2190 3290 2244 ad
3327 2189 3640 2258 expletionem
3669 2191 3742 2259 spei

2262 2283 2461 2339 habere
2479 2283 2544 2338 de
2569 2283 2726 2337 beata
2749 2283 2802 2336 in
2827 2289 3088 2336 aeternam
3113 2283 3554 2340 resurrectionem.
3567 2283 3618 2354 (Υ)
3639 2301 3653 2333 ι
3674 2281 3741 2337 Ve-

2267 2395 2285 2429 ι
2331 2392 2451 2430 rum
2483 2375 2780 2429 imitatores
2827 2389 3036 2438 eorum,
3086 2375 3180 2443 qui
3209 2374 3312 2429 ﬁde
3351 2383 3403 2429 et
3421 2375 3638 2444 patientia
3675 2373 3740 2426 lue-

2267 2484 2285 2518 ι
2331 2464 2642 2520 reditabunt
2688 2464 3096 2533 promissiones.
3144 2484 3164 2517 ι
3219 2463 3380 2535 (Αιδ.)
3409 2464 3628 2520 Hortatur
3647 2461 3739 2516 enim

2259 2556 2531 2612 auditores
2558 2571 2704 2620 suos,
2728 2565 2788 2609 ut
2811 2555 2911 2609 ﬁde
2942 2570 3046 2610 non
3077 2554 3205 2609 ﬁcta
3249 2562 3302 2609 et
3322 2555 3554 2624 patientia
3575 2551 3741 2623 perfecta

2259 2655 2575 2720 exspectent
2608 2647 2991 2717 promissiones
3036 2647 3158 2711 Dei,
3193 2655 3251 2701 et
3304 2645 3624 2709 haereditates,
3653 2656 3768 2720 quas.

2259 2742 2462 2799 sanctis
2487 2741 2600 2796 suis
2619 2739 2889 2810 promisit.
2922 2740 2991 2794 Et
3011 2740 3114 2794 hoc
3145 2739 3350 2794 ﬁrmius
3376 2738 3601 2806 exemplis
3616 2748 3740 2790 corro-

2258 2834 2453 2889 horare
2490 2832 2703 2897 nititur,
2737 2831 2861 2886 dum
2893 2831 3022 2885 dicit
3051 2849 3064 2884 :
3117 2849 3138 2882 ι
3188 2831 3412 2886 Abrahae
3444 2842 3631 2897 namque
3665 2841 3742 2897 pro-

2264 2942 2284 2976 ι
2329 2925 2547 2978 mittens
2582 2922 2742 2988 Deus,
2774 2922 3027 2992 quoniam
3060 2923 3331 2977 neminem
3354 2921 3523 2975 habuit
3542 2935 3617 2988 per
3633 2931 3738 2986 quem

2263 3032 2282 3067 ε
2320 3015 2532 3085 juraret
2560 3013 2841 3082 majorem,
2892 3011 3094 3081 juravit
3121 3027 3222 3081 per
3259 3007 3739 3078 semetipsum,dicens

2264 3125 2282 3159 ι
2333 3105 2486 3178 (Gen.
2546 3103 2731 3176 uti):
2779 3103 2889 3159 Nisi
2937 3103 3265 3160 benedicens
3311 3103 3589 3160 henedicam
3628 3109 3679 3162 te,
3705 3106 3740 3150 et

2263 3217 2282 3251 ι
2326 3195 2688 3268 multiplicans
2707 3196 3074 3266 multiplicabo
3091 3205 3177 3264 te;
3201 3205 3254 3251 et
3274 3197 3350 3251 sic
3369 3187 3737 3264 longanimiterfe—

2261 3309 2278 3343 ι
2322 3305 2446 3346 rens
2460 3292 2684 3360 adeptus
2703 3296 2786 3344 est
2805 3288 3300 3358 repromissionem,
3323 3286 3544 3342 homines
3562 3283 3738 3348 euimper

2261 3403 2279 3436 ι
2325 3382 2584 3452 majorem
2616 3383 2698 3436 sui
2731 3381 2938 3451 jurant,
2966 3387 3020 3434 et
3043 3381 3225 3435 omnis
3253 3375 3595 3434 controversia:
3611 3384 3737 3425 eorum

2262 3495 2280 3528 ι
2326 3476 2448 3531 ﬁnis
2459 3475 2524 3530 ad
2539 3473 3003 3531 conﬁrmationem
3017 3480 3098 3527 est
3106 3471 3127 3540 j
3135 3480 3484 3527 uramentum.
3495 3488 3511 3521 ι
3527 3459 3736 3538 (1.61ιῳ.)

2258 3566 2552 3637 Postquam
2585 3566 2884 3635 increpavit
2915 3565 3130 3620 fortiter
3157 3565 3410 3622 Hebraeos
3428 3572 3479 3618 et
3499 3551 3735 3616 terruitsuf-

2259 3659 2524 3723 ﬁcienter,
2565 3659 2801 3728 primum
2830 3659 3044 3728 quidem
3077 3657 3328 3714 laudibus
3351 3673 3438 3714 eos
3467 3651 3734 3711 consolatur:

2260 3750 2496 3805 secundo
2521 3757 2723 3813 autem,
2769 3748 2909 3816 quod
2940 3749 3104 3803 etiam
3145 3747 3344 3804 fortius
3373 3755 3450 3802 est
3475 3761 3556 3816 per
3578 3743 3618 3796 id
3644 3735 3737 3808 quod

2259 3840 2446 3908 utique
2481 3848 2831 3908 percepturos
2853 3854 2952 3892 eos
2977 3840 3235 3904 ostendit,
3267 3854 3384 3908 quae
3415 3835 3666 3907 sperabant,
3702 3831 3736 3878 el

2258 3930 2397 3984 hanc
2444 3928 2864 3983 consolationem
2922 3942 2990 3981 ex
3023 3927 3226 3983 futuris
3251 3928 3399 3993 facit,
3427 3926 3510 3981 sed
3533 3925 3676 3978 iterum
3694 3929 3736 3968 ei

2255 4019 2563 4090 praeteritis,
2602 4017 2745 4087 quod
2776 4018 2946 4087 magis
2977 4032 3072 4072 eos
3107 4017 3332 4073 credere
3377 4015 3594 4071 faciebat.
3638 4006 3737 4067 Situt

2255 4111 2397 4164 enim
2428 4110 2480 4164 in
2510 4107 2772 4178 supplicio
2809 4123 2904 4178 per
2924 4108 3015 4163 illa
3056 4110 3232 4179 magis
3261 4117 3436 4172 terret,
3463 4106 3531 4160 sic
3551 4101 3671 4156 etiam
3702 4095 3736 4145 in

2255 4200 2490 4270 praemiis
2520 4215 2614 4270 per
2657 4200 2772 4254 haec
2809 4199 3140 4266 consolatur,
3178 4202 3457 4257 ostendens
3490 4186 3738 4253 consuetudi-

2257 4307 2380 4346 nem
2411 4292 2505 4345 Dei
2532 4309 2544 4344 :
2587 4293 2701 4346 haec
2733 4299 2914 4346 autem
2950 4299 3053 4355 est,
3101 4301 3288 4346 utnon
3316 4290 3542 4346 celeriter
3561 4279 3737 4339 exhibeat

2255 4383 2539 4452 promissa,
2572 4384 2666 4437 sed
2700 4397 2796 4452 per
2823 4383 3050 4436 multum
3079 4392 3323 4454 tempus;
3355 4382 3474 4437 fecit
3501 4387 3642 4433 autem
3673 4372 3738 4424 hoc

2255 4476 2678 4530 mansuetudinis
2725 4485 2779 4530 et
2807 4476 3024 4531 virtutis
3053 4477 3171 4546 ejus
3219 4477 3485 4548 proferens
3526 4479 3736 4540 argumeﬂ'

2256 4575 2390 4630 tum,
2449 4574 2506 4620 et
2545 4581 2642 4621 nos
2688 4567 2756 4621 ad
2781 4566 2940 4621 ﬁdem
2972 4568 3264 4634 adducens,
3323 4568 3408 4637 qui
3435 4567 3484 4620 in
3521 4554 3740 4617 tribulatio-

2262 4656 2416 4711 nibus
2445 4657 2696 4722 vivitnus,
2740 4665 2794 4710 et
2824 4658 3209 4727 promissiones
3251 4659 3466 4713 necdum
3499 4649 3736 4718 accepimlIS.

2262 4760 2367 4799 non
2397 4745 2746 4814 desperemus
2788 4747 3092 4801 mercedem
3133 4749 3374 4803 laborum
3409 4751 3682 4802 nostrorum;
3705 4739 3739 4785 ει

2263 4849 2452 4889 omnes
2483 4835 2810 4904 relinquens,
2839 4851 3143 4906 quanquam
3173 4840 3366 4894 multos
3389 4838 3600 4894 haberet,
3617 4827 3665 4882 ad
3683 4822 3737 4876 di-

2262 4925 2491 4979 cendum
2552 4925 2826 4980 Abraham
2875 4926 2930 4981 in
2975 4929 3209 4982 medium
3251 4927 3462 4983 adduxit
3509 4930 3555 4976 et
3583 4921 3738 4987 ριοριετ

2264 5015 2575 5085 dignitatem
2609 5031 2872 5084 personae,
2914 5026 2970 5072 et
2995 5028 3216 5088 propter
3234 5018 3372 5088 quod
3410 5013 3608 5072 maxime
3641 5007 3738 5058 ίιιεο

2264 5106 2393 5160 illud
2432 5107 2734 5176 contigerit,
2779 5125 2903 5163 cum
2941 5110 3105 5164 etiam
3153 5111 3205 5164 in
3243 5112 3347 5164 ﬁne
3379 5103 3594 5178 Epistula:
3623 5097 3734 5153 dicat,

2262 5197 2389 5266 quia
2411 5199 2463 5251 hi
2487 5215 2672 5253 omnes
2693 5200 2760 5254 de
2781 5200 3070 5272 longinquo
3096 5203 3212 5258 illas
3226 5203 3456 5257 videntes
3466 5209 3514 5254 et
3527 5194 3734 5261 diligentes

2263 5301 2369 5340 non
2397 5295 2717 5354 receperunt
2750 5290 3135 5356 promissiones
3163 5307 3230 5346 ne
3267 5291 3379 5346 sine
3404 5286 3539 5343 nobis
3576 5276 3736 5350 perﬁw'

2261 5383 2467 5430 rentur.
2528 5393 2548 5425 ι
2605 5376 2860 5443 Abrahae,
2925 5394 3177 5449 namque,
3233 5381 3415 5450 inquit,
3488 5369 3733 5446 promittens

2261 5464 2417 5529 Deus,
2468 5466 2720 5534 quoniam
2759 5468 3028 5524 neminem
3073 5471 3259 5526 habuit
3299 5484 3392 5542 per
3422 5479 3559 5537 quem
3585 5455 3735 5530 jura“!x

2259 5555 2536 5624 majorem,
2561 5556 2767 5626 juravit
2795 5575 2892 5630 per
2913 5563 3255 5632 semetipsum
3288 5563 3487 5622 dicens,
3513 5553 3602 5610 Nisi
3618 5550 3734 5603 bene-

2259 5648 2443 5703 dicens
2480 5649 2794 5704 benedieam
2833 5658 2905 5716 te,
2951 5659 3006 5707 et
3055 5653 3403 5721 multiplicans
3444 5633 3734 5732 multiplicabo

2261 5747 2314 5792 te
2339 5753 2352 5804 ;
2385 5745 2439 5794 et
2472 5738 2548 5794 sic
2574 5737 2952 5809 longanimiter
2979 5740 3159 5800 ferens
3179 5742 3392 5813 adeptus
3415 5748 3488 5797 est
3515 5733 3732 5804 repromls‘
