3992 6338
266 376 378 433 755

733 373 1280 432 ENARRATIONUM
1316 375 1382 430 IN
1421 375 1568 430 EPP.
1608 372 1810 430 PAULI
1845 371 1974 428 LIB.
2015 369 2245 426 XXVII].
2289 400 2358 411 —
2392 367 2459 423 IN
2499 366 2712 424 EPIST.
2753 367 2845 422 AD
2879 353 3082 421 HEBR.

3419 361 3521 415 754

267 497 503 551 sionem.
543 512 561 544 ι
617 491 783 564 (Μὺ.)
815 491 946 546 Mira
969 502 1053 547 est
1079 491 1341 561 sapientia
1361 491 1504 547 beati
1534 489 1705 544 Pauli.
1740 487 1844 542 Per
1871 492 1919 549 Α
1946 487 2186 544 omnium
2210 501 2327 557 qua:
2342 493 2483 539 sunt.
2500 482 2606 538 Sed
2626 482 2750 552 quia
2773 479 3104 535 incredulum
3130 486 3210 533 est
3228 478 3524 531 humanum

265 585 420 639 vices
469 583 612 636 enim
667 581 916 635 laudibus
965 580 1175 635 extollit
1215 596 1308 635 eos
1362 580 1429 634 ad
1459 595 1594 648 quos
1643 577 1846 641 scribit,

266 691 373 747 per
393 676 540 728 vices
567 673 868 726 terroribus
890 671 1259 726 antecedentis
1287 670 1525 725 historia:
1547 678 1712 724 terret
1736 684 1849 733 eos,

265 781 342 820 ne
366 763 610 818 inﬁdeles
629 770 812 816 essent
832 770 886 816 et
907 761 1086 815 minus
1112 760 1314 814 creduli
1346 759 1684 830 promissioni
1734 758 1850 824 Dei,

267 872 373 927 per
406 856 555 910 vices
582 869 711 908 vero
759 868 854 906 eos
906 852 1166 922 exemplis
1216 852 1464 906 hortatur
1510 851 1579 906 ad
1638 851 1844 921 patien-

269 946 405 998 tiam
423 953 478 997 et
503 945 660 998 ﬁdem
680 983 695 1007 ,
719 951 773 997 et
794 951 853 996 ut
881 942 1246 996 indubitanter
1279 943 1519 1007 credant,
1546 959 1650 997 non
1679 942 1852 997 solum

269 1033 390 1088 Deo
417 1035 646 1095 dicente,
689 1048 877 1087 verum
904 1034 1066 1087 etiam
1093 1032 1309 1102 jurante
1335 1049 1432 1104 per
1465 1034 1808 1104 semetipsum
1835 1049 1849 1099 ;

268 1135 330 1181 et
358 1126 486 1178 dum
514 1125 564 1178 ei
591 1125 754 1179 multa
775 1133 1122 1194 suppeterent
1143 1125 1386 1195 exempla
1409 1134 1739 1190 sanctorum,
1763 1125 1852 1194 qui

267 1232 372 1288 per
399 1216 712 1285 patientiam
743 1216 1128 1270 hmreditarunt
1149 1216 1534 1286 promissiones
1571 1215 1688 1280 Dei,
1717 1229 1855 1285 pra:-

267 1305 433 1373 cipue
483 1303 656 1358 ﬁdelis
693 1303 964 1357 Abraham
1000 1313 1220 1374 propter
1247 1304 1564 1371 dignitatem
1609 1318 1855 1374 persona:

267 1412 406 1460 etne,
434 1404 490 1451 et
527 1405 746 1466 propter
773 1397 916 1465 quod
945 1396 1178 1450 maxime
1219 1397 1274 1450 in
1303 1411 1368 1451 eo
1389 1397 1528 1451 istud
1550 1395 1852 1464 contigerit.

275 1505 296 1537 ι
309 1487 416 1554 Qui
441 1486 820 1555 longanimiter
839 1485 1021 1540 ferens
1038 1487 1264 1556 adeptus
1283 1496 1368 1542 est
1389 1487 1441 1541 in
1465 1487 1588 1541 ﬁliis
1606 1488 1718 1541 suis
1734 1501 1858 1556 pro-

269 1577 583 1638 missiones,
608 1594 625 1625 ι
654 1591 761 1628 non
786 1575 945 1630 modo
965 1576 1222 1644 praeteriti
1245 1576 1520 1646 temporis,
1549 1572 1667 1644 qua‘:
1688 1576 1740 1629 in
1767 1590 1858 1644 po-

265 1667 402 1736 pulo
424 1667 515 1721 Dei
546 1667 781 1736 impleta:
809 1675 953 1732 sunt,
1007 1668 1178 1738 magis
1207 1668 1368 1722 etiam
1397 1668 1449 1721 in
1473 1667 1710 1722 futurum
1733 1683 1859 1738 pro-

267 1755 533 1810 nuntians
579 1755 634 1808 in
679 1755 817 1809 ﬁlios
845 1754 968 1809 ﬁdei
994 1754 1242 1808 Abrahae.
1267 1755 1684 1811 Promissionem
1715 1756 1856 1810 enim

267 1843 372 1898 Dei
413 1853 697 1913 cooperata
727 1853 810 1898 est
838 1844 1217 1915 longanimitas
1257 1846 1544 1911 audientis,
1575 1856 1630 1901 et
1668 1861 1859 1917 exspe-
1885 1826 1933 1886 Β

269 1934 475 1988 ctantis
519 1933 884 1988 hereditatem
931 1934 1271 2002 promissam,
1313 1951 1478 2005 quam
1507 1936 1722 2005 quidem
1754 1951 1856 2005 pu-

268 2024 573 2078 sillanimes
617 2031 673 2078 et
719 2023 1061 2078 incredibiles
1100 2025 1281 2078 verbis
1332 2025 1426 2079 Dei
1495 2041 1600 2080 non
1643 2025 1861 2080 fuerunt

267 2113 482 2182 adepti,
526 2113 621 2168 sed
658 2112 888 2190 plurima
923 2112 1134 2167 illorum
1172 2114 1227 2167 in
1257 2115 1473 2169 deserto
1521 2115 1684 2184 periit
1724 2116 1863 2170 mul-

273 2202 474 2256 titudo.
529 2202 702 2268 Quam
748 2202 970 2272 impium
1021 2211 1122 2268 est,
1155 2203 1265 2258 Deo
1297 2205 1538 2275 jurante,
1589 2221 1694 2260 non
1745 2221 1863 2262 cre-

271 2293 440 2348 dere!
481 2310 499 2344 (
518 2291 726 2345 Juravit
747 2293 890 2346 enim
921 2291 1064 2347 Deus
1091 2307 1191 2361 per
1215 2294 1581 2364 semetipsum,
1608 2295 1732 2364 quia
1764 2310 1860 2350 ne-

271 2383 482 2438 minem
519 2383 708 2437 habuit
736 2381 1014 2450 majorem,
1063 2397 1158 2452 per
1185 2398 1345 2453 quem
1367 2383 1598 2452 juraret.
1631 2405 1649 2436 ι
1679 2385 1864 2440 Potest

269 2477 372 2533 hic
415 2491 666 2545 persona,
696 2476 750 2529 in
777 2476 878 2530 hoc
897 2473 1228 2544 juramento,
1259 2476 1356 2531 Dei
1393 2477 1566 2532 Patris
1612 2477 1860 2549 intelligi,

271 2569 373 2639 qui
399 2569 465 2623 de
490 2567 628 2622 Filio
658 2583 756 2622 suo
786 2568 959 2622 eidem
982 2569 1304 2637 patriarcha:
1338 2569 1607 2638 promisit,
1635 2569 1822 2624 dicens
1847 2584 1862 2623 :

279 2675 302 2709 ι
350 2658 422 2711 Ει
439 2657 496 2711 in
516 2657 721 2712 semine
746 2665 836 2710 tuo
855 2657 1239 2712 benedicentur
1260 2674 1448 2713 omnes
1471 2665 1677 2729 gentes.
1703 2679 1720 2710 ι
1750 2659 1866 2714 Νοιι

197 2751 210 2761 ⁸
274 2745 415 2799 dicit
463 2765 482 2795 ι
527 2746 582 2799 in
609 2745 922 2808 seminibus,
960 2765 980 2798 ι
1020 2755 1076 2800 ιιι
1118 2747 1307 2802 beatus
1334 2747 1534 2802 Paulus
1558 2751 1616 2803 in‘
1642 2748 1745 2803 alia
1776 2750 1868 2804 de-

272 2843 548 2889 monstrat
583 2835 818 2905 Epistola
843 2833 982 2906 (Gal.
1013 2835 1117 2908 ιιι),
1169 2838 1264 2891 sed
1311 2856 1328 2889 ι
1364 2837 1418 2892 in
1447 2840 1652 2894 semine
1685 2849 1796 2905 tuo,
1843 2860 1862 2893 ι

275 2930 388 2986 hoe
432 2937 538 2997 εει,
586 2930 823 2986 Christo.
872 2929 1029 2984 Jurat
1075 2929 1219 2983 enim
1249 2938 1305 2983 et
1335 2930 1476 2986 idem
1516 2930 1766 2986 Christus
1814 2931 1867 2986 in

277 3022 594 3094 Evangelia,
619 3023 801 3078 dicens
825 3041 838 3076 :
869 3041 887 3074 ι
907 3022 1099 3087 Αιιιειι,
1122 3037 1299 3087 amen,
1320 3023 1440 3078 dico
1455 3023 1628 3088 vobis,
1642 3042 1660 3074 ι
1678 3033 1733 3078 ει
1755 3024 1869 3094 ipse

279 3128 385 3184 per
437 3115 695 3182 seipsum,
724 3113 848 3183 quia
887 3128 988 3168 nec
1039 3113 1153 3182 ipse
1189 3113 1378 3169 habuit
1433 3113 1714 3183 majorem,
1767 3130 1866 3184 per

277 3222 446 3276 quem
469 3206 696 3275 juraret.
730 3225 748 3257 ‹
772 3206 1100 3262 Benedicens
1124 3206 1433 3262 benedicam
1462 3217 1542 3274 te;
1579 3228 1596 3260 ι
1629 3210 1730 3263 hoc
1757 3217 1860 3275 εει,

279 3299 337 3354 in
380 3299 548 3354 stellis
575 3299 714 3362 coeli,
749 3315 846 3369 per
871 3314 1004 3367 quas
1032 3299 1203 3354 sancti
1233 3299 1605 3369 designantur,
1654 3302 1721 3357 de
1750 3302 1866 3372 ejus

278 3389 492 3444 semine
517 3388 702 3454 futuri,
737 3388 955 3459 intelligi
982 3398 1157 3459 potest
1197 3391 1417 3457 dictum,
1453 3411 1470 3444 ι
1504 3392 1867 3463 multiplicans

279 3480 660 3550 multiplicabo
691 3489 760 3541 te,
799 3500 820 3532 ι
872 3493 924 3535 ει
952 3480 1056 3535 hoc
1089 3481 1142 3534 in
1171 3495 1335 3535 arena
1365 3483 1550 3548 maris,
1579 3499 1678 3554 per
1703 3500 1867 3553 quam

280 3581 606 3644 peceatores
649 3571 832 3642 populi
864 3571 1004 3625 illius
1033 3571 1303 3643 designari
1330 3584 1570 3643 possunt.
1632 3575 1871 3645 Utraque

275 3664 432 3718 enim
469 3664 752 3718 Dominum
778 3663 977 3718 dixisse
1000 3664 1212 3735 legitur,
1245 3666 1332 3720 ubi
1357 3667 1465 3721 ait:
1500 3686 1518 3718 ι
1550 3667 1618 3721 Ει
1641 3668 1746 3722 erit
1788 3683 1873 3723 se-

285 3776 309 3809 ι
359 3772 485 3810 men
511 3766 660 3810 tuum
690 3756 829 3811 sicut
868 3756 1035 3811 stellze
1083 3757 1226 3821 coeli,
1268 3770 1323 3816 et
1371 3759 1510 3812 sicut
1557 3774 1716 3813 arena
1755 3774 1875 3828 qua:

287 3869 310 3902 ι
359 3858 446 3904 εει
472 3850 523 3903 in
555 3848 734 3904 littore
766 3849 950 3904 maris.
987 3869 1006 3901 ι
1047 3868 1064 3900 ι
1095 3847 1352 3904 Homines
1371 3849 1538 3915 enim,
1562 3850 1758 3919 inquit,
1779 3866 1877 3919 per

291 3962 310 3994 ι
362 3939 624 4009 majorem
659 3943 741 3996 sui
771 3942 978 4012 jurant,
1028 3950 1086 3994 et
1122 3941 1299 3995 omnis
1353 3941 1732 3994 controversiae
1785 3955 1878 3995 eo-

293 4051 312 4084 ε
364 4047 486 4085 rum
527 4032 650 4086 ﬁnis
690 4032 758 4086 ad
811 4031 1273 4088 conﬁrmationem
1301 4039 1386 4085 est
1414 4029 1798 4098 juramentum.
1854 4051 1873 4078 ι

294 4123 353 4179 Si
383 4125 546 4195 igitur
562 4125 839 4178 hominum
863 4125 916 4178 in
939 4122 1177 4176 futurum
1202 4122 1318 4193 (sic)
1336 4123 1662 4177 credendum
1686 4130 1789 4186 est,
1813 4123 1879 4178 de

294 4220 498 4290 quibus
524 4221 653 4274 dicit
675 4219 942 4288 Propheta
969 4237 981 4272 :
1013 4237 1030 4268 ι
1061 4216 1247 4272 Omnis
1275 4216 1435 4270 homo
1455 4216 1682 4270 mendax
1707 4212 1877 4286 (Psal.

294 4313 435 4381 xxv),
476 4331 494 4363 ι
549 4318 752 4381 quanto
795 4309 967 4379 magis
1009 4307 1102 4362 Dei
1147 4308 1456 4378 juramento
1505 4306 1652 4361 credi
1701 4306 1881 4372 debet,

296 4405 396 4473 qui
427 4412 512 4458 εει
563 4404 786 4468 veritas,
831 4403 924 4472 qui
960 4416 1060 4456 nec
1103 4400 1230 4464 falli,
1285 4415 1384 4455 nec
1410 4399 1625 4454 mentiri
1659 4398 1880 4469 potest!

1954 592 2137 646 genus,
2171 582 2392 645 propter
2419 574 2520 627 hoc
2545 570 2929 626 condescendit
2959 568 3024 622 ad
3055 582 3187 632 nos;
3219 567 3356 620 sicut
3381 565 3524 618 enim

1948 666 2095 735 jurat
2121 674 2337 736 propter
2363 679 2480 729 nos,
2505 661 2751 732 quamvis
2778 661 3050 728 indignum
3073 659 3120 711 ei
3140 658 3209 711 sit
3230 673 3334 710 non
3354 655 3524 717 credi,

1953 759 2027 814 ita
2043 757 2288 828 superius
2309 757 2508 811 dictum
2533 763 2646 809 est:
2668 771 2686 804 ι
2706 761 2757 807 ει
2774 752 2959 806 didicit
2980 765 3043 804 ex
3069 751 3171 812 his,
3195 765 3313 818 quae
3340 762 3528 816 passus

1953 855 2055 913 εει,
2087 867 2104 899 ι
2139 847 2390 917 quoniam
2420 844 2665 900 homines
2694 845 2796 898 hoc
2824 851 3010 914 putant
3033 841 3266 896 maxime
3296 855 3414 906 esse
3443 835 3527 891 di-

1954 953 2116 1009 gnum
2132 937 2253 1003 ﬁde,
2265 945 2429 1006 utper
2441 936 2866 1005 experimentum
2883 933 3003 1002 quis
3020 939 3254 985 transeat
3269 929 3332 982 ad
3350 929 3527 983 ﬁdem.

1960 1050 1980 1082 ‹
2009 1031 2080 1086 Ut
2103 1043 2201 1099 per
2227 1029 2364 1084 duas
2397 1043 2484 1083 res
2509 1026 2826 1090 immobiles,
2863 1026 3056 1094 quibus
3084 1021 3413 1091 impossibile
3449 1028 3532 1074 est

1955 1121 2172 1176 mentiri
2227 1119 2416 1184 Deum,
2489 1117 2841 1172 fortissimum
2895 1115 3142 1170 solatium
3215 1113 3529 1173 habeamus,

1955 1212 2047 1282 qui
2095 1211 2432 1281 confugimus
2499 1210 2566 1263 ad
2605 1209 2892 1264 tenendam
2940 1205 3312 1276 promissionis
3359 1219 3527 1272 spem,

1957 1318 2118 1372 quam
2155 1301 2295 1356 sicut
2315 1300 2607 1355 anchoram
2637 1299 2900 1352 habemus
2929 1297 3121 1350 anima:
3161 1304 3328 1349 tutam
3358 1310 3419 1348 ac
3437 1294 3532 1348 ﬁr-

1958 1409 2122 1449 mam.
2181 1412 2200 1445 ι
2254 1392 2397 1446 Duas
2443 1405 2531 1444 res
2582 1389 2717 1444 dixit
2749 1408 2760 1442 :
2791 1388 2887 1442 Dei
2931 1388 3105 1442 Patris
3151 1386 3534 1458 promissioncs

1959 1489 2025 1544 de
2062 1487 2197 1543 Filio
2246 1503 2363 1552 suo,
2422 1494 2476 1542 et
2514 1485 2802 1540 adventum
2847 1484 2968 1538 Filii
3005 1485 3056 1538 in
3096 1484 3239 1538 hunc
3278 1483 3534 1536 mundum

1958 1595 2057 1650 pro
2079 1579 2248 1633 salute
2274 1586 2480 1632 nostra.
2530 1575 2810 1646 Proposita
2851 1590 2980 1629 vero
3029 1590 3150 1643 spes
3205 1574 3404 1627 veritas
3454 1581 3538 1626 est

1961 1685 2141 1725 rerum
2171 1677 2467 1740 gestarum,
2507 1681 2626 1736 qua:
2663 1663 2988 1734 patriarchis
3009 1663 3287 1733 promissae
3310 1670 3435 1716 sunt
3483 1670 3539 1715 et

1963 1758 2205 1823 redditaa,
2259 1767 2321 1812 ut
2362 1773 2426 1812 ex
2458 1755 2746 1810 transactis
2787 1754 2967 1808 futura
3005 1754 3308 1808 credamus.
3364 1751 3537 1819 Quam

1961 1866 2131 1921 spem,
2161 1849 2301 1904 sicut
2327 1848 2641 1912 anchoram,
2696 1845 2888 1914 inquit,
2939 1843 3198 1898 habemus
3224 1843 3414 1896 anima:
3449 1849 3535 1894 tu-

1960 1949 2067 1996 tam
2089 1955 2152 1995 ac
2175 1939 2404 1994 ﬁrmam.
2423 1937 2496 2008 (Ι.
2516 1935 2726 2006 Chrys.)
2743 1934 3051 1990 Sicutenim
3075 1934 3308 1988 anchora
3325 1931 3531 2002 jactata

1960 2031 2025 2086 de
2079 2030 2225 2087 navi.
2282 2043 2387 2083 non
2437 2027 2700 2097 permittit
2768 2039 2888 2080 eam
2962 2022 3332 2086 circumferri,
3409 2021 3534 2075 licet

1959 2119 2104 2174 venti
2135 2126 2512 2174 commoveant
2532 2131 2674 2178 eam,
2714 2115 3020 2185 sedjactata
3049 2112 3260 2167 ﬁrmam
3291 2110 3420 2164 facit
3447 2126 3540 2163 na-

1960 2223 2080 2263 vem
2105 2225 2119 2274 ;
2156 2208 2235 2263 sic
2257 2215 2310 2264 et
2341 2206 2474 2261 ﬁdes
2509 2221 2602 2276 spe
2627 2205 2877 2259 roborata
2907 2203 3201 2258 introducit
3250 2216 3346 2255 nos
3373 2200 3427 2254 in
3451 2215 3540 2254 res

1961 2316 2082 2356 rum
2155 2300 2408 2369 speciem.
2456 2313 2616 2368 quam
2665 2297 2822 2351 modo
2871 2296 2976 2350 ﬁde
3030 2302 3085 2350 et
3110 2309 3202 2364 spe
3249 2301 3538 2355 tenemus;

1963 2393 2085 2449 ideo
2119 2390 2346 2455 addidit,
2371 2388 2557 2444 dicens
2589 2402 2604 2442 :
2645 2407 2662 2438 ι
2702 2387 2771 2440 Ει
2800 2385 3134 2440 incedentem
3167 2397 3336 2450 usque
3362 2381 3428 2434 ad
3463 2380 3544 2433 in-

1963 2483 2167 2538 teriora
2189 2480 2487 2536 velamiuis.
2527 2500 2546 2534 ι
2606 2478 2923 2548 Tempestas
2946 2476 3089 2531 enim
3135 2483 3189 2528 et
3215 2472 3413 2527 multus
3443 2471 3545 2524 im-

1964 2575 2062 2630 ber
2101 2580 2405 2628 commovet
2427 2578 2635 2635 ratem;
2666 2570 2900 2622 anchora
2933 2575 3110 2620 autem
3138 2581 3242 2619 non
3277 2561 3543 2632 permittit

1966 2681 2083 2721 eam
2116 2665 2384 2735 demergi:
2412 2663 2490 2718 sic
2517 2663 2680 2718 etiam
2707 2670 2890 2715 nostra
2911 2675 3055 2730 spes,
3096 2674 3255 2728 quam
3286 2657 3547 2711 habemus

1969 2757 2131 2810 ﬁxam
2163 2757 2215 2810 in
2243 2755 2499 2810 interiora
2523 2754 2832 2816 velaminis,
2864 2751 3005 2806 nulla
3036 2751 3350 2804 inﬁdelitate
3377 2749 3543 2818 mergi

1969 2847 2189 2919 poterit,
2224 2846 2269 2901 si
2293 2861 2416 2901 cum
2449 2844 2716 2914 Propheta
2742 2841 3012 2896 veraciter
3035 2840 3278 2894 dicamus
3306 2855 3317 2890 :
3351 2857 3367 2888 ι
3396 2836 3547 2891 Jacta

1970 2941 2024 2995 in
2073 2941 2239 2995 Deum
2277 2953 2462 2994 curam
2507 2945 2675 3000 tuam,
2733 2942 2786 2989 et
2831 2934 2944 3003 ipse
2991 2942 3044 2987 te
3083 2931 3316 2986 enutrict
3369 2927 3556 3000 (Psal.

1973 3031 2100 3102 Liv).
2123 3051 2141 3082 ι
2171 3029 2228 3085 Si
2257 3030 2398 3084 hanc
2424 3044 2529 3083 non
2557 3027 2899 3089 haberemus,
2923 3024 3142 3078 omnino
3173 3022 3401 3077 demersi
3424 3036 3547 3074 era-

1953 3139 2115 3189 .mus,
2139 3139 2242 3178 non
2271 3130 2476 3176 tantum
2507 3120 2559 3174 in
2588 3117 2938 3189 spiritalibus,
2967 3117 3059 3171 sed
3085 3115 3245 3169 etiam
3273 3114 3324 3168 in
3356 3113 3546 3168 ca'rna-

1945 3217 2121 3272 ~1ibus.
2148 3215 2364 3270 Multam
2388 3214 2508 3284 quis
2529 3210 2688 3280 hujus
2710 3211 2911 3266 invenit
2938 3208 3325 3271 fortitudinem,
3348 3215 3406 3260 ut
3425 3215 3549 3275 puta

1966 3309 2020 3364 in
2052 3310 2395 3380 negotiando,
2447 3308 2498 3361 in
2525 3306 2869 3377 agricultura,
2913 3304 2968 3358 in
2996 3303 3224 3366 militia;
3269 3300 3369 3354 nisi
3415 3288 3553 3353 hanc

1968 3400 2250 3470 quisquam
2274 3399 2450 3470 primo
2479 3404 2764 3468 proponat,
2819 3401 3088 3463 nunquam
3118 3391 3260 3445 aliud
3289 3389 3504 3459 attingit
3536 3406 3547 3436 τ

1976 3511 1994 3542 ι
2040 3489 2195 3557 Quia,
2241 3489 2334 3559 qui
2373 3497 2511 3551 arat,
2569 3486 2742 3555 inquit
2770 3483 3076 3553 Apostolus,
3124 3482 3176 3534 in
3207 3496 3303 3550 spe
3331 3488 3450 3532 arat
3501 3477 3553 3548 (ι

1972 3582 2094 3637 Cor.
2127 3579 2227 3651 ιιι),
2260 3601 2278 3632 ι
2314 3589 2367 3635 ει
2396 3579 2570 3634 omnis
2591 3579 2744 3632 labor
2765 3584 2946 3632 noster
2971 3589 3064 3644 spe
3093 3572 3354 3628 mercedis
3381 3567 3558 3637 cujus-

1973 3671 2104 3727 libet
2142 3671 2472 3728 consolatur.
2517 3669 2653 3740 Spes
2675 3681 2804 3722 vero
2836 3671 3082 3736 penetrat
3109 3662 3364 3716 interiora
3406 3659 3554 3714 vela-

1975 3761 2159 3826 minis,
2197 3761 2323 3816 dum
2351 3759 2591 3813 coelestia
2641 3758 2843 3824 absque
2873 3754 2976 3808 ulla
3007 3751 3338 3806 dubitatione
3361 3747 3554 3809 credit,

1978 3863 2032 3908 et
2053 3859 2235 3923 sperat
2261 3860 2316 3906 et
2343 3858 2507 3913 amat,
2531 3848 2887 3918 operibusque
2913 3842 3173 3906 ostendit,
3194 3849 3254 3894 ut
3279 3847 3404 3909 pote
3427 3838 3556 3907 quid

1979 3943 2182 4006 credat,
2240 3940 2368 4010 quid
2405 3947 2603 4008 speret.
2645 3937 2714 3991 Ut
2745 3935 3036 3989 ﬁrmiorem
3085 3931 3238 3986 nobis
3284 3945 3432 4000 spem
3472 3928 3561 3981 ad-

1982 4031 2153 4096 deret,
2183 4029 2456 4098 subjunxit
2481 4043 2494 4081 :
2525 4048 2542 4079 ι
2570 4027 2668 4082 Ubi
2693 4040 2997 4096 praecursor
3036 4038 3134 4092 pro
3155 4023 3312 4076 nobis
3347 4020 3555 4074 introiit

1989 4143 2006 4176 ι
2053 4123 2226 4186 Jesus,
2259 4120 2551 4177 secundum
2581 4118 2821 4173 ordinem
2859 4113 3264 4177 Melchisedech,
3323 4107 3563 4180 pontifex

1989 4235 2008 4269 ι
2055 4215 2593 4270 ΐιιοιιιεὶιιιειειιιιιιη.
2617 4232 2634 4262 ι
2664 4208 2872 4281 (Ιοαιι.)
2895 4207 3204 4261 Przecursor
3227 4212 3406 4257 autem
3427 4216 3562 4271 quo-

1987 4312 2232 4366 rumdam
2258 4318 2342 4364 est
2372 4321 2696 4378 prazcursor,
2739 4305 2879 4358 sicut
2917 4301 3151 4357 Joannes
3191 4297 3413 4354 Christi.
3443 4295 3558 4349 Non

1986 4406 2130 4461 enim
2149 4403 2282 4458 dixit
2303 4401 2640 4471 simpliciter,
2657 4398 2882 4461 introiit,
2903 4396 3017 4458 sed,
3033 4394 3135 4450 Ubi
3151 4405 3449 4463 praecursor
3461 4404 3559 4459 pro

297 4513 318 4546 ι
369 4493 629 4548 Homines
658 4494 800 4548 enim
848 4508 944 4562 per
974 4492 1230 4562 majorem
1259 4490 1341 4544 sui
1381 4488 1586 4557 jurant,
1620 4497 1676 4543 et
1703 4489 1884 4543 omnis
1911 4529 1962 4588 Β
1986 4497 2143 4551 nobis
2178 4494 2406 4557 introiit,
2429 4492 2588 4547 veluti
2613 4490 2814 4560 absque
2841 4488 3004 4544 dubio
3030 4494 3276 4556 oporteat
3311 4481 3566 4552 prosequi

294 4583 683 4642 controversia:
707 4598 894 4637 eorum
919 4581 1041 4636 ﬁnis
1061 4582 1129 4634 ad
1152 4579 1613 4634 conﬁrmationem
1637 4586 1718 4633 est
1735 4577 1884 4646 jura-

294 4684 562 4732 mentum.
579 4695 597 4727 ι
618 4674 695 4745 (J.
713 4671 924 4744 Chrys.)
945 4672 1107 4726 Prout
1129 4671 1174 4726 si
1195 4671 1426 4725 diceret:
1445 4671 1522 4724 Ex
1541 4671 1643 4724 huc
1658 4670 1884 4723 solvitur

295 4769 466 4823 totius
495 4766 873 4821 controversiae
894 4763 1231 4834 disceptatio,
1259 4778 1364 4817 non
1397 4762 1556 4816 unius
1580 4758 1884 4827 cujuslibet,

297 4859 400 4915 sed
434 4858 616 4911 totius.
664 4856 957 4926 Oportebat
1006 4854 1223 4924 quidem
1271 4852 1386 4907 sine
1408 4851 1717 4921 juramento
1761 4865 1886 4905 cre-

297 4950 433 5004 dere
473 4946 603 5008 Dco,
663 4943 757 4999 sed
786 4945 967 5014 iurare
1017 4942 1185 4998 Deum
1220 4941 1391 4996 dicit:
1432 4959 1451 4992 (
1496 4941 1553 4994 ln
1575 4956 1684 5010 quo
1721 4941 1890 4994 abun-

298 5055 321 5091 α
369 5024 590 5090 dantius
621 5034 803 5088 volens
827 5033 968 5087 Deus
989 5033 1274 5087 ostendere
1306 5030 1745 5101 pollicitationem
1777 5032 1885 5086 hae-

301 5145 322 5178 c
369 5126 610 5191 redibus,
635 5124 1169 5195 immobilitatemque
1194 5124 1400 5179 consilii
1419 5123 1523 5178 sui.
1557 5144 1578 5176 ι
1597 5123 1887 5192 Propterea

298 5213 468 5284 hujus
510 5214 944 5285 repromissionis
982 5216 1306 5268 mentionem
1343 5213 1488 5278 facit,
1545 5229 1665 5283 qua:
1693 5215 1758 5268 ad
1789 5230 1888 5269 nos

296 5306 664 5361 communiter
703 5304 844 5360 facta
883 5315 983 5360 est.
1023 5324 1040 5356 ι
1081 5304 1407 5374 lnterposuit
1429 5303 1821 5372 jusjurandum.
1863 5323 1880 5355 ι

295 5397 472 5470 (Διὸ.)
495 5398 760 5464 Quoniam
783 5398 925 5453 enim
944 5396 1084 5466 apud
1106 5397 1350 5450 homines
1371 5397 1470 5450 hoc
1499 5396 1710 5449 videtur
1733 5394 1888 5449 ﬁdele

296 5503 470 5554 esse,
524 5503 648 5543 cum
714 5487 1080 5556 juramentum
1151 5484 1458 5540 interfuerit
1509 5486 1890 5540 contraversiis

295 5593 493 5633 eorum
510 5617 525 5641 ,
555 5587 840 5648 propterea
865 5579 1026 5632 etiam
1053 5576 1154 5630 hoc
1181 5576 1402 5630 addidit.
1435 5574 1548 5629 Non
1578 5576 1783 5646 aequale
1807 5586 1890 5632 est

297 5665 554 5721 homines
579 5679 675 5736 per
702 5679 760 5720 se
780 5667 989 5735 jurare,
1016 5674 1070 5720 et
1099 5665 1265 5719 Deum
1292 5683 1303 5718 :
1335 5665 1495 5719 homo
1523 5665 1664 5720 enim
1693 5667 1772 5720 sui
1797 5683 1889 5736 po-

300 5764 556 5811 testatem
584 5773 690 5813 non
717 5758 919 5824 habet;
962 5759 1102 5813 Deus
1139 5765 1316 5812 autem
1362 5766 1679 5828 potestatem
1734 5761 1888 5816 habet

1988 4600 2378 4657 praecursorem
2393 4591 2657 4638 nostrum.
2674 4581 3068 4636 Przecursorem
3085 4575 3351 4644 siquidem
3366 4581 3420 4628 et
3435 4587 3564 4626 con-

1989 4686 2300 4748 sequentem
2348 4676 2401 4730 in
2441 4675 2626 4730 eadem
2667 4675 2830 4728 etiam
2858 4673 2944 4725 via
2969 4685 3087 4724 esse
3119 4666 3388 4722 convenit.
3450 4663 3562 4718 Hoc

1990 4779 2170 4824 autem
2211 4769 2276 4823 de
2309 4783 2394 4832 eo,
2425 4767 2515 4836 qui
2539 4766 2832 4820 secundum
2858 4778 3072 4818 carnem
3096 4768 3198 4824 est,
3225 4759 3442 4823 dicitur,
3473 4757 3565 4826 qui

1991 4860 2338 4929 semetipsum
2366 4857 2558 4912 obtulit
2581 4855 2904 4910 sacriﬁcium
2925 4853 3034 4908 Deo
3058 4853 3110 4906 in
3137 4851 3356 4906 odorem
3389 4849 3568 4904 suavi-

1994 4951 2141 5005 tatis.
2180 4947 2428 5004 Pontifex
2461 4947 2632 5002 factus
2659 4945 2954 5000 secundum
2999 4943 3242 4998 ordinem
3288 4941 3565 4995 Melchise-

1993 5041 2148 5095 dech.
2189 5039 2412 5110 Oportet
2437 5041 2614 5108 itaque
2645 5037 2862 5101 etillos,
2909 5052 3138 5106 quorum
3178 5035 3418 5104 pontifex
3461 5042 3567 5097 est,

1991 5131 2242 5185 meliores
2261 5145 2401 5193 esse,
2421 5136 2744 5197 etquantum
2757 5137 2839 5182 est
2856 5128 2995 5181 inter
3009 5126 3186 5180 Aaron
3205 5133 3256 5178 et
3270 5124 3564 5190 Christum,

1991 5231 2195 5276 tantum
2210 5230 2292 5277 est
2308 5220 2702 5290 quodammodo
2724 5201 2870 5273 inter
2886 5218 3097 5273 Judzeos
3124 5225 3178 5272 et
3195 5217 3568 5281 Christianos;

1989 5315 2265 5383 superiora
2281 5313 2441 5368 etiam
2465 5320 2519 5366 et
2537 5311 2836 5376 sacriﬁcia;
2869 5310 2992 5364 talia
3014 5309 3261 5364 videlicet
3281 5306 3572 5362 offeramus
3621 5312 3625 5316 ’

1994 5405 2280 5470 sacriﬁcia,
2329 5420 2449 5474 qua:
2479 5403 2530 5456 in
2565 5401 2696 5458 illud
2725 5402 3089 5456 sanctuarium
3135 5399 3354 5454 caeleste
3387 5394 3571 5451 oﬁerri

1997 5503 2240 5564 possunt,
2283 5510 2389 5548 non
2409 5492 2522 5563 jam
2557 5495 2818 5564 pecudem
2875 5501 2924 5549 et
2952 5494 3164 5558 bovem,
3207 5506 3311 5545 non
3354 5488 3574 5556 sangui-

1998 5600 2120 5638 nem
2168 5592 2221 5637 et
2248 5584 2480 5653 adipem,
2527 5585 2706 5638 omnia
2734 5585 2846 5638 lucc
2885 5583 3060 5637 soluta
3097 5590 3244 5645 sunt,
3284 5587 3336 5634 et
3363 5593 3462 5647 pro
3494 5575 3574 5631 eis'

1999 5672 2359 5728 introductum
2389 5683 2471 5729 est
2495 5675 2808 5730 rationabile
2833 5674 3168 5744 obsequium,
3219 5671 3403 5733 etiam,
3431 5667 3572 5736 quod

1997 5779 2092 5835 per
2121 5764 2374 5831 animam,
2406 5765 2547 5835 quod
2585 5781 2680 5834 per
2715 5765 2959 5835 spiritum
2985 5761 3210 5817 offertur
3237 5760 3365 5816 Deo.
3405 5777 3422 5808 ι
3458 5756 3574 5827 Spi-
