3992 6338
421 276 524 330 755
1061 265 1123 319 Β.
1165 260 1414 318 RABANI
1452 262 1670 321 MAURI
1706 256 2024 317 ARCHIEP.
2066 252 2373 324 MOGUNT.
2413 251 2696 311 OPERUM
2733 248 2912 306 PARS
2948 247 3036 305 Ill.
3572 244 3669 303 756

419 391 555 444 ritus
578 394 681 450 est,
727 383 921 453 inquit,
962 383 1130 446 Deus,
1169 386 1225 435 et
1252 393 1347 434 eos
1379 377 1468 446 qui
1513 376 1741 431 adorant
1758 388 1905 437 eum,
1935 372 1990 426 in
2018 375 2071 435 Α
2095 372 2196 427 coh
2218 368 2580 434 descendisse,
2604 379 2726 437 quae
2745 362 2847 419 t‘uit
2868 363 2925 418 in
2958 369 3106 417 terra
3138 357 3400 415 Chanaan
3422 360 3479 413 in
3506 358 3685 429 regio-

418 481 609 554 spiritu
633 486 688 533 et
714 476 939 531 veritate
960 479 1172 543 oportet
1188 469 1415 524 adorare
1438 466 1618 538 (Joan.
1644 464 1740 537 tv).
1763 483 1795 554 -ι
1824 460 1943 554 [Alb
1970 459 1992 532 ]

419 551 558 640 Quid
589 576 671 623 est
700 566 867 621 Deum
914 564 969 617 in
994 561 1190 632 spiritu
1219 558 1466 622 adorare,
1505 555 1610 610 nisi
1652 554 1709 609 in
1729 551 1996 608 charitate

350 724 355 729 ,
419 671 476 719 ει
501 660 602 715 ﬁde
635 655 890 728 perfecta,
941 661 996 709 et
1033 662 1130 721 spe
1156 647 1477 712 indubitata,
1538 654 1596 701 et
1632 642 1836 700 sanctis
1879 640 1995 696 ani-

420 766 524 811 mae
549 748 840 804 virtutibus
875 760 1011 816 quas
1035 739 1327 814 Apostolus
1362 740 1416 797 in
1432 738 1552 796 .alio
1574 736 1693 794 loco
1712 735 1994 792 abundan-

423 853 506 900 ter
544 847 825 900 enumerat
846 839 871 893 ?

1018 929 1246 989 CAPUT
1300 927 1389 984 Vll

426 1048 728 1105 Ostenditur
763 1043 1067 1101 excellentia
1101 1042 1376 1098 sacerdotii
1405 1038 1620 1107 Christi,
1653 1036 2002 1111 comparando

498 1118 760 1173 Christum
802 1115 870 1169 ad
912 1112 1282 1168 Melchisedech
1307 1152 1322 1176 ,
1366 1111 1517 1180 cujus
1562 1109 1912 1164 sacerdotium
1955 1116 2003 1162 et

499 1188 831 1246 excellentius
856 1193 930 1239 est
956 1183 1178 1238 Levitico
1201 1192 1247 1235 et
1275 1179 1441 1251 magis
1469 1179 1837 1234 necessarium.

506 1318 524 1351 ι
554 1298 652 1354 llic
693 1296 838 1352 enim
864 1291 1253 1350 Melchisedech
1278 1306 1374 1345 rex
1410 1287 1609 1355 Salem,
1633 1287 1885 1343 sacerdos
1910 1284 2005 1341 Dei

433 1412 452 1444 ι
481 1389 701 1455 summi,
734 1388 825 1459 qui
849 1384 1087 1441 obviavit
1111 1382 1338 1437 Abrahae
1384 1394 1630 1450 regresso
1666 1393 1698 1432 a
1742 1378 1887 1433 caede
1926 1390 2007 1432 re-

434 1502 453 1535 ι
480 1497 605 1554 gum
634 1487 689 1536 et
710 1477 981 1534 benedixit
1005 1475 1077 1540 ei,
1098 1474 1182 1528 cui
1205 1472 1442 1529 decimas
1462 1469 1643 1525 divisit
1661 1468 1952 1523 Abraham.
1982 1485 2001 1519 ι

430 1569 511 1640 (J.
543 1567 753 1640 Chrys.)
775 1565 972 1622 Volens
993 1572 1174 1619 autem
1193 1562 1390 1617 Paulus
1409 1559 1763 1616 differentiam
1793 1556 1926 1613 Novi
1954 1564 2011 1611 et

432 1657 643 1714 Veteris
673 1654 1003 1711 Testameuti
1025 1652 1330 1716 ostendere,
1346 1651 1399 1704 iu
1418 1648 1604 1707 multis
1627 1648 1732 1703 hoc
1758 1646 2006 1702 dissemi-

2095 479 2167 519 ne
2236 462 2473 518 Sichem.
2534 457 2991 515 Considerandum
3042 468 3258 524 quoque
3314 462 3403 511 est
3465 455 3683 524 quando

2096 554 2332 610 Abrahze
2364 568 2395 607 a
2433 552 2579 608 caede
2613 549 2850 606 hostium
2872 545 3185 612 revertenti,
3200 560 3338 615 quos
3363 552 3687 615 pet-secum

2097 653 2181 700 est
2207 659 2379 714 usque
2414 645 2552 707 Dan,
2591 655 2698 697 non
2733 656 2790 695 ιι.
2811 639 2896 693 via
2928 635 3249 701 Jerusalem,
3288 636 3390 691 sed
3427 634 3685 705 oppidum

2097 733 2410 807 metropolis
2438 733 2654 790 Sichem
2674 732 2731 787 in
2758 731 2951 789 itinere
2976 728 3163 795 fuerit,
3196 729 3265 785 dc
3288 743 3401 798 quo
3424 728 3480 783 in
3508 728 3691 784 Evan-

2098 826 2237 898 gelio
2284 824 2512 897 legimus
2543 841 2556 877 :
2587 842 2607 875 ι
2644 823 2775 878 Erat
2816 829 2997 885 autem
3022 820 3256 877 Joannes
3298 818 3591 889 baptisma
3628 819 3688 873 in

2099 916 2289 973 Enuon
2309 915 2464 986 juxta
2495 915 2672 971 Salem
2702 911 2937 987 [Salim],
2968 913 3097 983 quia
3112 927 3267 982 aqua:
3306 910 3495 967 multae
3522 917 3681 966 erant

2101 1006 2177 1062 ibi
2202 1005 2382 1077 (Joan.
2426 1006 2536 1078 ιιι).

2176 1124 2195 1157 ι
2221 1104 2461 1160 Primum
2481 1105 2716 1176 quidem,
2742 1104 2868 1173 quia
2884 1103 3273 1173 interpretatus
3290 1111 3379 1158 est
3404 1118 3505 1157 rex
3530 1103 3699 1173 justi-

2108 1214 2130 1250 ι
2157 1195 2266 1262 tite,
2279 1193 2474 1250 deinde
2496 1204 2676 1250 autem
2698 1202 2754 1250 et
2773 1210 2869 1250 rex
2894 1194 3251 1265 Salem,quod
3263 1204 3368 1260 est,
3384 1208 3483 1250 rex
3502 1195 3661 1264 pacis
3675 1211 3695 1224 ο

2092 1305 2129 1365 ⁵ι
2154 1286 2271 1342 sine
2294 1293 2469 1357 patre,
2496 1286 2615 1341 sine
2644 1292 2838 1350 matre,
2860 1285 2981 1340 sine
3021 1285 3354 1355 genealogis,
3376 1299 3563 1354 neque
3584 1284 3699 1337 ini-

2110 1393 2130 1429 ι
2159 1376 2293 1432 tium
2313 1375 2733 1446 dierum,neque
2753 1374 2915 1430 ﬁnem
2939 1374 3063 1429 vita:
3080 1374 3286 1430 habens
3310 1391 3326 1428 ε
3350 1372 3707 1430 assimilatas

2111 1486 2131 1519 ι
2158 1475 2341 1523 autem
2371 1466 2510 1521 Filio
2557 1466 2673 1532 Dei,
2704 1472 2886 1521 manet
2932 1464 3188 1521 sacerdos
3212 1466 3266 1520 in
3296 1473 3645 1536 perpensum.
3671 1481 3699 1515 ι

2107 1554 2315 1628 δίειῄιιε
2344 1571 2473 1612 vero
2498 1557 2687 1612 beatus
2712 1555 2910 1611 Paulus
2932 1556 3182 1611 eumdem
3209 1555 3609 1612 Melchisedech
3638 1556 3707 1609 in

2107 1654 2236 1719 typo
2267 1646 2365 1705 Dei
2402 1647 2687 1705 salvatoris
2720 1647 3052 1705 introducit:
3080 1647 3337 1715 Quamvis
3367 1663 3567 1704 omnes
3592 1647 3707 1702 Pa-

430 1758 524 1804 nat
545 1757 599 1804 et
613 1747 899 1817 jaculatur,
919 1743 1148 1800 etveluti
1169 1741 1401 1813 quodam
1429 1737 1783 1794 tintinnabula
1803 1750 2008 1808 prmoc-
2038 1740 2085 1800 Β
2112 1747 2224 1797 tres
2248 1741 2421 1797 sancti
2442 1751 2499 1797 et
2521 1740 2850 1797 Patriarchat
2876 1748 2933 1796 et
2948 1739 3232 1810 Prophetas
3261 1742 3464 1810 prioris
3484 1748 3711 1810 tempo-

428 1860 631 1917 cupans
656 1857 814 1898 aures
849 1840 1153 1896 auditorum
1194 1843 1433 1893 exercet.
1480 1832 1775 1909 Confestim
1810 1832 2008 1903 quippe

429 1936 499 1991 ab
533 1937 648 2007 ipso
678 1932 902 1988 exordio
937 1930 1041 1985 hoc
1077 1927 1260 1998 injecit
1284 1927 1484 1991 dicens,
1510 1924 1637 1994 quia
1667 1923 1771 1978 illis
1792 1923 2009 1993 quidem

430 2027 638 2079 locutus
662 2032 749 2078 est
768 2023 821 2076 in
850 2016 1148 2092 prophetis,
1171 2016 1328 2072 nobis
1359 2024 1539 2070 autem
1569 2014 1623 2069 in
1653 2012 1794 2080 ﬁlio;
1816 2019 1872 2068 et
1905 2010 2012 2068 illis

431 2116 648 2187 quidem
699 2112 1047 2168 multifariam
1082 2117 1138 2164 et
1173 2107 1360 2164 multis
1398 2107 1591 2173 modis,
1640 2104 1797 2162 nobis
1833 2111 2012 2160 autem

427 2190 532 2280 per
560 2206 746 2262 ﬁlium.
785 2203 988 2260 Deinde
1022 2202 1089 2259 de
1124 2200 1235 2257 ﬁlio
1260 2200 1490 2266 locutus,
1537 2197 1661 2269 quis
1697 2198 1802 2253 iste
1834 2196 1926 2262 sit,
1959 2202 2016 2251 et

433 2299 565 2373 quid
592 2307 844 2370 operatus
871 2297 963 2362 sit,
994 2303 1048 2352 et
1081 2294 1375 2349 admonens
1398 2288 1727 2347 credendum
1758 2286 1838 2343 illi
1871 2301 2011 2355 esse,

436 2405 506 2446 ne
529 2389 717 2445 eadem
739 2385 1029 2458 patiamur,
1062 2398 1182 2454 quae
1212 2378 1405 2446 Judtei,
1435 2381 1638 2443 dicens,
1678 2378 1803 2449 quia
1839 2377 2016 2448 ponti-

436 2482 527 2539 fex
549 2488 631 2536 est
660 2479 952 2535 secundum
987 2476 1231 2531 ordinem
1273 2472 1689 2536 Melchisedech,
1729 2479 1785 2526 et
1823 2469 2018 2539 saepius

438 2573 493 2629 in
539 2572 680 2626 hanc
721 2559 1078 2625 diﬁ‘erentiam
1124 2565 1329 2636 ingredi
1377 2563 1584 2629 volens,
1616 2569 1670 2617 et
1699 2561 1865 2617 multa
1892 2568 2017 2617 ante

437 2664 756 2734 dispensans
790 2666 845 2713 et
888 2658 1173 2728 increpans
1215 2655 1381 2712 veluti
1412 2654 1696 2724 inﬁrmos,
1739 2664 1796 2712 et
1824 2655 2019 2709 iterum

441 2768 701 2811 recurans
755 2761 811 2807 ct
853 2765 1138 2816 recreans,
1175 2757 1233 2803 ut
1267 2747 1648 2807 conﬁdentiam
1687 2749 2017 2821 reciperent;

444 2854 572 2899 tunc
593 2841 709 2911 jam
741 2840 1033 2896 introducit
1070 2837 1385 2894 differentia:
1416 2839 1682 2894 rationem
1720 2837 2021 2910 vigentibus

443 2931 779 2987 auditoribus
804 2947 817 2983 :
855 2928 949 2998 qui
973 2928 1116 2983 enim
1136 2927 1347 2982 surduit
1367 2935 1422 2982 et
1440 2926 1707 2996 desperat,
1738 2941 1845 2980 non
1866 2924 2022 2979 facile

441 3023 735 3096 quidquam
772 3020 1018 3076 advertit.
1060 3019 1127 3074 Et
1152 3027 1211 3075 ut
1236 3033 1562 3090 cognoscas,
1605 3018 1727 3074 audi
1775 3014 2021 3085 Scriptu-

2112 1832 2188 1889 ris
2212 1833 2269 1887 in
2293 1833 2471 1902 aliqua
2503 1847 2563 1888 re
2590 1832 2815 1904 ﬁguram
2838 1833 3205 1903 expresserim
3228 1832 3534 1889 Salvatoris
3561 1850 3580 1899 ;
3614 1832 3713 1887 hic

2112 1928 2291 1978 tamen
2314 1922 2706 1978 Melchisedech
2730 1921 3040 1994 specialius,
3074 1924 3164 1993 qui
3201 1938 3307 1979 non
3342 1923 3445 1979 fuit
3489 1924 3568 1978 de
3616 1937 3719 1994 ge-

2112 2026 2245 2070 nere
2267 2012 2595 2078 Judaorum,
2618 2012 2675 2067 in
2709 2021 2893 2083 typum
2929 2014 3206 2082 praecessit
3252 2014 3547 2069 sacerdotii
3580 2012 3717 2068 Filii

2113 2102 2233 2170 Dei,
2254 2102 2323 2160 de
2347 2118 2454 2173 quo
2482 2102 2681 2159 dicitur
2715 2103 2770 2158 in
2804 2117 2892 2158 cu
2918 2102 3127 2172 psalmo
3152 2122 3167 2158 :
3197 2123 3215 2155 ι
3238 2104 3318 2159 Tu
3345 2120 3408 2161 es
3440 2104 3725 2160 sacerdos

2110 2188 2171 2253 in
2199 2203 2463 2252 aeternum
2488 2195 2781 2253 secundum
2816 2196 3061 2252 ordinem
3093 2196 3500 2253 Melchisedech.
3536 2216 3563 2249 ι
3611 2194 3725 2252 0n-

2114 2286 2295 2343 dinem
2324 2295 2504 2343 autem
2530 2284 2647 2355 ejus
2670 2285 2856 2341 multis
2883 2286 3058 2343 modis
3080 2287 3519 2358 interpretantur,
3556 2284 3727 2355 quod

2117 2375 2264 2432 solus
2288 2384 2345 2433 et
2370 2393 2465 2433 rex
2492 2375 2657 2433 fuerit
2680 2374 3035 2451 etsacerdos,
3069 2385 3127 2432 et
3166 2385 3292 2433 ante
3328 2377 3731 2433 circumcisio-

2116 2484 2243 2526 nem
2268 2468 2484 2526 functus
2521 2469 2845 2536 sacerdotio,
2877 2478 2941 2525 ut
2977 2482 3085 2527 non
3130 2478 3315 2543 gentes
3359 2485 3428 2526 ex
3472 2469 3731 2535 Judaeis,

2118 2562 2214 2619 sed
2231 2560 2399 2617 Judaei
2422 2577 2455 2635 ρ
2484 2563 2736 2634 gentibus
2754 2563 3115 2619 sacerdotium
3142 2564 3476 2642 acceperint;
3516 2578 3735 2633 neque

2118 2661 2317 2711 unctus
2341 2653 2462 2709 oleo
2494 2654 2839 2727 sacerdotali,
2877 2662 2937 2709 ut
2978 2655 3152 2727 Moysi
3192 2665 3453 2727 praecepta
3496 2656 3737 2710 consti-

2118 2752 2302 2811 tuunt,
2326 2745 2420 2801 sed
2439 2744 2559 2801 oleo
2583 2725 2962 2802 exsultationis
2981 2755 3036 2801 et
3070 2725 3211 2803 ﬁdei
3239 2725 3497 2818 puritate;
3522 2761 3741 2818 neque

2120 2836 2304 2891 carnis
2337 2841 2393 2891 et
2419 2835 2697 2907 sanguinis
2722 2836 2973 2893 victimas
3015 2837 3383 2903 immolaverit,
3423 2846 3479 2894 et
3509 2838 3739 2893 bruto-

2120 2940 2243 2980 rutn
2293 2924 2608 2996 sanguinem
2648 2924 2962 2980 animalium
3008 2927 3198 2982 dextra
3233 2927 3565 2997 susceperit,
3622 2927 3741 2982 sed

2122 3028 2263 3086 pane
2294 3023 2349 3070 et
2369 3015 2498 3070 vino
2536 3014 2767 3086 simplici
2796 3030 3043 3086 puroque
3080 3017 3347 3073 sacriﬁcio
3373 3016 3583 3074 Christi
3630 3018 3745 3072 de-

442 3088 561 3172 ram
590 3088 913 3188 dicentem;
949 3131 968 3164 ι
997 3112 1064 3167 Ει
1100 3128 1206 3166 non
1243 3088 1456 3181 Moysen
1488 3109 1775 3165 audierunt
1803 3116 2023 3178 propter
2049 3088 2097 3152 Ο
2127 3104 2387 3162 dicaverit
2428 3106 2812 3162 sacerdotium.
2861 3106 2973 3163 Nec
3011 3118 3223 3166 tamen.
3250 3109 3579 3165 credendum
3643 3118 3745 3164 est

441 3207 957 3282 pusillanimitatem.
989 3222 1009 3255 ι
1068 3202 1297 3273 Propter
1333 3202 1434 3256 hoc
1472 3200 1706 3272 primum
1737 3199 2027 3255 excludeus
2127 3198 2272 3269 quod
2310 3198 2413 3254 iste
2448 3198 2844 3255 Melchisedech
2892 3199 3010 3255 sine
3052 3209 3207 3272 patre
3244 3208 3337 3255 aut
3372 3200 3489 3256 sine
3527 3210 3743 3255 matre

442 3311 707 3355 mterores
724 3309 911 3350 eorum
932 3292 1114 3347 multis
1134 3301 1190 3347 et
1210 3291 1541 3347 terribilibus
1566 3298 1621 3347 et
1644 3291 1888 3362 benignis
1908 3305 2024 3345 ser-
2126 3296 2304 3356 esset,
2342 3302 2474 3365 cum
2522 3288 2771 3354 Christus
2823 3305 3038 3361 quoque
3089 3294 3381 3349 secundum
3418 3299 3743 3363 utramque

444 3387 715 3451 monibus,
734 3383 982 3452 tuncjam
999 3397 1283 3454 aggressus
1303 3393 1384 3437 est
1406 3380 1718 3438 diﬁ‘erentiae
1741 3381 2024 3445 rationem,
2128 3386 2380 3434 naturam
2413 3387 2469 3434 et
2503 3388 2713 3450 patrem
2759 3380 2957 3436 habeat
2997 3390 3055 3436 et
3097 3390 3371 3448 matrem;
3415 3383 3511 3441 sed
3558 3384 3742 3454 Quod

446 3484 504 3532 et
525 3474 655 3545 quid
682 3472 849 3528 dixit?
874 3491 892 3523 ι
918 3471 1016 3527 Hic
1042 3471 1184 3526 enim
1209 3470 1598 3527 Melchisedech
1626 3487 1721 3528 rex
1737 3470 1917 3527 Salem
1937 3485 2026 3527 sa-
2128 3467 2311 3525 subito
2344 3468 2721 3525 introducatur
2754 3469 2811 3525 in
2842 3468 3040 3527 Genesi
3073 3471 3375 3527 occurrisse
3406 3471 3661 3527 Ahrahz
3704 3488 3742 3528 ι

445 3564 636 3620 cerdos
659 3561 754 3617 Dei
784 3561 1054 3628 altissimi,
1092 3578 1111 3613 ι
1143 3569 1199 3616 ει
1219 3563 1361 3630 quod
1382 3569 1466 3617 est
1484 3560 1809 3629 mirabilius,
1830 3562 1884 3616 in
1912 3562 2029 3633 ipso
2128 3558 2277 3617 caede
2310 3560 2550 3615 hostium
2586 3563 2919 3629 revertenti,
2959 3568 3014 3616 et
3048 3575 3150 3618 nec
3185 3569 3312 3617 ante
3363 3576 3464 3618 nec
3516 3570 3739 3634 postea

447 3663 575 3726 typo
617 3653 953 3708 demonstrat
999 3651 1223 3708 multam
1269 3667 1388 3709 esse
1440 3651 1815 3709 diﬁ‘ereutiam.
1876 3652 2031 3721 Quod
2130 3650 2248 3722 ejus
2282 3666 2480 3708 nomen
2518 3653 2603 3708 vel
2638 3652 2948 3726 genealogia
2976 3653 3283 3710 inveniatur
3309 3654 3525 3725 scripta.
3553 3653 3744 3711 Aﬁr-

446 3744 591 3800 enim
620 3742 729 3799 dixi
749 3757 814 3797 ex
842 3750 967 3814 typo
988 3756 1200 3812 semper
1215 3741 1374 3797 ﬁdem
1402 3741 1533 3797 facit
1566 3742 1779 3797 veritati
1807 3758 1869 3797 ex
1897 3757 2030 3813 prae-
2130 3751 2244 3800 mat
2285 3752 2465 3799 autem
2509 3743 2670 3814 hujus
2707 3745 2957 3817 exemplo
2987 3744 3297 3816 Apostolus,
3341 3746 3480 3816 quod
3527 3744 3741 3804 Aaron

448 3833 624 3892 teritis
642 3843 860 3905 propter
890 3832 1255 3889 inﬁrmitatem
1297 3835 1658 3902 audientium;
1699 3853 1717 3886 ι
1748 3835 1836 3890 hic
1862 3835 2031 3902 enim,

448 3924 644 3995 inquit,
674 3923 1065 3980 Melchisedech
1102 3938 1195 3979 rex
1242 3924 1419 3981 Salem
1464 3927 1714 3983 sacerdos
1749 3925 1843 3982 Dei
1884 3927 2033 3984 altis-

448 4016 595 4083 simi,
624 4015 717 4087 qni
764 4015 1002 4071 obviavit
1029 4015 1259 4072 Abrahae
1306 4018 1569 4074 remeauti
1604 4034 1634 4073 a
1667 4018 1814 4075 caede
1848 4034 2033 4091 regum

448 4117 506 4165 et
530 4108 854 4164 benedicens
878 4121 1022 4172 eum,
1048 4108 1135 4163 cui
1158 4107 1325 4163 etiam
1346 4109 1610 4165 decimam
1649 4110 1927 4167 distribuit
1966 4110 2034 4167 ab

450 4197 700 4252 omnibus
713 4196 1004 4252 Abraham.
1026 4216 1045 4249 ι
1068 4196 1231 4270 (Αιο.)
1257 4196 1501 4254 Tradunt
1521 4198 1731 4255 Hebraei
1746 4201 1893 4256 hunc
1912 4214 2034 4258 esse

452 4286 852 4356 Sem,primum
874 4284 1042 4339 ﬁlium
1068 4285 1271 4353 Noe,ct
1297 4301 1361 4343 eo
1384 4295 1622 4358 tempore
1649 4304 1755 4359 quo
1777 4299 1928 4346 ortus
1953 4282 2037 4347 est

451 4378 727 4434 Abraham
753 4374 904 4449 (Gen.
930 4376 1067 4448 xiv),
1097 4377 1348 4433 habuisse
1381 4378 1716 4449 antiquitatis
1741 4395 1911 4436 annos
1934 4380 2034 4437 du-

2132 3836 2515 3902 sacerdotium,
2548 3837 2605 3893 id
2625 3846 2729 3905 est,
2752 3838 2932 3909 p0puli
2966 3836 3271 3895 Judaorum
3301 3847 3355 3895 et
3388 3839 3743 3910 principium

2130 3924 2383 3982 habuerit
2409 3934 2465 3984 et
2484 3927 2680 3995 ﬁnem;
2707 3928 3095 3985 Melchisedech
3122 3940 3322 3996 autem,
3344 3931 3399 3986 id
3420 3939 3526 3996 est,
3552 3929 3743 3990 Chri-

2133 4016 2204 4075 Sti
2218 4026 2273 4074 et
2287 4016 2562 4085 Ecclesiae,
2594 4019 2954 4075 sacerdotium
2974 4021 3106 4076 etin
3140 4021 3465 4092 praeteritum
3491 4030 3548 4078 et
3568 4022 3743 4079 infu-

2133 4112 2313 4187 turum
2343 4116 2606 4163 azternum
2633 4108 2724 4163 sit.
2748 4107 2847 4164 Hic
2876 4123 3007 4165 vero
3034 4108 3419 4167 Melchisedech
3440 4110 3739 4182 interpre-

2133 4204 2282 4252 tatur
2309 4211 2405 4252 rex
2430 4197 2673 4268 iustitiae.
2725 4198 2856 4267 Quis
2893 4208 2979 4257 est
3008 4216 3171 4257 verus
3202 4217 3295 4257 rex
3322 4201 3574 4271 justitiae,
3610 4204 3741 4260 nisi

2134 4284 2397 4343 Dominus
2428 4295 2614 4344 noster
2639 4287 2794 4346 Jesus
2829 4284 3118 4347 Christus?
3153 4291 3347 4347 deinde
3379 4306 3473 4347 rex
3510 4289 3739 4358 Solem,

2134 4378 2239 4435 boc
2265 4386 2371 4446 est,
2398 4394 2495 4434 rex
2519 4380 2690 4449 pacis,
2734 4379 2880 4451 quod
2914 4380 3151 4451 pertinet
3181 4382 3251 4436 ad
3290 4382 3582 4439 Christum.
3608 4381 3747 4439 Isle

454 4478 643 4526 centos
674 4469 987 4540 nonaginta.
1036 4466 1148 4524 Nec
1171 4478 1316 4525 esset
1352 4469 1546 4524 mirum
1572 4469 1618 4526 si
1644 4470 2035 4529 Melchisedech
2059 4456 2114 4518 Ῑ)
2139 4484 2376 4542 namque
2410 4485 2514 4526 nos
2544 4468 2725 4540 justus
2760 4470 2925 4527 eﬁlcit
2961 4473 3253 4544 paciﬁcans
3284 4475 3462 4531 omnia
3498 4490 3626 4546 qua:
3676 4478 3744 4533 in

455 4562 648 4618 victori
664 4562 937 4618 Abraham
956 4560 1170 4618 obviam
1189 4561 1601 4632 processerit,et
1622 4562 1675 4618 in
1690 4562 2038 4620 refectionem
2138 4560 2294 4617 ccelis
2329 4569 2457 4618 sunt
2492 4569 2549 4619 et
2586 4577 2708 4633 quae
2733 4562 2789 4617 in
2822 4563 2983 4620 terris
3009 4561 3235 4637 (Coloss.
3262 4565 3327 4637 ι),
3352 4567 3443 4638 qui
3465 4567 3610 4623 solus
3642 4577 3745 4625 est

458 4665 570 4708 tam
599 4654 787 4723 ipsius,
818 4669 977 4724 quam
1003 4660 1361 4724 pugnatorum
1383 4651 1499 4722 ejus
1525 4668 1719 4725 panem
1750 4654 2040 4727 vinumque
2139 4669 2239 4712 rex
2271 4655 2498 4727 justitia:
2517 4666 2573 4714 et
2596 4659 2746 4728 pacis
2779 4658 3039 4716 Dominus
3060 4669 3247 4718 noster
3270 4661 3427 4720 Jesus
3445 4662 3741 4731 Christus,

455 4744 760 4816 protulerit,
792 4754 847 4801 et
876 4745 1304 4816 benedixeritei,
1331 4747 1474 4816 quod
1495 4762 1526 4801 a
1553 4756 1747 4819 nepote
1777 4763 1896 4816 suo,
1919 4746 2042 4818 jure
2140 4750 2234 4818 qui
2269 4748 2563 4807 secundum
2592 4748 2929 4805 divinitatem
2966 4750 3086 4806 sine
3114 4751 3285 4815 initio,
3320 4754 3437 4810 sine
3464 4755 3590 4820 ﬁne,
3622 4770 3743 4811 rex

459 4834 801 4905 patemitatis
853 4833 1092 4891 decimas
1138 4835 1334 4907 praedae
1381 4844 1544 4908 atque
1590 4838 1827 4894 victoria:
1886 4855 2042 4897 acce-

461 4923 601 4993 perit
654 4923 722 4978 ab
760 4937 846 4989 eo,
902 4925 1041 4980 sicut
1091 4925 1343 4982 sacerdos
1393 4926 1590 4982 excelsi
1633 4927 1748 4995 Dei,
1801 4929 1894 5000 qui
1942 4927 2047 4986 fuit

461 5014 625 5069 etiam
647 5029 741 5071 rex
767 5013 946 5071 Salem
966 5031 981 5071 :
999 5014 1176 5071 Salem
1195 5027 1373 5072 autem
1391 5034 1519 5084 non,
1536 5031 1589 5073 ut
1603 5018 1868 5090 Josephus
1883 5030 1937 5075 et
1950 5038 2046 5078 no-

462 5111 694 5161 strorum
721 5105 935 5177 plurimi
970 5106 1322 5175 arbitranthr,
1361 5116 1445 5165 est
1477 5108 1805 5177 Jerusalem,
1848 5128 2046 5168 nomen

463 5210 531 5252 ex
566 5195 755 5252 Graeco
802 5196 1133 5267 Hebraaoque
1165 5200 1546 5270 compositum,
1578 5201 1723 5273 quod
1750 5200 2045 5258 absurdum

463 5301 586 5343 esse
606 5286 907 5359 peregrina)
932 5286 1128 5357 lingua:
1157 5288 1381 5343 mistura
1406 5290 1741 5346 demonstrat
1758 5310 1771 5346 :
1791 5292 1883 5348 sed
1899 5292 2048 5363 oppi-

467 5378 593 5432 dum
617 5375 772 5446 juxta
799 5374 1186 5447 Scythopolim,
1210 5379 1353 5446 quod
1369 5394 1538 5449 usque
1562 5380 1721 5435 hodie
1748 5382 2046 5453 appellatur

469 5469 679 5534 Salcm,
715 5476 771 5523 et
807 5468 1108 5523 ostenditur
1137 5468 1211 5523 ibi
1245 5470 1502 5537 palatium
1546 5472 1955 5540 Melchisedech,
1980 5489 2046 5529 ex

471 5558 839 5629 magnitudine
868 5559 1145 5613 ruinarum
1184 5562 1380 5614 veteris
1408 5565 1588 5629 operis
1608 5565 1899 5620 ostendens
1929 5580 2045 5619 ma-
2072 5586 2093 5591 -

468 5651 853 5720 guiticentiam.
886 5649 964 5705 Ad
1002 5665 1161 5721 quau:
1204 5651 1475 5706 civitatem
1524 5654 1684 5708 etiam
1726 5654 1919 5725 legitur
1955 5652 2045 5709 Ja-

2141 4847 2228 4895 est
2257 4839 2636 4911 sempiternus,
2660 4854 2732 4897 ex
2755 4849 2958 4897 interno
2990 4840 3154 4898 Patre
3183 4851 3439 4911 aeternus,
3473 4848 3743 4914 quamvis

2144 4945 2212 4985 ex
2240 4931 2519 5002 temporali
2537 4939 2711 4989 matre
2729 4932 3038 5003 temporalis
3057 4943 3219 4990 esset.
3235 4935 3388 4992 Sicut
3406 4939 3546 4992 enim
3568 4937 3743 4993 istius

2147 5025 2539 5083 Melchisedech
2608 5041 2715 5083 non
2768 5026 3000 5098 legimus
3052 5027 3265 5083 initium
3307 5029 3395 5083 vel
3450 5029 3611 5084 ﬁnem
3678 5030 3738 5085 in

2149 5117 2426 5187 Scriptura
2462 5125 2653 5173 sancta
2690 5125 2977 5188 propterea
3006 5120 3150 5189 quod
3176 5135 3284 5176 non
3311 5129 3400 5177 est
3427 5120 3697 5191 scriptum
3718 5164 3735 5187 ,

2147 5207 2226 5263 sic
2259 5223 2365 5263 non
2411 5209 2657 5265 novimus
2693 5208 2817 5265 Filii
2857 5211 2952 5266 Dei
3000 5210 3340 5272 initiumch
3377 5212 3557 5279 ﬁnem,
3598 5214 3737 5284 quia

2146 5311 2253 5352 non
2279 5297 2460 5353 habet.
2479 5297 2548 5352 Et
2580 5299 2636 5353 in
2670 5301 2774 5356 hoc
2800 5309 2885 5356 est
2919 5301 3231 5368 similitudo,
3263 5304 3405 5373 quod
3434 5317 3534 5358 nec
3560 5302 3732 5368 illius,

2147 5402 2248 5443 nec
2290 5387 2467 5456 istius,
2490 5389 2699 5445 initium
2743 5390 2827 5446 vel
2874 5391 2998 5447 ﬁnis
3046 5392 3274 5463 legatur.
3324 5393 3469 5449 Illius
3510 5395 3736 5465 quidem

2148 5478 2273 5549 quia
2296 5493 2403 5534 non
2429 5479 2691 5550 scriptum
2714 5489 2817 5547 est,
2850 5482 3005 5537 istius
3025 5492 3206 5539 autem
3229 5486 3355 5556 quia
3383 5487 3603 5551 omnino
3622 5502 3733 5542 non

2149 5581 2250 5626 est.
2303 5590 2322 5621 ι
2350 5570 2635 5627 Intuemini
2674 5580 2909 5640 quantus
2936 5573 3007 5628 sit
3034 5574 3157 5640 hic,
3194 5576 3283 5631 cui
3312 5576 3549 5632 decimas
3582 5576 3733 5632 dedit

2158 5656 2270 5717 (de
2298 5662 2580 5734 praecipuis
2602 5663 2873 5736 Abraham
2892 5665 3224 5735 patriarcha.
3252 5685 3273 5719 ι
3326 5666 3601 5725 Convertit
3629 5669 3732 5722 ita-
