3992 6338
321 381 426 435 757
787 371 1332 430 ENARBATIONUM
1369 370 1435 425 IN
1471 370 1616 425 EPP.
1660 365 1860 422 PAULI
1894 365 2021 419 LIB.
2063 362 2294 420 XXVI".
2326 395 2386 404 —
2428 363 2493 417 IN
2533 361 2746 419 EPIST.
2779 337 3110 420 AD‘HEBB.
3463 361 3564 416 758

320 505 430 562 que
458 499 760 544 sermonem
794 485 860 540 ad
896 499 990 540 eos
1026 485 1117 554 qui
1160 483 1457 554 gloriantur
1497 479 1636 533 ﬁlios
1672 490 1730 531 se
1772 488 1892 530 esse
1917 479 1969 536 Α
1996 475 2049 527 in
2079 473 2272 528 lumbis
2299 482 2435 540 erat,
2465 490 2588 529 cum
2618 475 2666 529 ei
2689 475 2925 530 obviavit
2956 471 3365 537 Melchisedech,
3407 494 3424 526 ι
3461 474 3568 530 hoe

319 579 574 642 Abrahae,
616 583 670 632 et
702 577 769 632 de
807 575 1014 643 origine
1039 573 1156 643 ejus
1196 572 1525 628 nobilitatem
1551 567 1757 623 illorum
1801 565 1896 619 de-

319 671 620 734 scendisse,
635 681 795 738 quem
815 667 1009 721 divinis
1027 665 1265 722 exaltare
1285 665 1528 720 laudibus
1547 661 1892 725 contendunt,

317 759 454 814 etin
474 756 762 828 Evangelio
782 769 902 810 eum
918 756 1144 810 Domino
1162 753 1519 824 praeposuisse
1539 750 1757 821 legitur,
1771 763 1894 805 cum

317 849 512 905 dicunt
541 866 554 902 :
589 866 608 898 ‹
636 847 884 917 Nunquid
922 855 980 900 tu
1010 845 1181 914 major
1221 859 1282 900 es
1322 851 1473 914 patre
1510 849 1696 897 nostro
1724 840 1896 894 Abra-

324 955 345 988 ι
370 938 538 992 ham?
563 936 744 1008 (Joan.
775 937 892 1005 vm)
920 955 938 986 ι
977 936 1132 1005 quasi
1157 935 1378 999 diceret,
1405 947 1564 1002 quem
1591 945 1689 986 vos
1721 929 1897 985 excel-

316 1027 606 1080 lentiorem
634 1025 881 1080 omnibus
905 1024 1202 1088 aestimatis,
1237 1023 1326 1078 hic
1349 1021 1602 1077 'decimas
1639 1018 1897 1074 oli‘erehat

317 1116 736 1180 Melchisedech,
753 1123 807 1170 et
821 1117 924 1170 hoc
935 1115 1000 1168 de
1015 1114 1296 1184 praecipuis
1307 1112 1566 1174 victoriae:
1583 1111 1673 1181 qui
1687 1108 1898 1164 assimi-

316 1204 462 1260 latus
491 1213 576 1260 est
597 1204 736 1259 Filio
763 1205 880 1271 Dei,
919 1202 1159 1274 pontifex
1187 1203 1360 1258 factus
1392 1202 1446 1256 in
1475 1210 1752 1256 aeternum.
1785 1217 1804 1250 ‹
1833 1199 1898 1253 Ει

322 1315 344 1348 ι
377 1297 592 1366 quidem
609 1297 675 1350 de
691 1296 811 1352 ﬁliis
829 1295 956 1350 Levi
969 1294 1324 1350 sacerdotium
1346 1293 1666 1362 accipientes
1687 1291 1900 1345 manda-

322 1403 344 1436 ι
379 1394 492 1440 tum
531 1385 800 1440 habebant
846 1385 1086 1440 decimas
1145 1399 1356 1438 sumere
1394 1399 1427 1437 a
1460 1381 1654 1452 populo
1701 1395 1895 1436 secun-

322 1493 343 1526 ι
376 1476 502 1531 dum
540 1476 731 1547 legem,
770 1475 826 1530 id
849 1485 951 1541 est,
979 1491 1010 1529 a
1043 1475 1302 1531 fratribus
1339 1475 1471 1540 suis,
1497 1489 1804 1544 quanquam
1842 1481 1898 1528 et

248 1568 250 1570 '
320 1582 344 1614 ι
377 1565 479 1633 ipsi
509 1566 742 1620 exierint
768 1565 833 1619 de
863 1564 1058 1620 lumbis
1085 1565 1364 1620 Abrahae.»
1392 1564 1469 1635 (1.
1487 1562 1697 1634 Chrys.)
1727 1563 1897 1617 Tanta

313 1655 520 1723 quippe
543 1663 627 1709 est
655 1653 943 1709 sacerdotii
970 1653 1304 1720 excellentia,
1329 1661 1388 1707 ut
1415 1654 1602 1718 etiam,
1631 1654 1722 1722 qui
1749 1653 1897 1708 simi-

315 1741 402 1796 les
424 1750 649 1797 essenta
670 1742 1121 1812 progenitoribus,
1143 1740 1455 1822 et‘eumdem
1479 1743 1742 1797 traherent
1771 1756 1895 1810 pro-

1996 571 2098 628 est,
2130 563 2181 617 in
2207 577 2272 618 eo
2295 572 2410 616 erat
2431 563 2577 629 Levi,
2609 578 2912 632 quanquam
2959 572 3120 617 natus
3155 577 3259 617 non
3298 572 3439 618 esset
3463 559 3482 618 “;
3512 571 3571 620 ει

1996 669 2101 710 non
2127 654 2258 709 dixit
2281 654 2500 718 Levitae,
2527 656 2620 710 sed
2641 653 2786 708 Levi.
2830 653 3058 708 Intueris
3083 653 3462 708 eminentiam?
3490 654 3570 708 vi-

1996 744 2118 809 des,
2155 751 2408 812 quantum
2445 744 2670 798 interest
2708 744 2848 798 inter
2886 743 3155 797 Abraham
3200 751 3254 797 et
3299 742 3571 799 Melchise-

1994 833 2148 898 dech,
2173 833 2264 903 qui
2293 841 2471 903 typum
2499 833 2714 902 gerebat
2737 832 3002 902 pontiﬁcis
3027 833 3231 888 nostri?
3255 841 3308 887 et
3335 835 3568 890 ostendit

1994 923 2366 979 excellentiam
2402 923 2680 991 potestatis
2712 938 2818 977 non
2860 938 2924 978 ex
2973 923 3291 978 necessitate
3328 923 3565 979 factam:

1995 1015 2085 1070 ille
2112 1015 2308 1084 quippe
2335 1014 2480 1068 dedit
2503 1015 2737 1070 decimas
2754 1055 2769 1078 ,
2799 1015 2939 1084 quod
2967 1014 3201 1085 pertinet
3227 1013 3293 1068 ad
3317 1015 3571 1070 sacerdo-

1994 1111 2123 1169 tem,
2159 1104 2261 1158 iste
2281 1104 2572 1169 benedixit,
2598 1118 2662 1158 eo
2684 1106 2823 1174 quod
2851 1112 2994 1160 esset
3019 1105 3228 1170 melior,
3263 1106 3362 1160 ista
3393 1106 3572 1161 excel-

1995 1195 2158 1251 lentia
2177 1203 2232 1250 et
2252 1196 2318 1249 ad
2347 1195 2652 1265 progenitos
2675 1209 2860 1249 omnes
2889 1195 3218 1265 pertransiit.
3256 1195 3572 1250 Mirabiliter

1994 1296 2050 1342 et
2081 1286 2288 1342 fortiter
2312 1285 2537 1356 exclusit
2557 1285 2806 1342 Judaicas
2830 1286 3082 1340 rationes.
3113 1285 3401 1355 Propterea
3425 1286 3570 1340 dice-

1996 1377 2110 1442 bat,
2144 1395 2162 1427 ‹
2191 1375 2315 1445 quia
2337 1375 2630 1430 imbecilles
2657 1375 2782 1430 facti
2809 1376 3007 1440 estis,»
3038 1375 3161 1446 quia
3191 1377 3304 1430 haec
3328 1386 3582 1431 evertere-

1994 1467 2224 1535 volebat,
2252 1483 2320 1522 ne
2343 1466 2699 1537 gloriarentur
2721 1469 2775 1523 in
2794 1469 2892 1523 eis.
2933 1468 3076 1523 Talis
3099 1469 3240 1522 enim
3261 1476 3343 1523 est
3363 1469 3571 1538 sapien-

1995 1559 2070 1614 tia
2111 1557 2282 1623 Pauli,
2305 1559 2578 1628 praestruit
2599 1559 2830 1627 primum
2857 1567 2912 1614 et
2940 1566 3064 1614 tunc
3088 1559 3385 1630 ingreditur
3411 1559 3479 1614 ad
3506 1574 3572 1614 ea

1995 1664 2120 1720 quae
2159 1649 2272 1703 vult
2311 1647 2614 1704 ostendere.
2649 1666 2667 1698 ι
2695 1646 2750 1702 Si
2780 1664 2907 1720 ergo
2931 1650 3320 1705 consummatio
3351 1665 3450 1719 per
3486 1665 3573 1706 sa.

2002 1757 2020 1790 ι
2049 1738 2344 1795 cerdotium
2389 1736 2686 1792 Leviticum
2724 1747 2842 1793 erat
2879 1739 3125 1811 (populus
3158 1743 3300 1796 enim
3332 1743 3430 1797 sub
3455 1743 3574 1812 ipso

315 1836 642 1904 genitorem,
683 1844 859 1890 tamen
889 1835 1056 1890 multo
1084 1819 1312 1905 amplius
1337 1833 1588 1890 meliores
1618 1847 1737 1888 esse
1759 1831 1900 1902 judi-
1925 1819 1972 1878 B
2006 1847 2024 1880 ι
2053 1827 2224 1898 legem
2253 1827 2502 1899 accepit),
2523 1828 2650 1896 quid
2675 1828 2848 1883 adhuc
2870 1831 3232 1885 necessarium
3255 1829 3356 1885 fuit
3383 1846 3547 1886 secun
3574 1869 3576 1872 μ

318 1924 488 1979 dicati
519 1933 644 1979 sunt
669 1940 701 1978 a
728 1923 984 1980 fratribus
1008 1925 1149 1991 suis,
1176 1924 1266 1994 qui
1291 1924 1590 1980 sacerdotio
1621 1925 1763 1994 digni
1789 1922 1900 1979 elli-

315 2013 576 2070 ciuntur:
601 2015 766 2070 veluti
789 2014 970 2070 Aaron
996 2015 1138 2069 inter
1167 2016 1318 2070 vivos
1348 2030 1411 2070 ac
1440 2024 1699 2081 mortuos,
1720 2023 1780 2071 ut
1806 2016 1899 2071 Dei

313 2101 461 2157 iram
509 2103 748 2173 placaret
787 2119 906 2174 quae
953 2113 1251 2170 exarserat,
1298 2115 1447 2161 stare
1485 2105 1716 2177 legitur;
1758 2107 1899 2176 quod

313 2203 608 2264 propterea
665 2211 732 2251 ex
773 2197 968 2267 populo
1007 2196 1186 2252 facere
1231 2205 1484 2267 poterat,
1539 2197 1664 2254 licet
1713 2214 1901 2254 omnes

314 2301 490 2340 unum
527 2287 793 2343 haberent
828 2289 1245 2359 progenitorem.
1298 2289 1530 2344 Proinde
1569 2289 1682 2360 ipse
1724 2289 1898 2346 Abra-

315 2378 451 2432 ham
478 2377 622 2433 nullo
645 2380 803 2435 modo
823 2379 1136 2450 alienigenae
1163 2381 1400 2436 decimas
1429 2380 1662 2436 dedisset
1686 2381 1900 2436 exuvia-

317 2482 466 2534 rum,
497 2469 600 2524 nisi
625 2469 887 2539 plurimus
912 2478 966 2525 et
987 2471 1414 2540 superexcellens
1447 2480 1589 2528 esset
1613 2473 1778 2542 ipsius
1805 2474 1901 2528 ho-

315 2575 428 2617 nor
477 2561 692 2636 Deoque
742 2563 846 2617 hoc
897 2562 1108 2632 placere
1153 2563 1504 2632 comperisset
1547 2581 1562 2618 :
1612 2565 1901 2621 ostendens

317 2650 490 2705 etiam
527 2651 961 2706 incircumcisum
999 2651 1334 2708 sacerdotem
1366 2653 1632 2710 sacerdoti
1675 2653 1903 2709 circum-

316 2744 437 2798 ciso
485 2741 652 2796 multo
693 2757 812 2798 esse
866 2742 1252 2798 sublimiorem.
1296 2742 1572 2810 Quomodo
1626 2757 1753 2815 ergo
1799 2744 1902 2798 hoc

313 2832 600 2889 ostendit?
632 2832 766 2899 Quia
790 2833 904 2902 ipse
939 2833 1088 2898 Levi,
1129 2849 1196 2888 ex
1233 2849 1341 2903 quo
1371 2834 1702 2889 sacerdotale
1736 2849 1903 2904 genus

315 2928 503 2975 ortum
532 2929 636 2986 est,
659 2921 956 2976 decimatus
975 2930 1059 2976 εει
1094 2923 1150 2976 in
1184 2922 1378 2977 lumbis
1405 2923 1767 2994 progenitoris
1798 2923 1900 2978 sui.

323 3031 342 3063 (
374 3011 538 3082 Cujus
564 3019 744 3066 autem
763 3013 1036 3083 generatio
1061 3028 1166 3068 non
1193 3023 1578 3067 annumeratur
1602 3013 1658 3066 in
1689 3013 1788 3079 eis,
1811 3013 1904 3068 de-

323 3121 345 3154 ι
378 3103 547 3157 cimas
568 3102 794 3171 sumpsit
813 3101 1158 3156 abAbraham
1177 3111 1231 3158 et
1259 3095 1422 3168 hunc,
1441 3103 1532 3172 qui
1558 3103 1791 3160 habebat
1819 3119 1903 3160 re-

321 3212 343 3244 (
375 3163 760 3263 promissiones
792 3193 1064 3247 benedixit
1095 3211 1108 3247 :
1135 3193 1250 3248 sine
1286 3194 1394 3248 ulla
1422 3163 1598 3248 autem
1625 3195 1898 3250 contradi-
1927 3163 1972 3227 δ

322 3303 343 3337 σ
375 3286 576 3351 ctione,
620 3285 761 3354 quod
801 3285 978 3340 minus
1020 3294 1133 3351 est,
1175 3300 1204 3339 a
1245 3286 1447 3355 majore
1490 3285 1844 3350 benedicitur.
1876 3307 1894 3340 ι

315 3375 490 3447 (Αιδ.)
538 3375 630 3432 llle
653 3383 832 3429 autem
862 3376 954 3443 qui
982 3376 1099 3431 sine
1127 3375 1439 3446 genealogia
1475 3386 1579 3441 est,
1633 3377 1688 3430 in
1726 3376 1899 3431 Abra-

315 3470 448 3524 ham
488 3471 784 3524 decimatus
802 3477 902 3535 est,
928 3484 1032 3523 non
1063 3469 1234 3538 solum
1259 3470 1408 3535 Levi,
1437 3485 1624 3524 verum
1654 3470 1817 3524 etiam
1846 3479 1901 3525 et

223 3631 230 3636 _
316 3561 440 3630 ipse
479 3561 679 3628 Aaron,
720 3561 811 3630 qui
853 3561 1087 3616 decimas
1117 3561 1321 3616 solebat
1356 3561 1598 3630 accipere
1626 3577 1657 3614 a
1681 3561 1900 3631 populo,

315 3657 381 3706 et
415 3667 513 3722 per
552 3667 673 3706 eum
709 3666 868 3706 omne
902 3650 1258 3705 sacerdotium
1289 3650 1604 3705 Leviticum.
1663 3651 1773 3706 Nec
1803 3651 1904 3706 hoc

315 3739 443 3795 loco
480 3748 762 3796 contentus
789 3747 874 3795 εει
911 3748 1076 3805 stare,
1121 3741 1215 3794 sed
1257 3739 1431 3795 adhuc
1471 3740 1659 3808 majori
1698 3741 1902 3796 honore

315 3829 581 3885 exaltavit
611 3847 754 3896 eum,
786 3831 877 3900 qui
907 3829 1126 3884 alterius
1159 3839 1241 3884 est
1261 3829 1493 3900 generis,
1525 3831 1710 3885 dicens
1741 3847 1755 3884 :
1786 3848 1805 3880 ‹
1834 3829 1902 3884 Ει

315 3937 472 3989 eunt,
504 3924 591 3993 qui
614 3923 844 3978 habebat
870 3921 1672 3991 repromissiones,benedixit.i
1705 3922 1901 3976 Osten-

319 4013 404 4068 dit
433 4020 488 4066 et
516 4013 968 4067 honorabiliorem
1001 4026 1119 4067 esse
1160 4011 1306 4066 illum
1352 4027 1418 4067 ex
1465 4011 1738 4066 communi
1788 4027 1903 4068 om-

317 4103 473 4158 nium
489 4103 711 4172 judicio,
742 4110 796 4157 et
825 4103 941 4158 sine
967 4103 1069 4157 ulla
1099 4104 1544 4168 contradictione,
1579 4103 1769 4172 inquit,
1801 4103 1904 4158 hoc

314 4200 432 4258 est,
463 4193 711 4247 omnibus
742 4193 859 4247 luce
883 4192 1081 4248 clarius
1100 4194 1330 4259 videtur,
1353 4195 1494 4264 quod
1526 4195 1701 4249 minus
1731 4210 1760 4248 a
1783 4209 1900 4248 ma-

312 4279 443 4349 jore
483 4280 816 4336 benedicitur
848 4299 862 4335 :
889 4281 1112 4350 proinde
1149 4282 1339 4336 melior
1377 4294 1459 4336 est
1507 4290 1660 4353 typus
1701 4281 1901 4336 Christi

321 4371 490 4425 etiam
537 4371 604 4426 ab
660 4385 724 4425 eo
767 4371 856 4439 qui
895 4371 1277 4440 promissiones
1320 4371 1570 4426 habebat.
1624 4370 1758 4425 Nam
1815 4370 1902 4426 ille

2003 1941 2022 1975 ι
2053 1923 2180 1977 dum
2213 1921 2454 1995 ordinem
2485 1921 2880 1978 Melchisedech
2913 1922 3078 1977 alium
3119 1939 3341 1994 surgere
3388 1939 3570 1980 sacer-

2003 2031 2023 2064 ι
2052 2013 2260 2080 dotem,
2315 2013 2392 2069 et”
2422 2027 2531 2068 non
2572 2014 2866 2069 secundum
2916 2015 3160 2069 ordinem
3203 2015 3384 2070 Aaron
3427 2017 3575 2072 dici?

2004 2085 2312 2158 {translato
2355 2102 2499 2158 enim
2539 2103 2872 2168 sacerdotio,
2912 2118 3131 2159 necesse
3155 2113 3238 2160 est
3263 2115 3322 2159 ut
3361 2115 3415 2161 et
3442 2105 3575 2177 legis

2003 2214 2022 2247 ί
2053 2194 2333 2250 translatio
2352 2194 2495 2249 fiat.»
2524 2194 2687 2266 (Alb.)
2709 2194 2846 2250 Hinc
2860 2195 3002 2250 enim
3028 2195 3214 2266 incipit
3234 2197 3444 2253 Veteris
3470 2197 3578 2253 No-

1997 2288 2157 2358 vique
2177 2287 2506 2343 Testamenti
2532 2289 2859 2348 differentias
2893 2294 3194 2360 ostendere,
3212 2295 3394 2350 dicens
3426 2313 3437 2348 :
3469 2313 3488 2346 ι
3519 2294 3577 2349 Si

1998 2378 2142 2432 enim
2171 2379 2582 2446 consummatio,
2612 2399 2632 2431 ι
2663 2380 2718 2435 id
2743 2390 2830 2436 est
2867 2381 3124 2452 perfectio
3157 2404 3176 2434 ‹
3203 2398 3300 2454 per
3328 2384 3579 2439 sacerdo-

1999 2469 2132 2525 tium
2148 2469 2448 2524 Leviticum
2469 2470 2624 2538 fuit,»
2649 2473 2777 2542 quid
2809 2488 3028 2529 necesse
3049 2474 3148 2529 fuit
3169 2475 3333 2529 alium
3358 2489 3580 2546 surgere

2000 2561 2379 2616 sacerdotem?
2414 2560 2548 2616 Nam
2577 2563 2756 2619 Aaron
2784 2567 3016 2636 primum
3040 2575 3160 2638 post
3183 2566 3356 2638 legem
3397 2567 3579 2623 datam
3645 2637 3652 2644 ι

2000 2653 2333 2708 sacerdotem
2371 2654 2436 2709 de
2465 2653 2607 2709 tribu
2655 2655 2784 2710 Levi
2827 2671 2970 2725 esse,
3014 2658 3146 2714 nulli
3188 2659 3406 2714 dubium
3445 2655 3576 2714 est:

2001 2744 2122 2799 ideo
2148 2745 2509 2800 sacerdotium
2555 2761 2661 2816 quo
2684 2747 2900 2804 functus
2935 2759 3039 2814 est,
3070 2749 3364 2804 Leviticum
3398 2751 3575 2804 nomi-

2001 2837 2150 2891 navit
2191 2829 2596 2893 sacerdotium':
2636 2855 2742 2908 quo
2785 2841 3084 2896 sacerdotio
3130 2841 3368 2896 Levitico
3413 2841 3582 2896 multo

2002 2929 2194 2984 melior
2215 2928 2606 2984 Melchisedech
2635 2929 2686 2983 in
2711 2929 2901 2986 ordine
2927 2931 3246 2987 sacerdotali
3275 2929 3448 2986 factus
3475 2941 3580 2996 est,

2003 3020 2096 3089 qui
2131 3028 2316 3092 typum
2354 3020 2574 3091 gerebat
2611 3022 2905 3077 sacerdotis
2945 3022 3136 3087 nostri,
3171 3021 3224 3076 id
3253 3030 3334 3077 est
3367 3021 3582 3098 Domini

2003 3113 2173 3166 nostri
2205 3111 2500 3166 Salvatoris
2534 3112 2737 3166 mundi.
2784 3111 3131 3182 Nequaquam
3159 3114 3300 3167 enim
3332 3113 3580 3180 dixisset,

2008 3222 2027 3256 ‹
2056 3204 2350 3259 secundum
2394 3204 2640 3266 ordinem
2683 3203 3094 3270 Melchisedech,
3124 3225 3142 3255 ι
3171 3206 3215 3260 si
3251 3205 3379 3260 illud
3403 3222 3580 3262 sacer-

2002 3294 2204 3350 dotium
2229 3294 2410 3349 Aaron
2436 3295 2628 3350 melius
2658 3303 2820 3360 esset,
2854 3296 2954 3350 sub
2978 3305 3084 3364 Quo
3109 3297 3334 3366 populus
3364 3297 3579 3353 Judan-

2004 3400 2121 3438 rum
2151 3384 2324 3455 legem
2355 3392 2684 3454 susceperat.
2726 3385 2784 3439 Si
2823 3385 2987 3456 igitur
3021 3387 3305 3442 sacerdotii
3346 3388 3578 3443 transla-

2002 3477 2076 3530 tio
2092 3483 2192 3542 est,
2218 3490 2438 3532 necesse
2458 3485 2542 3531 est
2560 3477 2721 3532 etiam
2738 3477 2869 3547 legis
2885 3492 3004 3532 esse
3031 3479 3453 3534 translationem.
3475 3478 3580 3536 Ne-

2001 3582 2105 3636 que
2138 3567 2280 3621 enim
2309 3575 2488 3637 potest
2524 3569 2774 3623 sacerdos
2817 3570 2934 3624 sine
2976 3571 3318 3627 Testamento
3364 3588 3483 3628 esse
3525 3583 3581 3629 et

2001 3659 2118 3712 sine
2144 3657 2281 3728 lege,
2308 3668 2364 3713 et
2393 3659 2508 3713 sine
2539 3661 2841 3730 praeceptis.
2899 3680 2917 3712 ‹
2945 3660 3003 3714 In
3033 3677 3140 3731 quo
3173 3662 3313 3716 enim
3347 3663 3461 3718 haec
3493 3662 3577 3717 di-

2005 3765 2024 3797 (
2053 3757 2268 3810 cuntur,
2302 3747 2368 3801 de
2404 3747 2506 3801 alia
2533 3747 2672 3802 tribu
2705 3759 2808 3814 est,
2834 3749 2900 3803 de
2923 3763 3028 3818 qua
3053 3750 3228 3804 nullus
3254 3751 3409 3805 altari
3439 3768 3576 3821 prae-

2007 3853 2025 3886 ι
2055 3844 2140 3890 sto
2164 3835 2282 3889 fuit.
2311 3836 2649 3891 Manifestum
2687 3846 2770 3893 est
2795 3840 2939 3892 enim
2975 3841 3116 3908 quod
3148 3855 3212 3893 ex
3251 3840 3384 3895 Iuda
3428 3852 3580 3898 ortus

2007 3943 2024 3974 ι
2053 3925 2404 3981 estDominus
2425 3935 2640 3992 noster;
2669 3928 2725 3982 in
2752 3943 2856 3998 qua
2874 3928 3013 3982 tribu
3041 3930 3173 3984 nihil
3195 3930 3260 3984 de
3287 3933 3580 3988 sacerdoti-

2007 4035 2024 4067 ι
2052 4017 2152 4070 bus
2180 4016 2385 4086 Moyses
2415 4016 2622 4072 locutus
2646 4027 2778 4073 est.»
2802 4020 2856 4072 In
2881 4034 2986 4088 quo
3016 4021 3160 4074 enim
3190 4022 3284 4087 ait,
3307 4023 3358 4076 id
3379 4033 3481 4089 est,
3509 4025 3578 4080 de

1999 4124 2106 4178 quo
2125 4110 2237 4163 haec
2259 4109 2398 4163 dicta
2421 4118 2568 4173 sunt,
2585 4111 2867 4166 Dominum
2887 4111 3198 4183 signiﬁcans
3219 4113 3572 4171 Salvatorem.

2001 4197 2136 4252 Dum
2152 4197 2202 4251 id
2221 4197 2537 4252 translatum
2553 4208 2634 4254 est
2654 4201 3028 4266 sacerdotium,
3046 4203 3203 4258 simul
3219 4212 3274 4259 et
3289 4212 3576 4261 testamen-

2001 4297 2112 4341 tum
2139 4288 2452 4343 translatum
2477 4299 2560 4345 est
2588 4308 2600 4344 :
2634 4307 2739 4346 non
2763 4300 2940 4349 autem
2965 4295 3152 4350 ordine
3184 4299 3572 4364 tantummodo,

2000 4395 2173 4450 neque
2188 4383 2488 4452 praeceptis,
2508 4383 2601 4439 sed
2616 4384 2776 4438 etiam
2800 4386 2942 4441 tribu
2961 4405 2973 4440 :
2989 4389 3268 4457 oportebat
3288 4390 3504 4460 quippe,
3518 4401 3577 4446 ut

319 4464 416 4533 qui
442 4463 736 4518 secundum
765 4462 1003 4517 ordinem
1035 4461 1422 4517 Μειειιὶεεᾱεειι
1467 4464 1641 4517 factus
1681 4471 1764 4517 est
1809 4477 1897 4516 sa-
1925 4494 1977 4553 D
2002 4475 2164 4530 etiam
2195 4483 2512 4530 mutaretur.
2555 4477 2622 4531 Ει
2643 4479 2910 4548 quomodo
2938 4481 3253 4534 translatum
3284 4491 3366 4536 est
3394 4499 3576 4538 sacer.

316 4553 516 4606 cerdos
544 4553 597 4606 in
626 4560 910 4617 aeternum,
936 4551 1088 4622 cujus
1115 4561 1296 4622 typum
1325 4551 1542 4622 gerebat
1564 4551 1728 4606 etiam
1759 4552 1897 4606 idem

317 4641 738 4708 Melchisedech,
776 4643 887 4712 ipse
919 4643 1260 4712 semetipsum
1292 4643 1485 4698 obtulit
1521 4643 1749 4699 hostiam
1788 4644 1900 4700 Deo

316 4736 641 4806 placentem,
674 4751 782 4791 non
811 4751 878 4790 ex
904 4737 1224 4791 necessitate
1259 4737 1516 4808 qualibet,
1562 4736 1656 4791 sed
1693 4751 1759 4790 ex
1803 4751 1898 4792 vo-

316 4827 532 4882 luntate
573 4827 806 4897 propriae
841 4827 1144 4897 potestatis,
1185 4828 1425 4899 designat
1463 4812 1554 4898 qui
1584 4828 1716 4882 nihil
1741 4829 1901 4884 morti

317 4918 533 4984 debuit,
563 4919 763 4974 idcirco
793 4919 1086 4988 pontiﬁcali
1111 4918 1376 4975 sacriﬁcio
1406 4920 1486 4974 sui
1519 4921 1759 4989 corporis
1786 4935 1900 4976 om-

316 5006 474 5061 nium
518 5006 687 5061 abluit
726 5015 965 5076 peccata.
1013 5028 1030 5060 (
1064 5009 1130 5062 Ει
1173 5009 1260 5064 hic
1299 5009 1514 5079 quidem
1543 5010 1778 5076 decimas
1804 5011 1899 5064 ho-

324 5115 348 5148 c
377 5098 551 5152 mines
591 5099 838 5152 morituri
882 5098 1170 5168 accipiunt,
1211 5101 1281 5154 ibi
1325 5109 1500 5154 autem
1545 5107 1894 5165 contestatus,

321 5206 345 5238 ς
374 5188 498 5256 quia
526 5188 678 5253 vivit,
696 5197 751 5242 et
775 5198 831 5243 ut
850 5189 921 5242 ita
942 5187 1141 5244 dictum
1167 5190 1236 5244 sit
1259 5205 1355 5259 per
1375 5191 1642 5245 Abraham
1666 5198 1719 5245 et
1745 5191 1894 5257 Levi,

323 5298 346 5331 ι
373 5279 463 5348 qui
485 5281 724 5336 decimas
753 5281 966 5349 accipit.
990 5282 1285 5338 decimatus
1303 5293 1390 5338 est
1414 5304 1426 5338 ε
1456 5285 1633 5339 adhuc
1666 5287 1807 5340 enim
1841 5288 1892 5340 in

323 5385 346 5420 ι
375 5367 573 5424 lumbis
586 5370 752 5440 patris
763 5378 902 5435 erat,
917 5372 1128 5440 quando
1137 5373 1435 5428 obviavitet
1447 5373 1852 5431 Melchisedech.
1869 5396 1886 5429 ι

318 5457 399 5528 (J.
424 5458 636 5530 Chrys.)
655 5459 760 5515 Sed
782 5476 850 5516 ne
867 5461 1108 5518 dicamus
1129 5463 1295 5535 [dicat
1316 5465 1457 5538 quis]
1475 5480 1489 5518 :
1507 5466 1642 5533 Quid
1667 5468 1732 5522 ad
1755 5469 1897 5522 anti-

315 5561 425 5613 qua
452 5549 787 5603 reverteris?
819 5551 915 5605 Dic
951 5552 1169 5606 nobis...
1189 5555 1455 5621 quomodo
1475 5553 1580 5608 dici
1601 5555 1801 5610 solet...
1832 5558 1898 5613 Et

317 5637 458 5692 bene
488 5638 635 5693 illum
668 5641 968 5712 appellavit.
993 5661 1011 5693 ‹
1033 5641 1416 5699 PerAbraham
1439 5654 1493 5700 et
1512 5645 1639 5702 Levi
1665 5649 1896 5704 decima-

318 5736 432 5782 tum
463 5746 605 5798 esse,
634 5733 724 5804 qui
759 5733 997 5791 decimas
1022 5735 1243 5806 accepit.
1275 5757 1292 5790 ι
1323 5734 1636 5804 Quomodo?
1663 5758 1682 5790 ι
1707 5740 1898 5798 Adhuc

2001 4567 2204 4621 dotium
2223 4583 2290 4622 ex
2306 4567 2445 4623 tribu
2469 4569 2536 4623 ad
2557 4571 2774 4635 tribum,
2793 4572 2859 4626 de
2879 4571 3194 4626 sacerdotali
3217 4573 3284 4627 ad
3307 4575 3574 4644 regalem?

2001 4657 2070 4713 Ut
2097 4660 2284 4714 eadem
2318 4660 2430 4729 ipsa
2459 4660 2531 4715 sit
2567 4670 2622 4716 et
2662 4662 2856 4732 regalis
2899 4671 2952 4717 et
2988 4665 3351 4721 sacerdotalis.
3393 4666 3458 4721 Et
3503 4669 3575 4724 in«

2001 4755 2150 4804 tuere
2197 4750 2512 4819 mysterium
2559 4769 2572 4804 :
2621 4753 2795 4820 primo
2841 4751 2942 4806 fuit
2985 4753 3160 4823 regale
3213 4757 3570 4814 sacerdotium

2001 4837 2390 4894 Melchisedech
2413 4841 2708 4895 secundum
2730 4844 3166 4911 consequentiam
3194 4847 3350 4916 hujus
3371 4863 3572 4906 sermo-

1998 4929 2124 4994 nis;
2170 4930 2458 4985 secundum
2512 4931 2673 4985 etiam
2721 4930 2822 4985 fuit
2869 4935 3198 4991 sacerdotale
3244 4937 3298 4992 in
3349 4941 3565 5009 Aaron;

2000 5019 2216 5074 tertium
2253 5020 2311 5095 in.
2335 5019 2548 5075 Christo
2569 5020 2669 5075 fuit
2693 5021 2885 5077 iterum
2925 5025 3134 5093 regale,
3179 5029 3270 5098 qui
3318 5043 3412 5084 rex
3452 5045 3571 5088 erat

1997 5125 2209 5180 semper
2233 5128 2246 5164 :
2281 5111 2534 5166 sacerdos
2559 5119 2737 5168 autem
2777 5114 2950 5171 factus
2975 5125 3078 5183 est,
3107 5121 3322 5188 quando
3351 5138 3566 5179 carnem

1996 5200 2251 5269 suscepit,
2278 5201 2491 5270 quando
2518 5203 2840 5258 sacriﬁcium
2866 5207 3076 5262 obtulit.
3125 5208 3286 5264 Vides
3317 5213 3570 5268 mutatio-

1996 5305 2115 5343 nem
2148 5291 2360 5346 rerum?
2388 5291 2516 5358 Quae
2537 5295 2680 5348 enim
2700 5311 2799 5365 per
2827 5298 3228 5356 translationem
3258 5302 3394 5358 facta
3422 5314 3564 5372 sunt,

1995 5381 2108 5434 hare
2147 5380 2308 5434 veluti
2345 5396 2409 5435 ex
2445 5397 2623 5438 rerum
2662 5389 2978 5454 constantia,
3022 5393 3175 5460 quasi
3217 5409 3352 5449 nova
3390 5397 3567 5451 redire

1993 5469 2264 5524 videntur.

2073 5577 2091 5610 ‹
2120 5559 2186 5614 Ει
2225 5561 2451 5631 amplius
2479 5563 2652 5620 adhuc
2679 5567 3021 5624 manifestum
3053 5577 3165 5636 est,
3195 5571 3240 5624 si
3273 5572 3563 5627 secundum

2003 5667 2022 5700 ι
2051 5649 2292 5705 ordinem
2327 5651 2713 5711 Melchisedech
2744 5666 2998 5729 exsurgat
3028 5659 3164 5714 alius
3189 5660 3563 5730 sacerdos,qui

2001 5761 2019 5794 ‹
2047 5757 2150 5798 non
2195 5747 2487 5802 secundum
2519 5747 2688 5820 legem
2721 5751 2957 5806 mandati
2983 5752 3215 5808 carnalis
3245 5753 3435 5817 factus.
3472 5756 3565 5810 sed
