3992 6338
427 271 530 326 759

1057 272 1119 328 Β.
1156 271 1409 329 RABANI
1443 273 1662 331 MAURI
1698 275 2012 332 ARCHIEI‘.
2055 275 2362 332 MOGUNT.
2399 275 2683 333 OI-‘ERUM
2725 275 2904 332 PARS
2944 277 3031 333 Ill.

3574 275 3689 330 760

429 406 444 436 ι
476 381 768 440 secundum
811 384 1063 440 virtutem
1123 387 1247 442 vitae
1293 386 1614 443 insolubilis.
1657 387 2001 444 Contestatur
2025 392 2076 452 Α
2107 409 2125 441 ι
2152 390 2230 444 xit
2265 390 2332 445 ad
2370 390 2516 445 illum
2550 389 2799 446 :Juravit
2837 391 3095 446 Dominus
3139 398 3195 445 et
3242 406 3348 446 non
3393 391 3690 462 paenitebit

427 497 444 528 ι
473 477 615 532 enim
643 477 895 546 quoniam
929 485 984 532 tu
1012 493 1072 533 es
1102 479 1352 534 sacerdos
1391 479 1446 533 in
1485 489 1768 545 aeternum,
1801 493 1995 535 secun-

428 585 446 615 ι
476 567 600 619 dum
648 566 892 620 ordinem
941 566 1346 624 Melchisedech.
1379 587 1398 621 ι
1453 567 1654 623 Novam
1724 570 1826 624 hoc
1879 568 1997 624 loco

425 654 780 710 diﬁ‘erentiam
833 656 1071 711 instituit
1108 658 1252 712 inter
1293 659 1654 714 sacerdotium
1699 658 1998 714 chiticum

455 757 476 802 t
502 748 856 802 sacerdotium
879 747 1077 802 Christi
1103 767 1115 801 :
1142 749 1268 818 quia
1305 747 1432 802 illud
1466 748 1700 814 carnale,
1738 749 1840 804 hoc
1865 764 1996 828 vero

422 842 696 912 spiritale;
721 841 848 896 illud
875 842 1190 912 temporale,
1211 842 1315 896 hoc
1338 854 1468 896 vero
1498 849 1757 896 :cternum
1777 849 1880 896 est.
1905 841 1995 896 Di-

419 936 494 988 cit
513 935 655 989 enim
686 934 752 988 de
780 934 1081 989 sacerdOtio
1107 933 1286 989 Aaron
1307 951 1349 987 ει
1371 935 1662 989 secundum
1683 933 1854 1004 legem
1876 950 1995 990 car-

419 1025 557 1080 nalis
594 1025 852 1079 mandati.
877 1044 896 1077 ›
924 1024 1036 1079 Lex
1061 1025 1258 1094 quippe
1283 1023 1371 1078 illa
1400 1038 1467 1078 ex
1501 1023 1667 1078 multa
1701 1035 1856 1095 parte
1874 1039 1994 1080 car-

417 1117 554 1172 nalis
566 1125 683 1172 erat
697 1135 712 1172 :
728 1117 784 1171 in
801 1116 1212 1172 circumcisione
1229 1115 1426 1180 carnis,
1445 1115 1498 1170 in
1516 1116 1862 1172 mundatione
1881 1131 1995 1172 car-

416 1211 523 1275 nis,
555 1210 608 1264 in
640 1210 832 1265 hostiis
859 1219 914 1266 et
941 1209 1302 1265 oblationibus
1331 1209 1656 1274 carnalibus,
1701 1209 1757 1265 in
1799 1209 1994 1268 discre-

415 1302 563 1356 tione
585 1300 847 1366 cihorum,
878 1299 1108 1366 dierum,
1133 1309 1435 1372 temporum
1460 1299 1644 1365 etiam,
1677 1308 1732 1355 et
1755 1299 1808 1355 in
1836 1299 1994 1356 retri-

416 1392 663 1458 butione,
702 1392 896 1463 quibus
941 1392 1402 1450 benefacientibus
1427 1434 1442 1460 ,
1479 1400 1535 1448 et
1593 1393 1766 1465 legem
1807 1403 1993 1450 custo~

413 1480 702 1547 dientibus,
731 1496 834 1551 pax
860 1488 916 1537 et
948 1483 1228 1549 securitas,
1258 1491 1314 1539 et
1335 1483 1664 1555 prOSpcritas
1695 1492 1749 1540 et
1779 1483 1991 1556 frugum

414 1571 742 1627 abundantia
766 1582 823 1628 et
851 1575 998 1645 regni
1026 1575 1266 1645 potentia
1307 1575 1571 1646 promissa
1595 1584 1696 1641 est,
1729 1591 1849 1646 qua:
1871 1591 1990 1632 om-

411 1663 500 1717 nia
542 1673 716 1718 morte
753 1662 984 1719 ﬁnienda
1017 1673 1191 1720 erant.
1225 1664 1330 1720 Sed
1369 1681 1474 1720 non
1513 1667 1586 1722 ita
1629 1668 1989 1722 sacerdotium

2103 497 2292 547 «eum,
2340 491 2397 536 tu
2440 497 2500 537 es
2548 483 2800 538 sacerdos
2843 484 2896 538 in
2938 491 3218 538 aeternum.
3250 502 3267 534 ι
3321 483 3686 546 lntroductio,

2095 570 2290 640 inquit,
2313 570 2551 625 melioris
2581 571 2726 641 spei;
2759 572 2947 626 habuit
2971 573 3167 642 quippe
3195 581 3248 626 et
3271 572 3353 626 lex
3384 587 3559 642 spem,
3588 571 3690 626 sed

2094 677 2201 716 non
2247 662 2430 716 talem.
2484 662 2787 732 Sperabam
2811 663 2954 717 enim
2973 664 3108 718 bene
3128 664 3402 734 placentes
3427 673 3480 718 et
3505 664 3686 732 legem

2095 753 2190 808 Dei
2219 754 2581 819 custodientes
2602 753 2876 824 possidere
2897 762 3130 820 terram;
3155 755 3284 809 nihil
3314 770 3684 809 aerumnosum

2093 847 2227 918 pati,
2258 860 2516 915 prospere
2543 847 2747 913 vivere,
2788 847 2928 903 sicut
2964 847 3163 903 dictum
3200 857 3320 904 est:
3351 867 3371 900 ‹
3399 849 3504 916 Qui
3547 848 3690 904 fece-

2094 940 2164 994 rit
2191 955 2335 1005 eam,
2364 940 2508 994 vivet
2547 941 2600 995 in
2641 956 2704 996 ea
2736 939 2879 1012 (Gal.
2920 940 3024 1012 nl).
3056 960 3076 993 ι
3134 939 3232 996 Hic
3269 950 3450 996 autem
3495 957 3692 1011 spera-

2094 1045 2234 1092 mus,
2271 1029 2396 1099 quia
2434 1028 2708 1100 placentes
2743 1040 2798 1086 et
2845 1030 3150 1100 evangelica
3188 1039 3454 1102 przecepta
3496 1040 3689 1085 custo-

2091 1117 2320 1185 dientes,
2347 1134 2449 1174 non
2481 1127 2676 1175 terram
2703 1120 2999 1190 possidere,
3027 1121 3122 1176 sed
3149 1120 3365 1176 caelum.
3393 1120 3568 1190 Magis
3590 1136 3692 1174 au-

2093 1215 2218 1270 tem,
2248 1209 2390 1279 quod
2421 1207 2558 1264 cmlo
2579 1209 2746 1264 multo
2774 1209 2968 1265 melius
2994 1218 3096 1275 est,
3134 1225 3414 1280 speramus
3444 1210 3690 1278 proximi

2094 1297 2204 1353 Deo
2225 1298 2537 1366 consistere,
2565 1300 2632 1354 ad
2658 1301 2828 1370 ipsum
2855 1309 3136 1370 paternum
3162 1301 3352 1355 solium
3395 1302 3694 1370 pervenire

2092 1396 2148 1444 et
2174 1390 2481 1444 ministrare
2508 1391 2557 1446 ei
2583 1405 2704 1446 cum
2731 1391 2955 1462 angelis.
2998 1390 3111 1446 Hoc
3131 1406 3262 1446 vero
3285 1392 3689 1454 sacerdotium,

2092 1495 2190 1552 per
2225 1481 2368 1552 quod
2414 1481 2553 1536 hanc
2601 1481 2824 1553 gloriam
2865 1481 3164 1552 possessuri
3201 1497 3410 1546 sumus,
3441 1497 3554 1536 non
3584 1481 3693 1536 erit

2094 1573 2211 1628 sine
2237 1570 2610 1640 jurejurando,
2641 1581 2701 1627 ut
2739 1572 2947 1628 ﬁrmam
2984 1571 3078 1628 Dei
3113 1572 3531 1642 promissionem
3563 1586 3689 1626 cre-

2094 1671 2304 1732 damus,
2335 1667 2460 1737 quia
2504 1667 2618 1721 htec
2657 1661 2838 1722 omnia
2868 1665 3022 1721 nobis
3051 1666 3102 1720 in
3136 1665 3268 1720 Filio
3295 1665 3520 1735 proprio
3556 1679 3691 1733 pro-

411 1750 629 1816 Christi,
657 1755 802 1822 quod
825 1755 1118 1810 secundum
1143 1755 1397 1810 virtutem
1423 1756 1548 1812 vitae
1574 1757 1873 1813 insolubilis
1890 1766 1991 1812 est.
2023 1743 2070 1804 Β
2097 1757 2279 1821 misit,
2331 1771 2488 1827 quem
2541 1772 2641 1826 pro
2691 1756 2848 1811 nobis
2904 1755 3154 1810 omnibus
3193 1755 3439 1819 tradidit,
3487 1763 3546 1809 et
3591 1769 3693 1822 per

411 1843 542 1912 Quis
583 1845 686 1900 iste
724 1855 808 1901 est
853 1847 1104 1902 sacerdos
1149 1847 1312 1902 talis?
1350 1847 1467 1902 Non
1502 1847 1712 1914 Aaron,
1742 1863 1848 1903 non
1879 1849 1995 1918 ipse

409 1935 826 2003 Melchisedech,
849 1938 942 1994 sed
965 1937 1074 2002 ille,
1104 1937 1256 2007 cujus
1283 1937 1371 1993 ille
1393 1937 1782 1994 Melchisedech
1810 1948 1992 2009 typum

411 2026 652 2096 gerebat.
685 2027 760 2082 De
801 2042 910 2097 quo
951 2027 1065 2098 ipse
1089 2028 1230 2084 Deus
1252 2028 1415 2083 Pater
1435 2027 1786 2099 jurejurando
1825 2037 1993 2083 testa-

411 2125 530 2170 tur:
557 2117 666 2172 tTu
691 2132 749 2172 es
769 2119 1022 2174 sacerdos
1046 2119 1097 2173 in
1118 2128 1401 2185 aeternum,
1425 2119 1720 2176 secundum
1748 2119 1994 2174 ordinem

409 2205 831 2273 Melchisedech;
861 2228 880 2260 ›
934 2209 1036 2265 hoc
1077 2219 1182 2276 est,
1232 2224 1338 2263 non
1367 2208 1699 2279 temporalis,
1737 2223 1912 2278 neque
1939 2209 1996 2262 ti-

407 2312 530 2352 nem
578 2290 816 2365 habc'ns,
867 2305 960 2355 sed
1009 2301 1302 2356 secundum
1347 2300 1640 2370 potentiam
1695 2299 1993 2354 insolubilis

405 2387 568 2452 vitae;
620 2387 788 2443 vitam
839 2405 967 2444 vero
1018 2390 1073 2445 in
1128 2391 1309 2461 seipso
1360 2391 1564 2446 habens
1613 2390 1953 2446 insolubilem
1975 2430 1990 2456 ,

407 2477 656 2546 quamvis
680 2479 749 2535 ad
778 2485 992 2550 tempus
1033 2489 1281 2538 mortuus
1309 2489 1454 2539 esset
1490 2496 1653 2538 carne
1679 2499 1695 2538 :
1721 2491 1900 2538 tamen
1937 2481 1995 2538 in

405 2577 668 2624 aeternum
683 2571 961 2628 divinitate
975 2572 1184 2640 vivit,et
1201 2575 1558 2636 humanitate.
1571 2575 1835 2631 mediator
1853 2575 1995 2630 inter

410 2658 584 2714 Deum
619 2667 673 2715 et
700 2661 968 2727 homines,
1001 2677 1213 2734 semper
1235 2663 1422 2719 vivens
1450 2663 1518 2718 ad
1545 2663 1991 2733 interpellandum

404 2765 506 2822 pro
528 2752 703 2808 nobis.
733 2773 751 2806 ‹
783 2752 1110 2833 Βεροτοῦειῑο
1133 2756 1350 2826 quidem
1378 2755 1438 2810 ﬁt
1463 2757 1820 2828 prmcedentis
1841 2770 1995 2812 man-

2091 1862 2214 1903 eum
2240 1847 2352 1902 lucc
2378 1847 2584 1913 omnia,
2613 1848 2678 1902 de
2706 1863 2812 1916 quo
2837 1846 3040 1903 dictum
3082 1855 3162 1900 est
3190 1864 3202 1898 :
3233 1865 3251 1894 ‹
3279 1845 3356 1899 Tu
3391 1859 3454 1900 es
3499 1859 3690 1898 sacer-

2097 1959 2116 1991 ς
2146 1940 2242 1995 dos
2277 1941 2332 1994 in
2365 1948 2622 1994 aeternum
2659 1939 2951 1994 secundum
2987 1937 3231 1992 ordinem
3259 1935 3688 1990 Melchisedech.

2099 2051 2117 2084 ι
2149 2033 2205 2088 1η
2243 2040 2451 2086 tantum
2497 2031 2734 2086 melioris
2765 2029 3094 2086 Testamenti
3130 2043 3358 2097 sponsor
3387 2027 3575 2082 factus
3606 2034 3691 2082 est

2099 2142 2116 2175 ι
2145 2123 2333 2188 Iesus;
2362 2132 2416 2177 et
2442 2121 2531 2176 alii
2557 2121 2770 2191 quidem
2799 2119 2980 2191 plures
3013 2118 3139 2172 facti
3178 2126 3304 2172 sunt
3347 2117 3689 2181 sacerdotes,

2097 2233 2117 2266 ‹
2146 2215 2347 2270 idcirco
2379 2213 2522 2284 quod
2551 2221 2722 2268 morte
2746 2210 3161 2281 prohiberentur
3180 2223 3502 2280 permanere
3538 2226 3553 2261 :
3595 2209 3686 2262 hic

2099 2322 2118 2356 α
2146 2313 2344 2368 autem,
2377 2317 2442 2356 eo
2468 2302 2609 2371 quod
2635 2308 2854 2356 maneat
2880 2299 2932 2352 in
2966 2305 3248 2360 aeternum,
3285 2297 3690 2367 sempiternum

2098 2414 2117 2448 ε
2144 2395 2306 2450 habet
2331 2393 2712 2450 sacerdotium.
2746 2411 2765 2445 ι
2809 2391 2952 2446 Duas
2985 2389 3136 2460 ponit
3171 2385 3525 2453 differentias,
3560 2389 3691 2457 quia

2091 2501 2198 2542 non
2227 2485 2390 2542 habet
2418 2483 2581 2540 tinem
2609 2481 2864 2540 sacerdos
2889 2488 3096 2544 noster,
3127 2478 3268 2535 sicut
3293 2477 3504 2549 legalis.
3575 2478 3692 2533 Hoc

2091 2585 2270 2632 autem
2301 2575 2432 2631 facit
2463 2589 2528 2630 ex
2567 2587 2798 2645 persona
2831 2570 3053 2636 Christi,
3083 2588 3102 2622 ι
3121 2569 3215 2640 qui
3257 2569 3540 2640 ingressus
3580 2577 3689 2634 est,

2090 2667 2286 2738 inquit,
2317 2666 2610 2722 secundum
2632 2665 2885 2720 virtutem
2924 2662 3049 2716 vitae
3078 2659 3431 2716 insolubilis.»
3471 2659 3540 2713 Et
3583 2659 3691 2714 hoc

2085 2757 2440 2830 jurejurando
2482 2764 2728 2822 testatur,
2771 2754 2913 2810 sicut
2947 2767 3108 2823 supra
3147 2751 3350 2806 dictum
3391 2757 3497 2803 est.
3531 2747 3689 2803 Sicut

418 2863 438 2894 ι
469 2844 604 2910 dati,
650 2852 869 2915 propter
924 2846 1294 2902 inﬁrmitatem
1336 2846 1454 2917 ejus
1506 2854 1561 2902 et
1605 2847 1950 2902 inutilitatem
1974 2877 2017 2913 ,ς
2090 2849 2180 2905 ille
2229 2853 2530 2918 permanet,
2558 2845 2632 2900 ita
2670 2845 2833 2900 etiam
2877 2850 2933 2897 et
2983 2840 3070 2896 lex
3117 2853 3280 2910 quam
3331 2837 3515 2892 attulit
3563 2852 3686 2906 per-

411 2954 429 2987 ι
459 2934 603 2990 Nihil
646 2937 789 2992 enim
823 2937 890 2991 ad
918 2937 1216 3008 perfectum
1247 2937 1470 2993 adduxit
1496 2937 1601 2993 lex.
1628 2955 1647 2989 ι
1670 2935 1748 3008 (J.
1778 2935 1993 3008 Chrys.)

2091 2953 2347 2994 mansura
2375 2944 2479 3002 est,
2506 2936 2561 2990 in
2591 2949 2696 3005 qua
2739 2942 2822 2988 est
2853 2946 2982 2988 vera
3023 2938 3367 3000 peccatorum
3408 2929 3686 2992 remissio,

405 3025 503 3081 llic
538 3027 776 3082 haeretici
823 3028 1142 3100 insurgunt,
1185 3030 1279 3085 sed
1324 3031 1544 3085 adverte
1597 3029 1803 3100 integre
1837 3046 1850 3082 :
1882 3045 1989 3084 non
2026 3085 2068 3100 η
2096 3037 2154 3084 et
2172 3035 2445 3098 perpetum
2473 3025 2749 3095 perceptio
2777 3023 2984 3095 gratiae.
3016 3019 3074 3076 Si
3102 3021 3244 3076 enim
3273 3021 3361 3075 illa
3391 3021 3546 3090 prior
3570 3035 3690 3091 pro-

403 3119 562 3186 dixit,
578 3128 798 3191 propter
810 3085 1220 3192 malignitatem,
1244 3137 1438 3192 neque,
1465 3131 1682 3192 propter
1705 3085 1985 3188 malitiam,
2019 3085 2068 3150 α
2096 3085 2218 3192 pter
2238 3085 2660 3174 imbecillitatem
2690 3085 2806 3182 sui:
2827 3131 2946 3185 qua:
2979 3113 3112 3169 nihil
3147 3113 3214 3168 ad
3253 3085 3692 3184 perfectum—du-

402 3212 496 3266 sed
538 3230 557 3262 ι
585 3221 803 3282 propter
835 3212 1202 3268 inﬁrmitatem
1227 3223 1284 3270 et
1303 3213 1667 3269 inutilitatem.
1698 3233 1719 3267 ι
1776 3213 1911 3268 Nam
1938 3223 1995 3269 et

404 3301 530 3357 alibi
558 3303 794 3358 ostendit
819 3302 1187 3359 inﬁrmitatem
1214 3303 1349 3373 ejus,
1387 3319 1509 3360 cum
1541 3305 1707 3360 dicit:
1743 3324 1762 3357 σ
1786 3305 1842 3360 in
1885 3321 1992 3374 quo

404 3392 782 3447 inﬁrmabatur
824 3409 921 3462 per
961 3407 1178 3448 carnem
1219 3393 1394 3465 (Rom.
1441 3393 1584 3464 Vill).
1617 3414 1635 3446 ι
1701 3394 1817 3450 Νοη
1861 3410 1992 3466 ergo

403 3481 518 3550 ipsa
543 3481 811 3536 inﬁrmata
839 3489 938 3544 est,
956 3483 1048 3536 sed
1075 3497 1193 3537 nos.
1215 3501 1232 3534 ι
1261 3481 1400 3536 Nihil
1427 3483 1569 3538 enim
1597 3482 1808 3554 perﬁcit
1837 3483 1943 3538 lex.
1966 3502 1986 3536 υ

403 3572 541 3639 Quid
584 3579 667 3627 est
714 3571 848 3627 nihil
885 3573 1139 3643 perﬁcit?
1184 3573 1388 3636 nullum
1434 3571 1729 3644 perfectum
1771 3582 1991 3645 operata

401 3669 506 3726 est,
543 3660 667 3716 dum
699 3662 750 3717 ei
775 3677 880 3717 non
912 3663 1180 3718 obeditur.
1237 3663 1333 3720 His
1367 3665 1534 3731 adde,
1566 3666 1715 3736 quia,
1744 3680 1918 3736 neque
1945 3666 1991 3722 si

403 3754 701 3820 audiretur,
729 3755 1029 3825 perfectum
1065 3772 1392 3828 quemquam
1431 3757 1654 3826 faceret,
1693 3768 1748 3815 et
1775 3760 1994 3815 virtutis

402 3854 746 3916 compotem:
777 3847 990 3902 interim
1031 3857 1210 3904 autem
1247 3865 1354 3906 non
1389 3850 1494 3905 hoc
1545 3851 1676 3906 dicit
1724 3852 1812 3906 hic
1839 3891 1854 3916 ,
1896 3853 1992 3909 sed

405 3937 531 4007 quia
566 3937 701 3994 nihil
731 3937 897 3993 valuit
929 3957 942 3993 :
969 3948 1024 3995 et
1071 3949 1221 3997 recte
1263 3941 1455 3997 litterae
1491 3950 1648 3996 erant
1677 3943 1988 4014 propositae,

406 4026 520 4082 Hoc
550 4027 656 4093 fac,
686 4027 814 4083 illud
839 4045 945 4085 non
971 4029 1156 4087 facias.
1211 4031 1492 4103 Proposita
1537 4041 1694 4087 erant
1719 4034 1834 4088 hate
1863 4042 1988 4088 tan-

402 4123 538 4180 tum,
571 4133 676 4172 non
713 4129 894 4174 autem
935 4129 992 4176 et
1029 4121 1285 4177 virtutem
1314 4122 1671 4193 inspirabant,
1703 4125 1828 4194 quia
1868 4139 1991 4196 spes

401 4225 508 4263 non
537 4219 654 4264 erat
683 4210 822 4266 talis.
873 4212 1199 4282 Reprobatio
1245 4216 1374 4286 quid
1411 4225 1514 4282 est,
1562 4217 1666 4272 nisi
1707 4217 1992 4274 exclusio?

405 4297 736 4368 Reprobatio
798 4302 994 4372 quippe
1041 4318 1226 4360 eorum
1271 4322 1392 4375 qua:
1437 4307 1684 4363 obtinent
1722 4317 1807 4364 est
1853 4307 1986 4378 jam.

401 4390 636 4447 Proinde
685 4394 920 4449 ostendit
975 4395 1105 4466 quid
1147 4396 1468 4464 obtinebat,
1531 4400 1624 4456 sed
1681 4409 1988 4471 contempta

401 4491 485 4537 est
520 4482 654 4550 jam,
696 4485 998 4556 quia‘nihil
1025 4487 1274 4558 proﬁcit;
1312 4490 1446 4545 nihil
1479 4504 1609 4562 ergo
1636 4491 1840 4561 profuit
1874 4490 1996 4547 lex?

399 4571 603 4642 profuit
653 4576 894 4646 quidem,
951 4578 1106 4635 valde
1169 4580 1392 4651 profuit,
1447 4581 1541 4637 sed
1597 4583 1667 4637 ad
1721 4583 1996 4640 faciendos

401 4664 674 4733 perfectos
727 4669 861 4724 nihil
900 4670 1100 4739 profuit
1132 4691 1144 4726 :
1172 4673 1303 4728 nihil
1349 4688 1480 4745 ergo
1526 4674 1824 4743 perfectum
1867 4673 1996 4746 fecit

403 4757 512 4822 lex,
531 4758 685 4828 juxta
714 4761 817 4816 hoc
839 4763 1038 4834 quippe
1066 4765 1214 4832 dicit,
1244 4767 1424 4821 omnia
1455 4766 1588 4838 legis
1615 4766 1842 4824 formam
1875 4781 1996 4822 esse

401 4857 458 4904 et
503 4850 740 4920 umbras,
778 4853 1138 4920 circumcisio,
1173 4857 1522 4924 sacriﬁcium,
1543 4860 1850 4914 sabbatum.
1875 4856 1992 4913 Non

402 4942 617 4998 valebat
657 4958 786 5015 ergo
831 4949 1160 5016 pertransire
1205 4950 1258 5004 in
1304 4951 1560 5014 animam,
1609 4959 1833 5020 propter
1887 4948 1992 5004 hoc

404 5034 567 5089 etiam
593 5036 738 5090 cedit
755 5046 918 5106 atque
941 5039 1182 5095 discedit.
1201 5041 1583 5113 (Alb.)ldcirco
1596 5041 1713 5110 ejus
1735 5043 1990 5111 reproba-

406 5125 482 5180 tio
519 5124 640 5192 fuit,
685 5135 742 5181 ut
781 5130 967 5200 gratiae
1009 5131 1229 5186 daretur
1273 5132 1445 5199 locus,
1489 5133 1615 5188 dum
1657 5132 1884 5198 veniret,
1932 5131 1988 5187 in

403 5231 508 5283 qua
559 5216 820 5286 perfectio
845 5219 1017 5275 ﬁeret.
1068 5219 1224 5275 Utilis
1253 5220 1354 5275 fuit
1383 5221 1578 5291 quippe
1607 5222 1713 5286 lex,
1750 5223 1843 5277 sed
1878 5221 1986 5277 illis

405 5308 494 5376 qui
527 5308 684 5364 ﬁdem
713 5308 1017 5364 habuerunt
1067 5310 1120 5364 in
1145 5308 1376 5373 Christo,
1411 5326 1516 5364 non
1548 5310 1652 5366 illis
1686 5312 1777 5380 qui
1819 5319 1986 5366 totam

405 5414 556 5452 suam
589 5414 740 5470 spem
771 5401 826 5456 in
862 5416 981 5456 eam
1019 5401 1386 5454 ﬁrmaverunt.
1437 5420 1454 5453 ι
1483 5400 1814 5458 lntroductio
1855 5417 1988 5458 vero

410 5509 428 5542 ε
457 5491 696 5547 melioris
741 5491 854 5561 spei
892 5507 989 5561 per
1025 5506 1184 5560 quam
1215 5491 1584 5562 proximamus
1609 5493 1675 5548 ad
1705 5491 1895 5559 Deum,
1934 5501 1990 5548 et

413 5600 430 5633 ι
458 5589 716 5651 quantum
751 5589 836 5637 est
873 5597 978 5636 non
1007 5581 1125 5637 sine
1145 5580 1499 5652 jurejurando
1524 5584 1831 5640 sacerdotes
1859 5583 1989 5639 facti

416 5692 431 5722 ι
461 5681 616 5740 sunt,
643 5672 730 5730 hic
756 5680 957 5738 autem,
1002 5687 1125 5730 cum
1147 5671 1493 5742 jurejurando
1513 5687 1608 5743 per
1627 5688 1747 5729 eum
1777 5674 1865 5746 qui
1903 5673 1988 5731 di-

2091 3225 2216 3267 cere
2238 3209 2496 3282 potuerit,
2523 3207 2742 3263 exclusa
2769 3214 2854 3261 est
2885 3223 2900 3261 :
2929 3205 3030 3260 ista
3057 3219 3211 3270 vero,
3236 3219 3400 3274 quam
3440 3201 3690 3274 pontifex

2091 3317 2323 3374 magnus
2358 3299 2556 3363 attulit,
2583 3297 2744 3363 valet,
2771 3306 2826 3352 et
2865 3296 3022 3351 fortis
3042 3303 3145 3361 est,
3173 3303 3229 3350 et
3258 3303 3462 3348 manet.
3492 3293 3691 3349 Osten-

2093 3397 2173 3452 dit
2197 3403 2376 3450 autem
2403 3395 2507 3449 hoc
2525 3407 2591 3447 ex
2615 3389 2868 3462 pontiﬁce
2892 3406 2904 3442 :
2930 3388 3234 3460 quomodo?
3259 3385 3398 3454 Quia
3423 3401 3565 3440 unus
3583 3392 3686 3439 est.

2091 3486 2208 3542 Non
2246 3485 2390 3539 enim
2421 3499 2560 3538 unus
2590 3490 2756 3548 esset,
2803 3480 2906 3535 nisi
2945 3487 3093 3535 esset
3137 3477 3482 3534 immortalis.
3537 3476 3692 3531 Sicut

2091 3577 2236 3634 enim
2287 3576 2439 3632 multi
2488 3575 2792 3631 sacerdotes
2835 3574 2891 3628 in
2927 3571 3046 3643 lege
3097 3571 3336 3636 fuerunt,
3382 3572 3512 3640 quia
3543 3585 3690 3625 mor-

2093 3670 2224 3725 tales
2275 3668 2489 3724 fuerunt
2530 3683 2544 3722 :
2594 3669 2673 3723 sic
2715 3681 2875 3732 unus,
2923 3665 3049 3736 quia
3092 3663 3448 3731 immortalis,
3500 3664 3594 3735 qui
3639 3664 3692 3718 in

2093 3769 2298 3814 tantum
2347 3759 2584 3815 melioris
2643 3757 2978 3814 Testamenti
3046 3771 3274 3828 sponsor
3329 3754 3508 3812 factus
3568 3764 3691 3817 est,

2091 3852 2236 3922 quod
2279 3851 2510 3921 iuratum
2556 3857 2639 3906 est
2675 3849 2740 3905 de
2788 3865 2854 3906 eo
2881 3890 2897 3916 ,
2938 3864 3153 3920 semper
3196 3865 3318 3905 eum
3378 3865 3502 3906 esse
3543 3865 3694 3906 man-

2090 3957 2294 3996 surum.
2349 3958 2367 3991 ‹
2399 3939 2550 3995 Unde
2573 3947 2628 3995 et
2653 3937 2862 3994 salvarc
2889 3939 2942 3994 in
2968 3947 3286 4010 perpetuum
3317 3948 3500 4011 potest
3531 3955 3690 3996 acce-

2099 4051 2116 4085 ι
2147 4032 2338 4087 dentes
2359 4047 2457 4102 per
2479 4031 2828 4102 semetipsum
2859 4031 2924 4086 ad
2948 4031 3135 4097 Deum,
3168 4046 3384 4101 semper
3402 4032 3602 4086 vivens
3620 4031 3688 4085 ad

2097 4121 2587 4192 «interpellandum
2611 4136 2710 4192 pro
2745 4120 2841 4176 eis.
2876 4140 2894 4174 ι
2925 4121 3155 4176 Intueris
3195 4123 3323 4190 quia
3370 4122 3438 4176 de
3485 4135 3555 4176 eo
3597 4121 3691 4191 qui

2089 4211 2384 4267 secundum
2427 4225 2646 4266 carnem
2677 4220 2760 4266 est
2796 4211 2898 4266 ista
2923 4211 3071 4265 dicit.
3113 4209 3337 4277 Quando
3365 4211 3516 4265 enim
3555 4212 3695 4264 sicut

2089 4302 2328 4374 pontifex
2357 4309 2459 4366 est,
2493 4309 2619 4357 tunc
2653 4302 2814 4357 etiam
2855 4300 3193 4371 interpellat;
3225 4301 3351 4371 quia
3388 4317 3456 4356 ex
3499 4316 3566 4355 ea
3598 4317 3694 4355 ua-

2019 4433 2071 4494 D
2096 4401 2218 4446 tura
2243 4407 2350 4461 qua
2379 4391 2621 4460 pontifex
2657 4402 2759 4458 est,
2791 4391 3092 4463 interpellat
3118 4407 3215 4462 pro
3243 4392 3342 4447 eis.
3369 4390 3448 4463 (Ι.
3472 4392 3691 4462 Chrys.)

2096 4483 2330 4540 Proinde
2352 4490 2409 4539 et
2429 4485 2643 4554 quando
2671 4484 2804 4539 dicit
2830 4483 3045 4550 Paulus,
3079 4503 3098 4534 ‹
3127 4485 3218 4554 qui
3240 4485 3404 4540 etiam
3434 4485 3693 4554 interpel-

2095 4575 2172 4630 lat
2193 4589 2293 4646 pro
2321 4574 2497 4640 nobis,
2525 4593 2544 4627 ι
2581 4575 2682 4631 hoc
2705 4575 2845 4630 idem
2872 4574 3160 4646 signiﬁcat,
3187 4575 3290 4630 hoc
3315 4582 3418 4638 est,
3443 4575 3691 4646 pontifex

2096 4664 2431 4736 interpellat;
2477 4663 2713 4734 alioquin
2761 4665 2854 4734 qui
2899 4663 3185 4720 resuscitat
3230 4672 3506 4729 mortuos,
3553 4679 3692 4734 quos

2094 4757 2234 4824 vult,
2257 4766 2312 4814 et
2336 4757 2592 4823 viviﬁcat,
2616 4757 2756 4812 sicut
2774 4765 2946 4828 pater,
2973 4757 3244 4827 quomodo
3267 4756 3359 4810 ubi
3387 4756 3690 4813 salvatione

2095 4863 2231 4918 opus
2253 4856 2356 4914 est,
2387 4847 2718 4918 interpellat,
2747 4847 2837 4916 qui
2866 4861 3026 4902 omne
3059 4846 3321 4915 judicium
3362 4845 3530 4900 habet
3574 4861 3690 4900 om-

2097 4938 2283 4993 nium?
2322 4938 2590 5008 quomodo
2635 4936 2955 5007 interpellat,
3005 4935 3096 5005 qui
3140 4935 3306 4990 mittit
3343 4935 3594 5004 angelos,
3633 4944 3691 4989 ut

2095 5028 2230 5083 alios
2256 5027 2474 5098 quidem
2504 5027 2558 5082 in
2587 5028 2858 5084 caminum
2891 5026 3139 5091 mittant,
3181 5024 3316 5080 alios
3356 5033 3542 5080 autem
3583 5023 3689 5079 sal-

2097 5117 2265 5172 vent?
2307 5117 2432 5172 inde
2476 5116 2614 5172 dixit
2665 5135 2683 5168 (
2713 5116 2878 5172 etiam
2921 5117 3134 5172 salvare
3163 5124 3371 5186 potest;
3397 5125 3686 5187 propterea

2090 5225 2222 5282 ergo
2259 5208 2450 5275 salvat,
2480 5209 2602 5280 quia
2629 5223 2736 5265 non
2774 5210 3023 5274 moritur,
3051 5209 3176 5280 quia
3206 5223 3422 5278 semper
3454 5208 3609 5273 vivit,
3634 5215 3689 5263 et

2091 5317 2198 5357 non
2244 5300 2406 5356 habet
2435 5315 2826 5357 successorem.
2871 5300 2930 5356 Si
2958 5317 3087 5356 vero
3115 5303 3220 5355 n'on
3251 5300 3412 5355 habet
3462 5314 3682 5355 succes-

2091 5411 2292 5461 sorem,
2337 5403 2513 5465 potest
2563 5395 2730 5450 etiam
2782 5395 3032 5451 omnibus
3073 5396 3280 5450 adesse.
3333 5412 3351 5445 ι
3394 5392 3498 5448 Hic
3536 5393 3682 5447 enim

2091 5485 2358 5556 pontifex,
2391 5505 2409 5538 ι
2453 5499 2519 5540 ac
2559 5484 2606 5540 si
2643 5483 2908 5540 mirabilis
2950 5493 3112 5552 esset,
3160 5498 3330 5554 usque
3364 5483 3432 5538 ad
3471 5492 3681 5553 tempus

2092 5578 2222 5635 illud
2246 5586 2383 5645 erat,
2415 5578 2469 5634 in
2503 5591 2613 5649 quo
2644 5578 2813 5634 vitam
2849 5577 3061 5649 agebat,
3109 5577 3250 5632 sicut
3287 5573 3507 5631 Samuel
3539 5583 3599 5654 et
3633 5574 3678 5630 si

2095 5671 2185 5741 qui
2215 5670 2376 5737 tales;
2405 5679 2591 5741 postea
2630 5684 2759 5727 vero
2797 5683 3139 5740 nequaquam
3179 5677 3349 5736 erant,
3379 5667 3423 5722 si
3452 5666 3672 5737 quidem
