3992 6338
190 341 306 396 76I

662 329 1210 391 ENARRATIONUII
1244 329 1312 387 IN
1351 328 1502 386 EPP.
1541 325 1748 384 PAULI
1783 326 1912 382 LIB.
1955 326 2190 384 XXVIII.
2216 327 2374 384 —IN
2413 327 2630 385 EPIST.
2666 328 2757 384 AD
2794 329 2996 386 HEBR.

3351 333 3457 391 762

186 447 592 513 moriebantur,
638 447 728 503 hic
764 453 946 500 autem
989 459 1099 499 non
1137 445 1214 499 ita
1255 451 1360 508 est,
1399 441 1494 497 sed
1528 439 1698 495 salvat
1727 438 1781 493 in
1809 443 1856 501 Α
1885 437 2108 495 fuithoc
2124 439 3040 506 sacriﬁcium,utsemeloblatumin
3057 449 3314 497 mternum
3330 459 3446 513 pro-

185 549 538 614 perpetuum.
602 537 1016 592 Sacramentnm
1055 535 1325 604 quoddam
1365 529 1652 602 signiﬁcat,
1673 543 1780 583 non

188 633 288 688 hic
303 631 500 696 solum,
516 628 709 699 inquit,
725 628 818 682 sed
839 627 1002 680 etiam
1032 625 1139 679 illic
1153 624 1326 678 salvat
1347 622 1666 677 accedentes
1689 633 1786 688 per

191 720 548 788 semetipsum
565 717 630 771 ad
648 717 835 772 Deum.
853 713 1131 780 Quomodo
1152 712 1347 767 salvat?
1374 729 1392 761 ι
1418 711 1643 778 Semper
1654 708 1787 762 vivit

190 807 264 861 ad
290 805 736 877 interpellandum
758 820 856 874 pro
878 802 1052 857 nobis.
1080 822 1100 854 ι
1118 801 1280 856 Vides
1300 799 1680 863 Itttmilitatem,
1705 799 1786 852 vi-

191 899 295 950 des
322 896 751 950 humanitatem?
767 894 879 949 Non
901 893 1042 948 enim
1067 892 1201 946 dixit
1212 907 1333 946 eum
1351 891 1672 951 obtinuisse,
1689 889 1784 945 sed

193 997 260 1041 ut
275 989 521 1040 obtineat
533 1002 744 1056 semper
759 984 1100 1053 interpellare
1113 999 1211 1054 pro
1225 984 1323 1038 eis.
1339 983 1477 1050 Quid
1490 990 1572 1036 est
1585 983 1638 1036 in
1661 995 1785 1051 per-

191 1076 402 1147 petuo?
425 1094 528 1131 non
552 1075 619 1130 ad
640 1087 850 1146 tempus
866 1083 1093 1139 tantttm,
1110 1074 1200 1129 sed
1217 1073 1380 1128 etiam
1404 1072 1512 1126 illic
1531 1072 1585 1125 in
1605 1069 1784 1125 futura

191 1170 327 1222 vita.
362 1169 590 1238 Semper
609 1181 739 1236 ergo
759 1181 894 1236 opus
909 1166 1072 1220 habet
1093 1163 1404 1234 deprecari;
1430 1170 1486 1216 et
1515 1159 1784 1232 quomodo

191 1258 304 1312 hoc
330 1257 594 1310 rationem
613 1255 862 1309 habebit?
883 1261 938 1307 et
953 1251 1349 1308 hominesenim
1359 1249 1488 1319 justi
1503 1250 1698 1320 sapius
1715 1263 1782 1304 ex

191 1363 306 1400 una
344 1346 602 1415 petitione
641 1353 808 1398 totum
845 1344 1173 1412 impetrant,
1213 1343 1328 1411 ipse
1357 1349 1538 1396 autem
1571 1355 1784 1410 semper

189 1435 461 1503 postulat.
492 1433 671 1499 Quare
700 1432 979 1486 considet?
1001 1430 1246 1495 intueris,
1269 1429 1400 1500 quia
1415 1429 1680 1485 dissensio
1700 1436 1786 1484 est

191 1527 325 1579 ista.
355 1523 527 1578 Nolite
553 1524 763 1587 timere,
795 1537 895 1578 nec
923 1522 1116 1577 dicatis
1143 1521 1330 1585 etiam,
1358 1521 1543 1590 Diligit
1565 1519 1781 1590 quidem

189 1630 300 1668 nos
321 1622 378 1668 et
403 1611 654 1666 ﬁduciam
680 1613 841 1666 habet
867 1611 918 1664 in
940 1621 1175 1682 patrem,
1200 1614 1294 1666 sed
1314 1627 1421 1666 non
1447 1619 1624 1680 potest
1640 1625 1782 1664 sem-

189 1723 296 1776 per
346 1705 565 1768 vivere;
599 1719 832 1774 semper,
884 1705 1082 1775 inquit,
1121 1705 1274 1760 vivit.
1325 1704 1490 1777 (Alb.)
1530 1704 1661 1772 Quis
1696 1710 1781 1759 est

1885 530 2075 586 fuisset
2098 532 2296 601 populo
2315 532 2459 586 Dein
2479 531 2589 586 Lex
2620 532 2763 586 enim
2789 533 3038 587 homines
3061 534 3337 587 constituit
3363 550 3456 590 sa-

1889 637 1909 670 ‹
1949 620 2195 674 cerdotes
2215 620 2582 675 inﬁrmitatem
2609 619 2887 674 habentes.
2912 639 2930 672 ι
2962 619 3127 691 (Διὸ.)
3162 620 3452 691 Propterea

1882 727 1982 781 pro
2001 728 2058 767 se
2072 712 2212 768 sicut
2231 723 2285 768 et
2310 729 2409 782 pro
2431 713 2627 784 populo
2652 727 2864 780 semper
2891 711 3188 766 offerebant
3206 730 3219 766 :
3237 714 3338 768 istc
3359 730 3456 767 au-

1885 811 1992 859 tem
2017 811 2123 857 tam
2152 812 2342 874 potens
2369 811 2548 868 est,ut
2569 803 2730 857 semel
2757 801 2968 857 oblatus
3006 818 3115 856 sua:
3161 805 3342 857 carnis
3368 820 3454 858 sa-

1882 898 2109 962 criﬁcio,
2131 899 2264 953 nihil
2286 914 2420 969 opus
2445 907 2563 952 erat
2593 898 2844 966 cuiquam
2867 898 3199 952 credentium
3225 897 3344 966 plus
3369 895 3452 950 of—

1884 985 2025 1042 ferre
2049 1003 2148 1058 pro
2185 1003 2270 1043 eo.
2321 1007 2340 1040 ε
2372 988 2562 1042 Sermo
2595 995 2774 1042 autem
2813 985 3188 1056 jurisjurandi,
3218 987 3306 1055 qui
3334 993 3458 1055 post

1889 1095 1909 1128 ‹
1936 1077 2106 1148 legem
2125 1086 2230 1143 est,
2248 1077 2439 1132 Filium
2461 1077 2514 1130 in
2533 1083 2793 1131 aeternum
2813 1075 3130 1145 perfectum.
3144 1095 3162 1127 ι
3183 1074 3226 1128 Il
3235 1075 3280 1128 ic
3292 1074 3453 1127 etiam

1882 1165 2004 1221 Filii
2042 1181 2235 1221 nomen
2272 1167 2340 1222 ad
2369 1167 2769 1221 distinctionem
2794 1180 3094 1229 servorum,
3121 1165 3212 1236 qui
3236 1164 3451 1218 fuerunt

1883 1259 1937 1314 in
1964 1259 2099 1330 lege,
2130 1260 2363 1329 positum
2390 1267 2502 1323 est;
2526 1259 2652 1328 quia
2677 1259 2818 1313 servi
2843 1259 3038 1313 inﬁrmi
3063 1258 3310 1313 fuerunt:
3341 1259 3454 1313 sive

1881 1351 2006 1421 quia
2035 1359 2367 1420 peccatores,
2396 1353 2509 1405 sive
2529 1352 2653 1419 quia
2690 1351 2944 1406 mortales
2987 1363 3160 1406 erant.
3195 1351 3263 1405 Et
3307 1353 3452 1406 hunc

1879 1443 2076 1498 Filium
2097 1441 2393 1511 perfectum
2415 1456 2534 1496 esse
2554 1441 2911 1504 demonstrat,
2925 1442 3050 1511 quia
3067 1457 3278 1510 semper
3296 1441 3450 1506 vivit,

1880 1542 1936 1590 et
1964 1549 2178 1603 semper
2199 1533 2314 1588 sine
2338 1540 2564 1601 peccato
2588 1539 2691 1587 est.
2720 1531 3016 1602 Utrumque
3039 1531 3328 1602 Apostolus
3355 1532 3448 1596 ait,

1881 1634 1937 1682 et
1966 1625 2194 1681 miriﬁce
2220 1623 2533 1679 consolatur
2559 1623 2860 1688 audientes,
2888 1631 2944 1678 et
2973 1623 3257 1678 minaciter
3288 1631 3455 1677 terret

1882 1716 2232 1788 negligentes.
2267 1713 2589 1770 Consolatur
2619 1714 2672 1768 in
2723 1728 2812 1779 eo,
2862 1715 2952 1782 qui
2994 1717 3071 1768 ait
3121 1715 3453 1769 sacerdotem

189 1796 290 1866 qui
323 1794 659 1863 interpellat?
681 1794 782 1849 nisi
812 1796 1059 1850 humana:
1088 1803 1295 1850 naturae
1309 1794 1608 1849 divinitatis
1631 1793 1771 1849 illius
1799 1794 1845 1854 B
1874 1822 2130 1876 magnum
2175 1805 2381 1876 ροιεηιί
2431 1802 2698 1858 sacriﬁcio
2767 1803 3068 1874 ρι-ορίιίθιιί,
3143 1803 3331 1859 Terre;
3397 1803 3450 1856 ίη

188 1888 528 1970 conjunctjo,
551 1903 713 1958 quam
742 1895 969 1957 paterno
994 1887 1129 1942 solio
1154 1888 1403 1952 advexit;
1451 1902 1666 1957 semper
1690 1887 1772 1941 vi-

190 1996 316 2042 vus,
368 1978 435 2032 ad
481 1977 796 2033 salvandum
842 1977 1086 2033 idoneus.
1139 1977 1244 2032 Alii
1290 1993 1422 2034 vero
1467 1976 1770 2048 pontiﬁces,

187 2071 320 2140 quia
368 2083 580 2137 semper
608 2082 714 2122 non
763 2075 940 2132 erant,
993 2081 1208 2137 semper
1253 2081 1360 2122 non
1411 2065 1773 2136 interpellant.

190 2161 314 2215 Non
351 2159 522 2214 solum
568 2159 622 2213 in
659 2158 763 2213 hac
809 2158 921 2212 vita
947 2157 1119 2212 salvat
1143 2172 1243 2227 per
1291 2157 1774 2228 interpellationem

191 2251 552 2308 humanitatis
605 2266 734 2316 suae,
761 2251 855 2306 sed
901 2251 1064 2306 etiam
1110 2249 1165 2304 in
1207 2248 1445 2306 futurum
1489 2250 1776 2322 gloriﬁcat,

190 2341 326 2396 dum
359 2340 532 2394 tradet
560 2353 780 2409 regnum
822 2339 930 2393 Deo
958 2337 1126 2403 Patri,
1157 2345 1214 2392 et
1257 2337 1516 2408 perducet
1560 2346 1778 2394 sanctos

193 2433 268 2488 ad
296 2431 556 2485 visionem
580 2437 816 2499 paterna:
860 2428 1174 2499 majestatis.
1210 2445 1229 2478 ι
1268 2427 1414 2483 Talis
1442 2429 1585 2484 enim
1613 2428 1776 2483 dece-

200 2542 222 2576 c
274 2524 390 2587 bat,
420 2530 480 2576 ut
529 2520 687 2576 nobis
743 2527 889 2577 esset
929 2519 1193 2590 pontifex,
1224 2529 1468 2587 sanctus,
1495 2521 1775 2587 innocens,

201 2631 224 2666 α
271 2610 608 2682 impollutus,
632 2617 942 2681 segregatus
969 2625 1000 2663 a
1022 2609 1398 2679 peccatoribus
1424 2617 1480 2663 et
1507 2609 1779 2664 excelsior

157 2709 166 2718 '
200 2723 225 2758 ι
271 2703 427 2759 caelis
449 2702 641 2758 factus.
679 2721 699 2756 ι
735 2701 880 2757 Talis
925 2702 1088 2756 etiam
1124 2701 1230 2756 illis
1263 2701 1445 2756 decuit
1479 2715 1602 2757 esse
1644 2715 1781 2770 pon-

197 2793 360 2858 tifex,
387 2794 454 2848 de
486 2792 680 2863 quibus
709 2792 824 2846 ait:
861 2809 881 2842 ‹
912 2789 1031 2848 Jam
1061 2805 1169 2845 non
1220 2790 1394 2846 dicam
1427 2805 1525 2845 vos
1565 2804 1773 2856 servos,

198 2889 298 2944 sed
326 2887 531 2942 amicos
557 2903 572 2941 :
599 2886 724 2956 quia
753 2884 934 2941 omnia
974 2897 1306 2955 quascunque
1330 2883 1508 2938 audivi
1539 2897 1572 2937 a
1619 2883 1780 2938 Patre

199 2997 345 3044 meo,
393 2988 520 3034 nota
573 2978 674 3033 feci
725 2977 877 3032 vobis
917 2975 1100 3048 (Joan.
1131 2975 1242 3046 xv).
1281 2995 1300 3028 ι
1335 2974 1598 3030 Videlicet
1639 2972 1782 3028 servi

199 3070 406 3143 legales
441 3069 723 3138 pontiﬁces
777 3068 1081 3122 habuerunt
1135 3064 1414 3129 mortales,
1443 3072 1778 3133 peccatores,

1878 1912 1966 1963 eo,
2015 1912 2084 1952 ne
2137 1904 2403 1968 peccent,
2453 1894 2578 1964 quia
2629 1893 2758 1949 illud
2807 1894 3130 1949 sacriﬁcium
3181 1909 3454 1964 nunquam

1876 2003 1976 2059 pro
2000 1987 2236 2058 peccatis
2263 1987 2457 2041 iterum
2493 1986 2730 2041 oblatum
2771 1986 2894 2040 erit.
2924 1985 3040 2041 Non
3089 1995 3173 2042 est
3199 1987 3340 2040 aliud
3370 2001 3456 2040 sa-

1877 2075 2163 2140 criﬁcium,
2193 2089 2358 2128 unum
2392 2088 2522 2128 vero
2551 2088 2651 2129 nos
2694 2074 2972 2144 purgavit;
2998 2083 3118 2144 post
3164 2077 3263 2130 hoc
3305 2075 3451 2144 judi-

1877 2165 2020 2220 cium
2035 2163 2436 2235 erit.Quotquot
2451 2164 2712 2232 redempti
2726 2179 2913 2219 sumus
2926 2164 3030 2219 isto
3045 2163 3331 2228 sacriﬁcio,
3339 2179 3458 2232 per-

1877 2269 2214 2320 maneamus,
2241 2254 2660 2324 generositatem
2689 2262 2929 2308 nostram
2960 2262 3014 2308 et
3053 2255 3312 2310 honorem
3343 2269 3455 2307 ser-

1876 2355 2088 2402 vantes.
2117 2346 2194 2418 (J.
2221 2343 2430 2416 Chrys.)
2468 2344 2731 2411 Quoniam
2763 2345 2944 2414 itaque
2991 2345 3148 2400 talem
3197 2345 3458 2399 habemus

1876 2437 2206 2508 pontiﬁcem,
2224 2436 2500 2490 imitemur
2509 2449 2654 2501 eum,
2669 2434 2784 2505 ejus
2799 2434 3020 2505 vestigia
3039 2447 3453 2502 consequamur.

1875 2524 1996 2580 Non
2026 2532 2110 2580 est
2136 2524 2282 2579 aliud
2310 2522 2659 2590 sacriﬁcium,
2693 2537 2862 2578 unum
2887 2538 2986 2578 nos
3013 2522 3296 2594 purgavit,
3331 2529 3458 2591 post

1879 2615 2023 2670 istud
2052 2615 2191 2687 ignis
2218 2622 2300 2670 est
2326 2621 2382 2669 et
2405 2613 2670 2686 gehenna.
2697 2614 2907 2669 Etenim
2931 2624 3216 2685 propterea
3241 2629 3454 2668 sursum

1881 2711 2045 2773 atque
2095 2703 2348 2758 deorsum
2375 2703 2608 2759 revolvit
2632 2703 2818 2758 dicens
2847 2721 2860 2758 :
2899 2719 3064 2758 unum
3097 2704 3458 2767 sacerdotem,

1882 2809 2050 2849 unum
2089 2793 2438 2858 sacriﬁcium,
2467 2809 2536 2848 ne
2573 2793 2696 2862 quis
2736 2803 2932 2863 putans
2962 2792 3128 2847 multa
3179 2807 3299 2846 esse
3345 2791 3462 2846 sine

1881 2885 2078 2939 timore
2106 2885 2404 2954 delinquat.
2437 2884 2711 2953 Quotquot
2737 2884 2911 2954 igitur
2941 2884 3086 2954 digni
3117 2884 3246 2938 facti
3277 2897 3464 2938 sumus

1881 2975 2174 3048 signaculo,
2223 2984 2488 3046 quotquot
2518 2974 2821 3031 sacerdotio
2849 2975 3002 3045 potiti
3046 2991 3262 3039 sumus,
3302 2981 3462 3043 quot-

1885 3078 2018 3140 quot
2051 3085 2118 3124 ex
2147 3069 2436 3124 immortali
2487 3084 2671 3124 mensa
2717 3068 3123 3138 participamus,
3149 3082 3465 3136 permanea-

199 3137 302 3234 pro
355 3137 660 3229 semetipsis
711 3158 996 3212 oﬁ'erentes
1023 3174 1036 3210 :
1065 3156 1162 3211 ﬁlii
1199 3169 1326 3211 vero
1381 3163 1438 3210 et
1479 3155 1640 3209 amici
1686 3153 1785 3210 Dei
1812 3137 1856 3199 ί)
1888 3137 2008 3214 mus
2055 3159 2420 3214 custodientes
2458 3137 2877 3229 generositatem
2915 3137 3171 3211 nostram
3214 3165 3268 3211 et
3297 3156 3467 3209 bono-

198 3251 516 3324 pontiﬁcem
546 3249 745 3303 habent
784 3245 1142 3300 immortalem
1176 3263 1195 3296 ι
1228 3252 1566 3316 segregatum
1599 3258 1626 3296 a
1654 3257 1785 3313 pec-

200 3339 500 3403 catoribus,
533 3357 552 3389 ι
585 3337 636 3391 id
663 3344 767 3400 est,
803 3335 1075 3406 prioribus
1103 3333 1497 3399 sacerdotibus,
1523 3333 1616 3402 qui
1642 3339 1788 3387 esset

207 3449 229 3482 ι
267 3431 528 3483 innocens
572 3433 628 3480 et
661 3413 901 3480 sanctus.
933 3422 1010 3492 (Ι.
1047 3421 1258 3494 Chrys.)
1295 3441 1314 3475 ›
1346 3422 1627 3485 Innocens,
1659 3420 1786 3489 quia

203 3519 323 3574 sine
345 3515 696 3586 malignitate,
712 3513 855 3585 quod
883 3513 1014 3569 dicit
1042 3514 1306 3584 propheta
1329 3529 1344 3566 :
1366 3531 1384 3564 ι
1403 3511 1512 3566 Nec
1532 3510 1686 3565 dolus
1705 3510 1788 3564 in-

201 3617 401 3666 ventus
427 3615 510 3663 est
539 3606 592 3660 in
620 3620 714 3660 ore
738 3603 856 3673 ejus
887 3603 1022 3674 (Isa.
1061 3601 1201 3674 un).
1233 3621 1252 3654 ι
1290 3600 1542 3666 Sanctus,
1565 3601 1691 3670 quia
1731 3599 1786 3653 in

201 3702 352 3759 omni
378 3700 622 3755 bonitate
647 3698 989 3769 praecipuus;
1024 3715 1042 3748 ι
1079 3695 1406 3766 impollutus,
1445 3713 1464 3746 ι
1492 3695 1618 3764 quia
1654 3691 1788 3746 nihil

201 3792 397 3850 habuit
419 3789 666 3862 peccati;
704 3808 723 3840 ε
760 3787 1021 3843 excelsior
1041 3785 1192 3841 caelis
1217 3785 1409 3849 factus,
1449 3804 1468 3838 ι
1502 3784 1626 3854 quia
1655 3783 1786 3838 ado-

203 3893 330 3941 rant
371 3897 493 3937 eum
521 3893 713 3935 omnes
740 3878 928 3949 Angeli
955 3877 1071 3932 Dei.
1109 3896 1128 3928 ‹
1161 3875 1262 3942 Qui
1289 3891 1396 3930 non
1425 3875 1587 3929 habet
1613 3872 1789 3942 quoti-

207 3995 229 4029 ι
277 3974 368 4028 die
393 3971 791 4036 necessitatem,
811 3967 1258 4040 quemadmodum
1287 3968 1618 4030 sacerdotes,
1639 3964 1790 4033 prius

209 4084 230 4118 ι
275 4079 380 4134 pro
409 4061 523 4118 suis
557 4060 769 4115 delictis
799 4059 1001 4114 hostias
1049 4056 1262 4118 oﬁ‘erre,
1292 4054 1488 4110 deinde
1537 4069 1638 4124 pro
1688 4067 1788 4124 po-

211 4172 231 4204 σ
278 4151 409 4222 pulo
443 4169 457 4204 :
487 4151 588 4205 hoc
619 4150 760 4203 enim
791 4149 920 4203 fecit
961 4145 1128 4202 semel
1155 4160 1212 4200 se
1243 4145 1414 4214 ipsum
1438 4141 1734 4197 offerendo.
1766 4159 1785 4193 ι

203 4243 308 4299 IIic
333 4242 448 4311 jam
473 4241 756 4312 distinguit
780 4238 1037 4311 Spiritalis
1059 4236 1307 4293 sacriﬁcii
1330 4235 1703 4298 eminentiam,
1737 4240 1794 4288 et

204 4341 478 4405 quantum
508 4331 734 4388 interest
761 4331 919 4396 dixit,
950 4329 1094 4400 quod
1122 4336 1267 4384 esset
1313 4325 1584 4396 pontiﬁcis
1631 4323 1789 4389 dixit,

204 4425 358 4497 quod
393 4432 538 4479 esset
571 4423 901 4488 testamenti,
931 4438 1036 4477 non
1068 4421 1283 4491 quidem
1313 4427 1485 4474 totum
1518 4417 1673 4482 dixit,
1707 4425 1791 4470 ta-

205 4532 335 4572 men
367 4516 520 4570 dixit.
552 4514 664 4570 Hoc
687 4513 800 4584 jam
829 4524 954 4569 ante
980 4513 1274 4583 repercutit
1299 4521 1354 4568 et
1381 4512 1556 4581 ipsum
1584 4507 1791 4565 sacriﬁ-

203 4608 380 4666 cium.
396 4607 515 4662 Noli
542 4607 704 4678 igitur
718 4615 907 4677 putare
927 4606 1233 4677 pontiﬁcem
1249 4619 1372 4659 eum
1389 4605 1633 4666 audiens,
1651 4602 1795 4673 quod

207 4717 432 4773 semper
477 4701 772 4772 pontiﬁcali
823 4701 1074 4772 fungatur
1123 4697 1344 4754 olIicio:
1387 4696 1554 4752 semel
1599 4695 1796 4766 quippe

206 4793 436 4850 functus
465 4801 549 4848 est
591 4790 942 4863 pontiﬁcatu;
987 4787 1315 4857 deindejam
1356 4787 1621 4843 considet.
1655 4784 1794 4840 Num

206 4893 378 4957 putas
419 4900 543 4938 eum
579 4900 794 4939 rursum
844 4892 988 4938 stare
1017 4891 1073 4938 et
1103 4882 1409 4936 ministrum
1455 4877 1614 4933 esse?
1644 4875 1797 4930 Unde

207 4974 458 5031 ostendit
507 4975 630 5044 quia
680 4974 1096 5045 dispensationis
1156 4986 1243 5027 res
1297 4980 1416 5025 acta
1483 4977 1588 5024 est.
1641 4966 1796 5022 Sicut

209 5069 363 5124 enim
395 5083 582 5123 servus
623 5067 798 5122 factus
829 5075 933 5132 est,
961 5066 1039 5121 sic
1066 5074 1121 5120 et
1168 5063 1405 5134 pontifex
1435 5070 1490 5118 et
1529 5060 1793 5115 minister.

211 5156 336 5212 Non
369 5156 512 5211 enim
540 5157 774 5212 ministri
803 5165 888 5212 est
912 5156 1124 5220 sedere,
1151 5155 1244 5209 sed
1292 5162 1456 5208 stare.
1508 5151 1606 5206 Hic
1651 5151 1796 5206 enim

211 5247 648 5318 magnitudinem
663 5245 914 5302 sacriﬁcii
937 5243 1172 5301 ostendit
1189 5261 1201 5296 :
1217 5241 1462 5312 quamvis
1483 5239 1612 5295 illud
1629 5253 1794 5292 unum

209 5350 390 5406 esset,
425 5349 480 5395 et
506 5339 671 5396 semel
695 5339 957 5402 oblatum,
981 5334 1178 5391 suﬁicit
1205 5335 1256 5388 in
1280 5333 1700 5404 sempiternum;
1742 5337 1800 5384 et

215 5443 434 5489 tantum
459 5431 760 5503 praevaluit,
776 5414 1035 5500 quantum
1057 5437 1251 5482 ctetera
1265 5426 1444 5480 omnia
1468 5441 1572 5480 non
1595 5436 1802 5493 pratva-

214 5523 474 5588 Iuerunt;
498 5531 554 5577 et
581 5523 723 5591 quod
749 5520 1029 5586 oli'erebat,
1062 5534 1167 5573 non
1191 5533 1288 5587 pro
1317 5533 1375 5572 se
1395 5514 1677 5578 oﬂ'erebat,
1707 5513 1800 5569 sed

217 5628 320 5682 pro
336 5612 556 5683 populo.
572 5605 846 5667 Nee'cnim
867 5610 968 5666 hoc
985 5624 1080 5680 pro
1103 5607 1298 5678 populo
1315 5605 1552 5676 quotidie
1573 5604 1804 5660 oﬁ‘eren-

215 5707 348 5761 dum
373 5715 523 5772 erat;
551 5703 644 5760 sed
669 5711 830 5760 tanta:
853 5699 1152 5760 sanctitatis
1171 5708 1226 5753 et
1242 5697 1462 5754 honoris
1480 5695 1619 5767 apud
1639 5695 1802 5752 Deum

1889 3267 2002 3307 rem
2039 3269 2052 3306 τ
2085 3266 2192 3305 non
2221 3252 2365 3306 enim
2397 3252 2514 3306 sine
2540 3249 2781 3319 periculo
2807 3256 2890 3304 est
2922 3248 3077 3303 nobis
3099 3248 3276 3304 ruina.
3300 3246 3467 3313 Quot-

1887 3352 2014 3413 quot
2044 3351 2227 3397 autem
2254 3342 2486 3396 necdum
2516 3341 2662 3411 digni
2694 3339 2823 3394 facti
2843 3347 2972 3394 sunt
3001 3338 3142 3403 istis,
3173 3353 3370 3406 neque.
3389 3336 3469 3404 ip-

1886 3435 1931 3490 si
1953 3442 2242 3504 pr0pterea
2264 3439 2616 3502 prmsumant.
2636 3429 2862 3497 Quando
2894 3429 3037 3484 enim
3066 3429 3188 3498 quis
3221 3435 3467 3497 propter-

1885 3538 1949 3578 ea
1975 3530 2182 3592 peccat,
2211 3532 2272 3576 ut
2315 3530 2558 3576 sanctum
2589 3520 2914 3589 baptismum
2961 3520 3012 3573 in
3047 3518 3338 3574 novissima
3368 3532 3464 3572 sua

1887 3613 2250 3682 exspiratione
2277 3612 2555 3681 suscipiat,
2587 3610 2834 3666 fortassis
2872 3627 2977 3665 non
3019 3610 3353 3680 adipiscitur.
3401 3607 3468 3662 Et

1888 3705 2092 3759 credite
2123 3703 2279 3768 mihi,
2319 3717 2426 3756 non
2479 3708 2688 3756 terrens
2731 3717 2827 3756 vos
2869 3701 3008 3764 dico,
3041 3701 3183 3770 quod
3228 3700 3472 3754 dicturus

1889 3813 2005 3853 sum
2040 3815 2052 3850 :
2079 3795 2274 3850 multos
2301 3793 2446 3858 novi,
2471 3794 2561 3862 qui
2589 3793 2692 3848 hoc
2710 3793 2857 3862 passi
2887 3801 3033 3858 sunt,
3054 3791 3145 3861 qui
3172 3806 3268 3861 spe
3291 3789 3472 3859 bapti-

1889 3885 2080 3941 smatis
2109 3883 2276 3939 multa
2302 3883 2632 3954 peccabant;
2659 3882 2806 3936 circa
2840 3882 2983 3936 diem
3039 3888 3220 3935 autem
3279 3877 3472 3933 mortis

1888 3975 2255 4030 discesserunt
2284 3971 2443 4027 vacui
2480 3971 2665 4026 :Deus
2691 3971 2834 4024 enim
2882 3978 3101 4040 propter
3149 3970 3252 4024 hoc
3295 3967 3473 4037 bapti-

1890 4080 2006 4120 sma
2035 4062 2244 4126 tribuit,
2272 4071 2334 4116 ut
2359 4061 2540 4115 abluat
2560 4068 2804 4131 peccata,
2833 4077 2938 4116 non
2965 4069 3025 4114 ut
3051 4061 3231 4114 addat.
3259 4058 3315 4113 Si
3341 4073 3472 4112 vero

1890 4157 2013 4228 quis
2038 4156 2104 4210 ad
2128 4156 2230 4211 hoc
2249 4154 2573 4224 baptismate
2598 4154 2789 4218 utitur,
2820 4162 2876 4208 ut
2899 4152 3157 4223 ampliora
3181 4150 3473 4220 delinquat,

1893 4248 2068 4318 ipsum
2100 4245 2161 4300 ﬁt
2186 4244 2528 4328 negligentia:
2557 4258 2741 4314 causa.
2781 4243 2838 4298 Si
2870 4242 3014 4297 enim
3048 4257 3154 4296 non
3202 4248 3346 4296 esset
3388 4238 3470 4292 la-

1892 4352 2135 4402 vacrum,
2165 4333 2464 4390 munditius
2488 4334 2755 4399 viverent,
2787 4347 2894 4388 non
2933 4331 3194 4386 habentes
3228 4335 3469 4399 peccata.

1894 4428 2146 4492 Intueris,
2173 4426 2322 4497 quia,
2355 4425 2498 4495 quod
2525 4424 2727 4480 dictum
2773 4432 2878 4489 est,
2909 4423 3198 4478 Faciamus
3226 4419 3386 4481 mala,
3418 4423 3476 4470 ut

1896 4519 2118 4572 veniant
2170 4517 2332 4582 bona,
2358 4531 2458 4571 nos
2505 4531 2713 4580 sumus,
2738 4515 2829 4585 qui
2861 4512 3108 4577 facimus,
3139 4519 3199 4566 ut
3246 4507 3478 4565 dicatur?

1896 4609 2102 4665 Idcirco
2129 4607 2377 4672 obsecro,
2405 4614 2463 4660 ttt
2485 4615 2541 4662 et
2562 4622 2681 4672 vos,
2703 4606 2831 4675 quia
2856 4604 3084 4660 necdum
3110 4601 3240 4657 estis
3262 4598 3476 4660 imbuti,

1896 4699 2177 4772 evigiletis.
2231 4698 2432 4763 Nemo,
2479 4698 2618 4753 sicut
2647 4694 3058 4757 .mercenarius,
3108 4706 3288 4754 nemo,
3339 4689 3480 4742 sicut

1898 4795 2164 4866 ingratus,
2213 4791 2562 4862 aggrediatur
2603 4789 2884 4852 virtutem,
2935 4799 3095 4840 nemo
3128 4783 3268 4837 sicut
3319 4791 3481 4851 grave

1898 4884 2151 4955 quiddam
2197 4892 2252 4938 et
2273 4881 2633 4953 importabile.
2665 4879 2801 4934 Cum
2845 4878 3125 4933 alacritate
3152 4875 3313 4946 igitur
3342 4875 3480 4927 hanc

1898 4977 2273 5049 aggrediamur
2293 4983 2347 5031 et
2391 4974 2706 5046 gaudentes,
2737 4989 2801 5029 ac
2831 4974 2875 5029 si
2917 4973 3060 5029 enim
3093 4985 3302 5025 merces
3324 4967 3481 5022 nobis

1899 5089 2006 5129 non
2025 5081 2167 5128 esset
2189 5071 2480 5143 preposita,
2503 5083 2683 5124 nonne
2711 5068 2996 5138 oportebat
3023 5065 3192 5119 bonos
3207 5059 3477 5118 esse?sal-

1871 5152 2007 5217 'tem
2023 5177 2144 5216 cum
2161 5160 2530 5230 mercedejam
2549 5156 2840 5213 efﬁciamur
2855 5155 2998 5211 boni.
3014 5154 3082 5209 Et
3094 5153 3360 5222 quomodo
3374 5165 3478 5204 non

1827 5301 1840 5312 .
1900 5251 2306 5308 erubescis?ln
2330 5251 2432 5305 hoc
2473 5247 2644 5318 major
2687 5255 2772 5303 est
2801 5248 2903 5302 ista
2953 5243 3336 5316 reprehensio:
3377 5240 3479 5294 nisi

1901 5342 2032 5398 mihi
2078 5342 2290 5396 dederis
2317 5341 2640 5404 mercedem,
2681 5337 2878 5407 inquis,
2911 5351 3016 5391 non
3053 5335 3253 5390 eﬁiciar
3278 5339 3475 5387 castus.

1902 5430 2136 5486 Proinde
2160 5430 2330 5484 audeo
2353 5428 2555 5498 aliquid
2595 5427 2792 5492 dicere,
2822 5441 3094 5496 nunquam
3139 5423 3247 5478 eris
3277 5429 3472 5484 castus,

1903 5548 2078 5604 neque
2125 5533 2168 5587 si
2197 5532 2414 5603 quando
2443 5531 2554 5586 eris
2588 5539 2810 5596 castus;
2871 5528 2917 5584 si
2955 5526 3170 5597 quidem
3221 5525 3325 5577 hoc
3377 5533 3478 5589 pro

1904 5625 2153 5681 mercede
2215 5623 2396 5688 facis,
2448 5621 2580 5676 nihil
2640 5622 2881 5676 aestimas
2929 5618 3222 5676 virtutem,
3276 5611 3328 5666 si”
3371 5625 3478 5664 non

1909 5717 2079 5785 ipsam
2104 5729 2272 5770 ames.
2305 5712 2408 5769 Sed
2441 5712 2581 5767 Deus
2606 5720 2827 5782 propter
2861 5709 3084 5764 multatn
3122 5712 3362 5757 nostram
3401 5701 3482 5754 in-
