3992 6338
567 276 671 334 765

1161 275 1256 333 .B.
1291 275 1544 331 RABANI
1581 270 1801 333 MAURI
1834 273 2150 332 ARCHIEP.
2191 271 2498 333 MOGUNT.
2540 272 2825 331 OPHIUM
2859 272 3055 332 PARS
3094 272 3191 330 III.
3688 286 3760 345 γει

563 385 895 452 ﬁrmitatem,
925 385 1141 442 interim
1169 386 1253 442 vel
1278 394 1500 457 propter
1526 386 1829 443 mercedem
1848 399 1973 441 eam
2013 383 2132 441 ﬁeri
2157 388 2208 448 Α
2232 381 2361 440 Iutis
2390 392 2608 441 nostrae.
2639 383 2754 443 Hoc
2796 385 2941 441 enim
2966 392 3200 457 gestum
3226 385 3512 453 credimus,
3534 389 3625 448 hoc
3651 400 3761 458 ηοω.

564 477 760 546 voluit;
800 493 901 534 nos
924 488 1104 533 autem
1128 492 1303 549 neque
1328 479 1407 539 sic
1444 493 1565 534 eam
1592 477 1958 551 aggredimur.

1134 588 1361 648 CAPUT
1399 590 1533 646 VIII.

569 677 808 734 Ostendit
833 679 1095 735 Christum
1114 698 1223 736 esse
1244 680 1504 736 meliorem
1519 690 1966 736 sacramentorum
1982 682 2140 737 mini-

818 762 1000 813 strum,
1040 751 1295 805 ministris
1329 751 1525 805 Veteris
1562 751 1891 806 Testamenti.

642 856 662 890 ι
691 836 995 909 Capitulum
1022 849 1201 895 autem
1228 855 1391 912 super
1413 853 1477 895 ea
1499 855 1619 911 quae
1642 841 1895 897 dicuntur
1918 861 1931 896 :
1955 841 2139 898 Talem

574 946 595 982 ι
637 929 899 986 habemus
924 932 1257 1002 pontiﬁcem,
1295 934 1386 1003 qui
1411 933 1655 989 consedit
1680 934 1734 987 in
1756 934 1977 989 dextera
1999 932 2141 989 sedis

572 1039 595 1073 ‹
640 1023 1024 1091 magnitudinis
1046 1025 1100 1079 in
1116 1024 1288 1087 caelis,
1306 1032 1614 1079 sanctorum
1634 1024 1886 1079 minister
1906 1024 2144 1079 ettaber-

573 1128 597 1163 ‹
643 1111 823 1167 naculi
852 1113 1003 1179 veri,
1035 1113 1178 1183 quod
1228 1113 1345 1168 ﬁxit
1389 1114 1647 1169 Dominus
1690 1112 1900 1185 [Deus],
1931 1120 1987 1169 et
2036 1129 2143 1169 non

584 1216 605 1251 ι
648 1200 863 1255 homo.»
900 1202 977 1275 (J.
1001 1202 1211 1275 Chrys.)
1240 1204 1292 1258 ln
1314 1219 1422 1258 uno
1443 1204 1754 1259 commiscet
1778 1203 1999 1259 humilia
2021 1218 2143 1271 cum

567 1289 800 1345 excelsis
832 1290 1120 1361 Apostolus
1153 1291 1353 1347 Paulus
1381 1307 1596 1362 semper
1628 1294 1945 1365 magistrum
1989 1308 2145 1349 suum

574 1387 874 1444 sectans,ut
900 1396 999 1451 per
1028 1382 1251 1437 humilia
1280 1384 1348 1439 ad
1374 1383 1587 1449 altiora,
1615 1391 1670 1439 et
1688 1399 1786 1456 per
1818 1385 1933 1439 haec
1960 1381 2027 1439 ad
2057 1383 2147 1437 illa

569 1469 920 1536 deducantur,
953 1481 1011 1527 ut
1036 1474 1311 1528 venientes
1348 1488 1381 1528 a
1431 1474 1774 1542 sublimibus,
1821 1473 1993 1531 facilis
2036 1471 2163 1529 cuia

572 1561 749 1616 ciatur
798 1562 903 1626 via,
957 1577 1153 1634 magna
1203 1562 1460 1620 discant:
1489 1566 1616 1635 quia
1662 1564 1750 1620 illa
1798 1564 2147 1621 dissensionis

568 1658 748 1706 erant.
781 1650 1072 1722 Postquam
1101 1666 1226 1708 eum
1273 1655 1511 1710 ostendit
1555 1655 1885 1728 pontiﬁcem,
1911 1655 2040 1725 quid
2066 1655 2147 1709 in-

2237 473 2307 529 ad
2321 473 2548 530 salutem
2559 473 2827 544 proﬁcere
2848 476 3138 534 novimus.
3158 472 3272 531 Sed
3285 474 3415 545 quid
3433 480 3639 539 carnalis
3652 500 3762 547 mens

2237 563 2472 619 humana
2499 564 2731 621 aestimet
2777 564 2833 620 in
2860 580 2946 632 eo,
2979 566 3141 635 quod
3192 565 3438 621 dicitur:
3483 567 3657 627 Sedere
3676 589 3762 632 eum

2236 668 2269 708 a
2298 654 2502 710 dextris
2530 654 2663 711 Dei?
2696 655 3109 712 Condescendit
3162 655 3316 712 enim
3345 665 3525 713 sancta
3551 659 3764 734 Scriptura

2238 750 2437 799 nostra:
2461 744 2761 799 inﬁrmitati
2793 755 3123 816 nostraeque
3149 748 3550 814 consuetudini,
3567 763 3763 820 quam

2238 830 2507 888 imbecilla
2532 833 2893 889 instrueretur
2929 836 3271 891 humanitas
3288 876 3305 901 ,
3334 839 3541 907 quando
3567 848 3761 912 usquead

2240 922 2387 979 illam
2412 934 2679 981 secretam
2704 927 2933 997 gloriam
2948 927 3277 983 divinitatis
3297 928 3565 984 hominum
3590 947 3676 986 non
3694 951 3760 1005 po-

2241 1022 2385 1070 terat
2406 1016 2661 1086 cogitatio
2682 1017 2990 1086 pervenire.
3028 1016 3211 1087 Igitur
3229 1017 3425 1073 victori
3453 1017 3596 1085 Filio,
3620 1030 3665 1076 et
3696 1039 3759 1094 per

2242 1113 2482 1161 sanctam
2512 1108 2938 1162 incarnationem
2990 1108 3175 1163 totius
3206 1108 3395 1162 mundi
3438 1110 3759 1180 triumphaturi,

2241 1205 2363 1266 post
2382 1191 2799 1253 resurrectionis
2823 1197 3061 1269 gloriam
3087 1198 3434 1253 honorabilis
3456 1214 3698 1257 consessus
3709 1204 3759 1259 of-

2242 1287 2436 1354 fertur,
2466 1296 2527 1344 ut
2554 1304 2651 1359 per
2676 1289 2822 1344 hunc
2842 1289 3014 1344 situm
3040 1297 3325 1360 susceptae
3352 1291 3670 1345 humanitatis
3686 1293 3760 1363 glo-

2243 1379 2323 1433 ria
2346 1379 2668 1435 declaretur.
2697 1378 2832 1434 Nam
2861 1380 2964 1434 hoc
2992 1380 3177 1435 verbo
3208 1380 3413 1445 sedere,
3444 1380 3563 1436 illud
3581 1382 3759 1454 designa-

2246 1475 2352 1545 tur,
2373 1476 2435 1523 ut
2469 1477 2631 1539 caput
2654 1481 2899 1526 nostrum
2928 1471 3199 1529 Christus
3245 1473 3315 1530 ad
3342 1472 3513 1529 Patris
3538 1489 3758 1545 cognosce-

2246 1565 2396 1612 retur
2418 1558 2697 1616 dexteram
2726 1562 3083 1630 collocatum,
3118 1564 3176 1619 id
3211 1571 3322 1630 est,
3355 1564 3527 1620 divina
3555 1566 3758 1637 majestate
3856 1612 3857 1651 ἐ

2246 1648 2614 1717 sublimatum,
2640 1652 2695 1706 in
2727 1667 2831 1722 qua
2855 1660 3015 1723 parte
3042 1653 3298 1724 ponendi
3344 1662 3484 1719 sunt,
3512 1654 3591 1724 qui
3628 1672 3653 1708 a
3677 1672 3757 1725 per-
3856 1648 3857 1669 ‘

574 1742 736 1799 tulit?
763 1762 783 1795 ‹
812 1744 1123 1815 Capitulum
1150 1754 1351 1812 autem,
1376 1727 1570 1817 inquit,
1595 1748 1649 1802 in
1674 1747 1762 1803 his
1812 1762 1933 1818 quae
1952 1747 2142 1803 dicun-
2175 1727 2218 1788 Β
2246 1737 2392 1797 ditis.
2407 1737 2647 1810 ejusdem
2680 1740 2982 1800 Saluatm'is
3010 1758 3281 1799 munere.
3305 1744 3757 1816 segregantan

568 1841 659 1888 tur
690 1852 703 1887 :
738 1833 920 1889 Talem
960 1834 1220 1892 habemus
1240 1835 1575 1908 pontiﬁcem.
1599 1837 1690 1911 qui
1721 1837 1776 1895 in
1803 1838 2024 1894 dextera
2062 1853 2147 1894 se—

572 1922 664 1976 det
698 1923 1019 1993 majestatis,
1055 1944 1075 1977 ι
1109 1934 1164 1980 et
1205 1935 1382 1981 tamen
1436 1927 1538 1983 hoc
1570 1942 1679 1983 non
1724 1928 1996 2001 pontiﬁcis
2040 1935 2146 1994 est,

573 2010 668 2065 sed
699 2012 817 2082 ejus
864 2013 951 2067 cui
978 2014 1045 2068 ab
1069 2013 1162 2070 illo
1184 2014 1425 2071 exhiberi
1465 2024 1676 2086 oportet
1704 2017 1991 2073 sacerdotii
2023 2015 2146 2071 fun-

569 2102 828 2159 ctionem.
862 2122 879 2155 ι
902 2103 1146 2161 Minister
1166 2115 1497 2173 sanctorum,
1522 2128 1541 2161 ι
1560 2123 1736 2179 neque
1757 2109 2003 2165 minister
2021 2107 2151 2163 sim-

567 2193 782 2264 pliciter
803 2195 980 2252 dictus
998 2205 1099 2262 est,
1115 2197 1209 2252 sed
1237 2216 1256 2247 ι
1278 2206 1591 2254 sanctorum
1613 2199 1884 2264 minister,
1899 2206 1955 2255 et
1976 2199 2153 2255 taber-

570 2283 747 2338 naculi
779 2286 923 2355 quod
951 2286 1239 2341 constituit
1260 2287 1421 2354 Deus,
1450 2303 1556 2345 non
1588 2289 1769 2343 homo.
1805 2306 1825 2340 ι
1862 2286 2020 2344 Vides
2037 2287 2154 2345 dis-

569 2373 897 2428 sensionem.
911 2374 1102 2429 Nonne
1113 2375 1272 2444 paulo
1286 2384 1413 2431 ante
1429 2376 1692 2432 discernit
1703 2377 1917 2433 dicens:
1937 2375 2155 2434 «Nonne

570 2474 760 2518 omnes
776 2472 901 2517 sunt
918 2463 1151 2518 ministri
1180 2464 1439 2534 spiritus?
1458 2484 1477 2518 ›
1505 2473 1560 2521 et
1574 2474 1860 2538 propterea
1876 2467 2034 2533 dixit,
2046 2482 2155 2525 non

577 2554 803 2609 audiunt
837 2573 850 2609 :
886 2575 903 2608 ι
939 2555 1078 2613 Sede
1104 2572 1134 2611 a
1164 2557 1369 2613 dextris
1403 2557 1559 2623 meis,
1596 2578 1615 2610 ι
1650 2566 1709 2613 ut
1748 2566 1878 2629 pote
1918 2559 2031 2624 illo,
2060 2558 2155 2629 qui

580 2646 806 2714 sederit,
832 2663 937 2703 non
961 2658 1208 2706 exstante
1253 2650 1521 2706 ministro.
1566 2651 1846 2718 Quomodo
1893 2662 2022 2723 ergo
2066 2652 2157 2709 hic

577 2736 829 2791 minister
855 2736 1032 2794 dictus
1063 2747 1168 2803 est,
1197 2745 1253 2794 et
1300 2740 1548 2796 minister
1570 2742 1921 2797 sanctorum?
1951 2741 2157 2799 Taber-

570 2826 821 2881 naculum
870 2827 1070 2898 quippe
1125 2828 1217 2883 hic
1269 2828 1425 2886 dixit.
1458 2830 1614 2911 'Vide
1668 2839 1849 2889 autem
1888 2832 2157 2903 quomodo

578 2918 839 2975 instruxit
878 2921 1089 2977 animas
1118 2937 1306 2978 eorum
1345 2924 1435 2994 qui
1472 2938 1540 2979 ex
1563 2924 1766 2983 Iudaeis
1791 2926 2151 2982 crediderant.

2252 1850 2272 1883 ι
2318 1834 2405 1889 nis
2432 1835 2576 1889 enim
2617 1834 2860 1905 pontifex
2887 1837 2955 1891 ad
2984 1835 3281 1892 offerenda
3311 1851 3525 1913 munera
3548 1845 3594 1891 st
3615 1837 3756 1893 hostias

2254 1940 2274 1975 ι
2313 1923 2697 1979 constituitur:
2725 1924 2869 1979 unde
2892 1939 3133 1980 necesse
3154 1933 3245 1981 est
3273 1934 3333 1980 et
3351 1925 3493 1979 hunc
3518 1926 3680 1980 habere
3695 1925 3758 1980 ali-

2254 2031 2275 2065 (
2317 2013 2448 2082 quid
2469 2012 2612 2085 quod
2625 2013 2833 2070 offerat.
2861 2013 2938 2086 (Ι.
2955 2013 3219 2086 Chrys.»
3238 2014 3320 2071 Ne
3342 2015 3493 2079 forte,
3520 2014 3622 2084 quia
3637 2016 3753 2081 audis,

2250 2105 2394 2174 quod
2420 2105 2628 2172 sedeat,
2661 2112 2834 2161 totum
2858 2120 2984 2161 eum
3038 2110 3208 2177 putes
3251 2106 3552 2176 pontiﬁcem
3585 2106 3753 2173 dictum;

2251 2194 2381 2251 illud
2408 2196 2626 2266 quidem
2661 2198 2936 2269 dignitatis
2977 2207 3071 2253 est
3118 2198 3341 2264 divinae,
3368 2198 3466 2254 hoc
3501 2205 3587 2264 est,
3608 2199 3751 2265 sedete,

2252 2286 2359 2342 hoc
2379 2296 2560 2344 autem
2588 2288 2975 2345 misericordiae
2985 2289 3185 2345 multa:
3198 2299 3255 2347 et
3276 2290 3635 2359 amoris,un
3652 2290 3754 2344 nobis

2252 2377 2534 2447 impendit.
2567 2379 2860 2449 Propterea
2884 2378 2990 2436 hoc
3022 2379 3297 2445 inculcat,
3324 2388 3379 2435 et
3408 2380 3457 2433 in
3482 2380 3571 2434 hoc
3591 2377 3749 2448 amplius
3856 2436 3857 2447 χ

2254 2477 2624 2527 commoratur
2654 2489 2668 2524 :
2713 2477 2927 2526 veretur
2954 2473 3139 2538 enim,
3168 2485 3238 2526 ne
3286 2470 3416 2525 illud
3465 2468 3646 2531 refutet,
3668 2481 3751 2537 pro-
3856 2472 3857 2485 ‘

2255 2568 2439 2629 pterea
2460 2558 2574 2629 jam
2597 2561 2668 2617 ad
2680 2560 2783 2617 hoc
2805 2577 2963 2617 suum
2976 2561 3545 2633 deponit_sermonem.
3565 2556 3749 2624 Quoniam
3856 2560 3857 2633 ξ

2255 2654 2569 2721 quierebant
2623 2654 2862 2723 quidam,
2885 2669 2983 2709 cur
3028 2661 3289 2710 mortuus
3330 2652 3418 2709 sit.
3451 2648 3747 2712 Pontifex,in-
3856 2648 3857 2723 ἶ

2256 2746 2395 2817 quit,
2412 2755 2554 2813 erat,
2576 2745 2819 2817 pontifex
2842 2754 3029 2801 autem
3053 2745 3178 2801 sine
3196 2745 3380 2800 hostia
3401 2758 3498 2797 non
3520 2750 3589 2796 est
3610 2739 3749 2809 τοροτ-

2264 2843 2345 2894 tet
2386 2838 2551 2908 igitur
2600 2838 2746 2894 hunc
2790 2837 2991 2893 habere
3038 2837 3305 2900 hostiam,
3340 2842 3393 2890 et
3434 2833 3573 2887 aliter
3607 2830 3747 2891 motos,

2258 2927 2386 2997 quia
2400 2942 2616 2984 sursum
2643 2936 2748 2993 est,
2775 2927 2908 2982 dicit
2933 2934 2991 2982 et
3016 2926 3267 2989 ostendit
3289 2923 3531 2992 undique,
3549 2921 3749 2990 quiapon-

572 3008 834 3075 Quoniam
856 3010 999 3066 enim
1033 3008 1282 3069 fortassis
1320 3013 1775 3085 imaginabantur,
1805 3017 1933 3087 quia
1973 3018 2154 3073 taber—
2202 3086 2215 3087 ί
2260 3016 2388 3072 tifex
2404 3027 2488 3074 est
2507 3034 2571 3074 ex
2587 3014 3537 3087 Melchisedecb,exjurejurando,ex
3552 3006 3747 3066 oﬁ‘erendo

572 3100 824 3155 naculum
845 3101 953 3156 tale
977 3117 1083 3159 non
1114 3103 1395 3159 habemus.
1414 3104 1576 3170 Ecce,
1604 3098 1800 3176 inquit,
1816 3086 2073 3177 pontifex,
2102 3115 2160 3163 et
2184 3086 2230 3149 (ἶ
2261 3106 2515 3164 hostiam.
2556 3109 2722 3181 (Alb.)
2773 3106 3071 3164 Pontiﬁces
3100 3086 3251 3162 vero
3279 3104 3482 3161 Veteris
3506 3096 3746 3157 Testamenti

573 3210 824 3267 magnus,
847 3206 903 3250 et
932 3196 1103 3251 multo
1124 3195 1298 3266 major
1326 3198 1440 3262 illo,
1466 3206 1523 3252 et
1547 3200 1875 3255 sacriﬁcium
1912 3201 2161 3257 mirabile

574 3285 787 3340 obtulit.
805 3284 911 3340 Sed
929 3287 1158 3351 intuere,
1175 3301 1243 3341 ne
1265 3285 1400 3342 forte
1415 3287 1503 3344 hic
1517 3302 1698 3344 sermo
1715 3298 1923 3346 tantum
1942 3292 2160 3358 habeat,

578 3373 887 3448 [habeatur]
918 3391 986 3429 ne
1014 3374 1153 3430 forte
1176 3376 1525 3447 ampliﬁcatio
1559 3387 1614 3434 et
1638 3381 1898 3437 animatio
1922 3382 2164 3438 sit.Pro-

577 3472 769 3535 pterea
793 3466 968 3535 primo
997 3464 1155 3521 ﬁdem
1176 3466 1307 3522 fecit
1332 3483 1400 3522 ex
1414 3466 1785 3537 jurejurando,
1811 3473 2004 3528 deinde
2022 3482 2079 3530 et
2095 3489 2161 3529 ex

585 3554 961 3621 tabernaculo,
987 3556 1130 3625 quod
1159 3555 1377 3625 quidem
1404 3565 1460 3612 et
1485 3566 1752 3612 monstrat
1781 3559 2160 3619 diﬁ'erentiam.

577 3646 698 3719 Ipse
727 3656 906 3702 autem
942 3656 998 3704 et
1024 3648 1188 3703 aliam
1214 3648 1508 3715 adinvenit,
1539 3668 1557 3701 ι
1586 3651 1729 3719 quod
1752 3651 2030 3707 constituit
2056 3654 2163 3709 Do-

579 3737 780 3803 minus,
805 3738 995 3809 inquit,
1014 3755 1120 3795 non
1144 3740 1334 3795 homo:
1361 3760 1379 3792 ι
1405 3738 1503 3796 Ubi
1517 3750 1643 3795 sunt
1660 3740 1752 3810 qui
1771 3741 1980 3808 dicunt,
1998 3743 2164 3813 signi-

581 3826 732 3884 ﬁcari
762 3829 993 3885 caelum?
1019 3830 1107 3891 ubi
1129 3838 1255 3885 sunt
1276 3831 1367 3902 qui
1390 3832 1721 3901 sphaeroides
1740 3848 1771 3887 a
1793 3833 2006 3901 sphaera
2033 3834 2163 3890 illud

580 3936 703 3977 esse
715 3922 1091 3992 pronuntiant?
1111 3930 1338 3992 utraque
1351 3923 1493 3977 enim
1510 3923 1609 3978 ista
1624 3923 1840 3979 exclusa
1856 3933 1979 3980 sunt
1992 3924 2045 3979 in
2060 3926 2164 3981 hoc

583 4010 725 4068 loco.
751 4011 916 4085 (Alb.)
942 4011 1092 4079 Quod
1116 4013 1296 4083 itaque
1317 4013 1395 4067 ait
1424 4031 1437 4066 :
1471 4033 1490 4064 ‹
1516 4013 1824 4083 Capitulum
1852 4014 1906 4069 in
1937 4015 2022 4071 his
2042 4031 2164 4085 qua:

586 4105 730 4161 dicta
758 4113 902 4171 sunt,
940 4124 958 4157 ι
989 4104 1260 4176 signiﬁcat
1282 4104 1481 4175 aliquid
1507 4120 1777 4160 summum
1797 4112 1853 4160 ct
1886 4120 2161 4177 magnum,

585 4196 739 4268 quasi
760 4195 1112 4267 praecedentis
1137 4195 1512 4263 disputationis
1536 4194 1933 4264 recapitulatio,
1958 4195 2025 4250 ad
2046 4210 2162 4251 rem

589 4287 763 4358 ipsam
788 4287 1057 4341 deducens
1087 4285 1408 4341 auditorem.
1428 4305 1446 4337 ι
1470 4284 1652 4341 Talem
1666 4270 2160 4357 habemusﬁuquit,

588 4375 921 4448 pontiﬁcem,
946 4376 1038 4447 qui
1061 4375 1212 4431 sedet
1230 4376 1299 4431 ad
1321 4376 1595 4431 dexteram
1619 4376 1916 4447 maiestatis
1938 4397 1956 4429 ι
1982 4377 2161 4433 humi-

587 4466 663 4522 lia
689 4467 938 4531 excelsis,
970 4468 1211 4523 humana
1260 4466 1456 4523 divinis
1489 4468 1865 4536 commiscens,
1908 4469 2157 4525 eumdem

590 4556 764 4612 Deum
819 4557 1132 4622 ostendens,
1171 4571 1333 4626 quem
1373 4564 1427 4611 et
1474 4558 1824 4628 pontiﬁcem;
1854 4575 1955 4617 nec
1997 4560 2159 4616 alium

588 4661 713 4704 esse
743 4648 835 4719 qui
866 4649 1017 4704 sedet
1042 4648 1108 4703 ad
1136 4648 1416 4703 dexteram
1461 4648 1589 4715 Dei,
1625 4649 1731 4705 nisi
1772 4650 1895 4705 eum
1942 4650 2035 4721 qui
2083 4658 2167 4706 est

591 4738 836 4793 minister
864 4746 1172 4795 sanctorum
1197 4748 1255 4796 et
1275 4740 1604 4796 tabernaculi
1633 4760 1651 4793 ι
1685 4743 1827 4812 quod
1850 4742 1971 4799 ﬁxit
1996 4743 2160 4809 Deus,

592 4834 649 4882 et
677 4842 782 4882 non
811 4830 991 4886 homo.
1023 4850 1042 4883 ι
1070 4830 1182 4888 Hoc
1209 4832 1616 4889 tabernaculum
1637 4835 1833 4889 animae
1855 4843 1980 4890 sunt
2006 4850 2164 4891 sanc-

592 4922 793 4983 torum,
825 4920 1019 4988 quibus
1046 4931 1245 4978 aeterna
1274 4923 1467 4994 gaudia
1495 4922 1797 4990 ministrat,
1827 4931 1881 4978 et
1922 4922 2164 4980 velamen

594 5007 740 5075 caeli,
756 5009 995 5080 pontifex
1017 5029 1261 5086 magnus,
1289 5033 1307 5065 ε
1328 5013 1419 5085 qui
1438 5014 1590 5071 sedet
1614 5014 1681 5071 ad
1701 5013 1979 5071 dexteram
2001 5013 2167 5084 maje~

596 5101 754 5156 statis
779 5101 832 5156 in
854 5103 1084 5159 excelsis
1105 5122 1123 5156 ι
1149 5103 1347 5159 Patris.
1366 5106 1499 5160 Dum
1528 5105 1682 5160 audis
1706 5105 1954 5160 eumdem
1980 5105 2167 5161 sedere

595 5207 626 5246 a
660 5191 867 5248 dextris
896 5192 991 5248 Dei
1036 5201 1091 5248 et
1145 5195 1455 5250 ministrare
1501 5196 1725 5263 sanctis,
1755 5194 1943 5253 sedere
1994 5195 2167 5268 digni-

598 5283 726 5339 tatis
776 5283 970 5339 divinae
1021 5290 1106 5339 est
1147 5298 1162 5338 :
1211 5284 1539 5355 [ministrare
1591 5302 1720 5343 vero
1780 5287 2168 5344 misericordiae

597 5373 780 5429 multa:
803 5384 861 5430 et
881 5374 1082 5428 amoris
1104 5375 1303 5446 magni,
1331 5391 1490 5445 quem
1512 5378 1669 5433 nobis
1698 5377 1978 5447 impendit.
2008 5377 2168 5432 Mira-

598 5464 707 5521 bile
735 5474 1135 5522 sacramentum
1172 5473 1278 5530 est,
1312 5467 1561 5522 eumdem
1587 5467 1842 5523 scdcrein
1872 5468 2173 5522 divinitatis

601 5554 789 5627 gloria,
818 5572 977 5627 quem
1003 5566 1378 5626 persecutores
1404 5558 1457 5612 in
1488 5573 1647 5613 cruce
1670 5559 1997 5627 pendentem
2019 5558 2169 5613 vide-

609 5657 764 5715 runt;
791 5649 841 5703 in
863 5664 968 5721 qua
990 5662 1151 5704 cruce
1169 5649 1438 5719 passionis
1463 5648 1623 5715 illius,
1641 5649 1965 5707 ministratio
1984 5656 2068 5707 est
2088 5663 2172 5704 sa-

2262 3199 2450 3255 statuti
2483 3210 2611 3255 sunt
2636 3198 2831 3269 legalia
2854 3196 3054 3254 oﬂ‘erre
3084 3212 3340 3261 munera,
3369 3194 3548 3250 hostias
3567 3203 3644 3260 pro
3657 3187 3743 3249 Suis.

2262 3290 2402 3344 sicut
2425 3289 2673 3360 superius
2702 3289 2858 3353 dixit,
2905 3287 2990 3342 vel
3017 3288 3193 3343 etiam
3223 3302 3323 3358 pro
3366 3282 3529 3356 populi
3566 3275 3743 3351 peccatis.

2264 3377 2419 3434 Unde
2439 3393 2660 3434 necesse
2687 3386 2773 3433 est
2800 3376 3143 3434 Salvatorem
3168 3384 3409 3432 nostrum
3432 3375 3481 3429 in
3503 3370 3742 3426 diehuscar—

2264 3470 2349 3525 nis
2396 3484 2509 3525 suae
2535 3469 2737 3539 aliquid
2766 3469 2966 3525 habere
3001 3468 3073 3524 ad
3117 3467 3451 3525 offerendum
3486 3476 3569 3533 pro
3604 3456 3741 3513 nobis:

2264 3560 2389 3614 dum
2422 3559 2478 3613 in
2502 3560 2832 3629 sempiterna
2861 3560 3170 3615 divinitatis
3206 3574 3318 3615 sum
3368 3564 3538 3612 natura
3570 3566 3650 3606 non
3678 3547 3742 3601 ha-

2263 3647 2378 3703 buit
2400 3650 2544 3718 quod
2571 3648 2788 3705 oﬂ‘erret
2804 3690 2819 3716 ,
2850 3650 3086 3719 sumpsit
3111 3665 3178 3706 ex
3233 3648 3410 3713 nobis,
3435 3642 3559 3716 quod
3580 3654 3656 3712 pro
3674 3652 3740 3691 no-

2262 3737 2348 3793 bis
2377 3738 2572 3795 oﬁ’erre
2598 3739 2883 3810 potuisset,
2905 3739 2960 3795 id
2985 3748 3096 3808 est,
3122 3754 3345 3796 carnem
3372 3738 3632 3792 humanam.
3648 3723 3738 3793 Quid

2265 3835 2376 3882 tam
2426 3837 2612 3899 aptum
2666 3828 3039 3897 immolationi,
3073 3845 3240 3900 quam
3279 3842 3403 3884 cato
3446 3818 3645 3881 mortalis
3674 3828 3737 3884 ιντο

2265 3917 2620 3975 mortalibus?
2646 3918 2712 3972 Et
2738 3918 2866 3987 quid
2909 3926 3021 3974 tam
3070 3920 3336 3975 mundum
3377 3930 3467 3986 pro
3503 3903 3735 4003 mandandis

2264 4008 2411 4062 vitiis
2440 4008 2770 4073 mortalium,
2798 4023 2960 4078 quam
2988 4008 3108 4065 sine
3132 4009 3243 4065 ulla
3269 3992 3735 4092 contagione

2263 4100 2714 4170 concupiscentiae
2730 4115 2862 4155 caro
2883 4108 3011 4155 nata
3026 4102 3080 4157 in
3107 4110 3290 4167 utero,
3304 4116 3368 4155 ex
3390 4105 3526 4151 utero
3537 4081 3736 4158 virginali?

2264 4190 2333 4246 Et
2354 4192 2480 4260 quid
2504 4198 2613 4245 tam
2636 4199 2790 4262 grate
2813 4190 2997 4246 oﬁ'erri
3021 4201 3076 4246 et
3096 4191 3302 4262 suscipi
3324 4187 3497 4261 possit,
3510 4193 3636 4253 quam

2264 4258 2515 4339 sacriﬁcii
2540 4284 2731 4347 nostri,
2762 4298 2961 4353 corpus
2986 4274 3262 4338 'et'fcctum
3293 4273 3562 4364 sacerdotis

2262 4376 2331 4432 Et
2368 4376 2620 4446 quoniam
2653 4350 2885 4446 quatuor
2915 4376 3331 4432 considerantur
3358 4372 3407 4426 in
3444 4363 3565 4421 omni
3588 4350 3728 4413 sacriﬁ-

2266 4465 2392 4521 cio:
2424 4464 2509 4519 cui
2532 4463 2823 4530 oﬁ‘eratur,
2851 4480 2883 4519 a
2923 4480 3031 4535 quo
3074 4464 3354 4527 offeratur,
3383 4455 3497 4530 quid
3533 4449 3729 4535 oneratur.

2264 4573 2366 4628 pro
2389 4557 2584 4627 quibus
2604 4554 2891 4622 offeratur;
2922 4570 3050 4629 ergo
3069 4572 3174 4612 nec
3206 4552 3360 4610 alicui
3385 4542 3648 4605 sacriﬁcium
3666 4531 3727 4587 der

2264 4651 2440 4714 betur,
2473 4648 2576 4704 nisi
2603 4648 2702 4703 soli
2731 4662 2860 4704 vero
2908 4649 3037 4704 Deo.
3090 4646 3317 4703 Proinde
3361 4636 3569 4712 pontifex
3607 4632 3730 4682 nos!“

2265 4756 2364 4812 pro
2393 4740 2551 4796 nobis
2595 4739 2945 4809 semetipsum
2994 4737 3274 4801 offerebat,
3299 4732 3429 4788 idem
3472 4716 3673 4812 διοετδοξ

2270 4799 2616 4887 sacriﬁcium.
2678 4799 2806 4901 (1.-
2829 4827 3066 4900 Chrys.)
3128 4799 3326 4882 Deinde
3378 4815 3522 4874 etiam
3570 4820 3620 4860 εἰ

2272 4881 2703 4977 etnecessarium
2748 4917 3027 4972 constituit
3067 4916 3227 4970 alium
3271 4906 3607 4982 syllogismum
3646 4881 3722 4982 ξδ’

2278 5030 2295 5063 ι
2340 5012 2484 5066 enim
2547 5019 2693 5065 esset
2740 5022 2903 5078 super
2966 5015 3187 5072 terram,
3214 5017 3309 5057 nec
3357 4999 3483 5053 esset
3529 4973 3722 5078 “om?

2279 5120 2296 5152 ι
2336 5114 2458 5155 cum
2508 5105 2692 5153 essent
2743 5073 2835 5166 qui
2886 5094 3140 5151 offerrent
3184 5079 3614 5177 secundum
3642 5073 3721 5177 nl:

2268 5211 2299 5265 5
2340 5174 2493 5259 nam,
2551 5190 2643 5261 qui
2678 5188 2974 5258 exemplari
3027 5196 3082 5242 et
3126 5184 3325 5241 umbrae
3364 5159 3720 5265 (ἰαῦ-Γνίφίέξῖ

2279 5252 2298 5335 i
2345 5250 2586 5337 lestium:
2612 5299 2633 5333 ι
2670 5279 2728 5334 Si
2750 5250 2914 5350 igitur
2934 5287 3019 5333 est
3066 5272 3317 5348 pontifex,
3346 5259 3483 5321 sicuti
3515 5250 3719 5350 853,?ij

2277 5381 2352 5428 tet
2370 5336 2493 5429 eum
2518 5371 2695 5427 locum
2721 5336 2886 5426 alium
2914 5336 3154 5440 quaerere
3176 5404 3191 5430 ,
3226 5371 3378 5430 super
3401 5355 3565 5440 terruit!

2275 5475 2514 5531 exstans,
2543 5477 2884 5533 nequaquam
2910 5442 3050 5516 esset
3073 5453 3322 5529 pontifex.
3345 5433 3576 5556 Qfomfgo
3588 5432 3715 5556 ﬁt");

2277 5556 2379 5623 Qui
2408 5518 2583 5627 neque
2608 5518 2823 5621 obtuIit.
2848 5566 3021 5623 neque
3066 5542 3354 5655 sace’f’°“°
3380 5518 3710 5655 extinguit;

2278 5610 2701 5702 sensuram
2728 5610 2871 5700 enim
2918 5610 3008 5696 tm
3048 5637 3359 5698 sacerdotes.
3386 5610 3586 5682 Ostendit
3614 5615 3636 5655 ε

3646 5747 3858 6272 J
