3992 6338
240 335 346 390 765

699 333 1245 392 ENARRATIONUM
1281 336 1351 392 ΡΝ
1391 336 1541 392 ΕΡΡ.
1579 336 1782 393 PAULI
1818 337 1944 394 LIB.
1986 338 2218 396 XXVIII.
2243 372 2312 384 —
2347 341 2416 397 IN
2451 343 2666 401 EPIST.
2707 348 2799 404 AD
2817 349 3034 408 'IIEBR.

3387 359 3492 416 766

233 445 381 516 quod
417 445 660 537 jamnec
669 443 933 537 possibile
957 451 1042 534 est
1067 459 1230 514 super
1261 452 1460 498 terram
1481 459 1602 537 esse
1633 460 1815 537 sacer-
1844 456 1891 511 Λ
1918 448 2300 517 introductum,
2345 461 2630 524 propterea
2678 459 2825 514 enim
2875 463 3101 530 obtinet,
3129 467 3254 537 quia
3301 472 3492 529 melius

232 537 438 590 dotem.
464 532 628 606 (Alb.)
665 532 723 588 Si
757 533 922 603 igitur
957 526 1101 588 esset
1130 541 1375 588 terrenus
1403 533 1820 603 pontifex,sicut

227 626 442 691 Aaron,
469 641 579 680 non
609 633 756 704 esset
776 625 960 693 utique
982 627 1238 681 sacerdos
1256 626 1549 680 secundum
1571 626 1818 681 ordinem

229 717 628 772 Melchisedech
671 717 728 770 in
779 725 1064 772 aeternum.
1093 717 1275 772 Aaron
1326 717 1522 786 quippe
1573 726 1820 774 mortuus

225 817 340 872 est,
372 816 428 862 et
457 822 565 862 non
585 816 670 862 est
705 807 980 862 sacerdos.
1013 806 1259 864 Christus
1283 821 1430 871 vero,
1459 807 1583 876 quia
1608 808 1740 862 vivit
1761 809 1818 863 in

225 907 524 963 aeternum,
551 897 808 952 sacerdos
839 904 921 951 est
948 897 1340 967 sempiternus;
1369 913 1475 951 non
1508 897 1634 952 talis
1685 913 1818 969 qua-

222 988 310 1044 les
347 989 424 1044 illi
448 989 669 1044 fuerunt
697 990 790 1058 qui
837 988 1129 1058 exemplari
1159 997 1215 1042 et
1265 990 1468 1057 umbrae
1507 989 1818 1044 deserviunt
1853 1040 1855 1042 .

223 1081 557 1136 caelestium.
591 1079 790 1136 Omnes
817 1093 946 1134 vero
977 1079 1284 1134 sacerdotes
1309 1079 1366 1133 in
1394 1079 1511 1148 lege
1535 1081 1815 1134 constituti

224 1171 543 1242 exemplare
571 1181 625 1225 et
649 1169 931 1225 umbratile
957 1169 1321 1224 sacerdotium
1364 1170 1624 1240 gerebant
1653 1170 1815 1225 coele-

227 1265 420 1330 stium,
465 1263 520 1317 id
567 1271 669 1330 est,
719 1262 1065 1332 spiritalium,
1113 1263 1481 1334 signiﬁcantes
1524 1279 1712 1318 verum
1760 1272 1816 1318 et

226 1349 621 1424 sempiternum
646 1353 846 1408 Christi
874 1352 1256 1408 sacerdotium.
1287 1353 1477 1409 Nonne
1520 1354 1690 1409 altare
1732 1363 1815 1410 est

225 1447 450 1502 caeleste
479 1445 614 1501 ﬁdes
643 1453 850 1509 nostra,
877 1445 930 1499 in
974 1461 1082 1515 quo
1103 1445 1380 1500 oderimus
1405 1446 1645 1516 quotidie
1689 1462 1814 1501 ora-

225 1536 407 1591 tiones
435 1536 688 1591 nostras?
711 1534 854 1588 Nihil
886 1549 1014 1590 vero
1037 1535 1241 1591 habens
1269 1535 1506 1590 carnalis
1535 1535 1809 1601 sacriﬁcii,

222 1627 372 1696 quod
403 1627 459 1680 in
490 1627 703 1680 cineres
730 1625 1050 1690 resolvatur,
1080 1640 1182 1680 nec
1206 1625 1262 1680 in
1294 1624 1440 1680 fumo
1462 1633 1806 1692 extenuetur,

217 1731 327 1772 nec
385 1717 440 1770 in
503 1731 727 1786 vapores
777 1712 1125 1769 diffundatur.
1181 1713 1307 1769 Haec
1352 1729 1482 1769 vero
1542 1713 1806 1770 sacriﬁcia

219 1809 370 1865 clara
399 1816 456 1864 et
483 1807 760 1864 festiviora
781 1807 1105 1863 efﬁciuntur.
1129 1807 1408 1874 Quomodo
1429 1807 1672 1862 coelestia
1701 1822 1807 1863 non
1837 1796 1885 1856 Β

217 1902 506 1958 celebrant
531 1899 821 1965 sacriﬁcia,
863 1899 1058 1968 quibus
1087 1898 1328 1953 dicitur:
1361 1918 1379 1950 ε
1414 1897 1658 1968 Accipite
1693 1897 1809 1967 Spi-

215 1999 390 2052 ritum
444 2004 740 2052 sanctum:
786 2009 1018 2064 quorum
1064 1994 1385 2050 remiseritis
1429 2001 1674 2063 peccata,
1721 2005 1808 2045 re-

213 2090 512 2145 mittuntur
537 2088 648 2151 eis;
675 2095 728 2142 et
761 2101 993 2156 quorum
1039 2085 1391 2150 retinueritis,
1424 2091 1635 2139 retenta
1681 2089 1809 2137 sunt

217 2179 277 2252 (1
280 2197 404 2234 οαη.
422 2179 553 2250 xx)?
572 2200 590 2231 ι
609 2178 812 2233 Horum
829 2177 974 2233 enim
988 2177 1376 2232 sacriﬁciorum
1389 2175 1566 2231 omnia
1581 2171 1806 2229 Levitici

215 2270 512 2327 sacerdotii
556 2267 823 2324 sacriﬁcia
866 2268 1018 2338 signa
1061 2265 1281 2321 fuerunt
1330 2283 1342 2319 :
1390 2263 1525 2331 Quia
1571 2263 1658 2317 lex
1709 2277 1808 2332 per

217 2363 440 2434 Moysen
463 2363 586 2418 data
613 2369 734 2428 est;
767 2359 942 2431 gratia
970 2366 1024 2414 et
1059 2358 1264 2414 veritas
1290 2372 1390 2429 per
1435 2353 1619 2410 Jesum
1649 2353 1807 2409 Chri-

215 2463 366 2511 stum
391 2453 536 2510 facta
564 2460 668 2509 est.

293 2566 315 2599 ι
362 2545 514 2601 Sicut
562 2558 880 2616 responsum
905 2548 990 2598 est
1033 2541 1222 2612 Moysi,
1251 2555 1375 2596 cum
1403 2543 1808 2595 consummaret

224 2655 244 2689 ι
287 2636 695 2691 tabernaculum
745 2633 942 2706 (Exod.
971 2632 1100 2701 xxv)
1137 2631 1337 2696 :Vide,
1380 2631 1575 2699 inquit,
1622 2628 1804 2683 omnia

223 2745 246 2780 ι
292 2726 460 2782 facito
481 2725 776 2782 secundum
803 2723 1081 2792 exemplar
1107 2721 1252 2792 quod
1277 2721 1374 2776 tibi
1402 2728 1682 2775 ostensum
1718 2723 1802 2772 est

225 2837 247 2872 σ
293 2819 348 2874 in
379 2825 613 2873 monte.»
650 2813 950 2887 (J.Chrys.)
979 2813 1242 2881 Quoniam
1270 2811 1486 2866 auditus
1500 2817 1683 2864 noster
1704 2807 1806 2862 mi-

220 2927 325 2966 nus
365 2918 523 2980 aptus
550 2915 634 2964 est
680 2907 746 2961 ad
795 2905 1132 2976 disciplinam
1189 2900 1610 2974 percipiendam,
1640 2913 1802 2968 quam

218 3001 369 3056 visus
405 2997 533 3071 (non
560 2998 703 3052 enim
729 2997 804 3052 ita
837 2996 1020 3063 animo
1059 2993 1522 3056 commendamus,
1549 3004 1804 3058 quaecun-

219 3105 328 3162 que
353 3090 622 3154 audimus,
653 3087 922 3158 quomodo
950 3086 1064 3151 illa,
1086 3100 1206 3156 qua:
1235 3084 1351 3154 ipso
1378 3081 1496 3136 visu
1547 3095 1805 3150 percepe-

221 3157 436 3256 rimus),
462 3157 698 3238 ostendit
724 3180 799 3236 illi
822 3181 1035 3244 omnia;
1063 3178 1178 3233 sive
1204 3192 1334 3247 ergo
1357 3174 1488 3230 dicit
1525 3171 1803 3242 exemplar
1830 3157 1873 3218 C

219 3283 275 3328 et
303 3274 574 3339 umbram,
602 3272 714 3328 sive
735 3271 803 3328 de
823 3270 1039 3340 templo.
1076 3267 1362 3338 Subjungit
1389 3266 1533 3321 enim
1563 3282 1577 3319 :
1612 3282 1631 3316 ι
1665 3263 1802 3320 Vide

219 3362 486 3430 etfacito,
516 3363 711 3432 inquit,
752 3362 934 3417 omnia
987 3361 1282 3416 secundum
1333 3357 1611 3428 exemplar
1657 3357 1802 3426 quod

219 3458 319 3513 tibi
347 3465 620 3513 ostensum
646 3463 747 3510 est.
787 3473 804 3506 ι
842 3453 1005 3526 (Alb.)
1033 3452 1142 3508 Sed
1171 3453 1259 3508 hic
1286 3451 1454 3522 quaeri
1496 3457 1696 3518 potest,
1737 3449 1804 3502 de

220 3548 420 3620 quibus
448 3546 670 3601 dixisset
697 3542 914 3600 Omnia.
938 3542 1065 3598 Sive
1093 3542 1160 3597 de
1187 3539 1522 3596 tabernaculi
1543 3545 1800 3594 constru-

216 3639 421 3704 ctione,
451 3637 564 3692 sive
593 3636 660 3691 de
687 3635 880 3691 hostiis
905 3641 960 3687 et
989 3633 1292 3699 sacriﬁciis,
1319 3647 1438 3702 quae
1477 3631 1530 3685 in
1561 3645 1628 3685 eo
1655 3629 1804 3683 obla-

217 3729 329 3784 turi
353 3735 555 3794 essent,
573 3728 668 3782 sed
697 3727 762 3782 de
783 3737 1014 3796 utroque
1037 3723 1229 3780 melius
1252 3723 1586 3792 intelligitur.
1619 3719 1802 3774 «Nunc

221 3840 240 3874 ι
283 3831 466 3876 autem
494 3819 684 3876 melius
727 3819 951 3874 sortitus
995 3826 1080 3872 est
1105 3817 1488 3880 ministerium,
1512 3822 1716 3884 quanto
1749 3822 1804 3868 et

221 3935 240 3968 ι
281 3913 528 3969 melioris
557 3911 860 3968 testamenti
888 3910 1151 3965 mediator
1174 3917 1277 3974 est,
1317 3907 1459 3978 quod
1491 3905 1803 3961 melioribus

221 4027 241 4060 ‹
287 4006 800 4077 repromissionibus
838 4003 1234 4060 sanctiﬁcatum
1285 4009 1388 4057 est.
1435 4021 1452 4053 ι
1507 4000 1692 4064 Vides,
1723 3999 1805 4052 in-

216 4099 358 4170 quit,
391 4106 596 4169 quanto
634 4096 825 4152 melior
851 4095 941 4150 illa
967 4094 1368 4159 celebratione;
1400 4092 1670 4158 siquidem
1717 4090 1804 4144 illa

217 4190 501 4259 exemplar
521 4197 577 4244 et
603 4187 776 4243 forma
807 4188 948 4242 :ista
994 4202 1124 4242 vero
1174 4186 1402 4252 veritas,
1438 4185 1577 4239 sicut
1607 4183 1806 4239 dicitur

216 4281 272 4336 in
306 4279 641 4351 Evangelia:
679 4296 698 4330 ς
741 4278 855 4334 Lex
881 4293 978 4348 per
999 4276 1216 4348 Moysen
1243 4276 1366 4331 data
1396 4284 1499 4340 est,
1537 4273 1714 4345 gratia
1751 4282 1806 4329 et

217 4374 426 4429 veritas
466 4389 564 4444 per
593 4371 781 4428 Jesum
825 4370 1098 4426 Christum
1146 4369 1289 4425 facta
1336 4379 1420 4426 est
1469 4369 1650 4438 (Joan.
1683 4368 1746 4442 1).
1782 4387 1800 4421 ι

1919 547 2041 605 εει;
2087 542 2230 596 sicut
2268 543 2444 609 enim,
2506 563 2526 596 ι
2561 547 2688 616 quia
2736 549 2995 619 perfectio
3039 569 3138 623 per
3191 557 3323 614 illud
3365 570 3488 629 est,

1917 633 2047 700 quid
2103 648 2266 705 ergo,
2315 635 2522 706 inquit,
2578 654 2714 709 opus
2763 650 2848 696 est
2893 647 3187 701 secundum
3242 653 3488 709 ordinem
3543 645 3550 652 ”

1918 720 2307 779 Melchisedech
2332 726 2495 780 alium
2526 732 2776 785 suscitari
2797 735 3136 802 pontiﬁcem:
3168 757 3188 791 ι
3217 741 3295 796 sic
3319 744 3485 800 etiam

1916 813 2007 868 hic
2044 815 2234 870 eodem
2263 817 2431 870 utitur
2467 817 2796 890 syllogismo,
2825 823 3053 880 dicens:
3090 843 3109 877 ι
3146 827 3281 882 Nam
3335 832 3379 885 si
3427 832 3492 886 il-

1915 904 2008 960 lud
2055 909 2207 976 prius
2266 913 2420 983 culpa
2466 928 2733 984 vacasset,
2762 935 2868 975 non
2912 922 3098 992 utique
3143 927 3364 980 secundi
3410 927 3484 982 lo-

1916 1013 2012 1053 cus
2069 1001 2466 1073 inquireretur;
2526 1011 2842 1080 vituperans
2897 1015 3042 1069 enim
3103 1030 3196 1071 eos
3255 1019 3402 1072 dicit.
3463 1041 3481 1073 ι

1917 1085 2084 1160 (Αιι.)
2125 1090 2238 1146 Hoc
2281 1103 2386 1160 est,
2430 1097 2474 1152 si
2525 1099 2874 1170 incu‘lpabilcs
2899 1113 3080 1158 essent
3107 1106 3482 1164 observatores

1915 1180 2042 1245 sui,
2104 1199 2379 1254 nunquam
2430 1192 2649 1246 secundi
2705 1193 2854 1250 locus
2904 1196 3321 1266 relinqueretur.
3379 1200 3488 1256 Sed

1913 1270 2037 1337 quia
2068 1271 2198 1327 illud
2231 1291 2337 1329 non
2379 1275 2480 1332 fuit
2519 1281 2818 1350 perfectum
2848 1325 2862 1349 ,
2917 1285 3168 1343 inventus
3206 1298 3289 1344 est
3335 1290 3486 1347 locus

1914 1367 2070 1428 aptus
2119 1366 2339 1420 secundi
2388 1372 2713 1438 testamenti,
2760 1374 2900 1429 sicut
2941 1390 3039 1445 per
3060 1380 3376 1448 prephetam
3405 1380 3487 1435 di-

1913 1448 1988 1503 cit
2011 1449 2270 1507 Dominus
2305 1471 2318 1507 :

1988 1559 2006 1591 ι
2036 1541 2174 1595 Ecce
2187 1543 2300 1597 dies
2324 1545 2558 1611 venient,
2583 1548 2714 1604 dicit
2733 1549 3012 1620 Dominus,
3027 1563 3081 1608 et
3100 1559 3485 1613 consummabo

1917 1649 1935 1682 ι
1981 1646 2144 1702 super
2181 1633 2397 1690 domum
2419 1636 2584 1694 Israel
2613 1651 2667 1694 et
2694 1657 2856 1712 super
2881 1645 3098 1700 domum
3135 1647 3270 1702 Juda
3295 1649 3487 1705 Testa-

1916 1741 1936 1776 ‹
1979 1734 2220 1781 mentum
2242 1727 2447 1784 Novum
2463 1729 2595 1802 (Jer.
2612 1735 2866 1806 xxxr).Et
2881 1753 2983 1792 non
3009 1742 3301 1796 secundum
3323 1751 3486 1799 testa-

1917 1831 1936 1864 ι
1981 1825 2221 1870 mentum
2274 1819 2416 1888 quod
2447 1819 2547 1874 feci
2599 1824 2844 1892 patribus
2891 1841 3077 1882 eorum
3135 1829 3190 1884 in
3237 1830 3324 1887 die
3373 1849 3480 1903 qua

1916 1924 1934 1957 ‹
1979 1906 2305 1976 apprehendi
2349 1924 2569 1964 manum
2599 1912 2832 1980 illorum,
2863 1924 2923 1970 ut
2956 1919 3239 1974 educerem
3281 1935 3376 1977 eos
3420 1923 3485 1978 de

1915 2013 1934 2045 ι
1982 2004 2125 2051 terra
2150 1997 2390 2068 Egypti,
2423 2001 2677 2069 quoniam
2705 2004 2807 2073 ipsi
2840 2021 2947 2060 non
2973 2021 3389 2077 permanserunt
3431 2013 3482 2066 in

1915 2105 1934 2139 ι
1980 2096 2302 2144 testamento
2319 2105 2459 2156 meo,
2477 2100 2530 2146 et
2546 2108 2645 2163 ego
2667 2095 2874 2165 neglexi
2897 2112 3010 2162 eos,
3027 2098 3443 2154 dicitDominus.
3459 2121 3477 2152 ι

1907 2179 2007 2235 Hic
2034 2188 2213 2234 autem
2243 2181 2474 2236 discreto
2512 2185 2711 2254 posuit,
2741 2185 2805 2240 de
2839 2203 2945 2256 quo
2974 2189 3174 2243 dictum
3205 2198 3308 2255 est,
3339 2191 3480 2259 quod

1906 2287 2012 2326 non
2038 2281 2452 2342 permanserunt
2472 2274 2525 2326 in
2547 2280 2870 2331 testamento
2893 2293 3032 2344 meo,
3051 2279 3175 2334 dum
3207 2281 3403 2334 dixitzc
3425 2280 3483 2335 In

1905 2363 2132 2432 die,qua
2153 2363 2479 2434 apprehendi
2501 2380 2719 2419 manum
2749 2367 2982 2431 illorum,
3003 2379 3062 2423 ut
3081 2370 3364 2425 educerem
3390 2386 3483 2426 eos
3565 2365 3570 2370 ’

1903 2455 1972 2511 de
2010 2461 2156 2508 terra
2181 2454 2421 2525 IEgypti.
2460 2475 2478 2506 ι
2515 2455 2591 2510 De
2623 2456 2740 2529 lege
2767 2459 2870 2513 hoc
2894 2459 3030 2514 dixit
3067 2461 3189 2515 data
3219 2461 3271 2514 in
3301 2470 3482 2518 monte

1905 2546 2078 2610 Sinai,
2107 2561 2228 2614 qua:
2251 2545 2700 2617 quinquagesima
2727 2549 2813 2605 die
2858 2549 2982 2604 data
3028 2559 3261 2616 constat,
3296 2552 3350 2605 in
3377 2567 3481 2621 qua

1904 2660 2009 2699 non
2043 2650 2460 2713 permanserunt
2491 2652 2675 2712 patres
2701 2658 2909 2708 eorum,
2938 2646 3033 2700 sed
3067 2645 3315 2700 fecerunt
3343 2646 3485 2700 vitu-

1903 2734 2013 2788 lum
2041 2735 2096 2787 in
2122 2731 2262 2788 Oreb
2289 2744 2344 2788 et
2391 2733 2751 2789 adoraverunt
2774 2736 2943 2790 illum.
2972 2736 3090 2792 Non
3119 2739 3260 2792 enim
3293 2738 3357 2792 de
3393 2738 3484 2794 illo

1903 2823 2047 2892 quod
2090 2823 2336 2893 patribus
2365 2837 2551 2878 eorum
2597 2826 2896 2894 proposuit,
2930 2826 2983 2880 id
3037 2833 3140 2892 est,
3187 2826 3482 2892 Abraham,

1902 2914 2053 2968 Isaac
2089 2923 2143 2968 et
2166 2912 2354 2968 Jacob.
2374 2913 2440 2967 Et
2460 2929 2648 2969 omnes
2668 2915 2762 2969 ﬁlii
2791 2915 2934 2981 ﬁdei,
2959 2915 3054 2969 ﬁlii
3080 2915 3349 2970 Abraham
3379 2917 3483 2972 dici

1903 3004 2300 3075 possunt,sicut
2325 3005 2391 3058 de
2417 3005 2534 3073 ipso
2550 3004 2777 3058 Domino
2801 3004 2854 3058 in
2879 3004 3170 3075 Evangelio
3192 3005 3445 3060 scribitur
3470 3023 3483 3059 :

1910 3117 1928 3149 ι
1965 3096 2095 3152 Dico
2120 3105 2298 3151 autem
2329 3095 2481 3150 vobis
2508 3093 2650 3165 quod
2675 3103 2867 3166 potens
2889 3104 2972 3150 est
3007 3096 3146 3150 Deus
3177 3095 3244 3150 de
3295 3095 3486 3165 lapidi-

1905 3189 2008 3243 bus
2034 3187 2152 3241 istis
2180 3186 2442 3241 suscitare
2473 3163 2614 3240 ﬁlios
2657 3163 2885 3241 Abrahae
2915 3178 3068 3252 (Luc.
3091 3193 3194 3253 ιιι).
3220 3205 3238 3237 ι
3269 3163 3362 3240 Et—
3382 3187 3488 3242 hoc

1904 3286 1988 3334 est
2016 3278 2419 3333 Testamentum
2443 3277 2672 3343 Novum,
2701 3278 2845 3347 quod
2886 3277 3280 3333 consummabit
3323 3279 3484 3343 Deus,

1905 3369 1959 3423 id
1988 3375 2092 3433 est,
2115 3367 2360 3438 perﬁciet
2403 3383 2564 3437 super
2593 3381 2780 3423 omnes
2834 3373 3044 3439 gentes,
3074 3375 3133 3422 ut
3181 3369 3488 3439 quicunque

1903 3458 2234 3514 crediderint
2258 3457 2311 3511 in
2337 3456 2636 3522 Christum,
2670 3457 2762 3512 ﬁlii
2787 3458 3038 3524 Abrahae,
3063 3459 3355 3514 secundum
3379 3460 3484 3529 spi-

1904 3545 2114 3601 ritalem
2142 3546 2565 3616 generationem,
2599 3561 2727 3601 vere
2773 3547 2899 3619 sint.
2940 3546 3147 3620 (Joan.)
3180 3547 3332 3604 Unde
3370 3563 3490 3604 cer-

1906 3643 2019 3690 tum
2041 3643 2146 3701 est,
2163 3636 2287 3704 quia
2314 3641 2476 3690 linem
2492 3638 2699 3708 accepit
2711 3638 2734 3690 ?
2748 3636 2994 3692 Ostendit
3006 3639 3222 3708 quidem
3238 3647 3292 3692 et
3307 3653 3372 3694 ex
3401 3656 3486 3695 sa-

1905 3726 2159 3782 cerdote?
2173 3725 2417 3781 Ostendit
2435 3731 2614 3781 autem
2632 3743 2775 3782 nunc
2796 3728 3134 3783 manifestius
3159 3729 3274 3798 ipso
3292 3730 3479 3792 verbo,

1905 3815 2161 3885 quoniam
2187 3815 2466 3870 exclusum
2493 3823 2597 3869 est.
2629 3815 2909 3883 Quomodo
2922 3817 3060 3872 hoc?
3088 3818 3144 3871 In
3169 3818 3486 3875 melioribus

1904 3909 2380 3980 promissionibus.
2398 3909 2500 3964 Ubi
2525 3918 2651 3962 sunt
2676 3909 2811 3975 ista},
2825 3911 2909 3965 dic
2925 3911 3088 3964 mihi?
3110 3909 3291 3966 Terra:
3307 3919 3361 3966 et
3375 3927 3485 3966 coc-

1907 4002 2038 4056 lum.
2085 4002 2163 4056 Tu
2210 4013 2389 4056 autem
2419 4001 2784 4070 contemplare
2833 4003 3101 4072 quomodo
3131 4010 3185 4057 et
3215 4003 3324 4057 illic
3363 4019 3489 4073 pro-

1905 4093 2192 4148 missiones
2214 4091 2373 4158 dixit,
2391 4107 2456 4146 ne
2469 4092 2522 4145 in
2546 4092 2652 4146 isto
2673 4093 2845 4160 ipsum
2873 4100 3110 4158 accuset,
3135 4094 3334 4148 etenim
3357 4095 3489 4161 illic,

1912 4202 1931 4235 ι
1960 4184 2213 4252 quoniam
2245 4183 2682 4253 approximamus
2708 4183 2836 4249 Deo,
2864 4203 2882 4233 )
2913 4199 3060 4253 spem
3086 4185 3360 4240 meliorem
3392 4201 3484 4247 os-

1909 4275 2100 4339 tendit,
2117 4273 2241 4344 quia
2262 4282 2317 4328 et
2339 4272 2447 4327 illic
2467 4287 2617 4342 spes;
2643 4281 2698 4328 et
2716 4273 2805 4328 hic
2831 4274 3217 4344 promissiones
3243 4275 3492 4331 meliores

1908 4362 2240 4434 signiﬁcans,
2268 4362 2394 4432 quia
2421 4370 2475 4416 et
2511 4361 2620 4417 illic
2657 4364 2985 4433 repromisit.
3019 4364 3282 4430 Quoniam
3313 4374 3492 4420 autem

217 4463 297 4519 De
319 4479 425 4534 qua
450 4463 624 4533 gratia
659 4463 1052 4532 subsequenter
1092 4462 1181 4516 hic
1208 4461 1802 4533 signiﬁcatApostolus,
1833 4505 1884 4563 Β
1912 4453 2462 4563 culpabantsemper:
2499 4473 2517 4504 ι
2547 4453 2684 4508 Ecce
2715 4454 2858 4508 enim
2883 4453 2998 4508 dies
3025 4454 3264 4519 veniunt,
3293 4455 3486 4524 inquit,

219 4558 411 4614 dicens
439 4575 452 4612 :
486 4578 504 4610 ‹
537 4557 690 4624 Quod
718 4557 773 4612 in
805 4556 1116 4612 melioribus
1141 4556 1647 4625 repromissionibus
1677 4570 1802 4610 san-

219 4651 520 4708 ctiﬁcatum
553 4659 656 4706 est.
680 4669 698 4701 ι
727 4648 940 4716 Quanto
962 4647 1183 4703 meliora
1208 4658 1334 4703 sunt
1361 4648 1602 4705 caelestia
1634 4655 1807 4703 terre-

221 4744 330 4806 nis,
385 4750 589 4796 teterna
629 4739 1042 4810 temporalibus,
1096 4746 1248 4794 tanto
1291 4738 1528 4794 melioris
1560 4748 1643 4794 est
1687 4752 1804 4792 me—

220 4833 402 4886 diator
433 4838 489 4887 et
516 4831 770 4886 sacerdos
791 4831 1040 4886 Christus
1069 4829 1216 4885 Deus
1241 4830 1569 4885 testamenti.
1599 4827 1805 4883 Trans-

222 4924 340 4977 iens
370 4921 440 4976 de
471 4921 592 4976 loco
625 4931 681 4977 et
711 4923 1008 4987 sacerdote,
1047 4931 1103 4978 et
1147 4939 1176 4976 a
1208 4920 1501 4985 sacriﬁcio,
1531 4927 1658 4975 tunc
1706 4921 1801 4974 de-

221 5031 371 5070 mum
405 5015 715 5069 testamenti
759 5013 1118 5069 diﬁ‘erentiam
1161 5013 1335 5084 ponit.
1369 5011 1679 5084 (J.Chrys,)
1705 5011 1802 5066 Hic

221 5113 406 5162 autem
429 5105 496 5160 ad
526 5105 724 5160 caelum
750 5121 850 5160 nos
871 5105 1119 5171 elevans,
1151 5114 1205 5160 et
1229 5105 1524 5160 ostendens
1555 5103 1682 5172 quia
1705 5117 1804 5171 pro

224 5197 574 5252 tabernaequ
589 5197 782 5252 coelum
797 5197 1058 5252 habemus
1079 5197 1130 5250 in
1147 5195 1600 5267 promissionibus
1613 5194 1729 5258 Dei,
1749 5200 1806 5247 et

224 5295 409 5344 vetera
422 5287 750 5356 exemplaria
777 5295 934 5342 erant
956 5295 1283 5350 nostrorum,
1307 5293 1362 5339 et
1383 5284 1803 5340 celebrationem

221 5389 468 5436 nostram
494 5380 615 5434 istis
630 5380 792 5433 rebus
813 5378 1128 5440 snblimans,
1145 5385 1199 5432 et
1213 5377 1408 5431 merito
1423 5376 1534 5446 jam
1557 5374 1808 5430 sacerdo-

225 5469 361 5523 tium
377 5476 557 5524 exstat
572 5465 860 5540 [excitat?].
877 5466 1155 5532 Sed,sicut
1172 5465 1450 5536 dixi,quod
1466 5465 1698 5519 maxime
1716 5479 1809 5518 eos

221 5557 488 5620 laetiﬁcat,
507 5558 675 5627 ponit,
690 5557 875 5612 dicens
901 5575 913 5587 σ
951 5575 970 5607 σ
990 5554 1143 5622 Quod
1167 5555 1220 5609 in
1245 5555 1558 5609 melioribus
1579 5554 1810 5624 promis-

221 5650 472 5704 sionibus
493 5650 756 5703 sancitum
771 5656 872 5702 est.
886 5667 902 5697 ι
925 5647 1076 5703 Unde
1091 5648 1193 5702 hoc
1207 5655 1413 5700 certum
1427 5653 1510 5701 est
1521 5645 1652 5700 illis?
1665 5644 1808 5711 Quo-

224 5739 375 5794 niam
398 5739 528 5794 illud
552 5739 767 5810 quidem
793 5738 1068 5794 exclusum
1094 5746 1197 5800 est,
1226 5737 1367 5791 istud
1393 5745 1570 5792 autem
1596 5752 1694 5806 pro
1718 5737 1808 5791 illo

1910 4544 2040 4599 dicit
2068 4543 2351 4609 Dominus,
2384 4550 2439 4598 et
2463 4544 2851 4599 consummabo
2880 4559 3043 4615 super
3063 4545 3281 4600 domum
3328 4545 3492 4601 Israel

1908 4645 1964 4692 et
2001 4650 2163 4707 super
2185 4637 2402 4692 domum
2427 4635 2560 4692 Jnda
2589 4636 2994 4691 Testamentum
3017 4635 3244 4701 Novum,
3263 4653 3367 4691 non
3393 4653 3493 4691 an-

1913 4727 2140 4796 tiquum.
2168 4745 2185 4776 »
2207 4725 2360 4792 Quod
2386 4732 2765 4780 testamentum
2791 4724 2958 4779 dicit?
2982 4723 3059 4779 Ne
3086 4725 3188 4779 hoc
3209 4724 3348 4779 forte
3370 4741 3493 4794 pos~

1908 4825 2027 4872 sent
2055 4817 2255 4882 dicere,
2291 4826 2346 4871 et
2377 4825 2586 4886 tempus
2614 4815 2880 4870 deﬁnivit;
2901 4815 3018 4871 Non
3041 4816 3183 4872 enim
3207 4817 3336 4873 dicit
3364 4818 3494 4873 sim-

1906 4908 2124 4978 pliciter
2152 4908 2445 4962 secundum
2477 4914 2883 4971 testamentum,
2918 4907 3059 4976 quod
3113 4915 3340 4962 testatus
3369 4924 3487 4961 sum

1905 5001 1971 5054 ad
2024 5011 2206 5069 patres
2252 5013 2462 5063 eorum,
2501 5012 2567 5052 nc
2615 4995 2745 5050 illud
2785 4999 2930 5067 quod
2976 4997 3249 5052 Abraham
3290 4996 3488 5052 factum

1905 5103 2004 5158 est,
2026 5094 2199 5164 ipsum
2225 5107 2345 5148 esse
2360 5093 2622 5156 dicerent,
2643 5098 2738 5144 aut
2768 5091 2834 5145 ad
2862 5089 3003 5158 Noe;
3033 5093 3126 5147 sed
3148 5091 3307 5162 quale
3331 5091 3496 5145 dicit?

1914 5203 1932 5237 ‹
1990 5185 2106 5239 Νοιι
2167 5184 2464 5239 secundum
2539 5191 2969 5252 testamentum,
3030 5184 3174 5254 quod
3235 5183 3490 5238 constitui

1909 5275 2154 5348 patribus
2206 5291 2430 5342 eorum,
2466 5291 2591 5329 cum
2633 5275 2844 5330 exirent
2891 5275 2958 5330 de
3003 5284 3147 5330 terra
3189 5273 3424 5345 Egypti.
3472 5292 3491 5322 ι

1911 5367 2204 5437 Propterea
2251 5367 2414 5421 etiam
2465 5366 2684 5420 intulit:
2716 5386 2732 5418 ι
2769 5365 2826 5421 In
2853 5367 2971 5434 die,
3005 5361 3108 5437 qua
3166 5363 3496 5436 apprehendi

1915 5473 2135 5513 manum
2166 5475 2372 5523 eorum,
2406 5466 2464 5512 ut
2505 5459 2789 5513 educerem
2838 5473 2932 5514 eos
2965 5459 3030 5513 de
3062 5469 3203 5514 terra
3251 5453 3498 5526 Egypti,

1913 5558 1970 5605 et
2003 5550 2102 5620 ipsi
2134 5566 2238 5605 non
2281 5559 2591 5606 manserunt
2636 5551 2690 5606 in
2736 5558 3060 5606 testamento
3105 5563 3246 5611 meo,
3297 5554 3351 5600 et
3397 5560 3500 5615 ego

1912 5645 2125 5717 neglexi
2154 5662 2268 5710 eos,
2293 5646 2422 5700 dicit
2445 5645 2722 5700 Dominus.
2749 5664 2765 5695 ι
2788 5645 3001 5700 Intuere
3022 5659 3050 5696 a
3084 5641 3238 5697 nobis
3259 5639 3493 5709 primum

1912 5737 2151 5805 incipere
2181 5735 2349 5790 mala:
2381 5735 2512 5806 ipsi,
2539 5735 2730 5805 inquit,
2764 5735 2995 5804 primum
3025 5748 3128 5785 non
3160 5734 3495 5783 manserunt.
