3992 6338
606 325 708 380 767

1215 317 1275 373 Β.
1317 314 1567 370 ιιΑΒΑΝι
1605 312 1826 370 MAURI
1863 311 2178 368 ARCHIEP.

2209 305 2516 364 nouum.
2551 304 2838 363 OPERUM
2875 304 3058 363 pnas
3098 303 3187 362 nr.
3691 321 3758 383 πε

603 435 674 492 Ει
714 433 871 488 nobis
907 439 993 486 est
1019 428 1366 500 negligentia,
1388 427 1526 482 bona
1555 440 1682 480 vero
1709 441 1738 478 a
1769 425 1900 490 Deo,
1944 438 2063 493 qua:
2111 421 2180 476 ad
2205 422 2256 481 A
2281 419 2508 472 candam
2539 437 2553 472 :
2587 418 2644 473 Si
2673 428 2854 474 autem
2891 417 3197 485 audieritis,
3241 419 3342 474 erit
3374 429 3584 481 novum?
3606 441 3650 485 et
3680 441 3760 504 qui.

605 524 870 582 beneﬁcia
923 521 1198 592 pertinent
1243 520 1383 574 dico.
1429 518 1530 573 Hic
1579 516 1741 572 veluti
1776 515 2180 570 excusationem

604 614 908 677 constituit,
929 627 1148 667 causam
1172 609 1464 664 ostendens
1486 619 1879 678 propterquam
1899 605 2182 674 dereliquit

605 723 721 762 eos.
777 724 796 755 ι
826 705 962 771 Quia
993 704 1097 758 hoc
1149 709 1233 756 est
1272 709 1672 763 testamentum,
1715 698 1857 766 quod
1903 697 2180 766 disponam

610 817 631 868 ς
676 795 858 851 domui
883 792 1044 847 lsrael
1075 799 1196 863 post
1221 791 1336 844 dies
1361 789 1498 852 illos,
1529 788 1657 842 dicit
1687 787 1974 841 Dominus:
1996 787 2181 840 Dando

614 906 634 940 ι
679 887 824 955 leges
879 899 1029 938 meas
1077 883 1136 936 in
1188 889 1394 935 mentes
1449 893 1667 943 eorum,
1713 887 1769 932 et
1823 877 1878 931 in
1929 879 2182 933 cordibus

610 998 633 1031 ‹
674 991 861 1032 eorum
916 973 1310 1043 superscribam
1357 985 1481 1033 eas,
1512 977 1568 1023 et
1593 984 1688 1022 ero
1709 969 1788 1023 eis
1815 969 1866 1021 in
1909 968 2096 1034 Deum,
2127 975 2183 1024 et

613 1085 635 1118 ί
681 1067 784 1134 ipsi
809 1073 970 1119 erunt
1005 1063 1134 1117 mihi
1169 1062 1220 1116 in
1245 1061 1520 1131 pepulum.
1551 1059 1617 1112 Et
1645 1074 1749 1112 non
1778 1059 1990 1113 docebit
2017 1074 2182 1112 unus-

610 1173 630 1206 ‹
673 1156 900 1224 quisque
928 1154 1230 1222 proximum
1255 1166 1439 1214 suum,
1470 1159 1525 1203 et
1557 1149 1927 1218 unusquisque
1953 1149 2179 1204 fratrem

609 1267 630 1298 ε
677 1264 853 1311 suum,
869 1248 1055 1302 dicens
1073 1265 1086 1299 :
1101 1245 1376 1316 Cognosce
1400 1244 1707 1302 Dominum.
1722 1245 1975 1311 quoniam
1991 1259 2180 1300 omnes

612 1361 629 1391 ι
676 1341 848 1394 scient
873 1354 956 1393 me
979 1355 1007 1392 a
1031 1339 1237 1392 minore
1260 1352 1426 1405 usque
1449 1335 1512 1389 ad
1535 1334 1790 1403 majorem
1808 1349 1994 1388 eorum
2014 1352 2025 1387 :
2043 1334 2178 1400 Quia

611 1448 630 1479 ‹
677 1429 942 1499 propitius
972 1444 1067 1483 ero
1100 1427 1474 1496 iniquitatibus
1501 1441 1708 1491 eorum,
1737 1434 1792 1480 et
1833 1435 2178 1495 peccatorum

611 1542 630 1574 ι
675 1538 861 1577 eorum
903 1538 1009 1577 non
1066 1522 1408 1576 memorabor
1449 1521 1701 1590 amplius.
1742 1540 1760 1571 ι
1797 1518 1962 1590 (Αιὸ.)
1996 1519 2062 1573 Et
2091 1520 2178 1573 hic

607 1630 798 1684 magna
829 1613 1080 1667 distantia
1108 1620 1191 1666 est
1215 1613 1355 1666 inter
1378 1611 1546 1681 legem
1571 1619 1626 1664 et
1651 1610 1844 1680 legem,
1875 1610 2017 1664 inter
2039 1609 2180 1664 Scri-

605 1715 818 1774 pturam
867 1712 921 1757 et
975 1702 1344 1772 Scripturam,
1377 1701 1519 1760 inter
1558 1700 1791 1755 litteram
1833 1709 1887 1754 et
1925 1701 2174 1770 gratiam.

605 1794 738 1846 Nam
770 1793 947 1846 littera
986 1792 1118 1862 legis
1143 1792 1340 1860 scripta
1363 1799 1446 1845 est
1470 1789 1522 1843 in
1557 1789 1750 1844 tabulis
1775 1787 2014 1858 lapideis,
2040 1804 2176 1858 quas

604 1883 812 1966 Moyses
845 1885 958 1952 ipse
987 1883 1166 1952 fregit,
1197 1882 1322 1935 dum
1355 1881 1484 1935 vidit
1512 1880 1763 1950 populum
1804 1888 1926 1934 ante
1953 1867 2178 1934 vitulum

603 1975 875 2028 ludentem
904 1991 916 2026 :
950 1973 1120 2040 gratia
1144 1988 1271 2026 vero
1297 1972 1420 2025 data
1451 1980 1535 2025 est
1565 1971 1617 2022 in
1652 1971 1812 2024 corda
1843 1971 2177 2024 credentium

603 2078 701 2132 per
727 2061 988 2130 Spiritum
1014 2070 1284 2124 sanctum,
1309 2074 1404 2128 per
1429 2074 1587 2127 quem
1611 2058 1851 2112 charitas
1878 2057 2070 2111 diffusa
2095 2066 2179 2112 est

603 2153 658 2206 in
703 2150 957 2205 cordibus
1006 2151 1359 2205 credentium.
1411 2148 1564 2215 Quod
1595 2163 1724 2202 vero
1771 2148 1827 2201 in
1864 2147 2044 2202 littera
2094 2149 2176 2203 la-

604 2242 770 2306 tebat,
802 2250 857 2294 et
883 2240 1161 2310 legebatur
1199 2256 1229 2294 a
1257 2239 1453 2310 papula
1494 2253 1590 2306 per
1635 2241 2016 2306 magistrorum
2062 2245 2175 2292 tra-

602 2333 853 2393 ditiones,
893 2333 998 2385 hoc
1051 2331 1286 2399 Spiritus
1330 2339 1549 2384 sanctus
1613 2329 1902 2383 adveniens
1957 2329 2180 2384 docebat

603 2419 910 2488 Apostolus.
947 2420 1013 2472 Et
1054 2421 1156 2473 hoe
1185 2427 1269 2473 εει
1306 2418 1448 2487 quod
1470 2417 1545 2470 ait
1568 2416 1836 2485 Propheta
1867 2435 1880 2470 :
1919 2436 1937 2468 ι
1975 2418 2042 2471 Ει
2069 2433 2177 2472 non

605 2507 821 2562 docebit
868 2509 1237 2578 unusquisque
1271 2507 1575 2576 proximum
1605 2521 1781 2571 suum,
1810 2514 1866 2559 et
1893 2506 2179 2576 unusquis-

602 2611 710 2666 que
760 2596 983 2651 fratrem
1038 2613 1216 2662 suum,
1248 2597 1485 2652 dicens:
1529 2595 1805 2666 Cognosce
1856 2595 2174 2662 Dominum,

601 2702 792 2742 omnes
846 2689 992 2742 enim
1040 2689 1214 2743 scient
1241 2703 1327 2742 me
1374 2703 1405 2742 a
1449 2687 1658 2742 minore
1695 2702 1864 2756 usque
1901 2688 1969 2742 ad
2009 2688 2179 2758 majo-

602 2794 718 2833 rem
743 2793 962 2845 eorum;
989 2799 1008 2832 ι
1036 2781 1174 2834 sicut
1212 2779 1265 2833 in
1300 2779 1594 2850 Evangelio
1614 2779 1680 2833 de
1701 2779 1926 2834 Domino
1946 2779 2172 2850 legitur:

607 2887 626 2920 ‹
661 2869 814 2924 Tunc
839 2871 1048 2939 aperuit
1091 2870 1197 2925 illis
1241 2885 1478 2934 sensum,
1527 2878 1586 2924 ut
1627 2870 1986 2940 intelligerent
2032 2870 2178 2926 Scri-

599 2971 786 3034 pturas
808 2963 957 3035 (Luc.
983 2965 1152 3033 xxrv).
1187 2984 1206 3016 ι
1239 2964 1316 3038 [1.
1353 2964 1563 3038 Chrys.]
1609 2985 1626 3016 ι
1661 2964 1954 3033 Aminore,
1980 2966 2172 3036 inquit,

599 3068 769 3122 usque
801 3055 868 3106 ad
897 3055 1156 3124 majorem
1182 3070 1369 3110 eorum
1395 3056 1566 3109 scient
1587 3071 1694 3120 me,
1717 3073 1735 3104 ι
1757 3063 1812 3109 ει
1835 3071 1938 3108 non
1973 3055 2171 3119 dicent,

2245 1553 2248 1556 -
2279 1523 2438 1570 terra:
2492 1517 2656 1570 verba
2699 1533 2885 1571 eorum
2917 1515 3092 1588 (Psal.
3121 1517 3278 1588 xvnl)
3307 1535 3321 1583 ἱ

2283 509 2402 564 dem
2448 520 2759 581 prepterea,
2805 512 3009 582 inquit,
3057 511 3208 566 aliud
3253 520 3596 574 testamentum
3633 527 3758 586 datum

2281 600 2609 670 repromittit
2636 641 2650 666 ,
2705 601 2958 670 quoniam
3010 603 3066 656 in
3122 602 3302 670 primo
3360 619 3458 658 non
3506 623 3757 671 manserunt

2280 688 2395 744 Hoc
2419 705 2548 760 ergo
2585 690 2899 745 demonstro
2923 707 3018 761 per
3047 707 3115 746 ea
3157 707 3279 761 qua:
3302 693 3433 748 dixit
3457 713 3468 748 :
3495 715 3512 747 ι
3537 698 3644 765 Quia
3666 709 3759 772 quod

2281 780 2612 850 impossibile
2637 790 2756 836 erat
2801 781 2954 852 legis,
2987 782 3042 835 in
3072 795 3182 851 quo
3221 783 3572 841 inﬁrmabatur
3591 807 3664 860 per
3683 811 3758 849 car.

2281 887 2402 926 nent
2433 871 2608 943 (Rom.
2645 873 2793 943 vrn);
2831 894 2850 925 ι
2894 873 2960 927 Ει
2989 873 3234 928 iterum:
3274 895 3293 925 ι
3339 875 3466 942 Quid
3501 885 3757 940 tentatisim-

2279 978 2478 1032 ponere
2498 962 2684 1034 jngum
2714 980 2877 1032 super
2912 965 3111 1020 collum
3143 965 3544 1036 discipulorum',
3565 975 3674 1041 quod
3701 994 3759 1032 ne-

2280 1069 2384 1123 que
2431 1063 2613 1123 patres
2674 1055 2879 1120 nostri,
2934 1069 3112 1123 neque
3150 1071 3253 1109 nos
3304 1056 3549 1114 valuimus
3582 1069 3758 1131 portare!

2282 1146 2416 1210 (Act.
2436 1146 2632 1215 xv.)-—-
2647 1165 2664 1197 ‹
2691 1145 2795 1199 Sed
2813 1146 2887 1200 illi
2903 1146 3126 1224 quidem
3151 1162 3256 1201 non
3275 1161 3610 1215 manserunt,»
3629 1155 3756 1224 inquit

2279 1236 2379 1291 Hic
2407 1245 2585 1290 autem
2632 1239 2964 1304 ostenditur,
3010 1239 3142 1308 quia
3187 1241 3445 1309 majorum
3495 1253 3756 1316 transgressio

2279 1345 2378 1384 nos
2422 1329 2612 1400 dignos
2661 1331 2792 1385 facit
2831 1331 3158 1400 spiritalium
3205 1347 3418 1387 rerum:
3455 1354 3471 1386 ι
3506 1335 3552 1390 In
3595 1354 3755 1406 onmem,

2278 1423 2472 1491 inquit,
2503 1431 2702 1478 terram
2734 1425 2900 1478 exivit
2927 1437 3093 1478 sonus
3118 1438 3305 1478 eorum
3328 1466 3342 1489 ,
3369 1435 3420 1480 et
3460 1427 3505 1480 in
3531 1428 3635 1484 ﬁnes
3665 1434 3755 1488 orbis

3367 1537 3385 1570 )
3426 1520 3517 1574 hoc
3541 1530 3624 1585 est,
3651 1541 3665 1572 ι
3691 1541 3755 1577 non

2279 1605 2422 1660 dicet
2464 1609 2834 1678 unusquisque
2878 1609 2945 1662 ad
2983 1607 3296 1678 proximum
3340 1624 3485 1663 suum
3522 1627 3533 1663 :
3568 1610 3754 1679 Cognosce

2282 1697 2565 1764 Dominum
2595 1698 2822 1771 (Habac.
2853 1698 2944 1768 tr);
2979 1698 3083 1753 :Et
3109 1700 3305 1754 iterum
3330 1717 3344 1752 :
3369 1719 3386 1749 α
3420 1698 3754 1770 Multiplicabitur

2205 1765 2251 1824 Β
2281 1798 2451 1856 terra,
2482 1800 2540 1844 ut
2566 1765 2855 1862 cognoscat
2878 1765 3191 1856 Dominum,
3215 1790 3352 1844 sicut
3380 1804 3507 1859 aqua
3530 1765 3658 1844 multa
3679 1805 3753 1845 coo-

2276 1880 2456 1948 peruit
2481 1895 2651 1934 mare.
2685 1900 2702 1932 ι

2352 1991 2372 2024 ε
2417 1975 2654 2030 Dicenda
2709 1984 2893 2029 autem
2936 1990 3140 2030 novnrn
3181 1975 3436 2029 veteravit
3475 1974 3630 2043 prius;
3663 1974 3751 2042 quod

2283 2085 2302 2118 ε
2333 2076 2512 2121 autem
2537 2069 2852 2137 antiquatur
2873 2079 2930 2123 et
2951 2067 3193 2124 senescit
3221 2081 3383 2138 prope
3405 2067 3633 2120 interitum
3651 2074 3746 2119 est:

2279 2155 2353 2226 (Ι.
2373 2154 2583 2227 Chrys.)
2607 2159 2741 2212 Vide
2763 2158 3058 2228 quomodo,
3073 2159 3218 2228 quod
3237 2159 3536 2213 absconsum
3549 2167 3640 2210 erat
3654 2170 3751 2209 reve-

2277 2243 2426 2310 lavit,
2451 2254 2504 2299 et
2552 2247 2721 2316 ipsam
2757 2260 2991 2303 mentem
3028 2251 3312 2318 propheta:
3351 2248 3552 2317 aperuit.
3586 2247 3748 2300 Honora-

2275 2335 2353 2388 vit
2369 2335 2562 2405 legem,
2587 2346 2642 2392 et
2669 2339 2840 2394 noluit
2859 2355 2978 2394 eam
3007 2340 3196 2394 dicere
3219 2347 3470 2393 vetustam
3492 2337 3747 2391 nominatim:

2277 2438 2650 2484 verumtamen
2697 2431 2800 2486 huc
2828 2433 2965 2487 dixit
2991 2450 3003 2484 :
3040 2433 3089 2487 si
3120 2433 3267 2486 enim
3297 2432 3419 2485 illud
3461 2446 3622 2484 novum
3645 2437 3746 2488 esset,

2276 2531 2613 2589 nequaquam
2642 2523 2805 2576 etiam
2833 2523 2974 2576 istud
3006 2531 3389 2578 testamentum
3432 2530 3589 2590 postea
3614 2532 3745 2571 novum

2276 2620 2512 2666 vocaret.
2548 2611 2776 2668 Proinde
2815 2613 3044 2683 amplius
3079 2614 3297 2684 quidem
3338 2613 3477 2674 dans,
3502 2617 3548 2664 et
3579 2609 3746 2668 alterum.

2282 2722 2300 2754 σ
2323 2703 2660 2772 antiquatum
2687 2714 2791 2767 est,
2817 2723 2835 2754 ι
2857 2705 3050 2773 inquit.
3072 2705 3226 2775 Ergo
3256 2703 3480 2758 solvetur
3504 2708 3548 2754 et
3565 2700 3700 2770 perict,
3717 2703 3748 2748 et

2269 2796 2383 2866 jam
2430 2812 2535 2851 non
2586 2798 2710 2852 erit.
2749 2797 2979 2853 Sumens
3015 2807 3201 2853 autem
3228 2812 3256 2850 a
3283 2796 3524 2865 Propheta
3561 2791 3745 2848 ﬁduciam,

2274 2887 2436 2957 paulo
2462 2887 2690 2958 amplius
2717 2889 2770 2942 in
2816 2888 2946 2944 illud
2987 2896 3369 2943 testamentum
3393 2884 3635 2942 invehitur,
3653 2892 3738 2932 com-

2276 2981 2434 3034 mode
2481 2979 2792 3045 ostendens,
2824 2979 3083 3049 quoniam
3125 2986 3308 3033 nostra
3350 2989 3480 3030 nunc
3508 2971 3670 3030 florent,
3689 2965 3742 3018 illa

2276 3076 2486 3123 vetusta
2521 3079 2664 3136 sunt,
2715 3078 2770 3126 et
2805 3086 2972 3141 prope
3023 3071 3342 3124 interitum:
3375 3066 3458 3120 sed
3501 3059 3746 3118 renovabitur

605 3164 624 3196 ‹
659 3161 925 3216 cognosce
963 3147 1270 3200 Dominum.
1305 3167 1324 3198 ι
1361 3146 1584 3213 Quando
1611 3146 1754 3200 istud
1783 3146 2028 3214 contigit,
2068 3147 2171 3201 nisi

2291 3118 2486 3123 πη---
2719 3118 2768 3126 __
2806 3118 2971 3141 ΓὟ-

2205 3118 2246 3179 C
2278 3158 2418 3212 sicut
2439 3159 2617 3228 aquila
2637 3159 2890 3228 juventus
2919 3169 3132 3225 nostra,
3159 3161 3205 3214 si
3235 3159 3298 3214 ad
3328 3157 3506 3212 fontem
3529 3154 3621 3206 vita:
3635 3145 3744 3202 curri-

600 3238 794 3293 modo?
847 3239 1189 3295 Manifestum
1241 3242 1439 3310 quippe
1495 3247 1617 3304 est,
1681 3240 1822 3309 quod
1882 3240 2026 3293 circa
2075 3253 2174 3292 nos

601 3339 778 3384 actum
802 3338 887 3384 est
911 3349 924 3383 :
963 3331 1103 3398 quod
1125 3341 1305 3384 autem
1329 3331 1473 3384 circa
1499 3330 1615 3384 illos
1632 3369 1647 3394 ,
1672 3345 1777 3384 non
1808 3337 1892 3383 est
1923 3327 2176 3382 manifes-

603 3427 738 3482 tum,
754 3420 848 3474 sed
867 3419 1132 3474 reclusum
1146 3429 1265 3474 erat
1284 3423 1337 3474 in
1352 3420 1459 3474 Eva
1468 3421 1640 3490 ngelio
1654 3435 1810 3474 novo.
1826 3418 2030 3473 Novum
2051 3429 2177 3473 tunc

601 3507 823 3570 dicitur,
848 3511 1060 3577 quando
1087 3509 1231 3564 aliud
1265 3511 1531 3576 ostendit,
1563 3510 1646 3564 vel
1690 3510 1904 3579 quando
1930 3526 1960 3563 a
1997 3517 2177 3565 vetere

602 3597 832 3667 amplius
855 3598 1015 3654 habet
1044 3617 1056 3653 :
1089 3600 1247 3666 Ecce,
1277 3601 1474 3670 inquit,
1495 3609 1550 3654 et
1573 3601 1714 3655 istud
1751 3615 1945 3654 novum
1971 3599 2175 3664 existit,

599 3702 724 3740 cum
748 3688 992 3756 quaadam
1018 3687 1134 3757 ejus
1161 3700 1364 3745 remota
1409 3699 1554 3756 sunt,
1578 3691 1820 3761 quaedam
1862 3702 2040 3745 autem
2065 3705 2179 3744 ma-

601 3785 752 3840 nent,
788 3787 845 3832 nt
870 3789 1022 3848 puta,
1049 3780 1095 3833 si
1124 3781 1245 3850 quis
1292 3781 1506 3836 domum
1550 3790 1818 3836 vetustam
1848 3791 1902 3836 et
1929 3797 2177 3837 casuram

602 3878 770 3925 totam
803 3870 1113 3934 immutans,
1142 3880 1198 3926 et
1234 3871 1580 3928 fundamenta
1631 3889 1768 3928 nova
1821 3875 2174 3940 constituens,

602 3962 886 4017 confestim
914 3963 1144 4019 dicimus
1171 3981 1183 4015 :
1215 3963 1345 4019 fecit
1400 3980 1517 4019 eam
1569 3980 1786 4031 novam,
1817 3981 1939 4020 cum
1971 3973 2178 4020 tantum

603 4052 782 4123 aliqua
833 4054 1050 4124 quidem
1099 4055 1216 4126 ejus
1263 4056 1494 4122 auferat,
1525 4058 1702 4126 aliqua
1744 4073 1872 4113 vero
1911 4059 2176 4114 immutat.

602 4145 813 4200 Etenim
840 4147 1034 4200 coelum
1083 4163 1279 4202 novum
1332 4149 1530 4203 dicitur
1577 4150 1674 4215 sic,
1717 4152 1931 4219 quando
1977 4165 2182 4220 nequa-

605 4251 764 4306 quam
795 4252 992 4292 acreum
1021 4239 1154 4303 erit,
1186 4241 1280 4295 sed
1302 4255 1422 4294 cum
1448 4240 1682 4310 pluviam
1703 4241 2028 4305 dederit,....
2055 4257 2179 4296 eum

603 4328 997 4384 infructuosum
1021 4345 1128 4383 non
1161 4340 1266 4395 est,
1285 4347 1388 4384 non
1418 4332 1630 4400 quando
1646 4331 2051 4394 rnutabitur,....
2073 4346 2180 4384 non

2277 3267 2415 3316 mus,
2447 3253 2492 3308 si
2516 3253 2628 3308 alas
2653 3263 2708 3309 et
2732 3255 2918 3310 oculos
2940 3256 3005 3309 ad
3029 3255 3202 3309 solem
3241 3251 3452 3322 justitire
3485 3243 3741 3302 cxtendimus.

2279 3342 2480 3397 Deinde
2525 3359 2744 3399 sumens
2784 3360 2980 3399 nomen
3029 3344 3337 3408 vetustatis,
3384 3348 3433 3394 et
3462 3334 3578 3391 aliud
3617 3331 3664 3385 de
3684 3341 3743 3380 suo

2278 3438 2554 3507 adjicicns,
2584 3438 2687 3492 hoc
2701 3446 2804 3502 est,
2822 3445 3162 3492 senectutem
3182 3453 3194 3488 :
3211 3433 3348 3506 quod
3367 3431 3588 3499 reliquum
3605 3430 3686 3478 erat
3699 3433 3739 3507 ex

2278 3506 2396 3586 aliis
2422 3543 2723 3592 assumens,
2758 3545 2776 3578 ι
2811 3520 3117 3598 proximum
3148 3534 3254 3591 est,
3285 3522 3460 3592 inquit,
3491 3506 3741 3570 intentati)

2280 3639 2384 3676 non
2437 3621 2772 3691 simpliciter,
2814 3619 3100 3688 quiescere
3138 3617 3331 3672 factum
3362 3619 3438 3668 est
3463 3625 3489 3663 a
3515 3619 3621 3662 novo
3642 3605 3740 3691 vetus

2281 3689 2790 3778 testamentum,sed
2807 3712 2968 3766 veluti
2998 3711 3145 3782 quod
3173 3708 3444 3768 scnuisset,
3463 3700 3582 3755 velut
3601 3689 3736 3748 inutile.

2280 3805 2576 3876 Propterea
2611 3803 2845 3867 dicebat,
2881 3820 2900 3853 ‹
2937 3810 3163 3873 propter
3196 3797 3556 3854 inﬁrmitatem,
3594 3789 3738 3876 ριῇονιετ

2280 3875 2642 3959 inutilitatem,
2660 3903 2713 3948 et
2728 3893 2859 3948 nihil
2878 3892 3090 3962 perﬁcit
3107 3893 3211 3956 lex,
3239 3911 3255 3942 ι
3274 3897 3325 3944 et
3338 3887 3471 3956 quia,
3492 3901 3508 3932 ι
3527 3880 3561 3934 Si
3585 3875 3736 3946 Primum

2280 3985 2600 4057 inculpabile
2621 3991 2786 4049 esset,
2809 3999 3152 4053 nequaquam
3175 3977 3386 4036 secundi
3410 3977 3537 4029 locus
3553 3971 3734 4057 αυειξτθξθ

2282 4087 2399 4143 tur;
2433 4096 2450 4128 ι
2479 4092 2585 4131 non
2601 4074 2765 4131 veluti
2779 4075 3070 4129 obnoxium
3084 4071 3412 4130 criminibus,
3429 4045 3733 4143 scdvclutieﬁe:

2281 4179 2425 4226 ctum
2451 4185 2558 4223 non
2592 4168 2820 4231 habens,
2842 4181 2992 4220 more
3013 4165 3300 4219 idiotarum
3328 4159 3514 4213 locutus
3538 4155 3616 4207 est,
3634 4137 3733 4191 velut!

2281 4261 2326 4315 si
2342 4262 2463 4330 quis
2487 4261 2657 4314 dicat:
2686 4274 2789 4313 non
2803 4268 2886 4313 est
2911 4254 3250 4327 inculpabilis
3272 4255 3377 4307 haec
3398 4238 3657 4330 doniusrhf
3670 4232 3732 4330 ςείξ

2283 4320 2446 4405 habet
2474 4350 2683 4414 vitium,
2726 4348 2916 4404 debilis
2962 4320 3075 4403 est:
3129 4361 3230 4401 non
3280 4351 3360 4398 est
3397 4320 3732 4414 inculpabile

606 4418 820 4490 quando
851 4418 1028 4488 aliqua
1056 4419 1273 4489 quidem
1321 4419 1438 4488 ejus
1479 4419 1699 4475 exclusa
1747 4419 1970 4486 fuerint,
2001 4420 2178 4490 aliqua
2206 4402 2683 4522 Βξθέιξηιέηωτηξ
2734 4402 2839 4496 ᾖ]βο
2881 4449 2986 4506 εει,
3025 4438 3140 4508 iam
3189 4445 3338 4508 putre
3384 4437 3476 4484 εει,
3507 4421 3597 4476 Non
3627 4402 3731 4522 rfluti

602 4511 1016 4579 permanserint.
1075 4511 1308 4566 Proinde
1365 4519 1778 4578 testamentum,
1820 4513 2026 4582 inquit,
2085 4527 2180 4567 no-

608 4615 732 4652 vum
763 4601 900 4655 bene
923 4602 1045 4671 quis
1065 4602 1213 4658 dicit.
1243 4602 1300 4657 Si
1325 4602 1459 4675 [Sic]
1488 4604 1902 4672 enimostendo,
1923 4605 2180 4674 quoniam

601 4691 868 4746 vetustius
906 4692 1107 4748 factum
1139 4703 1222 4749 est
1264 4701 1640 4750 testamentum
1688 4695 1842 4761 illud,
1886 4697 2180 4751 secundum

606 4783 748 4851 quod
777 4799 932 4838 nemo
955 4786 1006 4839 in
1034 4787 1125 4841 illo
1157 4787 1476 4854 fructilicat;
1511 4796 1566 4842 et
1588 4795 1648 4841 ut
1667 4803 1929 4856 agnoscas
1952 4787 2178 4858 integre,

605 4872 721 4941 lege
743 4873 870 4940 quid
901 4873 1037 4928 dixit
1059 4875 1304 4946 Aggzeus,
1337 4877 1465 4946 quid
1509 4875 1836 4940 Zacharias,
1862 4877 1988 4944 quid
2016 4891 2182 4947 ange-

603 4962 708 5026 lus,
760 4963 888 5031 quid
932 4965 1095 5019 etiam
1139 4967 1338 5022 Esdras
1386 4967 1648 5034 increpat.
1699 4965 1978 5032 Quomodo
2011 4967 2180 5020 corri-

604 5063 837 5122 puerunt
863 5068 1008 5119 eum,
1033 5058 1300 5123 quomodo
1343 5072 1502 5111 nemo
1545 5057 1840 5125 interrogat
1867 5055 2176 5122 Dominum,

606 5142 696 5196 ubi
727 5144 888 5196 etiam
942 5143 1042 5213 ipsi
1074 5146 1393 5216 transgressi
1424 5154 1570 5210 sunt,
1599 5153 1653 5200 et
1690 5160 1862 5214 neque
1893 5145 1992 5214 ipsi
2043 5145 2182 5200 scie-

606 5234 755 5288 bant.
784 5233 1013 5291 Intueris
1024 5238 1291 5307 quomodo
1315 5239 1624 5293 violentiam
1645 5239 1848 5308 patitur
1875 5239 2060 5292 tuum?
2082 5254 2180 5310 ego

607 5333 785 5380 autem
829 5342 1006 5382 meum
1067 5329 1369 5392 ostendam,
1429 5330 1681 5398 quoniam
1728 5344 1926 5384 novum
1965 5330 2182 5398 proprie

607 5416 782 5487 ipsum
831 5419 1049 5474 dicitur.
1104 5419 1210 5474 Sed
1261 5435 1434 5488 neque
1499 5420 1626 5474 illud
1680 5421 1920 5475 concedo
1962 5420 2030 5475 de
2079 5421 2182 5474 hoc

608 5509 808 5565 dictum
837 5527 976 5578 esse,
1008 5529 1028 5562 ι
1058 5511 1309 5582 quoniam
1337 5514 1441 5567 erit
1471 5513 1667 5568 caelum
1698 5529 1914 5568 novum.
1946 5533 1964 5564 ι
2005 5513 2184 5579 Quare

608 5614 713 5653 non
736 5601 928 5672 magis,
950 5602 1094 5671 quod
1118 5602 1314 5657 dicitur
1339 5603 1392 5656 in
1420 5602 1859 5667 Deuteronornio,
1881 5621 1900 5653 ι
1932 5603 2057 5672 quia
2079 5601 2185 5657 erit

607 5689 802 5744 oculum
844 5707 1076 5760 aereum,
1117 5713 1134 5746 ι
1176 5693 1278 5749 hoc
1307 5695 1571 5764 posuitad
1593 5693 1949 5750 ditlcrentiam
1974 5693 2181 5762 signiﬁ-

2283 4535 2573 4604 malignurn
2618 4500 2782 4602 igitur
2827 4533 2917 4587 hic
2963 4500 3254 4592 accusavit,
3302 4522 3390 4580 sed
3429 4511 3563 4572 veluti
3599 4500 3733 4559 habens

2284 4626 2559 4698 querelam
2589 4633 2638 4680 ει
2681 4625 2890 4680 vitium.

2896 4714 3124 4770 CAPUT
3163 4711 3251 4768 IX.

2286 4809 2470 4876 Tangit
2501 4805 2774 4877 Apostolus
2803 4822 2864 4859 ea
2895 4823 3012 4876 qua:
3059 4806 3266 4875 fuerunt
3299 4769 3730 4898 imminislerl'ocrgﬁ'i

2359 4881 2423 4898 ηε-
2456 4877 2655 4898 ΓΙἾ,Αι-..-
2671 4876 2766 4898 ---Α
2827 4886 2864 4898 ,ι
2916 4891 2971 4898 -..
3003 4876 3077 4898 L1-
3111 4883 3270 4898 .___..-..I
3313 4868 3572 4898 Ᾰιηησθηίρηι

2355 4868 2425 4932 νῦὲ
2456 4868 2784 4938 Τεείατηεηιε,
2818 4886 2864 4929 ει
2907 4868 2971 4929 ea:
2997 4868 3077 4931 his
3102 4883 3270 4946 arguit
3311 4868 3572 4936 dignitatem

2357 4965 2419 5001 ac
2447 4963 2590 5001 nova:
2621 4945 2767 5015 legis.
3085 4979 3087 4981 ι

3672 4777 3732 4842 ξιξ

2367 5079 2386 5111 ε
2427 5059 2622 5113 Habuit
2645 5059 2860 5128 quidem
2883 5066 2937 5112 et
2955 5054 3105 5126 prius
3117 5047 3498 5124 iustiﬁcationes
3520 5017 3730 5128 culturas:

2296 5169 2315 5203 ι
2353 5158 2598 5205 sanctum
2626 5147 2904 5203 smculare.
2929 5143 3344 5202 Tabernaculum
3367 5134 3492 5190 enim
3514 5119 3729 5236 belli:

2295 5258 2314 5292 ‘
2358 5239 2609 5309 Primum.
2637 5238 2692 5291 in
2719 5253 2825 5306 quo
2849 5237 3062 5290 inerant
3095 5229 3417 5289 candelabra,
3444 5225 3491 5272 et

2297 5284 2312 5292 '
2400 5284 2609 5301 ·····----τ
2637 5284 2692 5291 ---
2721 5284 2821 5306 Ἴ..-
2851 5284 3060 5290 ---ηηη
3103 5284 3211 5289 τ---ν
3241 5284 3248 5285 7
3405 5284 3411 5286 ἡ
3703 5292 3712 5300 .

2293 5351 2310 5382 ⁸
2356 5284 2652 5400 ἔνθροδίῑίο
2704 5343 2902 5398 Panum
2931 5367 2946 5391 ,
3002 5341 3122 5395 qua;
3171 5323 3404 5377 dicuntur
3448 5284 3725 5418 sauia-"1:12:

2288 5440 2306 5472 ‹
2349 5387 2906 5474 ξειίιιωεηιυιηιιιιιιεηι
2929 5416 3219 5471 secundum
3257 5387 3726 5510 tabernaculgﬂqlit

2289 5529 2307 5561 ι
2350 5510 2627 5564 dicebatur
2653 5507 2850 5563 Sancta
2881 5515 3210 5565 sanctorum,
3237 5497 3422 5592 habens
3448 5471 3721 5594 emax";

2291 5618 2308 5652 ι
2358 5598 2614 5664 ribulum,
2667 5605 2724 5654 et
2769 5613 2950 5652 arcam
2997 5587 3295 5650 testamenti
3337 5564 3710 5664 circutnlc‘if‘l‘fj1

2292 5640 2308 5652 -
2359 5640 2614 5664 ............,
2668 5640 2724 5654 ν,
2769 5640 2950 5652 ...ψη
2999 5640 3273 5650 _v_______,_
3709 5643 3724 5670 ς

2292 5712 2310 5746 ⁸
2354 5691 2497 5748 θωπί
2546 5699 2702 5762 Parte
2733 5706 2885 5758 auro,
2917 5690 2970 5745 in
3004 5703 3108 5757 qua
3133 5690 3244 5744 erat
3268 5689 3390 5736 urna
3415 5671 3548 5723 aurea
3585 5640 3720 5704 habe“
