3992 6338
225 303 334 374 769
691 309 1241 370 ENARRATIONUM
1273 310 1342 367 IN
1378 311 1526 370 EPP.
1567 313 1774 371 PAULI
1809 312 1939 371 LIB.
1976 313 2212 371 XXVIII.
2235 345 2306 358 -
2341 315 2409 373 IN
2446 317 2665 377 EPIST.
2705 322 2797 379 AD
2831 323 3038 383 HEBB.
3394 337 3502 394 770

229 452 252 486 ι
299 445 522 496 manna,
543 439 598 485 et
627 444 777 499 Virga
808 430 1008 495 Aaron,
1029 444 1148 499 quae
1172 429 1508 497 fronduerat,
1531 439 1586 486 et
1611 430 1806 486 tabulae
1832 436 1885 496 Α
1910 446 2016 486 non
2050 431 2198 487 enim
2229 432 2485 490 videbant
2506 451 2596 510 ea.
2617 436 2848 495 Proinde
2878 456 2985 496 non
3011 442 3116 500 illis
3143 449 3317 520 magis
3341 462 3504 511 erant

228 541 250 574 ι
292 519 622 584 testamenti,
641 534 801 589 super
821 535 926 589 que
955 535 1074 575 eam
1104 521 1375 578 Cherubin
1404 522 1587 594 gloriae
1617 525 1810 579 obum-
1911 522 2228 588 constituta,
2258 539 2420 594 quam
2471 525 2577 582 illis
2621 530 2820 598 quibus
2867 519 3350 603 prophetabantur.
3385 562 3404 594 ι
3435 544 3498 600 ln

226 631 248 665 ι
289 610 507 667 brantia
551 611 1005 681 propitiatorium,
1051 612 1116 667 de
1163 613 1358 682 quibus
1406 629 1510 668 non
1547 621 1630 669 est
1657 615 1814 670 modo
1912 614 2150 668 secundo
2199 624 2381 670 autem
2422 619 2588 672 semel
2639 620 2693 672 in
2723 636 2866 676 anno
2895 625 3042 680 solus
3071 631 3337 698 pontifex,
3387 649 3496 692 non

226 719 247 753 ι
291 701 584 756 dicendum
630 716 728 771 per
780 701 1006 771 singula.
1057 701 1153 758 His
1183 719 1312 758 vero
1349 704 1424 758 ita
1474 706 1810 774 compositis,

1911 702 2028 756 sine
2073 705 2354 772 sanguine,
2383 720 2543 774 quem
2591 706 2811 764 oﬁ‘erret
2839 726 2937 781 pro
2984 729 3042 769 se
3093 728 3147 771 et
3176 735 3276 788 pro
3320 724 3500 792 populi

222 811 243 843 ι
289 793 350 845 in
399 791 568 862 priori
609 792 828 860 quidem
873 792 1218 847 tabernaculo
1262 809 1476 865 semper
1517 797 1814 852 introibant
1911 789 2235 861 ignorantia.
2261 812 2280 844 ι
2307 795 2533 850 Intueris
2554 795 2668 865 jam
2690 798 2893 856 formas
2913 811 3038 858 ante
3058 789 3403 874 prazmissas?
3421 812 3500 867 Ne

222 900 242 933 ι
292 885 626 948 sacerdotes,
649 885 1036 940 sacriﬁciorum
1057 884 1228 941 oﬁicia
1259 899 1696 945 consummantes
1717 905 1732 944 :
1757 891 1811 944 in

219 992 240 1026 ε
285 980 528 1029 secundo
551 984 752 1040 autem,
787 975 952 1030 semel
978 977 1031 1030 in
1057 992 1198 1031 anno
1227 977 1373 1033 solus
1411 979 1673 1049 pontifex,
1703 997 1808 1035 non

217 1086 238 1118 ι
284 1067 409 1122 sine
437 1068 718 1136 sanguine,
747 1083 905 1137 quem
935 1067 1152 1124 offerret
1202 1078 1257 1124 et
1286 1085 1386 1140 pro
1409 1086 1504 1125 sua
1549 1080 1602 1126 et
1631 1072 1808 1142 populi

217 1176 240 1210 ι
286 1159 611 1229 ignorantia.
627 1179 644 1209 ι
665 1157 742 1229 (J.
759 1156 968 1229 Chrys.)
991 1158 1239 1215 Ostendit
1258 1176 1325 1214 ex
1345 1162 1644 1216 sacerdotio
1667 1171 1721 1216 et
1742 1178 1808 1217 ex

209 1257 572 1314 testamento,
601 1249 726 1319 quia
753 1249 914 1304 ﬁnem
945 1251 1253 1305 habiturum
1285 1260 1403 1307 erat
1431 1252 1560 1307 illud
1585 1272 1597 1306 :
1625 1263 1808 1309 osten-

205 1339 433 1408 ditjam
479 1348 535 1395 et
570 1355 638 1395 ex
672 1342 790 1411 ipso
821 1341 1155 1396 tabernaculi
1201 1344 1498 1410 schemate,
1537 1347 1806 1416 quomodo

203 1428 358 1495 haec,
401 1429 594 1500 inquit,
639 1439 826 1486 sancta
858 1437 912 1485 et
941 1441 1128 1486 sancta
1165 1442 1494 1489 sanctorum.
1527 1436 1591 1488 Et
1618 1445 1805 1492 sancta

203 1519 440 1588 quidem
476 1520 678 1589 prioris
706 1529 830 1575 sunt
854 1521 1053 1576 indicia
1083 1524 1362 1593 temporis,
1393 1524 1467 1578 ibi
1489 1525 1685 1596 quippe
1709 1541 1804 1596 per

203 1615 426 1668 hostias
454 1614 634 1669 omnia
665 1611 889 1680 ﬁebant,
935 1615 990 1669 in
1019 1616 1223 1671 sanctis
1274 1624 1453 1670 autem
1487 1629 1802 1673 sanctorum

203 1703 379 1772 hujus
429 1704 685 1773 temporis
726 1705 941 1776 signum
986 1714 1086 1770 est,
1137 1721 1280 1761 nunc
1324 1709 1626 1777 praesentis.
1663 1710 1805 1765 Dicit

1910 883 2054 937 enim
2111 885 2396 951 dicerent,
2447 887 2728 954 Quomodo
2780 909 2943 948 unum
2995 905 3080 951 est
3127 901 3499 957 sacriﬁcium?

1907 975 2147 1030 ostendit
2192 977 2322 1032 illud
2361 979 2476 1046 jam
2536 980 2661 1035 inde
2709 982 2778 1037 ab
2822 983 2994 1048 initio,
3045 988 3308 1056 siquidem
3357 993 3502 1061 quod

1909 1067 2150 1121 sanctius
2193 1077 2332 1133 erat,
2383 1085 2547 1123 unum
2590 1080 2708 1125 erat
2751 1082 2805 1127 et
2835 1075 3091 1131 terribile.
3131 1079 3199 1132 Et
3231 1081 3503 1150 quomodo

1906 1158 2151 1225 pontifex
2178 1159 2345 1213 semel
2379 1161 2482 1215 hoc
2509 1161 2790 1228 offerebat,
2818 1166 2860 1218 si
2887 1163 3203 1236 [olferebat?
3229 1169 3342 1243 Sic]
3372 1188 3503 1227 con-

1907 1247 2245 1302 suetudinem
2259 1247 2326 1301 ab
2342 1249 2496 1303 initio
2510 1263 2850 1321 acceperant;
2872 1257 3072 1310 etenim
3093 1267 3217 1314 tunc
3234 1261 3498 1330 pontifex,

1906 1336 2098 1407 inquit,
2125 1340 2289 1394 semel
2319 1339 2600 1397 offerebat.
2630 1345 2699 1397 Et
2725 1345 2859 1399 bene
2885 1347 3021 1401 dixit
3048 1368 3066 1399 (
3097 1367 3202 1405 non
3229 1353 3347 1407 sine
3374 1370 3498 1409 san-

1906 1428 2088 1496 guine,
2109 1447 2127 1479 ι
2147 1445 2253 1484 non
2271 1432 2486 1500 quidem
2509 1435 2627 1489 sine
2655 1438 2935 1506 sanguine,
2961 1438 3052 1492 sed
3081 1439 3185 1495 isto
3213 1445 3494 1514 sanguine.

1904 1515 2022 1572 Non
2052 1519 2196 1573 enim
2246 1529 2453 1576 tantum
2484 1533 2602 1578 erat
2641 1527 2938 1594 negotium.
2971 1528 3216 1589 Ostendit
3241 1537 3365 1604 quia
3392 1537 3497 1591 erit

1904 1609 2252 1676 sacriﬁcium,
2295 1613 2436 1682 quod
2475 1613 2598 1683 igne
2625 1631 2732 1669 non
2763 1621 3116 1683 consumitur,
3152 1627 3247 1678 sed
3272 1640 3334 1678 ex
3362 1641 3493 1680 san-

1905 1701 2066 1770 guine
2095 1703 2312 1772 quidem
2362 1705 2841 1761 demonstrandum
2867 1711 2958 1764 sit.
2989 1712 3254 1778 Quoniam
3279 1718 3491 1772 sacriﬁ-

203 1806 396 1850 autem
438 1804 623 1852 sancta
646 1804 958 1852 sanctorum
983 1812 1102 1853 esse
1126 1797 1344 1862 coelum,
1370 1808 1423 1853 et
1445 1799 1804 1855 velamentum
1835 1795 1879 1854 B
1908 1792 2290 1876 cium_vocavil
2310 1811 2548 1861 crucem.
2575 1812 2750 1867 neque
2780 1800 2954 1870 ignem
2980 1803 3291 1870 habentem,
3318 1823 3491 1876 neque

204 1889 437 1952 cmlum,
465 1896 519 1944 et
547 1902 767 1943 carnem
799 1888 1091 1943 intrantem
1121 1889 1175 1943 in
1207 1889 1466 1944 interiora
1492 1891 1798 1957 velaminis,

206 1978 320 2033 hoc
364 1985 468 2040 est,
521 1975 766 2032 velamen
797 1977 977 2031 carnis
1005 1974 1140 2044 ejus.
1189 1975 1397 2030 Bonum
1449 1993 1577 2033 vero
1606 1987 1691 2034 est
1736 1996 1804 2034 ex

207 2067 378 2138 paulo
426 2066 799 2136 superioribus
844 2066 988 2120 hunc
1033 2065 1209 2121 locum
1251 2075 1557 2136 repetentes
1601 2070 1800 2126 dicere.

207 2157 358 2224 Quid
396 2173 545 2228 ergo,
578 2156 788 2226 inquit?
830 2175 849 2208 ι
888 2157 1074 2211 habuit
1113 2158 1346 2227 primum
1380 2158 1594 2228 quidem
1639 2168 1805 2214 testa-

208 2258 480 2312 mentum,
505 2248 709 2303 scilicet
745 2248 1154 2318 justiﬁcationis
1194 2248 1483 2303 culturam.
1531 2248 1669 2316 Quid
1720 2257 1804 2304 est

206 2336 674 2407 iustiﬁcationes?
703 2335 867 2408 Signa
899 2346 954 2393 et
1000 2338 1477 2403 sanctiﬁcationes,
1525 2355 1645 2408 qua:
1675 2349 1801 2394 tunc

207 2441 392 2487 erant.
437 2430 714 2499 Tanquam
750 2431 895 2501 quod
944 2446 1119 2493 nunc,
1156 2431 1361 2500 inquit,
1411 2446 1516 2486 non
1570 2431 1796 2498 habeat,

209 2524 453 2580 ostendit
473 2523 602 2578 illud
625 2538 883 2579 cessasse.
908 2521 1058 2577 Tunc
1075 2523 1219 2576 enim
1242 2537 1347 2577 non
1363 2523 1568 2589 habuit,
1588 2523 1761 2593 inquit
1781 2539 1796 2589 ;

209 2618 444 2689 proinde
469 2633 630 2682 nunc,
661 2631 726 2672 ac
755 2616 802 2671 si
825 2616 999 2671 adhuc
1029 2615 1306 2680 instantia,
1329 2631 1434 2669 non
1463 2625 1564 2670 est.
1599 2634 1617 2666 ‹
1645 2615 1798 2671 Tunc

123 2721 136 2735 '
213 2716 467 2763 sanctum
482 2707 760 2772 saeculare,
783 2726 802 2758 ι
830 2706 1085 2762 sazculare
1105 2707 1253 2770 dicit,
1270 2705 1523 2776 quoniam
1546 2706 1798 2762 onmibus

212 2801 416 2858 licebat
455 2802 683 2865 intrare,
717 2812 771 2856 et
796 2800 1113 2855 manifestus
1156 2810 1274 2854 erat
1313 2799 1402 2855 ille
1450 2799 1600 2853 locus
1624 2799 1675 2852 in
1706 2799 1796 2853 illo

217 2893 587 2958 tabernaculo,
617 2892 704 2947 ubi
734 2893 1044 2948 sacerdotes
1074 2892 1308 2956 stabant,
1342 2892 1431 2945 ubi
1472 2890 1638 2945 Judzei
1657 2932 1672 2956 ,
1705 2889 1796 2945 ubi

215 2985 495 3055 proselyti,
513 2994 568 3040 et
582 2985 820 3040 Gentiles
833 2995 889 3039 et
900 2983 1158 3039 Nazarzei.
1176 2983 1437 3050 Quoniam
1459 2998 1587 3052 ergo
1607 2992 1657 3036 et
1673 2997 1798 3051 gen-

218 3075 366 3129 tibus
393 3074 711 3130 accessibile
739 3083 878 3141 erat,
922 3072 1178 3128 smculare
1225 3073 1354 3126 illud
1404 3072 1657 3142 appellat,
1687 3089 1790 3125 non

1907 1873 2090 1952 ligna',
2142 1900 2316 1954 neque
2359 1885 2724 1950 oblationem,
2769 1891 2863 1944 sed
2909 1893 3072 1946 semel
3120 1895 3173 1948 in
3225 1873 3488 1967 sanguine

1907 1975 2171 2041 oblatum,
2197 1979 2455 2040 ostendit,
2480 1980 2604 2048 quia
2627 1989 2684 2034 et
2706 1993 2857 2035 vetus
2879 1984 3204 2039 sacrificium
3229 1988 3330 2040 tale
3353 1999 3489 2054 erat,

1905 2065 2048 2132 quod
2079 2066 2244 2120 semel
2274 2065 2602 2122 offerebatur
2634 2071 2685 2122 in
2715 2073 2996 2139 sanguine.
3035 2093 3051 2123 ι
3074 2074 3243 2140 Quem
3276 2077 3494 2132 oﬁ‘eriet

1905 2168 2006 2222 pro
2029 2169 2110 2219 se,
2129 2156 2322 2224 inquit,
2345 2166 2398 2210 et
2427 2158 2605 2226 populi
2625 2159 2948 2228 ignorantia.
2975 2183 2994 2214 ι
3019 2163 3131 2216 Non
3154 2167 3289 2220 dixit
3311 2184 3495 2235 pecca-

1905 2246 1988 2308 tis,
2020 2246 2116 2300 sed
2144 2264 2161 2295 ι
2193 2247 2518 2315 ignorantia,
2551 2270 2568 2301 ι
2607 2267 2674 2304 ne
2701 2267 2952 2322 maguum
2977 2257 3208 2324 sapiant.
3257 2257 3312 2311 Si
3344 2260 3489 2314 enim

1902 2350 2009 2389 non
2058 2336 2241 2391 volens
2289 2340 2570 2407 peccabas,
2624 2341 2716 2393 sed
2749 2340 2937 2396 nolens
2986 2331 3292 2411 igdorabas,
3337 2358 3393 2401 et
3418 2349 3488 2404 ob

1903 2425 2006 2480 hoc
2049 2426 2226 2480 nullus
2271 2437 2353 2482 est
2395 2430 2645 2484 mundus.
2695 2430 2762 2482 Et
2801 2431 3000 2500 ubique
3025 2434 3165 2502 quod
3197 2451 3351 2489 suum
3381 2447 3488 2500 est,

1899 2519 2154 2582 ostendit,
2179 2522 2436 2589 quoniam
2464 2521 2714 2577 Christus
2742 2525 3094 2592 multomajor
3115 2537 3198 2582 est
3221 2530 3488 2596 pontifex.

1901 2607 2066 2679 (Alb.)
2121 2609 2376 2680 Legimus
2421 2613 2566 2666 enim
2600 2615 2652 2666 in
2697 2613 2933 2684 Jusepho
2984 2619 3391 2674 tabernaculum
3422 2625 3492 2680 ad

1901 2699 2074 2750 instar
2095 2714 2214 2752 esse
2238 2700 2396 2768 hujus
2416 2704 2598 2756 mundi
2623 2704 2860 2758 factum:
2887 2708 3158 2762 exteriora
3183 2726 3310 2765 vero
3333 2712 3491 2783 hujus

1898 2787 2077 2842 smculi
2103 2789 2327 2858 liguram
2355 2792 2640 2846 habebant.
2677 2795 2884 2851 Idcirco
2908 2807 3039 2866 quot
3061 2801 3146 2854 die
3177 2803 3489 2858 ministrant

1898 2879 2068 2932 sancti
2115 2881 2466 2944 sacerdotes,
2517 2886 2874 2940 accendentes
2917 2889 3097 2943 lumen
3145 2895 3402 2948 doctrinae
3433 2905 3490 2951 ct

1897 2977 2180 3035 pascentes
2196 2971 2449 3038 populum
2469 2972 2582 3025 Dei.
2606 2993 2622 3021 ι
2637 2975 2861 3036 Panum,
2880 2996 2898 3027 ι
2925 2979 3014 3045 qui
3029 2995 3191 3048 super
3203 2998 3440 3037 mensam
3457 3001 3488 3039 a

1898 3059 2122 3112 sabbato
2165 3073 2334 3128 Usque
2361 3061 2424 3113 ad
2472 3062 2755 3116 sabbatum
2787 3078 2983 3133 prwsto
3011 3081 3206 3124 .1e..cnt
3241 3089 3400 3137 esse;
3433 3075 3488 3129 id

217 3163 363 3218 enim
378 3162 577 3220 Judzeis
590 3173 731 3220 totus
751 3163 979 3219 mundus
992 3171 1129 3218 erat.
1143 3181 1161 3213 ‹
1183 3161 1609 3217 Tabernaculum
1624 3163 1790 3228 enim,

1900 3158 1999 3213 est,
2032 3165 2062 3202 a
2092 3149 2316 3203 sabbato
2340 3152 2452 3220 spei
2497 3161 2714 3218 nostrae,
2743 3154 2792 3208 in
2819 3171 2925 3224 qua
2956 3160 3110 3226 quasi
3142 3161 3194 3213 in
3248 3161 3484 3228 Christo,

217 3253 414 3323 inquit,
467 3262 839 3310 constructum
890 3261 1002 3319 est,
1059 3253 1262 3324 primo,
1323 3251 1465 3321 quod
1517 3251 1796 3306 dicebatur

218 3356 431 3410 sancta,
460 3347 514 3400 in
541 3362 647 3416 quo
670 3357 788 3400 erat
821 3345 1200 3400 candelabrum
1225 3352 1280 3399 et
1301 3360 1486 3399 mensa
1515 3353 1570 3400 et
1598 3360 1795 3416 propo-

219 3435 344 3488 sitio
368 3449 606 3503 panum;
636 3454 654 3486 ι
692 3436 804 3490 haac
829 3440 978 3505 signa
1009 3443 1164 3490 erant
1186 3435 1388 3488 mundi.
1414 3454 1431 3486 ‹
1466 3434 1591 3489 Post
1612 3450 1799 3490 secun-

219 3523 348 3577 dum
369 3522 609 3578 velamen
635 3532 754 3578 erat
782 3523 1205 3590 tabernaculum,
1223 3525 1365 3594 quod
1394 3525 1588 3580 dicitur
1607 3536 1793 3581 sancta

216 3622 548 3669 sanctorum.
572 3633 590 3666 ι
607 3613 857 3704 Attende,
875 3616 1144 3684 quomodo
1167 3615 1365 3684 ubique
1390 3616 1792 3671 tabernaculum

215 3715 408 3771 vocat,
460 3721 528 3760 ex
574 3721 639 3760 eo
687 3706 828 3776 quod
879 3707 1075 3762 ibidem
1125 3707 1431 3762 habebitur.
1469 3727 1487 3759 ι
1523 3709 1792 3775 Aureum,

216 3798 391 3866 inquit
420 3836 436 3862 ,
487 3795 693 3851 habens
742 3796 1088 3860 thuribulum,
1142 3806 1197 3852 et
1256 3813 1438 3851 arcam
1486 3799 1793 3852 testamenti

215 3887 634 3956 circumseptam
661 3903 726 3943 ex
753 3887 898 3942 omni
924 3896 1078 3957 parte
1107 3903 1262 3953 auro,
1290 3889 1344 3942 in
1372 3903 1477 3957 qua
1516 3905 1651 3944 urna
1678 3900 1797 3944 erat

215 3992 381 4031 aurea
413 3978 614 4032 habens
644 3994 859 4042 manna,
883 3987 936 4032 et
964 3979 1111 4048 virga
1132 3979 1336 4043 Aaron,
1367 3995 1489 4048 qua:
1513 3979 1790 4046 ﬂoruerat,

215 4075 271 4122 et
301 4066 492 4121 tabulae.
539 4068 864 4122 testamenti.
901 4086 920 4118 ι
956 4065 1148 4122 Omnia
1179 4068 1505 4123 venerabilia
1530 4080 1698 4134 erant,
1743 4080 1798 4126 et

214 4158 364 4213 clara
388 4157 789 4226 ingratitudinis
803 4155 1041 4212 Judaica:
1056 4170 1424 4214 monumenta.
1448 4178 1466 4209 ι
1490 4159 1554 4213 Ει
1578 4151 1790 4226 tabulae,

214 4249 415 4316 inquit,
430 4250 767 4302 testamenti:
791 4269 810 4301 ι
831 4249 1275 4320 fregeratquippe
1287 4267 1397 4306 eas.
1419 4271 1436 4302 ‹
1450 4251 1513 4305 Ει
1529 4268 1580 4306 m
1603 4268 1724 4306 .nna
1739 4270 1754 4318 ;
1770 4273 1788 4303 ι

214 4346 692 4392 murmuraverunt
718 4339 881 4404 enim,
911 4348 968 4393 et
992 4348 1051 4393 ut
1077 4341 1431 4395 deduceretur
1461 4343 1527 4395 ad
1550 4351 1794 4411 posteros

213 4430 498 4494 memoria,
527 4430 812 4499 imperavit
853 4431 982 4486 illud
1020 4433 1072 4486 in
1118 4448 1252 4486 urna
1297 4449 1461 4488 aurea
1506 4437 1787 4489 reservari.

1895 3237 2041 3293 etab
2068 3239 2225 3310 hujus
2250 3242 2432 3296 mundi
2465 3244 2767 3300 turbinibus
2798 3250 2995 3311 securi,
3041 3267 3210 3321 usque
3257 3253 3309 3306 in
3357 3254 3488 3310 illud

1895 3331 2204 3397 sabbatum,
2229 3333 2372 3403 quod
2404 3335 2736 3390 retineamus
2759 3353 2880 3406 quae
2932 3357 3077 3394 nunc
3109 3342 3160 3394 in
3186 3359 3281 3412 spe
3313 3345 3485 3398 babe-

1895 3437 2033 3476 mus.
2078 3422 2414 3479 Candelabra
2465 3441 2593 3481 vero
2643 3429 2780 3481 dona
2830 3433 3004 3484 sancti
3049 3431 3286 3501 Spiritus
3332 3444 3480 3503 sunt,

1895 3525 2014 3579 qua:
2067 3513 2120 3566 in
2175 3513 2415 3569 Ecclesia
2469 3516 2651 3571 lucent
2719 3518 3137 3590 intelligentibus
3180 3539 3278 3593 per
3338 3542 3484 3593 eum,

1895 3617 2058 3675 super
2097 3622 2255 3675 quem
2289 3609 2590 3677 requiescet
2629 3611 2852 3679 spiritus
2879 3614 3159 3682 sapientia:
3192 3625 3245 3670 et
3277 3618 3486 3674 intelle-

1895 3704 2036 3762 ctus,
2071 3699 2296 3766 spiritus
2333 3700 2542 3754 consilii
2570 3712 2625 3754 et
2670 3702 3023 3769 fortitudinis,
3055 3707 3277 3775 spiritus
3303 3712 3483 3766 scien-

1897 3785 1984 3839 tite
2010 3797 2065 3840 et
2111 3788 2350 3856 pietatis,
2381 3802 2437 3843 et
2465 3792 2689 3859 spiritus
2720 3795 2928 3848 timoris
2958 3796 3169 3850 Domini
3201 3798 3335 3869 (13a.
3381 3802 3482 3873 ιι).

1893 3875 2125 3932 Interius
2174 3894 2304 3933 vero
2354 3881 2780 3947 tabernaculum,
2832 3887 2974 3954 quod
3008 3889 3207 3942 dicitur
3242 3910 3259 3941 ι
3298 3903 3485 3949 sancta

1894 3976 2226 4034 sanctorum,
2249 3989 2266 4020 ι
2290 3970 2464 4040 ipsum
2487 3973 2683 4026 caelum
2709 3975 2998 4044 signiﬁcat.
3019 3979 3272 4034 Velamen
3304 3993 3484 4039 autem

1894 4058 2094 4113 caelum
2151 4068 2265 4124 est,
2315 4061 2455 4114 intra
2507 4064 2651 4131 quod
2702 4068 2958 4121 sacerdos
3007 4079 3194 4123 noster
3237 4072 3486 4130 Christus

1895 4164 2003 4202 non
2028 4148 2143 4203 sine
2172 4151 2433 4220 sanguine
2465 4153 2707 4206 intravit.
2737 4173 2754 4204 ι
2779 4154 3134 4212 Thuribulum
3159 4161 3362 4216 habens
3385 4179 3485 4217 au-

1895 4253 2070 4303 reum,
2098 4259 2114 4290 ι
2139 4239 2190 4292 in
2210 4256 2318 4309 quo
2332 4239 2633 4296 offeruntur
2656 4254 2930 4301 orationes
2950 4257 3282 4304 sanctorum.
3307 4251 3486 4322 lnquo

1900 4346 1918 4379 ι
1957 4328 2225 4385 Cherubin
2251 4328 2433 4400 glorim
2453 4332 2828 4397 obumbrantia
2853 4338 3302 4406 propitiatorium,
3329 4361 3348 4393 ι
3382 4341 3486 4396 hoc

1895 4431 2001 4487 est,
2034 4423 2318 4480 multitudo
2348 4425 2608 4480 scientiae.
2654 4426 2792 4495 Apte
2840 4430 3277 4497 propitiatorium
3323 4447 3487 4501 super

219 4537 238 4567 ι
267 4518 337 4571 Et
359 4518 506 4589 virga
523 4498 723 4584 Aaron,
744 4521 934 4589 inquit,
951 4537 1069 4590 qua:
1089 4521 1360 4587 ﬂoruerat,
1391 4539 1656 4594 superque
1674 4542 1793 4580 eam

1901 4528 2083 4567 arcam
2113 4516 2343 4583 positum
2385 4531 2503 4570 esse
2540 4517 2758 4584 dicitur,
2787 4519 2912 4587 quia
2948 4521 3048 4588 ipsi
3076 4521 3356 4575 mediatori
3386 4523 3486 4578 Dei

214 4607 495 4663 Cherubin
522 4610 728 4679 gloriae.
761 4631 780 4663 ›
817 4613 954 4677 Quid
983 4622 1065 4666 est
1112 4614 1382 4668 Cherubin
1412 4614 1631 4684 glorize?
1682 4616 1797 4672 sive

213 4700 476 4772 gloriosa,
504 4701 618 4756 sive
645 4717 765 4776 qua:
792 4703 894 4757 sub
922 4703 1031 4756 Deo
1059 4711 1184 4756 sunt
1208 4705 1518 4757 constituta.
1540 4723 1558 4755 ι
1591 4704 1794 4761 Obum-

213 4793 452 4860 brantia,
509 4793 698 4864 inquit,
723 4794 1174 4863 prepitiatorium,
1204 4814 1223 4845 ι
1257 4795 1353 4850 sed
1389 4804 1443 4850 et
1469 4796 1641 4851 elevat
1683 4798 1798 4852 haec

217 4898 319 4937 sua
349 4883 614 4949 oratione,
644 4893 701 4937 ut
729 4885 1055 4950 ostenderet,
1089 4886 1215 4954 quia
1257 4884 1461 4954 majora
1502 4895 1648 4950 sunt,
1677 4901 1798 4957 quae

216 4983 344 5045 post
374 4975 477 5028 ista
504 4982 648 5029 sunt.
681 4993 698 5024 ε
724 4975 800 5029 De
828 4975 1045 5043 quibus,
1077 4976 1268 5045 inquit,
1296 4992 1402 5031 non
1430 4986 1514 5032 est
1537 4994 1678 5032 nunc
1701 4994 1799 5048 per

217 5065 434 5136 singula
466 5064 771 5120 dicendum.
811 5085 828 5116 ι
867 5066 967 5121 Hic
1010 5067 1375 5138 signiﬁcavit,
1409 5069 1660 5137 quoniam
1691 5085 1798 5122 non

220 5161 338 5214 htec
363 5158 475 5212 sola
501 5167 677 5222 erant,
701 5173 820 5227 quae
848 5161 1186 5224 videbantur,
1215 5161 1309 5216 sed
1340 5161 1622 5231 aenigmata
1651 5176 1795 5229 quae-

217 5249 347 5302 dam
378 5259 552 5301 erant.
588 5266 620 5298 ι.
636 5248 709 5302 De
733 5250 947 5318 quibus,
981 5250 1176 5318 inquit,
1205 5267 1347 5306 nunc
1372 5267 1476 5305 non
1504 5263 1587 5306 est
1603 5253 1796 5307 .dicen-

215 5335 350 5390 dum
395 5352 492 5407 per
527 5337 776 5407 singula;
811 5358 830 5389 ι
861 5338 1126 5404 fortassis,
1176 5341 1301 5410 quia
1335 5341 1504 5396 multo
1548 5357 1798 5397 sermone

217 5440 361 5496 opus
393 5427 677 5482 baberent.
701 5446 720 5478 ι
745 5428 839 5483 His
868 5429 1034 5499 igitur
1059 5429 1131 5483 ita
1155 5431 1497 5497 constructis,
1525 5433 1720 5501 inquit,
1746 5435 1800 5489 in

215 5518 459 5589 primum
511 5519 729 5588 quidem
793 5520 1198 5576 tabernaculum
1256 5534 1471 5591 semper
1531 5523 1806 5580 intrabant

216 5607 533 5664 sacerdotes
555 5609 783 5664 cultura:
809 5609 983 5666 ollicia
1005 5619 1464 5666 consummantes.
1503 5633 1522 5665 ι
1561 5612 1676 5669 Hoc
1698 5623 1804 5680 est,

217 5707 383 5755 erant
427 5699 646 5770 quidem
691 5701 812 5770 ista,
844 5703 938 5760 sed
981 5718 1087 5760 non
1138 5703 1218 5759 eis
1265 5700 1584 5759 fruebantur
1617 5703 1804 5770 ludati,

1901 4611 1956 4656 ct
1991 4604 2272 4658 hominum
2317 4606 2633 4675 specialiter
2674 4624 2704 4661 a
2736 4608 2849 4662 Deo
2894 4618 3050 4678 patre
3075 4611 3332 4666 donatum
3375 4623 3482 4680 est,

1907 4709 1926 4742 ‹
1956 4699 2016 4744 ut
2054 4702 2200 4748 esset
2241 4695 2548 4764 prepitiatio
2583 4712 2682 4766 pro
2733 4699 2971 4766 peccatis
3021 4701 3244 4755 nostris.
3283 4721 3302 4753 ι
3334 4702 3483 4760 Unde

1901 4783 2063 4836 etiam
2086 4783 2284 4838 Paulus
2303 4786 2462 4839 dicit:
2487 4805 2504 4836 ι
2525 4787 2680 4842 Jesus
2701 4787 2971 4854 Christus,
2996 4792 3087 4860 qui
3129 4805 3372 4850 mortuus
3400 4806 3478 4853 est

1903 4873 2011 4928 imo
2049 4874 2140 4943 qui
2181 4883 2236 4929 et
2289 4878 2610 4942 resurrexit,
2637 4879 2731 4947 qui
2773 4889 2856 4934 est
2909 4883 2976 4934 ad
3029 4883 3306 4938 dexteram
3363 4887 3475 4954 Dei,

1900 4965 1992 5034 qui
2019 4965 2183 5020 etiam
2216 4966 2519 5036 interpellat
2541 4985 2638 5040 pro
2667 4972 2819 5026 nobis
2869 4971 2887 5043 (
2913 4971 3054 5026 Rom.
3105 4990 3202 5028 vm
3225 4977 3266 5046 ).
3301 4997 3320 5029 ι
3353 4996 3372 5029 ι
3409 4978 3475 5033 Et

1897 5069 2024 5108 arca
2054 5058 2384 5111 testamenti.
2417 5077 2436 5109 ι
2471 5059 2594 5113 llaec
2623 5068 2709 5114 est
2736 5076 2863 5114 caro
2881 5061 3178 5119 Salvatoris
3205 5067 3396 5131 nostri,
3425 5066 3475 5126 in

1896 5162 2002 5216 qua
2029 5163 2225 5204 manna
2249 5150 2548 5206 divinitatis
2571 5161 2625 5205 et
2648 5152 2842 5208 tabula:
2871 5154 3097 5210 duorum
3131 5166 3483 5215 testamento-

1896 5253 2039 5302 rum,
2072 5248 2126 5293 et
2150 5241 2299 5306 virga
2335 5241 2536 5305 Aaron,
2568 5258 2686 5311 qua?
2705 5242 2884 5298 ﬂoruit
2914 5245 2968 5299 in
2998 5248 3299 5303 sacerdotio
3327 5249 3483 5303 Chri-

1897 5329 1989 5392 sti,
2027 5348 2044 5379 ι
2079 5329 2145 5383 de
2171 5332 2368 5398 quibus
2397 5347 2502 5384 non
2529 5341 2613 5386 est
2634 5334 2792 5387 modo
2826 5351 2922 5404 per
2967 5336 3176 5406 singula
3225 5337 3421 5391 dicere.
3454 5356 3475 5388 ι

1905 5436 1923 5468 ι
1957 5416 2052 5472 His
2081 5434 2208 5472 vero
2236 5419 2308 5472 ita
2341 5421 2671 5490 compositis,
2705 5422 2758 5476 in
2789 5423 2957 5493 priori
2983 5424 3196 5493 quidem
3227 5426 3478 5478 taberna-

1902 5509 2022 5564 culo
2045 5525 2256 5579 semper
2280 5511 2572 5566 introibant
2599 5514 2930 5576 sacerdotes,
2954 5513 3338 5568 sacriﬁciorum
3367 5511 3480 5566 olli-

1907 5612 1990 5667 cia
2012 5619 2472 5666 consummantes.
2509 5630 2528 5664 ι
2555 5611 2708 5679 Quod
2733 5628 2863 5668 vero
2882 5627 3042 5682 supra
3073 5612 3211 5666 dixit
3231 5617 3479 5666 sanctum

1909 5703 2166 5761 saeculare
2194 5719 2333 5770 esse,
2365 5704 2466 5759 hoc
2495 5703 2654 5760 modo
2677 5703 2904 5760 lucidius
2933 5701 3188 5766 ostendit,
3218 5699 3272 5755 id
3295 5710 3394 5768 est,
3423 5700 3478 5758 in
3561 5760 3578 5776 .
