3992 6338
628 356 733 413 ’ΠΙ

1250 348 1315 407 Β.
1358 351 1611 409 BABANI
1648 350 1868 407 MAURi
1905 350 2224 409 ARCHIEP.
2265 351 2573 411 MOGUNT.
2615 348 2901 410 OPERUM
2935 353 3115 410 PARS
3150 354 3234 410 ill.
3693 368 3759 429 τῃ

625 482 734 540 quo
787 463 1133 557 tabernaculo
1176 462 1451 557 sacrificia
1494 462 1716 557 fuerunt
1763 462 2062 557 saecularia.
2111 463 2197 557 ﬂ}-
2226 473 2272 531 A
2300 484 2600 555 perfectum
2616 483 2839 540 deduxit
2854 483 2971 550 lex;
2995 503 3015 536 ›
3042 486 3138 541 sed
3156 486 3435 542 secundum
3453 492 3644 551 carnalis
3659 512 3757 557 man.

626 559 705 616 hil
733 559 799 613 ad
837 555 1133 628 perfectum
1160 554 1478 610 deducentia
1509 554 1833 608 servientem
1865 554 1920 608 in
1950 553 2049 609 eis.
2092 570 2112 604 ‹
2142 552 2201 607 in

625 647 866 705 secundo
914 653 1092 701 autem
1126 644 1294 700 semel
1332 645 1389 699 in
1418 659 1563 700 anno
1608 643 1756 699 solus
1798 643 2064 714 pontifex,
2095 658 2202 700 non

621 739 741 795 sine
769 739 1029 808 sanguine
1054 752 1216 807 quem
1256 734 1412 792 offert
1433 750 1531 806 pro
1554 751 1651 792 sua
1670 744 1726 791 et
1745 735 1925 808 p0puli
1956 734 2203 807 ignoran-

619 828 729 903 tia.‘
750 848 770 881 ι
797 828 901 884 iste
927 842 1058 883 vero
1086 827 1328 897 pontifex
1364 841 1431 882 ex
1475 837 1630 897 parte
1664 827 1935 899 significat
1958 842 2081 883 eum
2109 828 2199 899 qui

620 920 789 977 semel
839 921 1112 992 ingressus
1161 927 1243 975 est
1266 919 1462 975 coelum
1510 919 1653 975 intra
1702 920 1879 975 velum
1926 921 1983 975 in
2014 930 2200 977 sancta

619 1020 950 1077 sanctorum,
982 1020 1041 1066 ut
1085 1010 1305 1066 assistat
1329 1010 1503 1065 vultui
1550 1010 1645 1066 Dei
1675 1027 1774 1082 pro
1818 1011 1995 1067 nobis.
2049 1011 2202 1080 Quod

621 1118 753 1159 vero
780 1103 893 1158 ait:
927 1122 945 1154 ‹
974 1102 1046 1159 Ut
1067 1101 1259 1158 oﬂ‘erat
1278 1117 1378 1174 pro
1405 1116 1502 1156 sua
1524 1110 1578 1157 et
1605 1102 1785 1174 populi
1814 1103 2133 1174 ignorantia,
2173 1123 2194 1156 ι

618 1193 725 1250 hoc
752 1202 856 1259 est,
879 1194 1022 1264 quod
1045 1194 1158 1263 ipse
1186 1193 1242 1248 in
1271 1207 1432 1247 cruce
1459 1192 1534 1246 ait
1559 1209 1573 1247 :
1608 1212 1627 1243 ι
1659 1192 1824 1259 Deus,
1857 1192 1998 1248 Deus
2026 1207 2197 1259 meus,

619 1298 789 1355 quare
824 1299 911 1339 me
961 1282 1339 1353 dcreiiquisti?
1387 1281 1544 1354 longe
1571 1298 1602 1336 a
1650 1282 1822 1338 salute
1868 1297 1989 1338 mea
2036 1283 2201 1339 verba

623 1376 942 1432 delictorum
990 1388 1235 1428 meorum
1264 1393 1283 1425 ι
1313 1370 1485 1445 (Psal.
1520 1370 1657 1443 xxi).
1693 1371 1821 1441 Quae
1867 1382 1994 1429 sunt
2033 1373 2201 1429 verba
2230 1398 2241 1409 -

622 1467 966 1530 delictorum,
993 1465 1096 1519 nisi
1126 1464 1369 1534 corporis
1394 1461 1522 1518 sui?

693 1577 712 1611 ‹
745 1559 861 1615 Hoc
878 1554 1216 1629 significante
1237 1555 1441 1627 Spiritu
1459 1564 1668 1621 sancto,
1688 1556 1928 1611 nondum
1946 1555 2198 1627 propala-

625 1669 644 1703 ι
695 1658 805 1705 tam
832 1663 950 1704 esse
993 1654 1302 1702 sanctorum
1328 1646 1471 1700 viam
1491 1686 1507 1710 ,
1539 1646 1716 1701 adhuc
1741 1646 1922 1715 priore
1948 1645 2201 1700 taberna-

626 1761 645 1793 ι
690 1741 812 1797 culo
849 1740 1084 1795 habente
1120 1744 1342 1793 statum.
1385 1735 1514 1802 Quae
1542 1735 1798 1806 parabola
1821 1744 1905 1791 est
1942 1733 2199 1805 temporis

2302 575 2412 630 dati
2468 576 2657 632 sordes
2711 583 2768 631 et
2822 570 3161 646 ignorantiae
3206 578 3373 648 potuit
3427 583 3676 644 emundare.
3710 590 3759 648 De

2302 665 2567 722 adulterio
2614 678 2777 732 vero,
2807 673 2863 721 et
2892 663 2960 721 de
3009 666 3327 737 capitalibus
3375 670 3637 729 criminibus
3672 678 3759 736 nihil

2300 757 2761 828 potuitpurgare,
2795 752 2890 811 sed
2927 755 3188 811 damnare
3221 764 3425 828 patrata
3464 760 3630 831 absque
3654 767 3759 823 nise.
3850 782 3851 803 ι

2300 847 2560 903 ricordia.
2612 846 2740 901 Ideo
2809 845 3111 901 adulteram
3169 845 3417 902 Pharisaei
3469 854 3759 920 propesuerutt

2300 949 2429 996 ante
2452 938 2639 1003 Iesum
2690 937 2872 1011 (Joan.
2906 937 3047 1010 vni),
3092 946 3154 993 ut
3201 939 3485 1009 potuissent
3523 958 3623 998 eum
3658 961 3759 1002 accu-

2301 1046 2447 1099 sare,
2489 1030 2535 1086 si
2563 1037 2755 1085 contra
2796 1028 2970 1100 legem
3017 1028 3297 1084 absolvere
3334 1028 3525 1100 juberet
3546 1048 3560 1096 ;
3585 1043 3656 1088 aut
3684 1035 3757 1090 hu-
3850 1060 3851 1097 ξ

2300 1120 2534 1175 dabilem
2588 1112 3037 1174 consuetudinem
3088 1117 3378 1185 amitteret,
3419 1118 3460 1174 si
3489 1119 3600 1193 legis
3628 1121 3758 1191 iussio-

2299 1224 2423 1264 nem
2473 1207 2747 1263 custodire
2796 1207 3135 1277 praeciperet.
3185 1205 3289 1263 Sed
3320 1216 3577 1278 utrumque
3612 1213 3759 1267 carebat

2301 1299 2564 1370 sapientia
2606 1292 2723 1365 Dei,
2757 1297 2911 1369 quasi
2941 1298 3168 1353 dixisset
3198 1315 3212 1351 :
3242 1296 3388 1352 Justa
3410 1307 3485 1353 est
3509 1299 3676 1368 quidem
3691 1301 3757 1368 lex,

2300 1358 2543 1457 sijustos
2578 1358 2806 1443 haberet
2856 1387 3156 1442 ministros.
3186 1385 3289 1453 Qui
3315 1358 3553 1443 festucam
3584 1389 3636 1443 de
3850 1358 3851 1407 ἶ

2301 1478 2525 1534 alterius
2569 1480 2762 1535 tollere
2786 1479 2997 1544 videat,
3023 1477 3235 1547 justum
3257 1486 3356 1544 est,
3382 1489 3437 1533 ut
3475 1481 3598 1549 prius
3620 1483 3757 1539 trabem

2299 1570 2367 1625 de
2412 1569 2633 1641 proprio
2677 1569 2831 1625 tollat
2880 1569 3055 1625 oculo.
3089 1568 3167 1623 De
3211 1569 3513 1640 baptismate
3545 1569 3757 1627 Judaeum

2299 1664 2511 1735 plenius
2554 1664 2611 1719 in
2653 1663 2965 1734 Evangelio,
2993 1665 3129 1720 κατὰ
3160 1661 3391 1717 Marcum
3430 1662 3594 1734 legitur
3631 1662 3756 1735 (lim.

2301 1754 2422 1826 vn),
2446 1754 2535 1809 ubi
2566 1753 2827 1809 Pharisaei
2863 1753 3238 1824 vituperabant
3258 1753 3520 1808 Dominum
3540 1760 3586 1806 ex
3605 1754 3757 1823 discipl-

622 1851 642 1884 ι
685 1832 959 1897 instantis,
982 1831 1138 1903 juxta
1169 1844 1329 1900 quam
1359 1831 1583 1882 mune‘ra
1622 1836 1677 1883 et
1721 1829 1910 1883 hostiae
1956 1827 2191 1884 offerun-

2302 1818 2538 1900 losrnon
2579 1842 2703 1899 lotis
2747 1818 2997 1899 manibus
3024 1842 3369 1897 manducare.
3415 1841 3606 1896 Frustra
3643 1818 3756 1897 autin

621 1940 641 1975 ‹
686 1930 793 1987 tur,
817 1936 938 1991 qua:
956 1935 1063 1975 non
1085 1925 1311 1989 possunt
1323 1915 1480 1987 juxta
1494 1916 1879 1972 conscientiam
1898 1914 2197 1987 perfectum

623 2026 644 2061 ι
686 2009 866 2064 facere
914 2008 1261 2063 servientem.
1324 2025 1345 2059 ι
1406 2004 1723 2075 Propterea,
1766 2005 1960 2075 inquit,
1990 2005 2094 2061 ista
2122 2006 2198 2060 ita

617 2107 924 2155 constructa
946 2107 1091 2165 sunt,
1108 2107 1169 2153 ut
1192 2097 1626 2168 discamus,quia
1654 2104 1841 2152 sancta
1863 2105 2196 2162 sanctorum,

620 2189 725 2246 hoc
747 2198 851 2255 est,
882 2188 1078 2245 coelum
1104 2188 1282 2243 adhuc
1308 2185 1682 2242 inaccessibile
1722 2186 2044 2243 mortalibus
2063 2185 2200 2241 solet

615 2293 755 2335 esse.
811 2279 920 2335 Nec
948 2288 1197 2351 putemus
1220 2287 1276 2334 et
1314 2279 1445 2334 illud
1494 2278 1703 2348 ingredi
1751 2294 1857 2332 non
1892 2293 2073 2348 posse,
2107 2279 2198 2334 ubi

614 2368 857 2438 pontifex
908 2377 1095 2424 noster
1143 2369 1293 2438 prior
1338 2367 1561 2422 intravit
1615 2380 1722 2421 non
1762 2367 1880 2421 sine
1915 2367 2195 2438 sanguine,

615 2460 759 2516 sicut
798 2460 1061 2531 Propheta
1105 2461 1396 2531 prmdixit:
1434 2478 1454 2512 ‹
1485 2459 1619 2527 Quis
1648 2467 1732 2515 est
1769 2462 1871 2516 iste
1914 2461 2007 2532 qui
2050 2461 2200 2516 venit

618 2551 686 2606 de
709 2551 882 2607 Edom
932 2552 1115 2609 tinctis
1156 2553 1398 2609 vestibus
1443 2552 1511 2608 de
1556 2552 1761 2608 Bosra?
1792 2573 1810 2606 ι
1848 2553 1984 2626 (Ira.
2018 2555 2198 2627 mu.)

618 2639 728 2697 Sed
782 2642 1052 2712 patienter
1097 2650 1476 2712 exspectamus
1523 2647 1737 2711 tempus
1783 2643 2200 2699 resurrectionis

617 2740 857 2799 nostrae,
906 2733 960 2787 in
1019 2747 1166 2803 quo,
1218 2752 1237 2785 ι
1295 2732 1508 2788 Scimus
1564 2732 1821 2802 quoniam
1862 2749 1989 2788 cum
2034 2748 2200 2805 appa-

617 2822 821 2888 ruerit,
867 2822 1073 2878 similes
1125 2823 1200 2877 illi
1230 2825 1434 2882 erimus
1463 2827 1687 2900 (Coloss.
1725 2826 1833 2895 ill),
1868 2843 1887 2877 ι
1939 2824 2046 2880 hoc
2091 2832 2196 2891 est,

618 2913 993 2982 immortales;
1042 2916 1184 2972 sicut
1231 2917 1310 2972 illi
1367 2935 1516 2976 mors
1560 2920 1704 2975 ultra
1748 2932 1857 2973 non
1899 2916 2199 2973 dominabi—

618 3013 727 3072 tur,
772 3021 873 3063 nec
913 3013 1100 3064 nostra
1130 3022 1257 3064 caro
1305 3009 1583 3066 dominata
1633 3010 1757 3065 erit.
1793 3027 1813 3061 ί
1855 3007 2199 3080 Comparatio

615 3105 731 3165 est,
785 3100 979 3170 inquit,
1029 3102 1289 3172 temporis
1332 3102 1602 3159 instantis.
1659 3122 1679 3155 ι
1727 3100 1935 3174 (lnam)
1984 3100 2197 3156 instans

2299 1935 2577 2001 Pharisaei,
2604 1933 2808 1990 frustra
2845 1943 3025 1990 autem
3049 1945 3241 1991 omnes
3263 1930 3424 1989 Judaei
3454 1933 3756 1999 iavautmanus,

2297 2034 2406 2082 eta
2432 2023 2551 2081 foro
2594 2024 2723 2079 dum
2757 2025 3003 2091 veniunt,
3049 2024 3409 2095 baptizantur,
3456 2024 3648 2094 quandiu
3680 2037 3757 2078 cou-

2299 2124 2546 2171 temnunt
2574 2115 2722 2171 fonte
2750 2114 3050 2171 Salvatoris
3086 2114 3257 2172 ablui.
3292 2114 3395 2171 Sed
3434 2113 3756 2186 Pharisaispiri-

2301 2208 2433 2263 talia
2478 2211 2867 2279 prophetarum
2931 2208 3099 2262 verba
3158 2206 3443 2263 carnaliter
3495 2206 3753 2274 accipientes,
3850 2214 3851 2279 ξ

2296 2298 2518 2371 quar'iiii
2537 2297 2605 2354 de
2625 2299 2805 2355 cordis
2826 2307 2881 2354 et
2900 2299 3080 2370 operis
3103 2298 3447 2370 castigatione
3464 2294 3753 2367 praecipiam.
3792 2336 3795 2339 »
3850 2294 3851 2357 Ϊ

2297 2389 2538 2444 dicentes
2576 2406 2591 2443 :
2651 2407 2670 2441 ‹
2727 2388 3044 2456 Lavamini,
3093 2388 3283 2444 mundi
3334 2396 3496 2444 estote
3540 2386 3752 2459 (1ω.ι);ι

2297 2486 2351 2533 et
2382 2495 2395 2531 :
2427 2496 2445 2528 ε
2473 2475 2830 2542 Mundamini,
2855 2475 2949 2546 qui
2972 2475 3130 2531 fertis
3150 2490 3279 2531 vasa
3299 2474 3492 2531 Domini
3517 2473 3620 2545 (Ira.
3638 2474 3752 2541 ur);i
3850 2484 3851 2546 χ

2297 2567 2388 2624 isti
2408 2568 2475 2623 de
2499 2581 2730 2637 corpore
2752 2565 3088 2621 solummodo
3111 2565 3337 2622 lavando
3358 2574 3634 2637 spectantes,
3646 2561 3756 2633 gravi.

2296 2665 2381 2713 ter
2402 2660 2610 2712 errant.
2633 2655 2769 2712 Cum
2795 2662 3004 2712 certum
3033 2657 3106 2712 sit
3136 2656 3351 2728 Moysen
3370 2665 3422 2712 et
3441 2649 3756 2727 prophetas,qu

2296 2763 2425 2804 vasa
2450 2747 2633 2818 populi
2657 2747 2751 2803 Dei
2783 2747 2870 2803 vel
2908 2747 3064 2818 aquis
3085 2746 3246 2814 dilui,
3274 2747 3356 2802 vel
3377 2748 3487 2818 igne
3513 2739 3755 2816 purgari,vel

2296 2840 2418 2898 oleo
2438 2839 2787 2907 sanctificari,
2806 2855 3132 2912 quacunque
3156 2856 3225 2897 ex
3247 2856 3423 2907 causa,
3439 2841 3673 2911 jusserunt,
3691 2850 3754 2892 me

2296 2932 2353 2988 in
2395 2934 2497 2989 hac
2524 2931 2901 3005 materialium.
2935 2948 3121 2988 rerum
3165 2934 3541 2998 emundatione,
3572 2931 3643 2986 sed
3662 2942 3755 2983 mea

2297 3024 2433 3080 tium
2453 3023 2635 3095 potius
2661 3031 2718 3079 et
2758 3036 2987 3095 operum
3028 3020 3382 3096 castigatione
3405 3039 3464 3078 ac
3486 3016 3753 3078 sanctimonia.

2301 3112 2481 3183 atque
2507 3112 2813 3167 animarum
2847 3112 3004 3168 nobis
3055 3115 3317 3168 mandare
3361 3112 3577 3168 salutem.
3611 3125 3627 3158 ‹
3660 3104 3756 3159 Chri-

616 3196 828 3259 tempus
855 3189 1012 3259 quale
1053 3191 1228 3247 dicit?
1255 3201 1381 3248 ante
1408 3192 1755 3264 praesentiam
1792 3191 1996 3248 Christi
2022 3209 2037 3246 :
2075 3200 2197 3263 post

2307 3221 2327 3257 ‹
2372 3178 2488 3259 stus
2545 3210 2727 3257 autem
2762 3202 3024 3258 assistens
3076 3200 3324 3273 pontifex
3362 3199 3618 3256 futurorum
3653 3195 3755 3249 bono-

619 3282 909 3338 adveutum
957 3283 1101 3337 enim
1159 3281 1360 3339 Christi
1405 3299 1514 3339 non
1537 3284 1650 3355 jam
1679 3290 1764 3338 est
1808 3284 2037 3348 instans,
2059 3297 2197 3352 quo-

616 3371 823 3427 modo?
859 3386 983 3425 nam
1011 3387 1210 3443 urgens
1234 3380 1319 3427 est
1352 3381 1409 3429 et
1434 3372 1598 3427 finem
1628 3372 1852 3427 habens.
1881 3371 2039 3426 Aliud
2067 3371 2196 3426 item

615 3459 962 3531 significans,
1003 3460 1107 3515 hoc
1152 3459 1327 3515 dixit:
1364 3479 1384 3513 ι
1417 3476 1537 3532 quae
1567 3461 1899 3532 comparatio
1946 3461 2199 3517 instantis

617 3558 703 3606 est
730 3550 1011 3621 temporis,
1044 3570 1062 3603 ι
1096 3551 1200 3606 hoc
1221 3559 1324 3618 est,
1340 3551 1513 3607 forma
1536 3550 1679 3607 facta
1704 3560 1806 3608 est.
1838 3569 1857 3605 ι
1889 3551 2196 3607 Secundum

615 3656 779 3714 quam
822 3657 1046 3697 munera
1096 3652 1152 3698 et
1193 3644 1385 3699 hostiae
1430 3642 1749 3709 offeruntur,
1799 3659 1907 3699 non
1955 3630 2199 3700 valentes

615 3735 912 3791 secundum
937 3736 1323 3791 conscientiam
1345 3734 1643 3808 perfectum
1666 3737 1844 3794 faccre
1870 3738 2149 3794 cultorem.
2172 3757 2191 3792 ι

614 3826 864 3895 Attende,
878 3829 1006 3901 quid
1032 3829 1134 3885 hoc
1155 3834 1269 3896 est,
1290 3849 1307 3881 ι
1328 3829 1458 3885 nihil
1482 3828 1695 3900 perficit
1711 3830 1796 3885 lex
1815 3850 1833 3881 ι
1852 3839 1908 3885 et
1925 3849 1943 3882 ι
1967 3831 2012 3886 si
2027 3829 2198 3886 incul-

617 3920 810 3993 pabilis
830 3930 974 3976 esset
994 3920 1082 3975 illa
1097 3921 1291 3992 prima.
1317 3941 1336 3975 ι
1366 3922 1681 3989 Quomodo?
1704 3942 1722 3973 ι
1746 3921 2054 3978 Secundum
2070 3938 2198 3978 con-

614 4010 918 4067 scientiam.
943 4030 961 4063 ι
982 4008 1202 4077 Hostiae,
1219 4011 1412 4081 inquit,
1428 4026 1537 4066 non
1553 4012 1741 4066 sordes
1753 4010 1945 4066 anima:
1956 4010 2198 4066 dimitte—

611 4101 773 4169 bant,
813 4102 909 4157 sed
947 4102 1349 4157 tantum‘circa
1380 4117 1577 4173 corpus
1610 4110 1789 4168 erant,
1831 4120 1851 4153 ι
1901 4102 2195 4158 secundum

614 4195 791 4267 legem
817 4197 1056 4252 mandati
1084 4197 1361 4254 carnalis:
1385 4218 1403 4250 ι
1423 4214 1529 4253 non
1553 4200 1699 4254 enim
1726 4199 2069 4268 adulterium,
2086 4215 2196 4257 non

613 4285 985 4350 homicidium,
1018 4301 1189 4355 neque
1233 4286 1573 4358 sacrilegium
1619 4288 1895 4344 dimittere
1923 4270 2192 4361 poterant.

611 4373 863 4440 Intueris,
897 4375 1027 4445 quid
1065 4377 1160 4441 ait,
1195 4375 1309 4432 Hoc
1341 4378 1585 4443 comede,
1609 4378 1739 4433 illud
1769 4394 1875 4434 non
1906 4379 2196 4435 comedas?

612 4481 734 4538 qua:
782 4473 941 4520 erant
986 4463 1369 4521 indifferentia.
1408 4485 1426 4518 ι
1473 4467 1820 4523 Solummodo
1866 4469 1921 4524 in
1965 4469 2100 4525 cibis
2142 4478 2198 4525 et

617 4574 637 4609 ι
674 4555 889 4627 potibus
922 4564 977 4611 et
1002 4555 1165 4611 variis
1194 4556 1477 4626 baptismis
1497 4565 1551 4611 et
1576 4558 1800 4629 justitiis
1829 4561 2009 4616 carnis
2029 4576 2197 4631 usque

618 4666 638 4700 ι
685 4649 751 4704 ad
780 4657 988 4718 tempus
1033 4648 1387 4703 correctionis
1432 4649 1720 4719 impositis.
1759 4669 1779 4702 ›
1818 4648 2194 4718 Solummodo,

614 4737 809 4807 inquit,
842 4738 896 4791 in
940 4737 1077 4793 cibis
1104 4746 1160 4793 et
1206 4738 1261 4792 in
1307 4738 1525 4809 potibus
1571 4747 1627 4794 et
1670 4740 1838 4794 variis
1886 4741 2190 4812 baptismis.

614 4826 731 4883 iioc
758 4835 915 4898 pota,
950 4827 1148 4898 inquit,
1178 4829 1281 4883 hoc
1308 4828 1437 4883 noli.
1466 4827 1535 4883 Et
1572 4836 1753 4883 tamen
1789 4829 1856 4885 de
1900 4839 2030 4899 potu
2059 4831 2194 4885 nihil

615 4920 1140 5001 eratdispositum,
1172 4922 1265 4977 sed
1314 4922 1369 4975 in
1416 4929 1784 4991 contemptum
1829 4922 2047 4976 mittens
2075 4923 2192 4977 haec

616 5011 778 5077 dicit,
808 5030 826 5062 ι
861 5018 917 5066 et
942 5012 1139 5080 variis,
1164 5012 1367 5082 inquit,
1396 5012 1679 5084 baptismis
1705 5020 1759 5066 et
1795 5012 2193 5082 justiﬁcationi-

615 5100 716 5154 bus
741 5100 922 5154 carnis
947 5115 1115 5171 usque
1138 5102 1204 5155 ad
1232 5110 1441 5172 tempus
1461 5102 1818 5157 correctionis
1850 5102 2136 5171 impositis.
2167 5121 2186 5153 ι

615 5190 743 5246 Haec
786 5191 931 5245 enim
978 5201 1095 5245 erat
1131 5191 1340 5260 justitia
1384 5195 1594 5259 carnis,
1627 5194 1683 5248 in
1727 5193 1831 5248 hoc
1879 5192 2069 5261 dejecit
2100 5192 2191 5248 ilia

614 5289 955 5335 sacramenta
974 5320 990 5345 ,
1021 5282 1313 5336 ostendens
1333 5283 1458 5352 quia
1488 5283 1686 5337 nullam
1719 5284 1991 5339 habebant
2018 5285 2189 5339 virtu-

615 5378 817 5435 tem,et
840 5370 968 5440 quia
995 5384 1164 5440 usque
1186 5371 1252 5424 ad
1284 5379 1493 5441 tempus
1520 5374 1874 5428 correctionis
1898 5374 2193 5439 craut,hoc

614 5467 721 5523 est,
754 5467 963 5531 tempus
984 5460 1353 5527 sustinebant,
1382 5462 1659 5533 corrigens
1679 5465 1880 5519 omnia.
1912 5464 2077 5537 (Alb.)
2099 5465 2192 5521 Hae

614 5563 743 5604 vero
762 5549 989 5618 justitia:
1008 5548 1276 5615 carnales,
1305 5551 1356 5605 in
1386 5550 1522 5607 cibis
1536 5560 1591 5607 et
1611 5553 1664 5607 in
1690 5556 1924 5625 potibus,
1950 5564 2005 5609 et
2027 5555 2193 5613 variis

612 5638 1063 5709 baptismatibus,
1108 5655 1279 5711 usque
1327 5642 1394 5696 ad
1443 5650 1651 5714 tempus
1685 5647 2036 5701 correctionis
2085 5647 2188 5702 im-

613 5726 803 5795 posita:
835 5738 980 5783 sunt.
1028 5729 1259 5786 Attende
1285 5733 1412 5802 quid
1448 5736 1550 5791 hoc
1571 5744 1655 5792 est
1681 5778 1695 5803 ,
1734 5755 1752 5789 ι
1788 5734 1921 5793 nihil
1950 5740 2092 5795 enim
2122 5738 2189 5794 ad

2225 4516 2274 4575 D

2310 3311 2329 3345 ι
2375 3307 2496 3348 rum
2551 3305 2650 3362 per
2700 3292 2933 3361 amplius
2985 3299 3041 3347 et
3095 3292 3391 3364 perfectius
3438 3283 3752 3344 tabernaculum,

2305 3400 2326 3434 ‹
2370 3396 2476 3437 non
2546 3379 2946 3448 manufactum,
3006 3381 3061 3436 id
3125 3391 3249 3449 est,
3288 3396 3391 3436 non
3438 3378 3571 3450 hujus
3610 3371 3756 3430 citatio-

2306 3491 2326 3525 ι
2361 3474 2467 3530 nis.
2507 3493 2527 3526 ι
2566 3472 2645 3543 (1.
2692 3471 2904 3543 Chrys.)
2931 3472 3364 3530 Tabernaculum
3384 3488 3479 3528 non
3498 3465 3753 3525 manufactum

2300 3576 2518 3618 carnem
2558 3562 2719 3627 dicit,
2762 3562 2817 3617 in
2848 3563 2950 3618 hoc
2986 3563 3105 3619 loco
3144 3563 3284 3619 bene
3309 3571 3364 3620 et
3387 3561 3753 3632 majoremelW'

2297 3650 2581 3708 tectiorem
2611 3652 2766 3719 dixit,
2798 3652 3064 3721 siquidem
3090 3662 3150 3708 et
3186 3654 3325 3709 Deus
3348 3650 3552 3719 Verbum
3571 3655 3614 3702 et
3631 3652 3753 3700 cuncta

2299 3744 2521 3814 spiritus
2538 3745 2783 3816 operatio
2801 3738 3011 3800 habitet
3034 3746 3088 3800 in
3111 3761 3201 3802 ea.
3227 3764 3247 3797 α
3269 3745 3381 3802 Non
3395 3744 3523 3798 enim
3545 3741 3598 3795 ad
3615 3748 3754 3793 measu-

2300 3850 2415 3890 ram
2440 3836 2533 3889 dat
2565 3835 2707 3890 Deus
2737 3834 2994 3906 Spiritum
3022 3849 3078 3889 τι
3108 3834 3475 3907 perfectiorem
3494 3838 3637 3886 autem
3654 3822 3752 3884 dixit.

2298 3932 2360 3979 ut
2372 3932 2494 3996 pote
2512 3923 2889 3994 inculpabiiem
2908 3932 2965 3979 et
2983 3925 3190 3997 majora
3203 3924 3561 3995 perlicientem.
3576 3916 3751 3971 iﬂocesl.

2304 4031 2324 4066 ‹
2359 4029 2469 4069 non
2498 4014 2659 4068 istam
2687 4020 3018 4069 creaturam.
3058 4034 3077 4066 ι
3114 4015 3258 4070 Ecce
3287 4022 3526 4085 quartum
3553 4005 3750 4073 majora.

2298 4117 2408 4162 non
2430 4101 2575 4157 enim
2598 4102 2715 4157 sine
2742 4102 2935 4171 spiritu
2971 4117 3090 4157 eam
3121 4104 3436 4167 construxit,
3463 4112 3605 4168 neque
3624 4107 3671 4149 ex
3688 4090 3752 4143 δπ

2298 4201 2547 4250 creatura
2577 4199 2680 4257 est,
2718 4193 2821 4248 hoc
2845 4201 2931 4248 est
2948 4232 2964 4258 ,
2995 4208 3100 4247 non
3131 4204 3217 4250 est
3243 4210 3309 4250 ex
3334 4194 3416 4249 his
3438 4185 3670 4247 creaturis,
3694 4174 3752 4233 sed

2297 4281 2559 4352 spiritalis
2572 4297 2640 4336 ex
2657 4280 2862 4352 Spiritu
2878 4293 3085 4338 sancto.
3101 4283 3332 4340 intueris
3345 4280 3579 4353 quomodo
3588 4284 3627 4330 et
3637 4271 3750 4327 taba-

2297 4372 2549 4428 nacuium
2564 4381 2619 4427 et
2631 4372 2873 4429 velamen
2889 4381 2944 4430 et
2959 4374 3156 4430 omium
3173 4376 3299 4432 illud
3315 4389 3493 4446 corpus
3502 4365 3675 4426 vocat?!
3690 4359 3752 4414 Ρθτ

2296 4461 2473 4533 majus
2504 4472 2560 4518 et
2585 4463 2877 4533 perfectius
2908 4468 3339 4534 tabernaculum,
3361 4482 3451 4537 per
3470 4453 3751 4520 velamen.“

2298 4563 2384 4609 est
2407 4569 2627 4609 carnem
2652 4554 2791 4623 ejus,
2814 4574 2834 4608 ι
2852 4567 2906 4612 et
2931 4557 3127 4613 iterum
3146 4578 3167 4611 ς
3189 4559 3242 4613 in
3257 4544 3747 4613 interioraveiaminis'

2300 4653 2356 4701 et
2384 4647 2583 4701 iterum
2618 4665 2636 4698 ι
2664 4648 2955 4725 intrantem
2981 4650 3035 4704 in
3059 4661 3247 4706 sancta
3266 4659 3547 4706 sanctorum
3570 4662 3584 4695 ι
3607 4638 3750 4695 adstat!

2294 4737 2467 4792 vultui
2494 4736 2608 4792 Dei.
2634 4737 2813 4804 Quare
2838 4753 2968 4811 ergo
2992 4741 3095 4797 hoc
3121 4740 3290 4798 facit?
3313 4739 3573 4797 secundum
3593 4727 3751 4787 aliamd

2294 4828 2453 4884 aliam
2483 4829 2953 4900 significationem,
2983 4842 3044 4888 ut
3068 4844 3198 4905 puta
3226 4833 3387 4889 veluti
3410 4828 3534 4902 quod
3554 4813 3750 4910 (Ιίοονδῗ

2294 4933 2419 4973 men
2449 4918 2644 4973 coelum
2673 4928 2776 4974 est.
2810 4919 2964 4976 Sicut
2991 4923 3135 4978 enim
3167 4938 3323 4978 muro
3353 4917 3557 4993 quodam
3579 4910 3751 4967 diseem"

2297 5021 2483 5067 sancta
2510 5013 2779 5081 velamen,
2811 5016 2890 5071 sic
2913 5024 2969 5070 ct
2997 5031 3125 5071 caro
3156 5015 3475 5072 abscondens
3495 5005 3749 5065 divinitan

2299 5100 2561 5156 Similiter
2587 5111 2643 5157 et
2672 5105 3077 5160 tabernaculum
3111 5106 3315 5161 habens
3341 5106 3392 5159 in
3413 5116 3469 5157 se
3492 5094 3748 5154 divinitatem

2297 5191 2722 5249 Tabernaculum
2738 5206 2915 5251 autem
2931 5196 3146 5264 omium,
3164 5197 3270 5253 illic
3290 5195 3425 5251 enim
3448 5199 3521 5246 est
3540 5189 3651 5242 intus

2298 5282 2446 5338 tifex.
2486 5284 2650 5357 (Alb.)
2682 5287 2833 5343 Unde
2868 5302 2967 5344 nos
2996 5287 3175 5345 futura
3213 5289 3347 5344 bona
3386 5289 3625 5354 speramus
3651 5265 3749 5357 "(illis

2296 5373 2430 5438 dari,
2457 5355 2511 5430 id
2536 5355 2640 5441 est,
2658 5385 2882 5442 aeterna,
2905 5393 3025 5447 quae
3049 5395 3157 5434 non
3182 5384 3465 5434 transeunt.
3489 5390 3506 5422 ι
3536 5366 3672 5432 Neque
3688 5355 3748 5409 ¹¹¹¹⁶

2286 5465 2376 5535 jus
2400 5468 2724 5535 creationis,
2759 5488 2778 5521 ι
2813 5469 2916 5524 hoc
2939 5478 3023 5525 est
3048 5487 3153 5527 non
3180 5471 3333 5540 hujus
3366 5451 3643 5521 tabernaculi

2291 5530 2425 5619 cies,
2442 5559 2587 5631 quod
2603 5559 2653 5612 in
2676 5530 2858 5614 eremo
2873 5559 2993 5614 fixit
3012 5560 3193 5625 homo,
3209 5530 3298 5615 sed
3322 5558 3416 5612 hoc
3429 5554 3564 5622 longe
3577 5530 3746 5631 an”?

2290 5661 2406 5714 ipso
2428 5620 2538 5703 Deo
2558 5658 2797 5703 creatum
2824 5658 2929 5716 est,
2961 5620 3290 5721 spiritaliter,
3324 5662 3422 5704 non
3454 5620 3745 5698 mi-naiitenln

2289 5750 2398 5804 quo
2432 5738 2784 5796 tabernaculo
2812 5740 2972 5796 modo
3010 5749 3137 5796 sunt
3170 5734 3600 5805 animaejustorum
3621 5724 3663 5774 ει
3685 5722 3743 5766 3"

3850 4360 3851 4453 ψ

3848 4912 3851 5043 Ν
