3992 6338
153 364 262 419 773

610 350 1170 410 ENARRATIONUM
1207 350 1276 406 IN
1314 350 1463 407 EPP.
1505 349 1711 406 PAULI
1747 348 1875 404 LIB.
1914 346 2146 413 XXVIII.
2185 377 2255 386 —
2291 345 2358 400 IN
2396 343 2613 401 EPIST.
2653 345 2744 400 AD
2783 346 2985 401 IIEBR.

3308 349 3410 405 774

148 469 312 544 salici
333 467 576 538 spiritus,
596 468 971 532 exspectantes
995 459 1167 514 donec
1193 458 1526 528 compleatur
1546 472 1737 511 nume-
1764 462 1812 521 Α
1841 454 2124 524 perturbat
2151 460 2206 508 et
2234 461 2571 509 commovet:
2596 454 2796 509 dicitur
2820 462 3016 520 autem,
3042 457 3166 526 quia
3194 465 3247 512 et
3270 474 3414 514 mor-

151 575 249 615 rus
295 568 681 613 conservorum
726 565 964 606 suorum.
1013 567 1032 600 ι
1070 549 1317 603 Christus
1340 548 1505 614 enim,
1543 547 1736 618 inquit,

149 651 403 705 veniens.
437 667 455 698 ι
489 643 694 717 (Ιοαη.)
727 642 843 698 Νοη
874 641 1009 695 dixit
1031 639 1237 705 factus,
1275 627 1369 694 sed
1403 658 1421 689 ‹
1449 639 1691 703 veniens,
1715 657 1734 691 ι

147 744 258 797 hoc
269 749 376 804 est,
394 740 462 793 ad
476 739 578 792 hoc
599 737 774 805 ipsum
795 732 1039 797 veniens,
1062 746 1170 786 non
1195 731 1284 785 alii
1297 731 1617 794 succedens;
1633 743 1741 783 non

145 833 333 904 primo
354 830 570 885 advenit
581 837 635 882 et
650 836 772 880 tunc
791 826 961 879 factus
975 831 1079 887 est,
1095 823 1186 877 sed
1203 822 1363 876 simul
1375 823 1522 875 venit
1540 839 1552 874 :
1568 828 1623 876 et
1636 835 1740 874 non

147 921 315 983 dixit,
351 917 639 972 adveniens
661 913 900 982 pontifex
936 913 1260 976 hostiarum,
1304 911 1399 965 sed
1427 928 1445 960 ι
1476 911 1742 965 bonorum

147 1026 280 1079 qua:
307 1010 451 1063 facta
473 1015 624 1069 sunt,
659 1026 677 1058 ι
702 1005 864 1060 veluti
882 1019 987 1059 non
1015 1003 1228 1057 valente
1249 1015 1495 1056 sermone
1523 1001 1742 1056 univer-

147 1117 278 1155 sum
311 1101 636 1170 exprimere.
677 1119 693 1150 ι
727 1097 909 1167 Neque
963 1113 1061 1167 per
1101 1098 1418 1167 sanguinem
1469 1096 1744 1150 hircorum

149 1196 217 1242 et
251 1191 578 1252 vitulorum,
608 1190 700 1244 sed
726 1204 822 1259 per
845 1189 1122 1258 proprium
1151 1188 1468 1257 sanguinem
1501 1185 1746 1239 introivit

146 1279 329 1334 semel
355 1280 410 1332 in
435 1289 621 1333 sancta
647 1286 845 1331 aeterna
863 1277 1232 1346 redemptione
1255 1277 1492 1330 inventa.
1519 1294 1536 1325 ι
1554 1274 1745 1330 Omnia

149 1370 364 1440 quippe
399 1377 705 1438 permutata
733 1375 878 1422 sunt.
913 1365 1076 1437 (Διὸ.)
1109 1367 1185 1420 lbi
1216 1366 1436 1436 sanguis
1471 1365 1746 1419 hircorum

147 1459 321 1514 diluit
348 1467 568 1528 peccata
599 1457 779 1512 carnis
800 1497 814 1522 ,
837 1457 927 1511 hic
947 1457 1164 1528 sanguis
1202 1455 1400 1510 Christi
1432 1455 1600 1509 abluit
1617 1469 1747 1524 pec-

145 1557 282 1603 cata
353 1549 593 1618 spiritus.
661 1549 760 1614 Qui
812 1556 1013 1601 aeterna
1069 1546 1435 1616 redemptione
1493 1545 1745 1610 inventa,

145 1640 396 1694 ostendit
423 1640 474 1692 in
501 1638 770 1708 prioribus
811 1637 1095 1692 sacrificiis
1124 1644 1178 1690 et
1198 1635 1457 1706 legalibus
1494 1650 1751 1690 cmremo—

145 1733 266 1786 niis
303 1747 410 1786 non
453 1747 574 1786 esse
622 1738 882 1784 aeternam
920 1730 1365 1800 redemptionem.
1422 1746 1441 1778 ‹
1482 1727 1588 1782 Per
1625 1742 1751 1798 pro-

1837 544 1963 608 bus,
1993 558 2116 598 cum
2143 551 2464 613 generatur,
2495 544 2791 614 corrumpit
2818 559 3066 614 corpora.
3104 546 3233 602 Tale
3259 549 3414 617 quid-

1840 634 1962 688 dam
1977 641 2136 687 estet
2165 642 2467 702 peccatum,
2497 648 2526 685 a
2546 634 2736 687 morbo
2763 633 2897 686 nihil
2926 633 3122 698 differt,
3153 650 3260 690 non
3285 637 3413 706 quia

1839 739 2019 778 aerem
2048 724 2344 792 corrumpit
2368 723 2622 792 primum,
2651 723 2843 777 deinde
2872 738 3095 792 corpora
3115 763 3128 787 ,
3161 724 3254 778 sed
3287 740 3415 779 con-

1843 815 1993 868 tinuo
2022 813 2073 867 in
2106 814 2343 867 animam
2374 814 2562 868 insilit.
2601 814 2716 868 Non
2761 815 2911 870 vides
2958 830 3054 870 eos
3093 816 3184 885 qui
3224 818 3414 872 morbo

1841 904 2174 971 afﬁciuntur,
2216 907 2486 974 quomodo
2530 915 2739 961 tumore
2786 907 3013 976 quodam
3060 916 3414 978 occupantur,

1841 999 2109 1068 quomodo
2143 1008 2463 1054 convertunt
2501 1015 2558 1055 se
2587 1007 2749 1070 atque
2791 1009 3104 1065 revertunt,
3147 1001 3418 1070 quomodo

1844 1090 2104 1146 fetoribus
2152 1099 2278 1145 sunt
2309 1091 2526 1160 repleti,
2560 1092 2829 1162 quomodo
2859 1100 3044 1160 turpes
3072 1101 3196 1145 sunt
3227 1106 3417 1146 eorum

1842 1180 2046 1246 facies,
2098 1181 2366 1250 quomodo
2411 1196 2507 1250 per
2554 1191 2727 1235 totum
2783 1181 3044 1235 immundi
3076 1182 3232 1236 sunt?
3262 1181 3420 1235 Tales

1843 1272 2040 1341 quippe
2066 1280 2188 1325 sunt
2216 1273 2380 1326 etiam
2403 1281 2713 1342 peccantes,
2745 1288 2808 1328 ac
2833 1274 2876 1326 si
2901 1289 3009 1327 non
3036 1272 3272 1327 videant.
3303 1292 3324 1323 ε
3354 1273 3422 1327 Et

1851 1382 1869 1411 α
1903 1360 2022 1415 ideo
2044 1358 2177 1414 Novi
2205 1360 2533 1415 Testamenti
2553 1363 2820 1416 mediator
2845 1369 2950 1426 est,
2975 1370 3032 1415 ut
3054 1371 3227 1416 morte
3257 1361 3424 1417 inter-

1853 1469 1871 1501 ι
1904 1450 2146 1515 cedente,
2165 1450 2222 1504 in
2248 1451 2669 1521 redemptionem
2690 1467 2874 1506 earum
2896 1453 3419 1522 pnevaricationum,

1853 1559 1872 1590 ‹
1904 1555 2022 1610 quae
2058 1547 2212 1594 erant
2241 1541 2338 1594 sub
2383 1542 2563 1610 priore
2597 1551 2945 1605 testamento,
2978 1544 3423 1611 repromissiones

1853 1650 1872 1682 ι
1904 1632 2191 1702 accipiant,
2221 1633 2312 1702 qui
2339 1633 2518 1687 vocati
2545 1641 2672 1688 sunt
2692 1644 2909 1688 :eternae
2938 1633 3286 1688 hmreditatis.
3320 1633 3422 1688 Ubi

1856 1740 1878 1772 ι
1910 1723 2051 1776 enim
2075 1732 2454 1778 testamentum
2475 1733 2577 1788 est,
2604 1739 2752 1778 mors
2771 1739 2993 1779 necesse
3017 1732 3100 1778 est
3124 1723 3425 1778 intercedat

145 1822 362 1891 prium,
391 1821 586 1891 inquit,
609 1820 924 1890 sanguinem
953 1819 1193 1873 introivit
1215 1817 1380 1873 semel
1407 1818 1459 1872 in
1483 1825 1688 1873 sancta.
1721 1835 1739 1868 ι
1774 1809 1820 1868 Β
1854 1831 1873 1864 ε
1907 1816 2203 1870 testatoris.
2235 1815 2646 1870 Testamentum
2691 1816 2834 1872 enim
2873 1818 2924 1870 in
2965 1817 3194 1891 mortuis
3231 1815 3426 1870 confir-

146 1912 224 1965 Et
245 1913 337 1966 hic
351 1911 548 1966 caelum
560 1908 1092 1980 vocavit.(J.C/trys.)
1107 1929 1123 1961 ι
1145 1909 1340 1972 Semel,
1353 1909 1546 1978 inquit,
1561 1909 1748 1964 introi-

150 2001 237 2054 vit
259 2002 318 2054 in
346 2010 533 2056 sancta
561 2009 816 2055 aeternam
849 2001 1269 2069 redemptionem
1296 2001 1599 2054 inveniens.
1627 2019 1646 2051 ›
1681 1999 1749 2053 Et

151 2091 310 2161 quod
327 2091 484 2154 dixit,
504 2110 520 2140 ε
543 2090 824 2144 inveniens
845 2110 862 2141 ι
882 2091 1114 2146 ostendit
1137 2106 1322 2146 eorum
1344 2105 1464 2145 esse
1486 2105 1605 2159 qua:
1625 2098 1748 2144 ante

155 2197 275 2236 non
317 2181 748 2244 inveniebantur,
781 2186 834 2234 et
855 2189 1213 2251 prteterquam
1235 2181 1382 2250 quod
1411 2180 1745 2250 sperabatur,

147 2274 264 2328 iste
305 2288 404 2344 per
449 2289 616 2327 unum
672 2273 972 2342 ingressum
1016 2282 1270 2327 aeternam
1328 2271 1748 2341 redemptionem

147 2365 390 2419 invenit.
425 2363 628 2418 Deinde
661 2365 1032 2435 probationem
1063 2364 1322 2436 adjungit.

238 2473 258 2505 ‹
301 2455 360 2510 Si
391 2455 535 2510 enim
571 2456 790 2526 sanguis
821 2455 1094 2509 hircorum
1129 2463 1183 2510 et
1213 2464 1488 2510 taurorum
1523 2464 1578 2511 et
1612 2456 1748 2514 cinis

135 2565 177 2598 ~c
221 2546 406 2600 vitula:
435 2561 728 2616 aspergens
766 2547 1076 2615 inquinatos
1111 2548 1413 2602 sanctificat
1453 2549 1521 2603 ad
1557 2563 1747 2603 emun-

153 2655 176 2688 ι
219 2636 495 2690 dationem
537 2637 715 2692 carnis
752 2654 763 2689 :
799 2645 999 2706 quanto
1045 2639 1216 2708 magis
1261 2637 1480 2708 sanguis
1522 2637 1742 2704 Christi,

151 2746 178 2778 ε
220 2727 313 2795 qui
345 2741 444 2795 per
471 2725 730 2796 Spiritum
762 2735 1009 2781 sanctum
1038 2729 1391 2796 semetipsum
1423 2729 1617 2783 obtulit
1648 2730 1748 2783 im-

155 2833 180 2868 c
221 2816 550 2870 maculatum
579 2817 708 2871 Deo.
746 2837 765 2869 ι
809 2816 866 2872 Si
896 2819 1038 2872 enim
1064 2833 1307 2883 carnem,
1335 2819 1538 2887 inquit,
1567 2820 1746 2888 potuit

145 2908 428 2964 mundare
469 2909 688 2976 sanguis
729 2917 1036 2971 taurorum,
1071 2907 1240 2962 multo
1279 2909 1508 2977 amplius
1553 2910 1747 2964 animae

149 2999 378 3055 sordem
420 2999 587 3054 diluet
629 2999 849 3070 sanguis
891 2999 1113 3054 Christi.
1160 2998 1238 3053 Ne
1287 3001 1431 3084 enim
1481 3001 1742 3067 audiens,

157 3111 184 3144 ι
221 3092 545 3157 sanctificat,
583 3111 600 3143 ι
633 3091 930 3161 perfectam
973 3106 1092 3146 esse
1139 3091 1469 3146 ablutionem
1513 3094 1747 3148 aestimet

153 3183 320 3254 quis,
364 3199 488 3237 mox
538 3157 811 3254 subiungit
845 3197 1062 3236 causam
1109 3181 1464 3248 differentiae,
1515 3183 1741 3239 dicens:
1773 3157 1816 3220 Ο

170 3291 198 3326 α
234 3273 338 3340 Qui
364 3289 464 3343 per
492 3273 751 3344 Spiritum
780 3282 1026 3328 sanctum
1052 3274 1401 3344 semetipsum
1439 3273 1633 3329 obtulit
1652 3276 1752 3330 im-

156 3366 497 3421 maculatum
517 3365 657 3430 Deo;
691 3385 709 3418 ›
735 3365 836 3420 hoc
857 3376 959 3432 est,
975 3365 1301 3421 sacrificium
1322 3366 1746 3422 immaculatum.

160 3459 302 3513 Erat
351 3459 547 3528 quippe
593 3457 850 3512 mundum
895 3474 926 3512 a
973 3459 1210 3528 peccatis
1262 3460 1363 3514 hoc
1402 3460 1749 3527 sacrificium,

159 3553 274 3608 hoc
294 3558 376 3606 est
397 3552 564 3617 enim,
589 3570 606 3602 ι
627 3567 724 3622 per
740 3551 1002 3623 Spiritum
1028 3563 1271 3608 sanctum
1302 3562 1582 3620 :eternum,
1607 3575 1625 3630 ῃ
1645 3570 1750 3610 non

159 3659 268 3715 per
295 3644 490 3713 ignem,
510 3660 614 3698 non
645 3661 743 3715 per
781 3646 885 3700 alia
906 3648 1171 3717 quaedam.
1201 3667 1218 3697 ι
1243 3647 1310 3700 Et
1329 3649 1753 3703 mundabitcon-

167 3755 194 3789 ι
232 3736 515 3791 scientiam
543 3745 782 3791 nostram
809 3739 876 3792 ab
901 3739 1152 3809 operibus
1175 3741 1400 3792 mortuis
1429 3739 1495 3792 ad
1523 3739 1755 3794 servien-

175 3849 199 3881 ε
236 3830 363 3884 dum
397 3828 506 3883 Deo
533 3830 754 3884 viventi.
791 3850 809 3882 ›
848 3829 1048 3902 (Ηίεν.)
1078 3831 1222 3885 Bene
1247 3831 1382 3886 dixit
1407 3831 1475 3885 ab
1499 3833 1754 3901 operibus

165 3922 420 3976 mortuis.
456 3919 514 3975 Si
540 3922 660 3990 quis
689 3922 833 3976 enim
857 3923 1110 3993 tangebat
1134 3930 1405 3976 mortuum
1426 3963 1438 3986 ,
1479 3922 1755 3992 pollueba-

167 4021 294 4065 tur:
320 4021 373 4066 et
403 4012 489 4066 hic
513 4012 556 4066 si
586 4012 706 4081 quis
735 4014 970 4083 tetigerit
998 4029 1134 4083 opus
1159 4024 1428 4068 mortuum
1447 4056 1460 4078 ,
1495 4017 1757 4070 contami-

165 4113 334 4156 natur
378 4117 476 4172 per
523 4104 928 4158 conscientiam.
977 4103 1151 4174 Opera
1187 4106 1332 4160 enim
1375 4115 1588 4160 mortua
1632 4117 1756 4162 sunt

165 4203 418 4266 peccata.
443 4193 608 4266 (Alb.)
625 4194 724 4261 Qui
750 4197 894 4250 enim
920 4197 1153 4267 tetigerit
1172 4197 1369 4266 picem,
1386 4197 1756 4267 inquinabitur

167 4287 240 4340 ab
263 4300 328 4339 ea
354 4303 365 4338 ;
393 4285 471 4340 sic
496 4286 587 4356 qui
614 4301 710 4355 per
728 4287 1101 4357 pmnitentiam
1129 4287 1342 4342 ablutus
1373 4298 1455 4343 est
1481 4288 1548 4342 ab
1573 4291 1754 4358 operi-

163 4379 274 4432 bus
307 4378 535 4431 mortuis
562 4417 576 4442 ,
624 4378 668 4432 si
712 4378 900 4432 eadem
933 4379 1127 4433 iterum
1153 4379 1280 4449 agit,
1317 4380 1470 4450 pejus
1491 4381 1756 4435 contami-

1855 1922 1874 1956 ‹
1910 1912 2110 1959 matum
2141 1913 2243 1971 est,
2268 1905 2506 1976 alioquin
2554 1908 2789 1963 nondum
2820 1907 2982 1973 valet,
3014 1890 3152 1962 dum.
3173 1908 3305 1962 vivit
3333 1907 3426 1977 qui

1854 2017 1872 2049 ι
1907 2007 2133 2054 testatus
2171 2009 2273 2054 est.
2320 2020 2338 2052 ›
2375 1999 2644 2056 Fortassis
2678 2001 2821 2055 enim
2863 2009 3080 2070 possent
3117 2001 3305 2065 multi,
3335 2001 3428 2070 qui

1850 2087 2118 2144 infirmius
2173 2088 2544 2144 alliciebantur
2597 2105 2664 2145 ex
2715 2105 2780 2145 eo
2835 2091 2977 2159 quod
3039 2100 3282 2145 mortuus
3347 2099 3430 2146 est

1847 2181 2122 2245 Christus,
2159 2184 2392 2237 maxime
2420 2198 2526 2236 non
2556 2183 2782 2237 credere
2815 2183 3260 2253 promissionibus
3289 2183 3424 2252 ejus.

1848 2272 2045 2328 Paulus
2074 2274 2236 2343 igitur
2257 2289 2323 2328 ex
2351 2274 2676 2329 abundantia
2701 2277 2804 2329 hoc
2829 2274 2978 2344 ponit
3003 2284 3059 2329 et
3089 2277 3328 2346 exempla
3361 2292 3429 2331 ex

1847 2367 2122 2420 communi
2164 2381 2445 2420 assumens
2481 2367 2890 2420 consuetudine.
2925 2366 3091 2433 Quale
3120 2375 3296 2421 autem
3329 2368 3432 2422 hoc

1846 2457 1962 2512 est?
2002 2455 2292 2526 Propterea
2343 2457 2507 2527 igitur
2572 2464 2825 2526 oportet,
2875 2456 3085 2525 inquit,
3136 2457 3427 2511 confidere.

1848 2548 2062 2615 Quare?
2076 2548 2213 2616 Quia
2229 2562 2335 2603 non
2350 2549 2656 2603 viventibus
2675 2548 3044 2615 testatoribus,
3063 2550 3156 2604 sed
3177 2550 3426 2615 mortuis,

1848 2654 1975 2700 tunc
2013 2645 2165 2700 firma
2206 2653 2330 2700 sunt
2375 2654 2697 2700 testamenta
2721 2687 2735 2710 ,
2779 2653 2834 2700 et
2875 2645 3244 2700 fortitudinem
3283 2647 3430 2701 acci-

1845 2737 2028 2807 piunt;
2056 2745 2366 2806 propterea,
2390 2737 2588 2804 inquit,
2614 2753 2632 2786 ‹
2657 2735 2788 2789 Novi
2813 2735 3139 2790 Testamenti
3167 2735 3432 2790 mediator

1847 2834 1930 2881 est
1962 2843 1975 2879 :
2012 2846 2030 2877 ι
2079 2825 2484 2880 Testamentum
2532 2825 2679 2878 enim
2718 2825 2862 2879 circa
2895 2824 3245 2878 novissimum
3289 2823 3432 2878 diem

1847 2915 1906 2970 fit
1932 2915 2312 2971 defunctionis.
2345 2914 2475 2969 Ta.e
2504 2923 2685 2969 autem
2726 2923 2811 2969 est
2858 2922 3263 2978 testamentum,
3295 2914 3429 2969 alios

1845 3009 2060 3078 quidem
2091 3006 2330 3062 haeredes
2371 3006 2562 3072 habet,
2595 3006 2730 3061 alios
2769 3014 2948 3060 autem
2979 3006 3308 3061 exbaeredat.
3339 3005 3432 3061 Sic

1848 3101 2009 3154 etiam
2041 3099 2129 3154 hic
2161 3117 2175 3153 :
2216 3118 2234 3151 ι
2269 3097 2403 3154 Volo
2428 3098 2521 3153 ubi
2552 3114 2652 3169 ego
2677 3114 2796 3154 sum
2818 3139 2832 3164 ,
2864 3098 3039 3168 inquit
3067 3097 3346 3163 Christus,
3379 3106 3434 3154 et

1851 3192 1939 3246 isti
1988 3193 2095 3245 sint
2143 3189 2324 3259 (Joan.
2363 3190 2522 3262 xvn).
2579 3210 2595 3241 ι
2635 3191 2700 3244 Ει
2745 3191 2939 3245 iterum
2981 3191 3048 3245 de
3079 3191 3435 3247 exbaeredatis

1851 3282 1974 3337 audi
2011 3281 2160 3334 illum
2201 3281 2470 3336 dicentem
2503 3298 2516 3334 :
2556 3299 2576 3332 ‹
2609 3279 2726 3335 Non
2754 3281 2820 3336 de
2859 3281 3111 3335 omnibus
3143 3296 3306 3350 rogo,
3339 3281 3434 3336 sed

1849 3389 1947 3445 pro
1974 3372 2316 3428 credentibus
2343 3388 2441 3442 per
2465 3373 2689 3428 verbum
2735 3388 2922 3428 eorum
2948 3373 3001 3427 in
3035 3387 3141 3427 me.
3181 3393 3198 3426 ι
3235 3373 3434 3428 Iterum

1851 3473 2018 3520 testes
2042 3464 2202 3518 debet
2232 3464 2430 3519 habere
2464 3472 2865 3520 testamentum.
2891 3465 3124 3521 Adverte
3153 3465 3301 3519 illum
3328 3451 3431 3520 ite-

1851 3569 1970 3608 rum
1995 3553 2265 3608 dicentem
2293 3573 2305 3606 :
2336 3554 2448 3626 Ego
2487 3570 2606 3609 sum
2655 3556 2745 3624 qui
2778 3557 3142 3610 testimonium
3175 3557 3434 3626 perhibeo

1851 3647 1916 3701 de
1943 3660 2028 3700 me
2061 3646 2198 3714 ipso,
2231 3654 2286 3699 et
2315 3645 2682 3700 testimonium
2707 3647 2956 3716 perhibet
2981 3647 3047 3702 de
3075 3662 3162 3701 me
3183 3687 3197 3712 ,
3227 3647 3317 3716 qui
3349 3663 3436 3702 me

1852 3736 2028 3801 misit;
2064 3756 2082 3788 ι
2117 3746 2171 3791 et
2201 3737 2398 3791 iterum
2434 3755 2446 3790 :
2492 3755 2511 3788 ι
2546 3737 2637 3791 Ille
2667 3737 3035 3792 testimonium
3075 3739 3324 3809 perhibet
3368 3739 3435 3792 de

1853 3844 1960 3894 me,
1993 3848 2011 3879 ι
2038 3829 2103 3883 de
2124 3827 2395 3883 Paraclito
2417 3828 2622 3893 dicens,
2659 3837 2714 3883 et
2737 3829 3015 3884 duodecim
3039 3830 3307 3899 apostolos
3335 3830 3437 3884 mi-

1853 3923 1925 3978 sit
1945 3923 2164 3978 dicens:
2198 3940 2215 3972 ι
2241 3920 2630 3976 Testillcamini
2657 3922 2710 3975 in
2737 3930 3026 3990 conspectu
3054 3921 3146 3974 Dei
3165 3921 3379 3991 (Acta);
3413 3941 3431 3974 ι

1853 4024 1908 4068 et
1953 4033 1966 4070 :
2017 4033 2036 4064 ι
2068 4015 2392 4084 Propterea,
2429 4013 2640 4082 inquit,
2689 4013 3018 4067 Testamenti
3065 4012 3197 4067 Novi
3235 4016 3438 4070 media-

1856 4115 1942 4162 tor
1981 4117 2081 4162 est.
2105 4107 2244 4173 Quid
2269 4114 2355 4160 est
2377 4104 2680 4159 mediator?
2702 4125 2720 4156 ι
2758 4104 3024 4158 mediator
3048 4104 3188 4158 enim
3221 4121 3328 4160 non
3354 4116 3438 4161 est

1853 4199 2101 4254 dominus
2136 4198 2212 4250 rei
2245 4195 2397 4264 cujus
2426 4203 2508 4250 est
2539 4195 2835 4260 mediator,
2872 4195 2966 4249 sed
3006 4203 3060 4249 et
3091 4194 3192 4249 alia
3220 4196 3436 4264 quidem

1855 4309 1964 4357 res,
1995 4292 2129 4346 alter
2159 4266 2339 4344 athem
2373 4297 2454 4344 est
2483 4288 2766 4353 mediator,
2795 4296 2851 4341 ut
2877 4295 3005 4358 puta
3034 4287 3299 4342 mediator
3333 4304 3437 4342 nu-

1853 4384 2085 4454 ptiarum
2111 4381 2191 4446 fit,
2220 4395 2326 4434 non
2352 4380 2444 4448 qui
2477 4379 2690 4448 nuptias
2716 4377 2866 4443 facit,
2892 4377 2984 4433 sed
3007 4378 3268 4448 adiuvans
3288 4391 3436 4444 eum,

162 4466 410 4521 nabitur.
440 4467 592 4520 Sicut
616 4467 885 4536 apostolus
908 4466 1102 4522 Petrus
1131 4486 1141 4520 :
1173 4485 1190 4518 ι
1221 4467 1382 4522 Canis
1408 4485 1658 4524 reversus
1686 4470 1754 4524 ad
1782 4489 1830 4548 υ
1857 4475 1948 4544 qui
1981 4473 2218 4527 facturus
2252 4480 2353 4535 est,
2384 4470 2462 4524 sic
2493 4470 2655 4524 etiam
2688 4469 2776 4524 hic
2803 4468 3068 4523 mediator
3093 4467 3233 4522 filius
3260 4467 3438 4524 factus

161 4557 433 4611 vomitum
477 4573 633 4611 suum
668 4556 754 4628 (II
777 4555 894 4611 Pet.
927 4557 1023 4628 ιι),
1053 4560 1126 4612 ita
1160 4559 1250 4628 qui
1284 4561 1444 4614 iterat
1469 4560 1751 4614 stultitiam

162 4665 347 4704 suam.
372 4669 390 4700 ι
426 4647 502 4716 (1.
527 4647 739 4720 Chrys.)
773 4668 790 4699 ι
813 4649 892 4704 Ad
915 4651 1278 4716 serviendum,
1310 4652 1515 4722 inquit,
1541 4653 1650 4706 Deo
1677 4652 1756 4706 vi-

161 4739 338 4794 venti.
372 4758 391 4790 ι
423 4738 522 4792 llic
555 4739 864 4794 manifestat
906 4741 1032 4810 quia
1068 4757 1232 4811 opera
1286 4751 1496 4796 mortua
1545 4743 1754 4796 haben-

163 4842 250 4886 tes
284 4845 389 4883 non
432 4839 661 4899 possunt
687 4832 892 4886 servire
922 4848 1051 4887 vero
1079 4842 1134 4887 et
1165 4833 1288 4887 vivo
1315 4833 1424 4888 Deo
1457 4852 1469 4887 :
1502 4834 1624 4902 quia
1666 4831 1754 4885 illa

162 4929 385 4976 mortua
419 4931 543 4975 sunt
571 4931 624 4977 et
653 4921 818 4986 falsa,
850 4932 906 4978 et
929 4924 1144 4978 merito.
1176 4923 1363 4980 Nullus
1390 4925 1554 4993 igitur
1589 4941 1753 4994 opera

161 5021 382 5067 mortua
399 5012 916 5083 babensingreditur
939 5015 1060 5068 huc.
1080 5013 1294 5069 Sienim
1307 5030 1429 5069 eum
1454 5017 1754 5087 quicorpus

159 5113 440 5160 mortuum
467 5105 739 5175 tangebat,
757 5122 860 5159 non
875 5111 1160 5175 oportebat
1176 5107 1379 5162 intrare
1401 5108 1454 5162 in
1473 5109 1754 5178 templum,

159 5202 372 5265 quanto
393 5196 563 5265 magis
583 5211 706 5249 eum
727 5198 816 5266 qui
839 5213 1004 5266 opera
1031 5207 1239 5252 mortua
1259 5200 1440 5262 habet,
1459 5216 1564 5255 non
1580 5211 1761 5270 potest

159 5289 374 5342 intrare
397 5289 450 5342 in
473 5288 704 5342 omium?
727 5289 948 5358 pollutio
961 5292 1156 5360 quippe
1177 5301 1259 5345 est
1276 5293 1529 5362 pessima,
1547 5302 1755 5347 mortua

159 5377 363 5448 quippe
377 5392 542 5446 opera
558 5387 682 5432 sunt
694 5380 896 5444 omnia,
912 5395 1031 5448 quae
1048 5381 1214 5432 vitam
1236 5395 1342 5434 non
1366 5382 1586 5436 habent.
1604 5380 1757 5436 Sicut

158 5469 312 5522 enim
341 5477 613 5523 mortuum
654 5485 850 5538 corpus
888 5472 955 5524 ad
993 5470 1196 5524 nullum
1228 5487 1447 5525 sensum
1483 5471 1613 5526 utile
1649 5480 1754 5537 est,

159 5576 357 5614 verum
381 5561 548 5615 etiam
575 5563 859 5616 contristat
889 5562 1406 5632 appropinquantes,
1443 5563 1522 5617 sic
1548 5572 1604 5616 et
1627 5577 1756 5632 pec-

161 5659 349 5706 catum
382 5651 667 5708 confestim
698 5654 1020 5708 rationabile
1048 5663 1291 5708 nostrum
1309 5654 1544 5723 percutit
1569 5662 1624 5709 et
1647 5669 1751 5709 non

159 5745 436 5813 permittit
463 5759 640 5815 neque
669 5746 1077 5817 intelligentiam
1107 5747 1275 5815 ipsam
1313 5745 1595 5815 quiescere
1613 5785 1628 5812 ,
1658 5745 1750 5802 sed

1854 4575 1938 4622 est
1976 4565 2147 4636 patris
2185 4573 2239 4618 et
2280 4570 2483 4617 noster.
2517 4560 2742 4615 Nolebat
2785 4559 2938 4613 nobis
2968 4559 3239 4613 dimittere
3283 4568 3439 4629 pater

1854 4656 2228 4712 barreditatem
2272 4654 2460 4716 istam,
2494 4652 2587 4706 sed
2632 4650 2967 4704 irascebatur
2994 4649 3179 4714 nobis,
3212 4658 3268 4722 et
3299 4649 3438 4704 indi-

1854 4749 2120 4822 gnabatur
2171 4755 2281 4800 tam
2312 4743 2652 4799 abalienatis.
2683 4741 2944 4796 Mediator
2971 4740 3134 4809 igitur
3156 4740 3330 4796 factus
3355 4750 3436 4797 est

1855 4847 2039 4895 noster
2066 4847 2120 4893 et
2140 4836 2330 4907 patris,
2358 4843 2412 4889 et
2437 4831 2707 4903 persuasit
2729 4829 2824 4891 illi,
2852 4829 3054 4898 etquid
3081 4829 3278 4894 igitur?
3305 4846 3434 4900 quo-

1856 4930 2017 4985 modo
2046 4928 2313 4983 mediator
2343 4925 2516 4979 factus
2545 4921 2668 4977 est?
2713 4934 2990 4975 sermones
3019 4919 3228 4985 detulit,
3261 4920 3435 4975 attulit

1858 5019 2015 5074 nobis
2055 5034 2084 5072 a
2119 5027 2272 5089 patre
2319 5031 2414 5086 per
2460 5020 2888 5075 transvectores,
2921 5009 3067 5064 addit
3097 5011 3257 5064 etiam
3291 5025 3435 5064 mor-

1858 5120 1986 5165 tem.
2017 5111 2072 5163 In
2099 5108 2395 5163 oﬂ‘cnsione
2433 5106 2629 5176 quippe
2672 5117 2922 5166 eramus,
2971 5101 3110 5155 mori
3157 5116 3254 5155 nos
3281 5115 3437 5170 opor-

1859 5201 2023 5254 tebat.
2044 5198 2209 5269 (Alb.)
2229 5197 2372 5251 Misit
2395 5196 2560 5249 filium
2591 5209 2746 5248 suum
2769 5193 2967 5246 factum
2987 5206 3055 5246 ex
3077 5191 3320 5254 muliere,
3346 5190 3440 5260 qui

1862 5291 1998 5347 mori
2032 5289 2296 5359 potuisset
2317 5302 2418 5355 pro
2453 5283 2784 5339 debitoribus
2811 5282 3029 5345 mortis,
3075 5277 3441 5350 qui‘mortuus

1854 5389 1937 5435 est
1959 5395 2057 5450 pro
2089 5379 2272 5442 nobis,
2308 5376 2486 5431 debita
2517 5383 2712 5429 morte.
2742 5371 2915 5426 Ellicit
2942 5387 3041 5425 nos
3063 5371 3254 5442 dignos
3276 5377 3440 5423 testa-

1855 5471 2022 5525 menti
2061 5478 2116 5523 et
2151 5466 2480 5522 litereditatis
2531 5463 2828 5534 promissae.
2877 5461 2990 5516 Hoc
3021 5461 3180 5515 modo
3225 5460 3439 5512 firmum

1854 5562 2056 5616 factum
2091 5570 2176 5616 est
2218 5564 2618 5613 testamentum.
2669 5555 2726 5608 In
2773 5561 2980 5608 tantum
3021 5551 3124 5605 fuit
3161 5557 3439 5619 peccatum

1854 5663 2126 5719 nostrum,
2143 5660 2204 5708 ut
2231 5649 2428 5706 salvari
2453 5663 2558 5703 non
2579 5648 2846 5717 potuisset
2870 5643 3180 5714 aliquando,
3194 5640 3296 5694 nisi
3317 5638 3440 5692 uni-

1855 5746 2069 5816 genitus
2105 5744 2276 5800 Filius
2304 5741 2395 5799 Dei
2427 5756 2526 5812 pro
2556 5739 2711 5798 nobis
2749 5744 3071 5794 moreretur.
3115 5730 3268 5796 Quod
3309 5741 3440 5782 vero
