3992 6338
673 284 776 341 775

1306 282 1368 338 Β.
1406 279 1660 336 RABANI
1698 278 1917 335 MAURI
1951 277 2268 334 ARCHIEP.
2314 275 2618 332 MOGUNT.
2657 275 2940 334 OPERUM
2974 277 3150 334 PARS
3185 279 3265 334 lll.
3689 297 3750 351 πε

671 400 768 464 ait,
799 395 1074 452 inﬁmum
1116 408 1238 450 esse
1265 401 1647 451 testamentum
1667 433 1684 458 ,
1712 393 1927 447 vivente
1964 398 2242 454 testatore,
2273 397 2322 451 Α
2350 389 2472 443 dem
2498 387 2795 443 nominavit
2819 389 2958 445 hanc
2984 392 3420 448 conversationem
3441 406 3645 468 nostram,
3660 409 3754 476 cujus

670 490 774 543 hoc
822 485 1092 556 signiﬁcat
1142 485 1287 553 quod
1330 484 1566 554 quandiu
1601 483 1735 536 vivit
1765 490 2021 547 testator,
2067 489 2245 551 potest

670 577 958 632 immutare
997 575 1422 640 sententiam,et
1466 573 1600 628 alios
1637 581 1799 641 atque
1839 572 1973 626 alios
2003 572 2244 626 haeredes

669 669 934 723 adducere
963 667 1016 719 in
1047 665 1413 719 hzereditatem
1441 678 1616 718 suam.
1652 680 1672 714 ι
1708 662 1860 717 Unde
1883 677 1982 716 nec
2009 661 2242 731 priurum

675 779 694 810 ι
727 759 944 828 quidem
973 758 1090 812 sine
1123 757 1384 827 sanguine
1413 756 1715 810 dedicatum
1749 765 1852 810 est.
1873 773 1892 806 ι
1926 754 2004 826 (J.
2030 753 2242 832 Chrys.)

670 850 846 912 Unde,
864 848 1018 911 dixit,
1041 866 1059 898 ι
1084 861 1184 901 nec
1201 847 1431 916 primum
1451 853 1830 900 testamentum
1852 846 1968 900 sine
1982 846 2243 915 sanguine

669 940 970 995 dedicatum
1003 944 1122 1001 est,
1171 935 1226 990 id
1263 943 1373 1000 est,
1409 934 1622 988 ﬁrmqu
1653 933 1850 988 factum
1881 942 1986 998 est,
2020 935 2242 988 robora-

671 1039 781 1084 tum
811 1038 895 1083 est
919 1047 932 1081 :
956 1026 1096 1097 quod
1121 1035 1299 1082 autem
1325 1026 1480 1091 dixit,
1516 1043 1534 1076 ι
1572 1026 1731 1090 unde,
1762 1044 1780 1076 ι
1819 1025 1923 1080 tale
1956 1033 2058 1088 est,
2087 1025 2243 1096 quale

668 1119 715 1174 si
740 1119 960 1180 diceret,
990 1125 1270 1186 pr0pterea
1297 1115 1580 1185 oportebat
1603 1115 1908 1169 testamenti
1931 1114 2242 1168 solemnita-

668 1215 775 1263 tem
803 1206 1059 1276 compleri
1090 1206 1252 1260 etiam
1283 1220 1380 1275 per
1403 1212 1633 1259 mortem
1661 1199 1881 1259 Christi.

743 1316 762 1348 ε
797 1296 958 1351 Lecto
977 1297 1119 1352 enim
1140 1296 1284 1350 omni
1305 1293 1560 1349 mandato
1581 1295 1714 1364 legis
1736 1309 1766 1347 a
1791 1293 1969 1365 Moyse
1991 1295 2240 1350 universo

673 1407 692 1438 ι
722 1387 937 1458 populo,
954 1387 1221 1456 accipiens
1235 1385 1551 1456 sanguinem
1575 1385 1860 1438 vitulorum
1887 1394 1942 1438 et
1967 1385 2237 1440 hircorum

673 1497 692 1530 ι
725 1495 847 1534 cum
878 1494 1014 1548 aqua
1047 1487 1101 1534 et
1130 1477 1250 1530 lana
1272 1477 1523 1532 coccinea
1549 1482 1604 1530 et
1633 1476 1886 1546 hyssopo,
1913 1476 2084 1546 ipsum
2105 1492 2240 1546 quo-

671 1587 690 1622 ε
725 1585 830 1639 que
875 1570 1069 1624 librum
1115 1578 1169 1624 et
1212 1583 1424 1624 omnem
1464 1567 1717 1638 populum
1762 1568 1992 1636 aspersit
2035 1569 2236 1624 dicens.

672 1679 692 1712 ι
725 1661 824 1715 Hic
862 1669 945 1716 est
973 1659 1190 1731 sanguis
1224 1659 1547 1724 testamenti,
1572 1658 1715 1728 quod
1752 1659 2027 1713 mandavit
2056 1659 2122 1714 ad
2145 1675 2239 1715 vos

671 1769 690 1802 ι
725 1749 884 1806 Deus.
917 1751 1089 1805 Etiam
1118 1749 1518 1804 tabernaculum
1544 1757 1598 1804 et
1624 1749 1804 1804 omnia
1833 1739 1959 1804 vasa
1992 1751 2236 1805 ministe-
2267 1732 2314 1791 Β

671 1856 692 1890 ε
727 1841 792 1893 rii
822 1839 1087 1911 sanguine
1133 1839 1378 1894 similiter
1405 1839 1674 1910 aspersit:
1719 1847 1773 1894 et
1801 1840 1983 1895 omnia
2009 1855 2157 1910 pene
2186 1841 2240 1895 in

673 1947 691 1980 ι
725 1929 986 1999 sanguine
1015 1929 1340 1983 mundantur
1359 1930 1648 1984 secundum
1670 1929 1872 2000 legem;
1897 1937 1952 1984 et
1973 1930 2090 1984 sine
2117 1945 2242 1984 san-

673 2039 693 2072 t
728 2022 906 2092 guinis
929 2019 1189 2076 effusione
1219 2035 1324 2075 non
1351 2022 1410 2074 lit
1445 2021 1711 2076 remissio.
1737 2041 1755 2074 ι
1781 2021 1943 2094 (Αιὺ.)
1973 2021 2108 2090 Quid
2136 2029 2240 2087 est,

668 2113 811 2182 quod
857 2112 1024 2178 liber,
1069 2119 1124 2166 et
1165 2111 1418 2182 populus,
1450 2121 1506 2166 et
1549 2113 1951 2170 tabernaculum
1983 2115 2242 2186 sanguine

666 2217 919 2271 aspersus
944 2210 1058 2267 est,
1089 2203 1192 2258 nisi
1219 2203 1484 2272 pretiosus
1527 2204 1747 2272 sanguis
1772 2202 1975 2258 Christi
2001 2204 2243 2259 Salvato-

665 2293 743 2348 ris
765 2294 932 2348 nostri
957 2294 1026 2347 ab
1053 2293 1223 2358 initio,
1251 2292 1342 2348 illo
1381 2293 1673 2359 schemate,
1706 2294 2094 2362 pramuntiatus
2119 2294 2244 2348 est?

666 2385 843 2452 Quare
866 2387 1138 2457 byssopo?
1159 2387 1436 2457 Hyssopus
1461 2387 1606 2442 enim
1631 2387 1797 2440 herba
1820 2386 2038 2441 humilis
2065 2395 2150 2440 est
2189 2394 2244 2440 et

665 2476 721 2530 in
748 2477 916 2544 petris
938 2491 1198 2530 nascens:
1233 2475 1508 2530 humilitas
1547 2475 1747 2532 Christi
1790 2475 2122 2546 signiﬁcatur
2147 2492 2245 2548 per

665 2568 807 2622 hanc
831 2567 1077 2634 herbam,
1107 2577 1164 2622 et
1185 2565 1442 2622 fortitudo
1465 2581 1572 2636 qua
1610 2566 1868 2622 interiora
1903 2575 2084 2622 nostra
2113 2583 2241 2637 pur-

664 2670 881 2732 gantur.
914 2658 1048 2714 Nam
1075 2662 1177 2715 hoc
1201 2675 1399 2730 genere
1421 2659 1604 2715 herba:
1623 2658 1936 2731 pulmonum
1964 2659 2092 2713 vitia
2115 2674 2243 2730 pur-

663 2753 777 2821 gari
817 2753 1012 2810 solent.
1045 2753 1224 2820 Quare
1251 2752 1432 2822 aqua?
1455 2752 1701 2810 Ostendit
1729 2753 2131 2808 mundationem
2157 2753 2242 2807 fu-

664 2851 840 2896 turam
869 2858 966 2912 per
1016 2857 1212 2912 aquam
1259 2843 1535 2913 baptismi.
1567 2841 1746 2909 Quare
1776 2843 1900 2898 lana
1951 2844 2244 2898 coccinea?

668 2930 738 2985 Ut
777 2933 1038 2987 retineret
1058 2932 1396 3000 sanguinem.
1420 2931 1666 2988 Ostendit
1689 2933 1792 2987 hoc
1822 2932 1938 2988 loco
1959 2933 2100 2987 idem
2123 2947 2243 2988 esse

661 3033 720 3078 et
758 3040 951 3094 aquam
991 3033 1046 3080 et
1087 3025 1446 3096 sanguinem:
1479 3025 1742 3093 baptisma
1789 3025 1952 3078 etiam
1997 3033 2238 3080 nostrum

660 3116 842 3184 passio
890 3114 1006 3183 ejus
1056 3126 1157 3170 est.
1213 3115 1338 3171 Ideo
1382 3115 1522 3170 idem
1572 3114 1768 3169 Paulus
1811 3115 1943 3170 dicit
1979 3115 2084 3170 alio
2122 3116 2240 3170 loco

664 3205 843 3276 (Rom.
874 3221 960 3271 Vl;
991 3204 1192 3260 Culoss.
1229 3205 1290 3277 ιι)
1319 3223 1332 3259 :
1369 3223 1386 3256 ι
1416 3203 1726 3274 Consepulti
1769 3205 1914 3258 enim
1953 3205 2082 3259 estis
2117 3220 2239 3259 cum

664 3295 756 3350 illo
787 3296 839 3348 in
869 3295 1155 3364 baptismo.
1198 3315 1216 3347 ι
1256 3295 1410 3362 Quod
1441 3310 1572 3350 vero
1604 3295 1717 3348 ait:
1751 3313 1768 3345 ι
1808 3294 1936 3348 Sine
1966 3295 2240 3364 sanguinis

663 3382 923 3438 eﬂ‘usione
966 3397 1072 3437 non
1121 3382 1284 3437 fuerit
1327 3383 1592 3437 remissio.
1630 3403 1648 3436 ι
1695 3383 1870 3449 Quare
1922 3383 2025 3438 hoc
2068 3383 2242 3438 dixit?

665 3472 803 3538 Quia
831 3473 884 3526 in
913 3472 1016 3526 illis
1044 3487 1152 3526 non
1180 3472 1281 3526 fuit
1307 3473 1463 3542 plena
1492 3473 1771 3539 remissio,
1813 3473 1907 3529 sed
1947 3472 2240 3542 semiplena

666 3563 719 3616 in
735 3563 953 3616 minima
977 3573 1150 3632 parte.
1168 3561 1320 3618 Nunc
1340 3572 1521 3618 autem
1543 3581 1560 3613 ‹
1585 3563 1672 3618 hic
1693 3573 1794 3628 est,
1815 3563 2009 3632 inquit,
2025 3564 2242 3634 sanguis

664 3650 798 3706 Novi
829 3651 1184 3718 Testamenti,
1213 3653 1306 3722 qui
1331 3668 1428 3722 pro
1462 3653 1616 3708 nobis
1639 3651 1839 3707 elfusus
1863 3663 1945 3708 est
1975 3654 2029 3707 in
2060 3653 2242 3709 remis-

665 3741 870 3796 sionem
893 3748 1256 3811 peccatorum.
1289 3760 1308 3794 ι
1339 3741 1471 3807 Quis
1491 3751 1574 3796 est
1594 3741 1730 3796 liber
1751 3743 1842 3812 qui
1877 3758 2129 3812 aspersus
2158 3753 2243 3799 est

665 3832 922 3901 sanguine
940 3814 1198 3901 mystico;
1224 3840 1276 3887 et
1298 3847 1416 3901 quae
1440 3842 1564 3886 sunt
1579 3848 1706 3888 vasa
1725 3835 2015 3897 unctionis,
2032 3844 2085 3888 et
2098 3835 2241 3904 quod

667 3920 1085 3982 tabernaculum,
1106 3922 1206 3975 nisi
1222 3921 1482 3990 pepulns?
1501 3922 1603 3991 lpsi
1625 3923 1767 3977 enim
1783 3933 1909 3977 sunt
1930 3923 2089 3989 liber,
2111 3938 2241 3977 vasa

667 4021 721 4084 et
747 4013 1178 4067 tabernaculum.
1206 4012 1329 4068 Ideo
1349 4014 1479 4067 dicit
1500 4010 1783 4068 Dominus:
1811 4033 1829 4065 ι
1850 4014 2165 4070 lnhabitabo
2186 4015 2239 4068 in

665 4102 792 4168 illis,
808 4113 861 4158 et
884 4102 1248 4158 inambulabo.
1275 4103 1383 4157 Sed
1406 4104 1548 4159 illius
1569 4103 1671 4158 fuit
1695 4112 1806 4158 tota
1821 4105 2031 4160 Veteris
2053 4105 2242 4160 Testa-

667 4195 833 4250 menti
867 4195 1109 4262 corporis
1141 4196 1440 4250 mundatio-
1461 4195 1613 4251 Nunc
1639 4211 1768 4252 vero
1796 4198 2050 4266 stimulis
2075 4209 2159 4253 est
2186 4200 2240 4254 in

671 4284 876 4348 animo,
903 4284 1119 4355 sanguis
1151 4284 1373 4340 Christi.
1405 4286 1530 4342 Ideo
1570 4288 1730 4342 dicit:
1761 4309 1777 4340 ι
1803 4288 1902 4342 Hic
1919 4301 2001 4344 est
2023 4292 2242 4362 sanguis

665 4373 799 4429 Novi
823 4373 1153 4430 Testamenti
1178 4376 1230 4429 in
1253 4377 1624 4433 remissionem
1644 4389 2008 4448 peccatorum.
2030 4401 2048 4432 ι
2065 4382 2122 4436 lu
2138 4384 2242 4438 illis

664 4469 879 4540 quidem
909 4470 962 4525 in
985 4471 1270 4540 superﬁcie
1286 4476 1690 4542 aspergebatur,
1709 4484 1764 4532 et
1781 4480 1976 4532 iterum
2001 4478 2245 4535 dilueba--

667 4568 755 4614 tur
767 4576 1039 4631 aspersus.
1063 4561 1246 4630 Neque
1266 4562 1409 4616 enim
1432 4573 1746 4621 cruentatus
1761 4582 1974 4636 semper
1987 4569 2243 4623 deambu-

667 4651 813 4706 labat
829 4653 1074 4723 populus.
1093 4653 1151 4707 lu
1170 4654 1348 4709 anima
1361 4669 1490 4710 vero
1509 4672 1614 4711 non
1634 4657 1706 4711 ita
1723 4667 1828 4722 est,
1841 4661 1932 4714 sed
1949 4661 2048 4730 ipsi
2061 4675 2243 4716 essen-

667 4743 755 4796 tiae
770 4744 1148 4798 commiscetur
1159 4745 1398 4815 sanguis,
1413 4744 1613 4800 fontem
1635 4747 1778 4801 illam
1794 4747 1997 4804 faciens
2010 4759 2066 4803 et
2084 4765 2241 4804 mun-

669 4836 812 4901 dam,
839 4845 896 4891 et
929 4837 997 4890 ad
1026 4837 1170 4892 illam
1201 4839 1618 4894 inenarrabilem
1648 4838 2097 4910 pulchritudinem
2124 4858 2245 4912 per-

671 4926 891 4979 ducens.
914 4925 1142 4996 Propter
1165 4927 1267 4982 hoc
1295 4928 1417 4998 agni
1443 4929 1644 4983 occisio
1665 4929 1784 4993 fuit,
1809 4939 1866 4984 et
1885 4931 2104 5000 sanguis
2129 4929 2245 4999 ejus

669 5016 1170 5084 superliminaribus
1220 5018 1618 5074 liberandorum
1663 5019 1847 5075 illitus.
1877 5020 2106 5090 Propter
2140 5021 2242 5076 hoc

668 5106 834 5162 etiam
858 5108 1039 5162 omnia
1073 5107 1338 5164 sacriﬁcia
1370 5107 1576 5165 Veteris
1613 5108 1941 5164 Testamenti
1971 5110 2238 5182 leguntur,

670 5207 725 5254 ut
757 5199 858 5255 hoc
885 5216 1048 5255 unum
1080 5200 1402 5256 sacrilicium
1431 5200 1768 5270 designaret,
1812 5217 1908 5270 per
1939 5204 2082 5272 quod
2113 5219 2240 5258 vera

667 5299 753 5347 est
773 5293 1016 5348 remissio
1035 5299 1403 5364 peccatorum,
1425 5300 1480 5345 et
1499 5292 1778 5346 mundatio
1800 5294 1993 5348 anima:
2018 5295 2073 5349 in
2091 5303 2242 5350 aeter-

667 5398 815 5440 num.
854 5401 874 5434 ι
906 5379 1138 5436 Necesse
1175 5388 1258 5434 est
1301 5396 1429 5450 ergo
1466 5382 1794 5451 excruplaria
1832 5385 2048 5455 quidem
2078 5385 2240 5441 coele—

671 5492 692 5526 ι
728 5473 890 5528 stium
936 5473 1021 5526 his
1066 5470 1349 5525 mundari:
1385 5471 1496 5540 ipsa
1525 5481 1707 5527 autem
1737 5475 1976 5530 cmlcstia
2005 5475 2242 5531 meliori-

671 5582 692 5616 ι
723 5563 826 5619 bus
867 5563 1078 5630 hostiis,
1110 5577 1272 5633 quam
1317 5562 1456 5617 istis.
1489 5583 1507 5616 ι
1546 5563 1709 5636 (Διὸ.)
1739 5565 2016 5633 Quomodo
2058 5584 2240 5623 exem-

668 5654 838 5721 plaria
863 5663 991 5712 sunt
1014 5670 1199 5712 eorum
1229 5671 1347 5726 quae
1374 5655 1429 5710 in
1459 5656 1612 5713 caelis
1636 5659 1802 5713 sunt?
1831 5658 2084 5716 Cuelestia
2121 5659 2238 5731 qui-

2341 479 2768 534 conversationis
2793 480 3066 550 exemplar
3095 481 3193 536 fuit
3224 490 3277 537 et
3303 485 3574 554 signiﬁcatio
3593 509 3754 562 quam.

2341 583 2446 637 que
2486 570 2778 640 gerebatur
2823 570 2877 624 in
2905 571 3084 626 Veteri
3111 571 3445 631 Testamento.
3470 576 3592 636 Unde
3612 595 3650 639 et
3669 590 3754 658 Apo-

2341 662 2635 751 stolus,iait
2657 679 2671 715 :
2708 680 2738 751 tr
2762 661 3111 719 Conversatio
3131 673 3303 720 nostra
3324 667 3371 721 in
3391 670 3519 726 ctelis
3534 684 3599 727 est
3613 676 3752 751 (Philip.

2341 749 2444 820 ιιι).
2479 768 2498 801 ι
2531 750 2587 804 In
2623 749 2776 805 caelis
2805 765 2936 821 ergo
2963 760 3088 806 sunt
3115 753 3211 808 ista
3233 794 3248 819 ,
3286 771 3395 824 quae
3428 769 3578 813 nostra
3599 749 3756 832 sunt,ct

2340 843 2456 897 haec
2479 851 2665 898 nostra
2697 842 2960 905 caelestia,
2993 844 3232 912 quamvis
3259 845 3308 899 in
3337 847 3480 901 terris
3510 850 3753 915 celebrentur.

2339 931 2469 999 Quae
2497 939 2580 986 est
2609 932 2712 987 ista
2739 932 3078 986 conversatio
3109 933 3321 988 nostra?
3347 935 3450 990 hac
3472 946 3542 991 est
3567 954 3660 993 vera
3684 945 3754 1011 phi-

2338 1023 2582 1093 losophia
2600 1063 2616 1088 ,
2647 1039 2809 1094 quam
2834 1021 3081 1078 Christus
3118 1023 3318 1088 docuit,
3347 1041 3487 1095 quam
3513 1033 3678 1098 apostoli
3707 1049 3756 1088 se.

2339 1114 2449 1168 cuti
2493 1122 2618 1168 sunt
2644 1154 2658 1178 ,
2707 1129 2825 1182 qua:
2859 1114 3006 1168 ducit
3033 1114 3098 1169 ad
3127 1114 3374 1169 cmlestia.
3402 1115 3530 1172 Unde
3551 1119 3755 1189 etAposto-

2339 1203 2422 1258 lus
2451 1221 2463 1256 :
2500 1221 2519 1254 ι
2555 1203 2769 1258 Primus
2799 1204 2962 1258 homo
2988 1205 3054 1259 de
3075 1213 3214 1258 terra
3239 1212 3486 1270 terrenus,
3510 1212 3702 1264 secundus
3719 1214 3756 1266 de

2339 1295 2475 1349 ccelo
2506 1293 2758 1349 caelestis.
2806 1293 2992 1361 Qualis
3037 1302 3297 1358 terrenus,
3327 1295 3447 1350 tales
3477 1304 3522 1351 et
3554 1301 3757 1356 lerreni:et

2339 1385 2513 1454 qualis
2552 1384 2810 1449 ccelestis,
2852 1383 2984 1438 tales
3023 1392 3077 1439 et
3109 1384 3363 1440 cmlestes.
3391 1405 3408 1437 ι
3444 1385 3560 1457 —(l
3583 1386 3756 1459 Comm)

2344 1495 2363 1528 ι
2385 1476 2710 1541 Melioribus,
2735 1475 2925 1545 inquit,
2940 1475 3220 1530 sacriﬁciis
3239 1491 3386 1545 quam
3398 1477 3498 1531 haec
3519 1486 3630 1532 sunt.
3645 1480 3758 1546 ις)ωά

2340 1568 2531 1622 melius
2560 1576 2660 1632 est,
2679 1568 2820 1622 bono
2844 1568 3024 1638 aliquo
3051 1568 3238 1624 melius
3258 1577 3356 1634 est,
3376 1570 3496 1623 bona
3516 1585 3613 1640 ergo
3628 1571 3758 1626 fuerunt

2337 1662 2602 1730 exempla,
2628 1675 2748 1729 quae
2777 1660 2831 1715 in
2859 1661 3014 1716 caelis
3045 1670 3197 1724 sunt;
3230 1661 3318 1716 sed
3347 1662 3446 1732 ipsa
3468 1663 3649 1718 ccelcstia
3667 1665 3758 1735 longe

2341 1751 2610 1805 excellunt
2641 1751 2884 1821 exempla
2919 1762 3255 1817 sanctorum,
3296 1754 3470 1822 quibus
3494 1754 3756 1824 signiﬁcantur.

2343 1839 2398 1894 Si
2430 1854 2559 1911 ergo
2587 1841 2835 1896 caelestes
2873 1855 3062 1896 sumus
3103 1856 3220 1906 nos,
3247 1848 3300 1895 et
3335 1849 3516 1895 tantum
3550 1841 3757 1896 sacriﬁcium

2341 1931 2518 2002 adepti
2533 1947 2738 1998 sumus,
2754 1932 3041 1986 timeamus
3053 1946 3358 2002 permanere
3369 1932 3417 1986 in
3429 1942 3563 1987 terra.
3577 1930 3756 2000 (λῶντι.)

2342 2021 2478 2077 Esse
2511 2029 2694 2077 autem
2729 2024 2780 2076 in
2812 2031 2958 2076 terra
2989 2029 3047 2077 et
3074 2037 3178 2076 non
3209 2036 3324 2077 esse
3351 2022 3662 2092 quodammodo
3678 2022 3758 2075 ride

2340 2128 2484 2179 mur,
2511 2114 2637 2168 dum
2667 2114 2944 2169 voluntate
2978 2114 3033 2168 in
3059 2113 3196 2168 cmlo
3218 2128 3408 2176 sumus,
3435 2112 3540 2168 licet
3559 2127 3710 2180 corpore
3729 2113 3757 2164 in

2342 2204 2522 2258 terris.
2553 2202 2610 2258 Si
2653 2219 2782 2274 ergo
2823 2219 2922 2259 nos
2968 2203 3757 2276 animo'appropinquemusDeo,in

2340 2294 2479 2350 coelo
2507 2309 2710 2349 sumus.
2743 2294 2880 2362 Quid
2911 2297 3056 2350 enim
3083 2296 3212 2351 mihi
3253 2306 3330 2351 est
3355 2310 3471 2350 cura
3496 2295 3668 2354 ctelum,
3691 2308 3758 2345 cum

2341 2383 2497 2438 video
2519 2384 2803 2438 Dominum
2826 2385 2970 2451 caeli,
2995 2401 3121 2440 cum
3163 2400 3260 2457 ego
3290 2384 3471 2441 eillcior
3488 2383 3689 2439 coelumh
3708 2380 3760 2432 le-

2341 2473 2571 2538 niemus,
2587 2474 2778 2544 inquit,
2796 2475 2906 2546 Ego
2933 2484 2989 2532 et
3007 2475 3190 2542 Pater,
3211 2485 3266 2532 et
3284 2476 3572 2530 mansionem
3587 2473 3760 2543 apudeum

2341 2564 2602 2621 faciemus
2635 2565 2815 2638 (Ioan.
2842 2565 2976 2636 xrv).
3017 2586 3036 2620 ι
3081 2567 3283 2623 Caelum
3317 2567 3506 2636 quidem
3530 2579 3605 2634 per
3625 2574 3761 2617 sescir-

2343 2671 2473 2711 num
2516 2664 2600 2712 est
2629 2664 2684 2711 et
2718 2657 3008 2721 mundum;
3041 2673 3154 2712 non
3191 2657 3244 2712 in
3273 2657 3463 2719 hieme,
3487 2670 3571 2728 non
3603 2654 3642 2708 in
3673 2660 3762 2705 nocte

2341 2754 2600 2801 mutatur.
2623 2746 2857 2802 Proinde
2879 2755 2934 2802 et
2955 2761 3056 2802 nos
3087 2762 3258 2818 neque
3282 2747 3333 2802 in
3354 2741 3692 2801 tribulationibus
3704 2753 3761 2792 se-

2340 2837 2464 2902 culi,
2495 2853 2670 2906 neque
2699 2838 2753 2892 in
2780 2839 3201 2894 adversitatibus
3223 2837 3410 2894 diaboli
3435 2838 3522 2892 hoc
3540 2835 3622 2906 pati
3651 2833 3762 2886 timeu-

2341 2943 2498 2994 mus,
2546 2928 2641 2982 sed
2691 2943 3006 2984 maneamus
3035 2929 3362 2985 immaculati
3400 2936 3450 2983 et
3484 2924 3638 2980 mundi.
3664 2920 3764 2974 liabet

2341 3018 2557 3087 quidem
2612 3017 2808 3074 cmlﬁm
2848 3019 3037 3085 solem,
3075 3021 3360 3076 habeamus
3396 3026 3446 3073 et
3483 3030 3563 3072 nos
3594 3011 3764 3068 Christum

2266 3080 2312 3142 δ
2345 3109 2512 3165 solem
2541 3109 2788 3180 justitite,
2818 3125 3031 3180 semper
3055 3110 3320 3166 lucentem
3342 3109 3392 3164 in
3418 3105 3620 3163 cordibus
3634 3098 3762 3154 nostris

2345 3200 2548 3272 (Greg.)
2598 3201 2716 3271 Ipse
2757 3216 2988 3271 namque
3031 3201 3279 3256 diabolus
3316 3216 3367 3254 in
3405 3199 3483 3254 illa
3517 3210 3595 3250 nos
3620 3187 3765 3262 parentis

2340 3291 2502 3361 primi
2537 3291 2720 3346 radice
2745 3291 3124 3362 supplantans,
3169 3293 3267 3347 sub
3296 3289 3564 3360 captivitate
3590 3274 3765 3374 sua-(lusi

2335 3385 2482 3457 juste
2509 3385 2684 3440 tenuit
2706 3385 3001 3450 hominem,
3027 3387 3125 3455 qui
3151 3386 3318 3440 libero
3341 3380 3536 3437 arbitrio
3557 3372 3724 3430 conditus
3737 3372 3764 3419 cl

2340 3477 2538 3548 injusta
2569 3477 2816 3534 suadenti
2846 3479 3144 3533 consensit.
3175 3478 3255 3532 Ad
3283 3477 3436 3530 vitam
3457 3465 3638 3536 namque
3655 3459 3764 3517 cundi-

2341 3574 2429 3622 tus
2454 3568 2508 3622 in
2535 3567 2784 3623 libertate
2805 3567 3038 3638 propriae
3066 3567 3378 3630 voluntatis,
3407 3569 3566 3633 sponte
3585 3570 3652 3610 sua
3668 3551 3766 3638 iacuit

2341 3666 2425 3712 est
2447 3657 2660 3712 debitor
2680 3636 2893 3713 mortis.
2917 3657 3158 3714 Delenda
3179 3673 3306 3730 ergo
3329 3666 3438 3712 erat
3462 3652 3561 3707 talis
3581 3636 3767 3714 culpa.“d

2343 3746 2445 3800 nisi
2475 3761 2574 3816 per
2599 3747 2924 3802 sacriﬁcium
2954 3747 3128 3802 deleri
3160 3763 3265 3802 non
3298 3752 3514 3817 poterat;
3543 3730 3766 3808 querendum

2341 3847 2459 3893 erat
2500 3837 2855 3903 sacriﬁcium,
2900 3838 2993 3893 sed
3023 3839 3186 3908 quale
3219 3836 3515 3894 sacriﬁcium
3548 3831 3692 3900 poleﬂl
3714 3830 3768 3886 Ρνο

2341 3929 2680 3984 absolvendis
2709 3930 3014 3984 hominibus
3041 3928 3318 3994 inveniri?
3343 3927 3505 3995 Neque
3527 3919 3633 3975 enim
3647 3915 3768 4006 ius”?

2342 4022 2462 4088 fuit,
2489 4033 2548 4078 ut
2570 4039 2668 4094 pro
2689 4023 2938 4084 rationali
2967 4023 3188 4077 homine
3207 4022 3471 4076 brutorum
3493 4007 3714 4084 animalium
3726 4011 3769 4094 tif

2341 4113 2520 4167 etiam
2542 4092 2896 4168 eluderentur.
2923 4112 3080 4169 Unde
3103 4113 3180 4168 ait
3197 4111 3494 4182 Apostolus:
3519 4125 3534 4156 t
3555 4101 3712 4156 Necesse
3723 4092 3770 4142 εει

2341 4222 2470 4278 ergo
2492 4207 2822 4277 exemplaria
2849 4208 3152 4264 caelestium
3176 4208 3260 4262 his
3285 4201 3508 4261 mundari
3530 4213 3542 4251 :
3567 4197 3650 4265 ipsa
3665 4195 3768 4241 autem

2343 4299 2584 4354 coelestia
2599 4299 2910 4354 melioribus
2929 4300 3142 4363 hostiis,
3158 4314 3319 4370 quam
3333 4295 3460 4382 istis.
3483 4311 3498 4344 ι
3516 4290 3624 4354 Ergo
3637 4280 3667 4382 ξί

2267 4379 2320 4486 b
2346 4389 2600 4442 animalia
2638 4405 2736 4458 pro
2764 4388 3012 4443 rationali
3041 4388 3288 4452 animali,
3319 4373 3369 4440 id
3405 4390 3495 4446 est,
3534 4389 3610 4448 pro
3640 4371 3770 4486 ὴξιᾟε

2349 4482 2521 4552 digna:
2546 4482 2783 4536 victima:
2807 4496 2912 4536 non
2943 4479 3182 4541 fuerunt,
3213 4473 3538 4548 requirendus
3556 4471 3644 4521 erat
3663 4460 3768 4556 buunt:

2348 4536 2438 4644 ιιιῆ
2468 4589 2566 4644 pro
2591 4573 2898 4628 hominibus
2929 4570 3111 4626 oﬁ‘erri
3141 4536 3421 4625 debuisset.
3449 4571 3502 4616 ιιι
3522 4571 3598 4644 ΡΨ
3618 4536 3770 4644 "flio"?

2348 4627 2608 4734 peccante
2628 4703 2643 4726 ,
2675 4662 2958 4716 rationalis
3000 4661 3179 4716 hostia
3223 4665 3544 4714 mactaretur.
3581 4641 3657 4697 Sed
3685 4627 3770 4734 (illul:

2349 4721 2491 4822 quod
2535 4753 2696 4806 homo
2739 4751 2855 4805 sine
2903 4759 3124 4820 peccato
3166 4745 3388 4802 inveniri
3427 4754 3520 4796 non
3553 4721 3770 4806 potem?”

2347 4821 2525 4902 oblata
2552 4859 2651 4914 pro
2682 4843 2836 4897 nobis
2861 4842 3056 4905 hostia,
3089 4840 3304 4908 quando
3329 4850 3418 4890 nos
3440 4849 3468 4886 a
3490 4829 3661 4898 peccato

2347 4939 2475 4992 dare
2506 4937 2794 5006 potuisset,
2828 4934 2872 4988 si
2906 4935 3016 5002 ipsa
3044 4931 3255 5001 peccati
3283 4923 3566 4993 contagione
3589 4923 3664 4966 non
3685 4910 3772 5006 επιξ-

2346 5029 2470 5084 ret?
2498 5002 2774 5095 inquinata
2797 5024 2992 5093 quippe
3023 5022 3332 5091 inquinatos
3372 5012 3604 5095 mundare
3619 5002 3772 5095 ηοηλνιῗ·

2347 5125 2449 5173 set.
2475 5073 2637 5185 Ergo,
2659 5123 2721 5169 ut
2750 5073 3026 5167 t-atiohalis
3050 5073 3197 5166 esset
3223 5109 3412 5170 hostia,
3433 5104 3568 5158 homo
3587 5093 3707 5185 fuerat

2345 5180 2638 5271 ferendus,
2690 5213 2750 5260 ut
2795 5219 2925 5259 vero
2972 5218 3000 5256 a
3043 5201 3282 5272 peccatis
3311 5180 3772 5280 mundaretheminﬂf

2345 5299 2582 5354 ιιοωοει
2613 5267 2730 5351 sine
2750 5301 2990 5366 νεεοίιιο·
3024 5267 3129 5347 έοά
3143 5291 3274 5393 ,αυίε
3293 5295 3427 5393 ῗ⁵⁵⁰⁸
3449 5284 3588 5393 "?"‘i’.
3601 5267 3774 5393 3135.33;

2348 5399 2490 5455 cato,
2508 5390 2554 5444 si
2572 5403 2638 5443 ex
2655 5353 2861 5458 peccati
2882 5382 3264 5440 commixtione
3283 5353 3776 5461 descenzlerfil7.Pur‘i"_lf

2507 5444 2728 5552 propter
2745 5493 2842 5533 nos
2863 5477 2913 5530 in
2930 5484 3141 5529 uterum
3159 5469 3389 5540 Virginis
3407 5451 3648 5552 Filius‘llei,
3661 5444 3775 5552 illiilli"

2345 5537 2706 5626 nobis.fac.tus
2727 5577 2810 5625 est
2845 5568 3038 5630 homo,
3067 5537 3340 5630 assumpta
3366 5564 3445 5612 est
3466 5553 3524 5606 ab
3549 5544 3618 5600 illo
3644 5537 3774 5638 mliti:

2342 5677 2448 5717 non
2481 5663 2631 5733 culpa
2651 5703 2664 5728 ,
2700 5660 2822 5715 fecit
2849 5674 2946 5728 pro
2976 5652 3130 5710 nobis
3158 5651 3494 5712 sacriﬁcium,
3517 5625 3775 5700 εοτῐνυενεαΜ
