  <div class='ocr_page' id='page_1' title='image "/cluster/home/n/w/nwhite01/storage/ocr_20150623/112/hvd.32044015685407/394.png"; bbox 0 0 3992 6338; ppageno 0'>
   <div class='ocr_carea' id='block_1_1' title="bbox 211 352 324 409">
    <p class='ocr_par' dir='ltr' id='par_1_1' title="bbox 211 352 324 409">
     <span class='ocr_line' id='line_1_1' title="bbox 211 352 324 409; baseline 0.009 -1"><span class='ocrx_word' id='word_1_1' title='bbox 211 352 324 409; x_wconf 82' lang='grc'><strong>777</strong></span> 
     </span>
    </p>
   </div>
   <div class='ocr_carea' id='block_1_2' title="bbox 684 345 3061 444">
    <p class='ocr_par' dir='ltr' id='par_1_2' title="bbox 684 345 3061 444">
     <span class='ocr_line' id='line_1_2' title="bbox 684 345 3061 444; baseline 0.005 -41"><span class='ocrx_word' id='word_1_2' title='bbox 684 345 1235 444; x_wconf 73' lang='lat' dir='ltr'><strong>ENARRATIONUM</strong></span> <span class='ocrx_word' id='word_1_3' title='bbox 1275 349 1344 406; x_wconf 93' lang='lat' dir='ltr'><strong>IN</strong></span> <span class='ocrx_word' id='word_1_4' title='bbox 1380 348 1532 408; x_wconf 87' lang='lat' dir='ltr'><strong>EPP.</strong></span> <span class='ocrx_word' id='word_1_5' title='bbox 1573 347 1781 405; x_wconf 81' lang='lat' dir='ltr'><strong>PAULI</strong></span> <span class='ocrx_word' id='word_1_6' title='bbox 1817 347 1946 407; x_wconf 73' lang='lat' dir='ltr'><strong>LIII.</strong></span> <span class='ocrx_word' id='word_1_7' title='bbox 1990 350 2228 409; x_wconf 73' lang='lat' dir='ltr'><strong>XXVIII.</strong></span> <span class='ocrx_word' id='word_1_8' title='bbox 2256 345 2328 397; x_wconf 51' lang='lat'><strong>4-</strong></span> <span class='ocrx_word' id='word_1_9' title='bbox 2364 353 2432 412; x_wconf 88' lang='lat' dir='ltr'><strong>IN</strong></span> <span class='ocrx_word' id='word_1_10' title='bbox 2466 353 2686 414; x_wconf 88' lang='lat' dir='ltr'><strong>EPIST.</strong></span> <span class='ocrx_word' id='word_1_11' title='bbox 2724 355 2819 413; x_wconf 86' lang='lat' dir='ltr'><strong>AD</strong></span> <span class='ocrx_word' id='word_1_12' title='bbox 2857 356 3061 416; x_wconf 84' lang='lat' dir='ltr'><strong>IIEBR.</strong></span> 
     </span>
    </p>
   </div>
   <div class='ocr_carea' id='block_1_3' title="bbox 3388 357 3494 415">
    <p class='ocr_par' dir='ltr' id='par_1_3' title="bbox 3388 357 3494 415">
     <span class='ocr_line' id='line_1_3' title="bbox 3388 357 3494 415; baseline 0.009 -1"><span class='ocrx_word' id='word_1_13' title='bbox 3388 357 3494 415; x_wconf 83' lang='lat'><strong>778</strong></span> 
     </span>
    </p>
   </div>
   <div class='ocr_carea' id='block_1_4' title="bbox 206 451 3490 542">
    <p class='ocr_par' dir='ltr' id='par_1_4' title="bbox 206 451 3490 542">
     <span class='ocr_line' id='line_1_4' title="bbox 206 451 3490 542; baseline 0 -17"><span class='ocrx_word' id='word_1_14' title='bbox 206 465 468 525; x_wconf 77' lang='lat' dir='ltr'><strong>exhibuit</strong></span> <span class='ocrx_word' id='word_1_15' title='bbox 514 479 614 537; x_wconf 92' lang='lat' dir='ltr'><strong>pro</strong></span> <span class='ocrx_word' id='word_1_16' title='bbox 656 465 1033 536; x_wconf 79' lang='lat' dir='ltr'><strong>peccatoribus</strong></span> <span class='ocrx_word' id='word_1_17' title='bbox 1076 467 1353 523; x_wconf 77' lang='lat' dir='ltr'><strong>victimam</strong></span> <span class='ocrx_word' id='word_1_18' title='bbox 1401 451 1520 524; x_wconf 81' lang='lat' dir='ltr'><strong>sine</strong></span> <span class='ocrx_word' id='word_1_19' title='bbox 1562 475 1805 539; x_wconf 85' lang='lat' dir='ltr'><strong>peccato,</strong></span> <span class='ocrx_word' id='word_1_20' title='bbox 1838 470 1886 530; x_wconf 80' lang='grc' dir='ltr'>Α</span> <span class='ocrx_word' id='word_1_21' title='bbox 1914 481 2055 521; x_wconf 89' lang='lat' dir='ltr'><strong>rum.</strong></span> <span class='ocrx_word' id='word_1_22' title='bbox 2083 486 2100 519; x_wconf 73' lang='grc' dir='ltr'><strong>ι</strong></span> <span class='ocrx_word' id='word_1_23' title='bbox 2129 467 2296 538; x_wconf 84' lang='lat' dir='ltr'><strong>Igitur</strong></span> <span class='ocrx_word' id='word_1_24' title='bbox 2319 468 2404 523; x_wconf 90' lang='lat' dir='ltr'><strong>illa</strong></span> <span class='ocrx_word' id='word_1_25' title='bbox 2437 478 2562 526; x_wconf 92' lang='lat' dir='ltr'><strong>sunt</strong></span> <span class='ocrx_word' id='word_1_26' title='bbox 2599 484 2750 536; x_wconf 90' lang='lat' dir='ltr'><strong>vera,</strong></span> <span class='ocrx_word' id='word_1_27' title='bbox 2784 469 2901 526; x_wconf 76' lang='lat' dir='ltr'><strong>hzec</strong></span> <span class='ocrx_word' id='word_1_28' title='bbox 2933 478 3110 525; x_wconf 87' lang='lat' dir='ltr'><strong>autem</strong></span> <span class='ocrx_word' id='word_1_29' title='bbox 3136 469 3490 542; x_wconf 79' lang='lat' dir='ltr'><strong>exemplaria.</strong></span> 
     </span>
    </p>
   </div>
   <div class='ocr_carea' id='block_1_5' title="bbox 202 561 1807 636">
    <p class='ocr_par' dir='ltr' id='par_1_5' title="bbox 202 561 1807 636">
     <span class='ocr_line' id='line_1_5' title="bbox 202 561 1807 636; baseline -0.002 -17"><span class='ocrx_word' id='word_1_30' title='bbox 202 577 338 636; x_wconf 77' lang='lat' dir='ltr'><strong>qum</strong></span> <span class='ocrx_word' id='word_1_31' title='bbox 373 572 429 618; x_wconf 91' lang='lat' dir='ltr'><strong>et</strong></span> <span class='ocrx_word' id='word_1_32' title='bbox 453 563 789 617; x_wconf 73' lang='lat' dir='ltr'><strong>humanitate</strong></span> <span class='ocrx_word' id='word_1_33' title='bbox 818 562 976 628; x_wconf 90' lang='lat' dir='ltr'><strong>mori,</strong></span> <span class='ocrx_word' id='word_1_34' title='bbox 1005 561 1287 632; x_wconf 86' lang='lat' dir='ltr'><strong>etjustitia</strong></span> <span class='ocrx_word' id='word_1_35' title='bbox 1315 564 1577 618; x_wconf 90' lang='lat' dir='ltr'><strong>mundare</strong></span> <span class='ocrx_word' id='word_1_36' title='bbox 1604 562 1807 632; x_wconf 85' lang='lat' dir='ltr'><strong>potuis-</strong></span> 
     </span>
    </p>
   </div>
   <div class='ocr_carea' id='block_1_6' title="bbox 203 654 1804 726">
    <p class='ocr_par' dir='ltr' id='par_1_6' title="bbox 203 654 1804 726">
     <span class='ocr_line' id='line_1_6' title="bbox 203 654 1804 726; baseline -0.001 -15"><span class='ocrx_word' id='word_1_37' title='bbox 203 665 321 712; x_wconf 80' lang='lat' dir='ltr'><strong>set.</strong></span> <span class='ocrx_word' id='word_1_38' title='bbox 368 654 524 710; x_wconf 80' lang='lat' dir='ltr'><strong>Hunc</strong></span> <span class='ocrx_word' id='word_1_39' title='bbox 571 669 698 725; x_wconf 87' lang='lat' dir='ltr'><strong>ergo</strong></span> <span class='ocrx_word' id='word_1_40' title='bbox 720 695 735 720; x_wconf 96' lang='lat'><strong>,</strong></span> <span class='ocrx_word' id='word_1_41' title='bbox 761 669 884 709; x_wconf 90' lang='lat' dir='ltr'><strong>cum</strong></span> <span class='ocrx_word' id='word_1_42' title='bbox 913 662 1037 724; x_wconf 90' lang='lat' dir='ltr'><strong>post</strong></span> <span class='ocrx_word' id='word_1_43' title='bbox 1075 655 1344 726; x_wconf 88' lang='lat' dir='ltr'><strong>baptisma</strong></span> <span class='ocrx_word' id='word_1_44' title='bbox 1374 655 1509 709; x_wconf 89' lang='lat' dir='ltr'><strong>vidit</strong></span> <span class='ocrx_word' id='word_1_45' title='bbox 1550 655 1804 723; x_wconf 87' lang='lat' dir='ltr'><strong>antiquus</strong></span> 
     </span>
    </p>
   </div>
   <div class='ocr_carea' id='block_1_7' title="bbox 201 745 1807 817">
    <p class='ocr_par' dir='ltr' id='par_1_7' title="bbox 201 745 1807 817">
     <span class='ocr_line' id='line_1_7' title="bbox 201 745 1807 817; baseline -0.002 -13"><span class='ocrx_word' id='word_1_46' title='bbox 201 747 392 804; x_wconf 81' lang='lat' dir='ltr'><strong>hostis</strong></span> <span class='ocrx_word' id='word_1_47' title='bbox 417 788 433 813; x_wconf 90' lang='lat'><strong>,</strong></span> <span class='ocrx_word' id='word_1_48' title='bbox 480 761 605 802; x_wconf 89' lang='lat' dir='ltr'><strong>mox</strong></span> <span class='ocrx_word' id='word_1_49' title='bbox 654 745 1041 801; x_wconf 87' lang='lat' dir='ltr'><strong>tentationibus</strong></span> <span class='ocrx_word' id='word_1_50' title='bbox 1073 746 1304 817; x_wconf 91' lang='lat' dir='ltr'><strong>impetit,</strong></span> <span class='ocrx_word' id='word_1_51' title='bbox 1351 754 1406 801; x_wconf 91' lang='lat' dir='ltr'><strong>et</strong></span> <span class='ocrx_word' id='word_1_52' title='bbox 1435 761 1534 816; x_wconf 89' lang='lat' dir='ltr'><strong>per</strong></span> <span class='ocrx_word' id='word_1_53' title='bbox 1565 745 1807 801; x_wconf 88' lang='lat' dir='ltr'><strong>diversos</strong></span> 
     </span>
    </p>
   </div>
   <div class='ocr_carea' id='block_1_8' title="bbox 203 821 1803 908">
    <p class='ocr_par' dir='ltr' id='par_1_8' title="bbox 203 821 1803 908">
     <span class='ocr_line' id='line_1_8' title="bbox 203 821 1803 908; baseline -0.002 -14"><span class='ocrx_word' id='word_1_54' title='bbox 203 839 398 894; x_wconf 81' lang='lat' dir='ltr'><strong>aditus</strong></span> <span class='ocrx_word' id='word_1_55' title='bbox 419 839 486 894; x_wconf 92' lang='lat' dir='ltr'><strong>ad</strong></span> <span class='ocrx_word' id='word_1_56' title='bbox 509 821 771 894; x_wconf 74' lang='lat' dir='ltr'><strong>interiora</strong></span> <span class='ocrx_word' id='word_1_57' title='bbox 791 836 908 906; x_wconf 88' lang='lat' dir='ltr'><strong>ejus</strong></span> <span class='ocrx_word' id='word_1_58' title='bbox 933 837 1152 893; x_wconf 86' lang='lat' dir='ltr'><strong>molitus</strong></span> <span class='ocrx_word' id='word_1_59' title='bbox 1177 837 1498 908; x_wconf 83' lang='lat' dir='ltr'><strong>irrumpere,</strong></span> <span class='ocrx_word' id='word_1_60' title='bbox 1513 837 1687 893; x_wconf 87' lang='lat' dir='ltr'><strong>victus</strong></span> <span class='ocrx_word' id='word_1_61' title='bbox 1700 844 1803 904; x_wconf 90' lang='lat' dir='ltr'><strong>est,</strong></span> 
     </span>
    </p>
   </div>
   <div class='ocr_carea' id='block_1_9' title="bbox 203 927 1806 1001">
    <p class='ocr_par' dir='ltr' id='par_1_9' title="bbox 203 927 1806 1001">
     <span class='ocr_line' id='line_1_9' title="bbox 203 927 1806 1001; baseline 0.001 -18"><span class='ocrx_word' id='word_1_62' title='bbox 203 937 383 1000; x_wconf 88' lang='lat' dir='ltr'><strong>atque</strong></span> <span class='ocrx_word' id='word_1_63' title='bbox 432 929 489 983; x_wconf 92' lang='lat' dir='ltr'><strong>in</strong></span> <span class='ocrx_word' id='word_1_64' title='bbox 539 929 655 998; x_wconf 88' lang='lat' dir='ltr'><strong>ipsa</strong></span> <span class='ocrx_word' id='word_1_65' title='bbox 703 929 1104 1000; x_wconf 79' lang='lat' dir='ltr'><strong>inexpugnabili</strong></span> <span class='ocrx_word' id='word_1_66' title='bbox 1162 928 1360 984; x_wconf 90' lang='lat' dir='ltr'><strong>mentis</strong></span> <span class='ocrx_word' id='word_1_67' title='bbox 1409 927 1530 996; x_wconf 91' lang='lat' dir='ltr'><strong>ejus</strong></span> <span class='ocrx_word' id='word_1_68' title='bbox 1579 929 1806 1001; x_wconf 84' lang='lat' dir='ltr'><strong>integri-</strong></span> 
     </span>
    </p>
   </div>
   <div class='ocr_carea' id='block_1_10' title="bbox 203 1019 1806 1093">
    <p class='ocr_par' dir='ltr' id='par_1_10' title="bbox 203 1019 1806 1093">
     <span class='ocr_line' id='line_1_10' title="bbox 203 1019 1806 1093; baseline 0.001 -17"><span class='ocrx_word' id='word_1_69' title='bbox 203 1029 328 1076; x_wconf 91' lang='lat' dir='ltr'><strong>tate</strong></span> <span class='ocrx_word' id='word_1_70' title='bbox 351 1028 676 1092; x_wconf 84' lang='lat' dir='ltr'><strong>prostratus.</strong></span> <span class='ocrx_word' id='word_1_71' title='bbox 711 1019 821 1076; x_wconf 91' lang='lat' dir='ltr'><strong>Sed</strong></span> <span class='ocrx_word' id='word_1_72' title='bbox 843 1021 968 1093; x_wconf 85' lang='lat' dir='ltr'><strong>quia</strong></span> <span class='ocrx_word' id='word_1_73' title='bbox 994 1022 1061 1076; x_wconf 92' lang='lat' dir='ltr'><strong>ad</strong></span> <span class='ocrx_word' id='word_1_74' title='bbox 1084 1020 1340 1078; x_wconf 90' lang='lat' dir='ltr'><strong>interiora</strong></span> <span class='ocrx_word' id='word_1_75' title='bbox 1368 1036 1476 1078; x_wconf 93' lang='lat' dir='ltr'><strong>non</strong></span> <span class='ocrx_word' id='word_1_76' title='bbox 1502 1021 1705 1089; x_wconf 90' lang='lat' dir='ltr'><strong>valuit,</strong></span> <span class='ocrx_word' id='word_1_77' title='bbox 1739 1021 1806 1077; x_wconf 90' lang='lat' dir='ltr'><strong>ad</strong></span> 
     </span>
    </p>
   </div>
   <div class='ocr_carea' id='block_1_11' title="bbox 199 1112 1806 1186">
    <p class='ocr_par' dir='ltr' id='par_1_11' title="bbox 199 1112 1806 1186">
     <span class='ocr_line' id='line_1_11' title="bbox 199 1112 1806 1186; baseline 0.002 -18"><span class='ocrx_word' id='word_1_78' title='bbox 199 1112 334 1182; x_wconf 86' lang='lat' dir='ltr'><strong>ejus</strong></span> <span class='ocrx_word' id='word_1_79' title='bbox 372 1128 431 1170; x_wconf 88' lang='lat' dir='ltr'><strong>se</strong></span> <span class='ocrx_word' id='word_1_80' title='bbox 457 1113 731 1170; x_wconf 82' lang='lat' dir='ltr'><strong>exteriora</strong></span> <span class='ocrx_word' id='word_1_81' title='bbox 756 1114 1046 1180; x_wconf 80' lang='lat' dir='ltr'><strong>convertit,</strong></span> <span class='ocrx_word' id='word_1_82' title='bbox 1094 1123 1154 1170; x_wconf 91' lang='lat' dir='ltr'><strong>ut</strong></span> <span class='ocrx_word' id='word_1_83' title='bbox 1201 1115 1326 1186; x_wconf 87' lang='lat' dir='ltr'><strong>quia</strong></span> <span class='ocrx_word' id='word_1_84' title='bbox 1371 1116 1569 1172; x_wconf 91' lang='lat' dir='ltr'><strong>mentis</strong></span> <span class='ocrx_word' id='word_1_85' title='bbox 1607 1117 1806 1172; x_wconf 91' lang='lat' dir='ltr'><strong>virtute</strong></span> 
     </span>
    </p>
   </div>
   <div class='ocr_carea' id='block_1_12' title="bbox 201 1204 1806 1278">
    <p class='ocr_par' dir='ltr' id='par_1_12' title="bbox 201 1204 1806 1278">
     <span class='ocr_line' id='line_1_12' title="bbox 201 1204 1806 1278; baseline 0.003 -20"><span class='ocrx_word' id='word_1_86' title='bbox 201 1204 393 1261; x_wconf 83' lang='lat' dir='ltr'><strong>victus</strong></span> <span class='ocrx_word' id='word_1_87' title='bbox 417 1212 529 1268; x_wconf 89' lang='lat' dir='ltr'><strong>est,</strong></span> <span class='ocrx_word' id='word_1_88' title='bbox 568 1220 724 1272; x_wconf 92' lang='lat' dir='ltr'><strong>eum,</strong></span> <span class='ocrx_word' id='word_1_89' title='bbox 755 1219 915 1276; x_wconf 89' lang='lat' dir='ltr'><strong>quem</strong></span> <span class='ocrx_word' id='word_1_90' title='bbox 948 1206 1198 1278; x_wconf 85' lang='lat' dir='ltr'><strong>decipere</strong></span> <span class='ocrx_word' id='word_1_91' title='bbox 1241 1208 1540 1265; x_wconf 87' lang='lat' dir='ltr'><strong>tentatione</strong></span> <span class='ocrx_word' id='word_1_92' title='bbox 1580 1224 1686 1264; x_wconf 90' lang='lat' dir='ltr'><strong>non</strong></span> <span class='ocrx_word' id='word_1_93' title='bbox 1713 1223 1806 1263; x_wconf 88' lang='lat' dir='ltr'><strong>va-</strong></span> 
     </span>
    </p>
   </div>
   <div class='ocr_carea' id='block_1_13' title="bbox 207 1293 1803 1370">
    <p class='ocr_par' dir='ltr' id='par_1_13' title="bbox 207 1293 1803 1370">
     <span class='ocr_line' id='line_1_13' title="bbox 207 1293 1803 1370; baseline 0.004 -21"><span class='ocrx_word' id='word_1_94' title='bbox 207 1293 336 1361; x_wconf 88' lang='lat' dir='ltr'><strong>luit,</strong></span> <span class='ocrx_word' id='word_1_95' title='bbox 365 1294 551 1351; x_wconf 91' lang='lat' dir='ltr'><strong>carnis</strong></span> <span class='ocrx_word' id='word_1_96' title='bbox 577 1294 767 1350; x_wconf 88' lang='lat' dir='ltr'><strong>saltem</strong></span> <span class='ocrx_word' id='word_1_97' title='bbox 797 1296 1074 1353; x_wconf 85' lang='lat' dir='ltr'><strong>videretur</strong></span> <span class='ocrx_word' id='word_1_98' title='bbox 1093 1306 1269 1354; x_wconf 90' lang='lat' dir='ltr'><strong>morte</strong></span> <span class='ocrx_word' id='word_1_99' title='bbox 1294 1313 1584 1370; x_wconf 89' lang='lat' dir='ltr'><strong>superare,</strong></span> <span class='ocrx_word' id='word_1_100' title='bbox 1617 1306 1803 1370; x_wconf 91' lang='lat' dir='ltr'><strong>atque,</strong></span> 
     </span>
    </p>
   </div>
   <div class='ocr_carea' id='block_1_14' title="bbox 207 1385 1804 1459">
    <p class='ocr_par' dir='ltr' id='par_1_14' title="bbox 207 1385 1804 1459">
     <span class='ocr_line' id='line_1_14' title="bbox 207 1385 1804 1459; baseline 0.004 -20"><span class='ocrx_word' id='word_1_101' title='bbox 207 1393 276 1440; x_wconf 88' lang='lat' dir='ltr'><strong>ut</strong></span> <span class='ocrx_word' id='word_1_102' title='bbox 309 1394 438 1440; x_wconf 90' lang='lat' dir='ltr'><strong>ante</strong></span> <span class='ocrx_word' id='word_1_103' title='bbox 463 1400 564 1442; x_wconf 90' lang='lat' dir='ltr'><strong>nos</strong></span> <span class='ocrx_word' id='word_1_104' title='bbox 591 1385 794 1441; x_wconf 92' lang='lat' dir='ltr'><strong>dictum</strong></span> <span class='ocrx_word' id='word_1_105' title='bbox 819 1395 921 1453; x_wconf 91' lang='lat' dir='ltr'><strong>est,</strong></span> <span class='ocrx_word' id='word_1_106' title='bbox 957 1389 1256 1458; x_wconf 88' lang='lat' dir='ltr'><strong>permissus</strong></span> <span class='ocrx_word' id='word_1_107' title='bbox 1280 1397 1367 1446; x_wconf 84' lang='lat' dir='ltr'><strong>est</strong></span> <span class='ocrx_word' id='word_1_108' title='bbox 1393 1389 1450 1444; x_wconf 88' lang='lat' dir='ltr'><strong>in</strong></span> <span class='ocrx_word' id='word_1_109' title='bbox 1473 1389 1606 1444; x_wconf 92' lang='lat' dir='ltr'><strong>illud</strong></span> <span class='ocrx_word' id='word_1_110' title='bbox 1624 1429 1640 1454; x_wconf 93' lang='lat'><strong>,</strong></span> <span class='ocrx_word' id='word_1_111' title='bbox 1661 1389 1804 1459; x_wconf 87' lang='lat' dir='ltr'><strong>quod</strong></span> 
     </span>
    </p>
   </div>
   <div class='ocr_carea' id='block_1_15' title="bbox 207 1477 1806 1552">
    <p class='ocr_par' dir='ltr' id='par_1_15' title="bbox 207 1477 1806 1552">
     <span class='ocr_line' id='line_1_15' title="bbox 207 1477 1806 1552; baseline 0.004 -21"><span class='ocrx_word' id='word_1_112' title='bbox 207 1492 282 1532; x_wconf 79' lang='lat' dir='ltr'><strong>ex</strong></span> <span class='ocrx_word' id='word_1_113' title='bbox 314 1478 472 1532; x_wconf 90' lang='lat' dir='ltr'><strong>nobis</strong></span> <span class='ocrx_word' id='word_1_114' title='bbox 493 1477 814 1535; x_wconf 86' lang='lat' dir='ltr'><strong>mortalibus</strong></span> <span class='ocrx_word' id='word_1_115' title='bbox 840 1479 1109 1536; x_wconf 86' lang='lat' dir='ltr'><strong>mediator</strong></span> <span class='ocrx_word' id='word_1_116' title='bbox 1136 1489 1443 1552; x_wconf 85' lang='lat' dir='ltr'><strong>acceperat.</strong></span> <span class='ocrx_word' id='word_1_117' title='bbox 1461 1479 1570 1536; x_wconf 90' lang='lat' dir='ltr'><strong>Sed</strong></span> <span class='ocrx_word' id='word_1_118' title='bbox 1596 1481 1687 1536; x_wconf 91' lang='lat' dir='ltr'><strong>ubi</strong></span> <span class='ocrx_word' id='word_1_119' title='bbox 1711 1497 1806 1552; x_wconf 92' lang='lat' dir='ltr'><strong>po-</strong></span> 
     </span>
    </p>
   </div>
   <div class='ocr_carea' id='block_1_16' title="bbox 208 1568 1802 1644">
    <p class='ocr_par' dir='ltr' id='par_1_16' title="bbox 208 1568 1802 1644">
     <span class='ocr_line' id='line_1_16' title="bbox 208 1568 1802 1644; baseline 0.003 -20"><span class='ocrx_word' id='word_1_120' title='bbox 208 1568 321 1624; x_wconf 84' lang='lat' dir='ltr'><strong>tuit</strong></span> <span class='ocrx_word' id='word_1_121' title='bbox 345 1569 550 1640; x_wconf 90' lang='lat' dir='ltr'><strong>aliquid</strong></span> <span class='ocrx_word' id='word_1_122' title='bbox 583 1568 791 1636; x_wconf 89' lang='lat' dir='ltr'><strong>facere,</strong></span> <span class='ocrx_word' id='word_1_123' title='bbox 822 1572 896 1627; x_wconf 89' lang='lat' dir='ltr'><strong>ibi</strong></span> <span class='ocrx_word' id='word_1_124' title='bbox 920 1587 987 1628; x_wconf 91' lang='lat' dir='ltr'><strong>ex</strong></span> <span class='ocrx_word' id='word_1_125' title='bbox 1021 1573 1169 1628; x_wconf 91' lang='lat' dir='ltr'><strong>omni</strong></span> <span class='ocrx_word' id='word_1_126' title='bbox 1210 1582 1362 1644; x_wconf 90' lang='lat' dir='ltr'><strong>parte</strong></span> <span class='ocrx_word' id='word_1_127' title='bbox 1391 1573 1638 1630; x_wconf 90' lang='lat' dir='ltr'><strong>devictus</strong></span> <span class='ocrx_word' id='word_1_128' title='bbox 1679 1582 1802 1629; x_wconf 90' lang='lat' dir='ltr'><strong>est:</strong></span> 
     </span>
    </p>
   </div>
   <div class='ocr_carea' id='block_1_17' title="bbox 209 1662 1806 1736">
    <p class='ocr_par' dir='ltr' id='par_1_17' title="bbox 209 1662 1806 1736">
     <span class='ocr_line' id='line_1_17' title="bbox 209 1662 1806 1736; baseline 0.004 -20"><span class='ocrx_word' id='word_1_129' title='bbox 209 1668 272 1717; x_wconf 90' lang='lat' dir='ltr'><strong>et</strong></span> <span class='ocrx_word' id='word_1_130' title='bbox 303 1662 448 1716; x_wconf 90' lang='lat' dir='ltr'><strong>unde</strong></span> <span class='ocrx_word' id='word_1_131' title='bbox 469 1663 678 1733; x_wconf 90' lang='lat' dir='ltr'><strong>accepit</strong></span> <span class='ocrx_word' id='word_1_132' title='bbox 701 1665 942 1719; x_wconf 86' lang='lat' dir='ltr'><strong>exterius</strong></span> <span class='ocrx_word' id='word_1_133' title='bbox 960 1673 1282 1736; x_wconf 88' lang='lat' dir='ltr'><strong>potestatem</strong></span> <span class='ocrx_word' id='word_1_134' title='bbox 1312 1665 1597 1722; x_wconf 75' lang='lat' dir='ltr'><strong>dominicae</strong></span> <span class='ocrx_word' id='word_1_135' title='bbox 1624 1665 1806 1722; x_wconf 87' lang='lat' dir='ltr'><strong>carnis</strong></span> 
     </span>
    </p>
   </div>
   <div class='ocr_carea' id='block_1_18' title="bbox 208 1751 1806 1828">
    <p class='ocr_par' dir='ltr' id='par_1_18' title="bbox 208 1751 1806 1828">
     <span class='ocr_line' id='line_1_18' title="bbox 208 1751 1806 1828; baseline 0.003 -20"><span class='ocrx_word' id='word_1_136' title='bbox 208 1751 547 1820; x_wconf 63' lang='lat' dir='ltr'><strong>occidendae,</strong></span> <span class='ocrx_word' id='word_1_137' title='bbox 579 1753 704 1810; x_wconf 89' lang='lat' dir='ltr'><strong>inde</strong></span> <span class='ocrx_word' id='word_1_138' title='bbox 729 1755 958 1812; x_wconf 86' lang='lat' dir='ltr'><strong>interior</strong></span> <span class='ocrx_word' id='word_1_139' title='bbox 994 1764 1236 1826; x_wconf 85' lang='lat' dir='ltr'><strong>potestas</strong></span> <span class='ocrx_word' id='word_1_140' title='bbox 1261 1756 1413 1828; x_wconf 88' lang='lat' dir='ltr'><strong>ejus,</strong></span> <span class='ocrx_word' id='word_1_141' title='bbox 1445 1773 1555 1828; x_wconf 89' lang='lat' dir='ltr'><strong>qua</strong></span> <span class='ocrx_word' id='word_1_142' title='bbox 1585 1773 1685 1814; x_wconf 90' lang='lat' dir='ltr'><strong>nos</strong></span> <span class='ocrx_word' id='word_1_143' title='bbox 1727 1765 1806 1812; x_wconf 86' lang='lat' dir='ltr'><strong>te-</strong></span> 
     </span>
    </p>
   </div>
   <div class='ocr_carea' id='block_1_19' title="bbox 1909 556 3492 628">
    <p class='ocr_par' dir='ltr' id='par_1_19' title="bbox 1909 556 3492 628">
     <span class='ocr_line' id='line_1_19' title="bbox 1909 556 3492 628; baseline 0.005 -18"><span class='ocrx_word' id='word_1_144' title='bbox 1909 556 2123 612; x_wconf 90' lang='lat' dir='ltr'><strong>Etenim</strong></span> <span class='ocrx_word' id='word_1_145' title='bbox 2160 559 2416 628; x_wconf 85' lang='lat' dir='ltr'><strong>templum</strong></span> <span class='ocrx_word' id='word_1_146' title='bbox 2455 560 2530 614; x_wconf 91' lang='lat' dir='ltr'><strong>ita</strong></span> <span class='ocrx_word' id='word_1_147' title='bbox 2572 569 2943 616; x_wconf 91' lang='lat' dir='ltr'><strong>constructum</strong></span> <span class='ocrx_word' id='word_1_148' title='bbox 2986 571 3091 627; x_wconf 88' lang='lat' dir='ltr'><strong>est,</strong></span> <span class='ocrx_word' id='word_1_149' title='bbox 3125 563 3265 618; x_wconf 89' lang='lat' dir='ltr'><strong>sicut</strong></span> <span class='ocrx_word' id='word_1_150' title='bbox 3294 562 3492 618; x_wconf 71' lang='lat' dir='ltr'><strong>cmlum</strong></span> 
     </span>
    </p>
   </div>
   <div class='ocr_carea' id='block_1_20' title="bbox 1908 643 3492 724">
    <p class='ocr_par' dir='ltr' id='par_1_20' title="bbox 1908 643 3492 724">
     <span class='ocr_line' id='line_1_20' title="bbox 1908 643 3492 724; baseline 0.003 -21"><span class='ocrx_word' id='word_1_151' title='bbox 1908 649 2051 704; x_wconf 77' lang='lat' dir='ltr'><strong>coeli.</strong></span> <span class='ocrx_word' id='word_1_152' title='bbox 2079 650 2218 717; x_wconf 89' lang='lat' dir='ltr'><strong>Quid</strong></span> <span class='ocrx_word' id='word_1_153' title='bbox 2244 651 2420 706; x_wconf 91' lang='lat' dir='ltr'><strong>dicis?</strong></span> <span class='ocrx_word' id='word_1_154' title='bbox 2449 651 2564 707; x_wconf 85' lang='lat' dir='ltr'><strong>Nisi</strong></span> <span class='ocrx_word' id='word_1_155' title='bbox 2599 643 2888 707; x_wconf 69' lang='lat' dir='ltr'><strong>intraverit</strong></span> <span class='ocrx_word' id='word_1_156' title='bbox 2923 652 2976 707; x_wconf 94' lang='lat' dir='ltr'><strong>in</strong></span> <span class='ocrx_word' id='word_1_157' title='bbox 3007 653 3228 720; x_wconf 69' lang='lat' dir='ltr'><strong>cmlum,</strong></span> <span class='ocrx_word' id='word_1_158' title='bbox 3260 669 3365 708; x_wconf 94' lang='lat' dir='ltr'><strong>non</strong></span> <span class='ocrx_word' id='word_1_159' title='bbox 3393 667 3492 724; x_wconf 89' lang='lat' dir='ltr'><strong>ap-</strong></span> 
     </span>
    </p>
   </div>
   <div class='ocr_carea' id='block_1_21' title="bbox 1907 740 3497 814">
    <p class='ocr_par' dir='ltr' id='par_1_21' title="bbox 1907 740 3497 814">
     <span class='ocr_line' id='line_1_21' title="bbox 1907 740 3497 814; baseline 0.003 -21"><span class='ocrx_word' id='word_1_160' title='bbox 1907 741 2119 809; x_wconf 86' lang='lat' dir='ltr'><strong>parebit</strong></span> <span class='ocrx_word' id='word_1_161' title='bbox 2144 740 2271 807; x_wconf 89' lang='lat' dir='ltr'><strong>Deo,</strong></span> <span class='ocrx_word' id='word_1_162' title='bbox 2303 743 2393 811; x_wconf 88' lang='lat' dir='ltr'><strong>qui</strong></span> <span class='ocrx_word' id='word_1_163' title='bbox 2422 742 2622 812; x_wconf 90' lang='lat' dir='ltr'><strong>ubique</strong></span> <span class='ocrx_word' id='word_1_164' title='bbox 2642 752 2746 808; x_wconf 90' lang='lat' dir='ltr'><strong>est,</strong></span> <span class='ocrx_word' id='word_1_165' title='bbox 2769 751 2823 798; x_wconf 91' lang='lat' dir='ltr'><strong>et</strong></span> <span class='ocrx_word' id='word_1_166' title='bbox 2853 743 3036 799; x_wconf 84' lang='lat' dir='ltr'><strong>omnia</strong></span> <span class='ocrx_word' id='word_1_167' title='bbox 3059 743 3290 814; x_wconf 81' lang='lat' dir='ltr'><strong>implet?</strong></span> <span class='ocrx_word' id='word_1_168' title='bbox 3316 743 3497 799; x_wconf 86' lang='lat' dir='ltr'><strong>Intue-</strong></span> 
     </span>
    </p>
   </div>
   <div class='ocr_carea' id='block_1_22' title="bbox 1908 832 3496 905">
    <p class='ocr_par' dir='ltr' id='par_1_22' title="bbox 1908 832 3496 905">
     <span class='ocr_line' id='line_1_22' title="bbox 1908 832 3496 905; baseline 0.001 -19"><span class='ocrx_word' id='word_1_169' title='bbox 1908 832 2005 897; x_wconf 88' lang='lat' dir='ltr'><strong>ris,</strong></span> <span class='ocrx_word' id='word_1_170' title='bbox 2025 833 2150 904; x_wconf 68' lang='lat' dir='ltr'><strong>Quia</strong></span> <span class='ocrx_word' id='word_1_171' title='bbox 2175 833 2358 888; x_wconf 90' lang='lat' dir='ltr'><strong>carnis</strong></span> <span class='ocrx_word' id='word_1_172' title='bbox 2399 843 2525 889; x_wconf 92' lang='lat' dir='ltr'><strong>sunt</strong></span> <span class='ocrx_word' id='word_1_173' title='bbox 2553 835 2669 889; x_wconf 63' lang='lat' dir='ltr'><strong>haec</strong></span> <span class='ocrx_word' id='word_1_174' title='bbox 2706 833 2926 890; x_wconf 86' lang='lat' dir='ltr'><strong>omnia?</strong></span> <span class='ocrx_word' id='word_1_175' title='bbox 2953 853 2970 886; x_wconf 85' lang='grc'><em>‹</em></span> <span class='ocrx_word' id='word_1_176' title='bbox 3001 833 3074 891; x_wconf 89' lang='lat' dir='ltr'><strong>Ut</strong></span> <span class='ocrx_word' id='word_1_177' title='bbox 3104 844 3383 905; x_wconf 86' lang='lat' dir='ltr'><strong>appareat,</strong></span> <span class='ocrx_word' id='word_1_178' title='bbox 3409 835 3496 888; x_wconf 90' lang='lat' dir='ltr'><strong>in-</strong></span> 
     </span>
    </p>
   </div>
   <div class='ocr_carea' id='block_1_23' title="bbox 1907 923 3492 996">
    <p class='ocr_par' dir='ltr' id='par_1_23' title="bbox 1907 923 3492 996">
     <span class='ocr_line' id='line_1_23' title="bbox 1907 923 3492 996; baseline 0.001 -19"><span class='ocrx_word' id='word_1_179' title='bbox 1907 923 2045 994; x_wconf 84' lang='lat' dir='ltr'><strong>quit,</strong></span> <span class='ocrx_word' id='word_1_180' title='bbox 2071 923 2238 978; x_wconf 89' lang='lat' dir='ltr'><strong>vultui</strong></span> <span class='ocrx_word' id='word_1_181' title='bbox 2275 925 2370 980; x_wconf 93' lang='lat' dir='ltr'><strong>Dei</strong></span> <span class='ocrx_word' id='word_1_182' title='bbox 2397 940 2498 996; x_wconf 92' lang='lat' dir='ltr'><strong>pro</strong></span> <span class='ocrx_word' id='word_1_183' title='bbox 2526 925 2700 981; x_wconf 87' lang='lat' dir='ltr'><strong>nobis.</strong></span> <span class='ocrx_word' id='word_1_184' title='bbox 2741 946 2760 978; x_wconf 74' lang='grc' dir='ltr'><strong><em>ι</em></strong></span> <span class='ocrx_word' id='word_1_185' title='bbox 2801 924 2940 994; x_wconf 86' lang='lat' dir='ltr'><strong>Quid</strong></span> <span class='ocrx_word' id='word_1_186' title='bbox 2961 935 3045 981; x_wconf 92' lang='lat' dir='ltr'><strong>est</strong></span> <span class='ocrx_word' id='word_1_187' title='bbox 3071 943 3088 976; x_wconf 77' lang='grc' dir='ltr'>ι</span> <span class='ocrx_word' id='word_1_188' title='bbox 3113 942 3212 996; x_wconf 89' lang='lat' dir='ltr'><strong>pro</strong></span> <span class='ocrx_word' id='word_1_189' title='bbox 3243 925 3444 981; x_wconf 86' lang='lat' dir='ltr'><strong>nobis?</strong></span> <span class='ocrx_word' id='word_1_190' title='bbox 3474 945 3492 978; x_wconf 73' lang='grc' dir='ltr'><strong><em>ι</em></strong></span> 
     </span>
    </p>
   </div>
   <div class='ocr_carea' id='block_1_24' title="bbox 1907 1015 3496 1090">
    <p class='ocr_par' dir='ltr' id='par_1_24' title="bbox 1907 1015 3496 1090">
     <span class='ocr_line' id='line_1_24' title="bbox 1907 1015 3496 1090; baseline 0 -18"><span class='ocrx_word' id='word_1_191' title='bbox 1907 1015 2043 1072; x_wconf 91' lang='lat' dir='ltr'><strong>Cum</strong></span> <span class='ocrx_word' id='word_1_192' title='bbox 2064 1017 2335 1073; x_wconf 84' lang='lat' dir='ltr'><strong>sacrificio</strong></span> <span class='ocrx_word' id='word_1_193' title='bbox 2359 1018 2622 1085; x_wconf 85' lang='lat' dir='ltr'><strong>ascendit,</strong></span> <span class='ocrx_word' id='word_1_194' title='bbox 2643 1019 2838 1088; x_wconf 90' lang='lat' dir='ltr'><strong>inquit,</strong></span> <span class='ocrx_word' id='word_1_195' title='bbox 2852 1028 3044 1090; x_wconf 90' lang='lat' dir='ltr'><strong>potens</strong></span> <span class='ocrx_word' id='word_1_196' title='bbox 3073 1019 3369 1090; x_wconf 91' lang='lat' dir='ltr'><strong>propitiare</strong></span> <span class='ocrx_word' id='word_1_197' title='bbox 3391 1019 3496 1074; x_wconf 87' lang='lat' dir='ltr'><strong>Pa-</strong></span> 
     </span>
    </p>
   </div>
   <div class='ocr_carea' id='block_1_25' title="bbox 1908 1101 3497 1182">
    <p class='ocr_par' dir='ltr' id='par_1_25' title="bbox 1908 1101 3497 1182">
     <span class='ocr_line' id='line_1_25' title="bbox 1908 1101 3497 1182; baseline 0.001 -20"><span class='ocrx_word' id='word_1_198' title='bbox 1908 1115 2069 1163; x_wconf 89' lang='lat' dir='ltr'><strong>trem.</strong></span> <span class='ocrx_word' id='word_1_199' title='bbox 2101 1107 2241 1176; x_wconf 84' lang='lat' dir='ltr'><strong>Quid</strong></span> <span class='ocrx_word' id='word_1_200' title='bbox 2261 1101 2429 1174; x_wconf 86' lang='lat' dir='ltr'><strong>enim,</strong></span> <span class='ocrx_word' id='word_1_201' title='bbox 2451 1107 2538 1165; x_wconf 91' lang='lat' dir='ltr'><strong>dic</strong></span> <span class='ocrx_word' id='word_1_202' title='bbox 2566 1108 2696 1165; x_wconf 90' lang='lat' dir='ltr'><strong>mihi</strong></span> <span class='ocrx_word' id='word_1_203' title='bbox 2713 1110 2738 1164; x_wconf 88' lang='lat'><strong>?</strong></span> <span class='ocrx_word' id='word_1_204' title='bbox 2757 1110 2872 1182; x_wconf 90' lang='lat' dir='ltr'><strong>ipse</strong></span> <span class='ocrx_word' id='word_1_205' title='bbox 2895 1119 2978 1166; x_wconf 89' lang='lat' dir='ltr'><strong>est</strong></span> <span class='ocrx_word' id='word_1_206' title='bbox 3004 1110 3289 1166; x_wconf 83' lang='lat' dir='ltr'><strong>inimicus?</strong></span> <span class='ocrx_word' id='word_1_207' title='bbox 3309 1109 3497 1180; x_wconf 78' lang='lat' dir='ltr'><strong>Angeli</strong></span> 
     </span>
    </p>
   </div>
   <div class='ocr_carea' id='block_1_26' title="bbox 1915 1199 3497 1271">
    <p class='ocr_par' dir='ltr' id='par_1_26' title="bbox 1915 1199 3497 1271">
     <span class='ocr_line' id='line_1_26' title="bbox 1915 1199 3497 1271; baseline 0.002 -18"><span class='ocrx_word' id='word_1_208' title='bbox 1915 1199 2120 1255; x_wconf 87' lang='lat' dir='ltr'><strong>inimici</strong></span> <span class='ocrx_word' id='word_1_209' title='bbox 2145 1208 2324 1267; x_wconf 91' lang='lat' dir='ltr'><strong>erant,</strong></span> <span class='ocrx_word' id='word_1_210' title='bbox 2353 1200 2470 1271; x_wconf 89' lang='lat' dir='ltr'><strong>ipse</strong></span> <span class='ocrx_word' id='word_1_211' title='bbox 2495 1215 2604 1257; x_wconf 90' lang='lat' dir='ltr'><strong>non</strong></span> <span class='ocrx_word' id='word_1_212' title='bbox 2632 1211 2751 1258; x_wconf 89' lang='lat' dir='ltr'><strong>erat</strong></span> <span class='ocrx_word' id='word_1_213' title='bbox 2773 1203 3044 1260; x_wconf 91' lang='lat' dir='ltr'><strong>inimicus.</strong></span> <span class='ocrx_word' id='word_1_214' title='bbox 3070 1202 3206 1271; x_wconf 89' lang='lat' dir='ltr'><strong>Quia</strong></span> <span class='ocrx_word' id='word_1_215' title='bbox 3226 1203 3372 1259; x_wconf 92' lang='lat' dir='ltr'><strong>enim</strong></span> <span class='ocrx_word' id='word_1_216' title='bbox 3396 1218 3497 1257; x_wconf 90' lang='lat' dir='ltr'><strong>an-</strong></span> 
     </span>
    </p>
   </div>
   <div class='ocr_carea' id='block_1_27' title="bbox 1908 1292 3501 1365">
    <p class='ocr_par' dir='ltr' id='par_1_27' title="bbox 1908 1292 3501 1365">
     <span class='ocr_line' id='line_1_27' title="bbox 1908 1292 3501 1365; baseline 0.001 -18"><span class='ocrx_word' id='word_1_217' title='bbox 1908 1292 2010 1365; x_wconf 89' lang='lat' dir='ltr'><strong>geli</strong></span> <span class='ocrx_word' id='word_1_218' title='bbox 2038 1292 2244 1350; x_wconf 88' lang='lat' dir='ltr'><strong>inimici</strong></span> <span class='ocrx_word' id='word_1_219' title='bbox 2273 1301 2450 1360; x_wconf 89' lang='lat' dir='ltr'><strong>erant,</strong></span> <span class='ocrx_word' id='word_1_220' title='bbox 2477 1294 2601 1349; x_wconf 90' lang='lat' dir='ltr'><strong>audi</strong></span> <span class='ocrx_word' id='word_1_221' title='bbox 2628 1295 2759 1365; x_wconf 92' lang='lat' dir='ltr'><strong>quid</strong></span> <span class='ocrx_word' id='word_1_222' title='bbox 2787 1295 2920 1352; x_wconf 90' lang='lat' dir='ltr'><strong>dicit</strong></span> <span class='ocrx_word' id='word_1_223' title='bbox 2944 1315 2957 1350; x_wconf 90' lang='lat'><strong>:</strong></span> <span class='ocrx_word' id='word_1_224' title='bbox 2990 1315 3008 1346; x_wconf 75' lang='grc' dir='ltr'>ι</span> <span class='ocrx_word' id='word_1_225' title='bbox 3037 1294 3349 1352; x_wconf 82' lang='lat' dir='ltr'><strong>Pacificavit</strong></span> <span class='ocrx_word' id='word_1_226' title='bbox 3380 1310 3501 1365; x_wconf 75' lang='lat' dir='ltr'><strong>qua:</strong></span> 
     </span>
    </p>
   </div>
   <div class='ocr_carea' id='block_1_28' title="bbox 1909 1382 3504 1457">
    <p class='ocr_par' dir='ltr' id='par_1_28' title="bbox 1909 1382 3504 1457">
     <span class='ocr_line' id='line_1_28' title="bbox 1909 1382 3504 1457; baseline 0.001 -19"><span class='ocrx_word' id='word_1_227' title='bbox 1909 1383 1964 1438; x_wconf 91' lang='lat' dir='ltr'><strong>in</strong></span> <span class='ocrx_word' id='word_1_228' title='bbox 1987 1382 2150 1438; x_wconf 89' lang='lat' dir='ltr'><strong>terris</strong></span> <span class='ocrx_word' id='word_1_229' title='bbox 2171 1392 2225 1439; x_wconf 89' lang='lat' dir='ltr'><strong>et</strong></span> <span class='ocrx_word' id='word_1_230' title='bbox 2246 1397 2364 1454; x_wconf 64' lang='lat' dir='ltr'><strong>quae</strong></span> <span class='ocrx_word' id='word_1_231' title='bbox 2387 1383 2442 1438; x_wconf 90' lang='lat' dir='ltr'><strong>in</strong></span> <span class='ocrx_word' id='word_1_232' title='bbox 2463 1383 2616 1439; x_wconf 66' lang='lat' dir='ltr'><strong>caelis</strong></span> <span class='ocrx_word' id='word_1_233' title='bbox 2637 1394 2782 1440; x_wconf 91' lang='lat' dir='ltr'><strong>sunt.</strong></span> <span class='ocrx_word' id='word_1_234' title='bbox 2796 1405 2814 1438; x_wconf 74' lang='grc' dir='ltr'><strong><em>ι</em></strong></span> <span class='ocrx_word' id='word_1_235' title='bbox 2835 1385 3068 1442; x_wconf 84' lang='lat' dir='ltr'><strong>Proinde</strong></span> <span class='ocrx_word' id='word_1_236' title='bbox 3091 1394 3146 1442; x_wconf 91' lang='lat' dir='ltr'><strong>et</strong></span> <span class='ocrx_word' id='word_1_237' title='bbox 3165 1386 3279 1457; x_wconf 90' lang='lat' dir='ltr'><strong>ipse</strong></span> <span class='ocrx_word' id='word_1_238' title='bbox 3294 1385 3504 1441; x_wconf 87' lang='lat' dir='ltr'><strong>introiit</strong></span> 
     </span>
    </p>
   </div>
   <div class='ocr_carea' id='block_1_29' title="bbox 1909 1472 3503 1547">
    <p class='ocr_par' dir='ltr' id='par_1_29' title="bbox 1909 1472 3503 1547">
     <span class='ocr_line' id='line_1_29' title="bbox 1909 1472 3503 1547; baseline 0.003 -20"><span class='ocrx_word' id='word_1_239' title='bbox 1909 1472 1965 1527; x_wconf 93' lang='lat' dir='ltr'><strong>in</strong></span> <span class='ocrx_word' id='word_1_240' title='bbox 1992 1472 2211 1538; x_wconf 87' lang='lat' dir='ltr'><strong>coelum,</strong></span> <span class='ocrx_word' id='word_1_241' title='bbox 2229 1489 2374 1529; x_wconf 91' lang='lat' dir='ltr'><strong>nunc</strong></span> <span class='ocrx_word' id='word_1_242' title='bbox 2387 1481 2448 1529; x_wconf 93' lang='lat' dir='ltr'><strong>ut</strong></span> <span class='ocrx_word' id='word_1_243' title='bbox 2468 1483 2730 1545; x_wconf 87' lang='lat' dir='ltr'><strong>appareat</strong></span> <span class='ocrx_word' id='word_1_244' title='bbox 2750 1475 2916 1531; x_wconf 91' lang='lat' dir='ltr'><strong>vultui</strong></span> <span class='ocrx_word' id='word_1_245' title='bbox 2930 1475 3024 1532; x_wconf 88' lang='lat' dir='ltr'><strong>Dei</strong></span> <span class='ocrx_word' id='word_1_246' title='bbox 3047 1491 3144 1547; x_wconf 91' lang='lat' dir='ltr'><strong>pro</strong></span> <span class='ocrx_word' id='word_1_247' title='bbox 3156 1477 3310 1532; x_wconf 92' lang='lat' dir='ltr'><strong>nobis</strong></span> <span class='ocrx_word' id='word_1_248' title='bbox 3327 1495 3340 1530; x_wconf 93' lang='lat'>:</span> <span class='ocrx_word' id='word_1_249' title='bbox 3357 1493 3503 1532; x_wconf 92' lang='lat' dir='ltr'><strong>nunc</strong></span> 
     </span>
    </p>
   </div>
   <div class='ocr_carea' id='block_1_30' title="bbox 1908 1566 3502 1639">
    <p class='ocr_par' dir='ltr' id='par_1_30' title="bbox 1908 1566 3502 1639">
     <span class='ocr_line' id='line_1_30' title="bbox 1908 1566 3502 1639; baseline 0.003 -21"><span class='ocrx_word' id='word_1_250' title='bbox 1908 1572 1967 1618; x_wconf 93' lang='lat' dir='ltr'><strong>ut</strong></span> <span class='ocrx_word' id='word_1_251' title='bbox 1983 1573 2261 1634; x_wconf 88' lang='lat' dir='ltr'><strong>appareat,</strong></span> <span class='ocrx_word' id='word_1_252' title='bbox 2278 1580 2421 1621; x_wconf 91' lang='lat' dir='ltr'><strong>nunc</strong></span> <span class='ocrx_word' id='word_1_253' title='bbox 2441 1566 2841 1634; x_wconf 74' lang='lat' dir='ltr'><strong>manifestatur,</strong></span> <span class='ocrx_word' id='word_1_254' title='bbox 2857 1568 2953 1624; x_wconf 86' lang='lat' dir='ltr'><strong>sed</strong></span> <span class='ocrx_word' id='word_1_255' title='bbox 2975 1583 3074 1639; x_wconf 91' lang='lat' dir='ltr'><strong>pro</strong></span> <span class='ocrx_word' id='word_1_256' title='bbox 3094 1569 3296 1624; x_wconf 72' lang='lat' dir='ltr'><strong>nobis.«</strong></span> <span class='ocrx_word' id='word_1_257' title='bbox 3317 1567 3502 1638; x_wconf 84' lang='lat' dir='ltr'><strong>Neque</strong></span> 
     </span>
    </p>
   </div>
   <div class='ocr_carea' id='block_1_31' title="bbox 1915 1655 3500 1731">
    <p class='ocr_par' dir='ltr' id='par_1_31' title="bbox 1915 1655 3500 1731">
     <span class='ocr_line' id='line_1_31' title="bbox 1915 1655 3500 1731; baseline 0.005 -24"><span class='ocrx_word' id='word_1_258' title='bbox 1915 1675 1932 1707; x_wconf 76' lang='grc' dir='ltr'>ι</span> <span class='ocrx_word' id='word_1_259' title='bbox 1966 1663 2025 1710; x_wconf 80' lang='grc' dir='ltr'><strong>ιιι</strong></span> <span class='ocrx_word' id='word_1_260' title='bbox 2049 1670 2190 1727; x_wconf 57' lang='lat' dir='ltr'><strong>saepe</strong></span> <span class='ocrx_word' id='word_1_261' title='bbox 2218 1655 2406 1712; x_wconf 81' lang='lat' dir='ltr'><strong>offerat</strong></span> <span class='ocrx_word' id='word_1_262' title='bbox 2430 1658 2777 1728; x_wconf 89' lang='lat' dir='ltr'><strong>semetipsum</strong></span> <span class='ocrx_word' id='word_1_263' title='bbox 2795 1700 2810 1725; x_wconf 90' lang='lat'><strong>,</strong></span> <span class='ocrx_word' id='word_1_264' title='bbox 2838 1660 3291 1730; x_wconf 84' lang='lat' dir='ltr'><strong>quemadmodum</strong></span> <span class='ocrx_word' id='word_1_265' title='bbox 3321 1661 3500 1731; x_wconf 88' lang='lat' dir='ltr'><strong>ponti-</strong></span> 
     </span>
    </p>
   </div>
   <div class='ocr_carea' id='block_1_32' title="bbox 1916 1747 3502 1826">
    <p class='ocr_par' dir='ltr' id='par_1_32' title="bbox 1916 1747 3502 1826">
     <span class='ocr_line' id='line_1_32' title="bbox 1916 1747 3502 1826; baseline 0.008 -27"><span class='ocrx_word' id='word_1_266' title='bbox 1916 1766 1934 1799; x_wconf 75' lang='grc' dir='ltr'>ι</span> <span class='ocrx_word' id='word_1_267' title='bbox 1970 1747 2058 1804; x_wconf 93' lang='lat' dir='ltr'><strong>fex</strong></span> <span class='ocrx_word' id='word_1_268' title='bbox 2087 1750 2254 1805; x_wconf 89' lang='lat' dir='ltr'><strong>intrat</strong></span> <span class='ocrx_word' id='word_1_269' title='bbox 2278 1749 2333 1804; x_wconf 91' lang='lat' dir='ltr'><strong>in</strong></span> <span class='ocrx_word' id='word_1_270' title='bbox 2359 1759 2545 1805; x_wconf 90' lang='lat' dir='ltr'><strong>sancta</strong></span> <span class='ocrx_word' id='word_1_271' title='bbox 2569 1766 2669 1821; x_wconf 91' lang='lat' dir='ltr'><strong>per</strong></span> <span class='ocrx_word' id='word_1_272' title='bbox 2693 1753 2933 1824; x_wconf 87' lang='lat' dir='ltr'><strong>singulos</strong></span> <span class='ocrx_word' id='word_1_273' title='bbox 2954 1769 3126 1810; x_wconf 90' lang='lat' dir='ltr'><strong>annos</strong></span> <span class='ocrx_word' id='word_1_274' title='bbox 3156 1755 3210 1810; x_wconf 92' lang='lat' dir='ltr'><strong>in</strong></span> <span class='ocrx_word' id='word_1_275' title='bbox 3237 1755 3502 1826; x_wconf 79' lang='lat' dir='ltr'><strong>sanguine</strong></span> 
     </span>
    </p>
   </div>
   <div class='ocr_carea' id='block_1_33' title="bbox 210 1837 3501 1920">
    <p class='ocr_par' dir='ltr' id='par_1_33' title="bbox 210 1837 3501 1920">
     <span class='ocr_line' id='line_1_33' title="bbox 210 1837 3501 1920; baseline 0.001 -20"><span class='ocrx_word' id='word_1_276' title='bbox 210 1845 402 1912; x_wconf 83' lang='lat' dir='ltr'><strong>nebat,</strong></span> <span class='ocrx_word' id='word_1_277' title='bbox 435 1845 616 1902; x_wconf 90' lang='lat' dir='ltr'><strong>occisa</strong></span> <span class='ocrx_word' id='word_1_278' title='bbox 640 1854 746 1903; x_wconf 91' lang='lat' dir='ltr'><strong>est.</strong></span> <span class='ocrx_word' id='word_1_279' title='bbox 781 1846 903 1918; x_wconf 91' lang='lat' dir='ltr'><strong>Ipse</strong></span> <span class='ocrx_word' id='word_1_280' title='bbox 940 1863 1176 1920; x_wconf 89' lang='lat' dir='ltr'><strong>namque</strong></span> <span class='ocrx_word' id='word_1_281' title='bbox 1212 1849 1440 1905; x_wconf 89' lang='lat' dir='ltr'><strong>interius</strong></span> <span class='ocrx_word' id='word_1_282' title='bbox 1479 1849 1658 1906; x_wconf 84' lang='lat' dir='ltr'><strong>victus</strong></span> <span class='ocrx_word' id='word_1_283' title='bbox 1700 1857 1804 1914; x_wconf 78' lang='lat' dir='ltr'><strong>est,</strong></span> <span class='ocrx_word' id='word_1_284' title='bbox 1834 1837 1882 1898; x_wconf 90' lang='lat' dir='ltr'><strong>B</strong></span> <span class='ocrx_word' id='word_1_285' title='bbox 1916 1861 1933 1892; x_wconf 76' lang='grc' dir='ltr'>ι</span> <span class='ocrx_word' id='word_1_286' title='bbox 1965 1841 2160 1897; x_wconf 89' lang='lat' dir='ltr'><strong>alieno.</strong></span> <span class='ocrx_word' id='word_1_287' title='bbox 2195 1862 2212 1893; x_wconf 70' lang='grc' dir='ltr'><strong>ι</strong></span> <span class='ocrx_word' id='word_1_288' title='bbox 2255 1841 2420 1915; x_wconf 73' lang='grc' dir='ltr'><strong>(Αιο.)</strong></span> <span class='ocrx_word' id='word_1_289' title='bbox 2463 1840 2726 1913; x_wconf 88' lang='lat' dir='ltr'><strong>Superius</strong></span> <span class='ocrx_word' id='word_1_290' title='bbox 2767 1845 2908 1901; x_wconf 90' lang='lat' dir='ltr'><strong>dixit</strong></span> <span class='ocrx_word' id='word_1_291' title='bbox 2953 1846 3202 1917; x_wconf 84' lang='lat' dir='ltr'><strong>exempla</strong></span> <span class='ocrx_word' id='word_1_292' title='bbox 3247 1861 3501 1903; x_wconf 89' lang='lat' dir='ltr'><strong>verorum</strong></span> 
     </span>
    </p>
   </div>
   <div class='ocr_carea' id='block_1_34' title="bbox 211 1935 1806 2012">
    <p class='ocr_par' dir='ltr' id='par_1_34' title="bbox 211 1935 1806 2012">
     <span class='ocr_line' id='line_1_34' title="bbox 211 1935 1806 2012; baseline 0.003 -20"><span class='ocrx_word' id='word_1_293' title='bbox 211 1935 347 1992; x_wconf 76' lang='lat' dir='ltr'><strong>dum</strong></span> <span class='ocrx_word' id='word_1_294' title='bbox 377 1937 532 2007; x_wconf 91' lang='lat' dir='ltr'><strong>quasi</strong></span> <span class='ocrx_word' id='word_1_295' title='bbox 571 1937 704 1994; x_wconf 91' lang='lat' dir='ltr'><strong>vicit</strong></span> <span class='ocrx_word' id='word_1_296' title='bbox 736 1939 1008 2007; x_wconf 86' lang='lat' dir='ltr'><strong>exterius;</strong></span> <span class='ocrx_word' id='word_1_297' title='bbox 1052 1947 1110 1995; x_wconf 85' lang='lat' dir='ltr'><strong>et</strong></span> <span class='ocrx_word' id='word_1_298' title='bbox 1134 1940 1226 2012; x_wconf 90' lang='lat' dir='ltr'><strong>qui</strong></span> <span class='ocrx_word' id='word_1_299' title='bbox 1256 1956 1358 1997; x_wconf 91' lang='lat' dir='ltr'><strong>nos</strong></span> <span class='ocrx_word' id='word_1_300' title='bbox 1379 1939 1506 2010; x_wconf 89' lang='lat' dir='ltr'><strong>jure</strong></span> <span class='ocrx_word' id='word_1_301' title='bbox 1533 1941 1806 1998; x_wconf 83' lang='lat' dir='ltr'><strong>debitores</strong></span> 
     </span>
    </p>
   </div>
   <div class='ocr_carea' id='block_1_35' title="bbox 210 2027 1806 2103">
    <p class='ocr_par' dir='ltr' id='par_1_35' title="bbox 210 2027 1806 2103">
     <span class='ocr_line' id='line_1_35' title="bbox 210 2027 1806 2103; baseline 0.004 -22"><span class='ocrx_word' id='word_1_302' title='bbox 210 2028 411 2083; x_wconf 74' lang='lat' dir='ltr'><strong>mortis</strong></span> <span class='ocrx_word' id='word_1_303' title='bbox 437 2027 633 2095; x_wconf 91' lang='lat' dir='ltr'><strong>tenuit,</strong></span> <span class='ocrx_word' id='word_1_304' title='bbox 669 2028 793 2100; x_wconf 87' lang='lat' dir='ltr'><strong>jure</strong></span> <span class='ocrx_word' id='word_1_305' title='bbox 821 2029 878 2085; x_wconf 91' lang='lat' dir='ltr'><strong>in</strong></span> <span class='ocrx_word' id='word_1_306' title='bbox 909 2029 1062 2085; x_wconf 92' lang='lat' dir='ltr'><strong>nobis</strong></span> <span class='ocrx_word' id='word_1_307' title='bbox 1094 2030 1184 2102; x_wconf 89' lang='lat' dir='ltr'><strong>jus</strong></span> <span class='ocrx_word' id='word_1_308' title='bbox 1214 2031 1406 2087; x_wconf 92' lang='lat' dir='ltr'><strong>mortis</strong></span> <span class='ocrx_word' id='word_1_309' title='bbox 1431 2032 1649 2098; x_wconf 87' lang='lat' dir='ltr'><strong>amisit,</strong></span> <span class='ocrx_word' id='word_1_310' title='bbox 1679 2032 1806 2103; x_wconf 87' lang='lat' dir='ltr'><strong>quia</strong></span> 
     </span>
    </p>
   </div>
   <div class='ocr_carea' id='block_1_36' title="bbox 209 2119 1804 2198">
    <p class='ocr_par' dir='ltr' id='par_1_36' title="bbox 209 2119 1804 2198">
     <span class='ocr_line' id='line_1_36' title="bbox 209 2119 1804 2198; baseline 0.004 -24"><span class='ocrx_word' id='word_1_311' title='bbox 209 2133 318 2191; x_wconf 84' lang='lat' dir='ltr'><strong>per</strong></span> <span class='ocrx_word' id='word_1_312' title='bbox 336 2119 596 2177; x_wconf 80' lang='lat' dir='ltr'><strong>satellites</strong></span> <span class='ocrx_word' id='word_1_313' title='bbox 622 2136 749 2178; x_wconf 86' lang='lat' dir='ltr'><strong>suos</strong></span> <span class='ocrx_word' id='word_1_314' title='bbox 772 2121 888 2191; x_wconf 87' lang='lat' dir='ltr'><strong>ejus</strong></span> <span class='ocrx_word' id='word_1_315' title='bbox 908 2138 1130 2180; x_wconf 90' lang='lat' dir='ltr'><strong>carnem</strong></span> <span class='ocrx_word' id='word_1_316' title='bbox 1159 2125 1534 2195; x_wconf 84' lang='lat' dir='ltr'><strong>perimendam</strong></span> <span class='ocrx_word' id='word_1_317' title='bbox 1561 2126 1804 2198; x_wconf 88' lang='lat' dir='ltr'><strong>appetiit,</strong></span> 
     </span>
    </p>
   </div>
   <div class='ocr_carea' id='block_1_37' title="bbox 214 2210 1807 2288">
    <p class='ocr_par' dir='ltr' id='par_1_37' title="bbox 214 2210 1807 2288">
     <span class='ocr_line' id='line_1_37' title="bbox 214 2210 1807 2288; baseline 0.004 -22"><span class='ocrx_word' id='word_1_318' title='bbox 214 2210 275 2266; x_wconf 90' lang='lat' dir='ltr'><strong>in</strong></span> <span class='ocrx_word' id='word_1_319' title='bbox 305 2225 414 2280; x_wconf 90' lang='lat' dir='ltr'><strong>quo</strong></span> <span class='ocrx_word' id='word_1_320' title='bbox 437 2211 574 2266; x_wconf 86' lang='lat' dir='ltr'><strong>nihil</strong></span> <span class='ocrx_word' id='word_1_321' title='bbox 599 2227 664 2268; x_wconf 86' lang='lat' dir='ltr'><strong>ex</strong></span> <span class='ocrx_word' id='word_1_322' title='bbox 711 2212 883 2284; x_wconf 63' lang='lat' dir='ltr'><strong>culpae</strong></span> <span class='ocrx_word' id='word_1_323' title='bbox 911 2213 1092 2271; x_wconf 92' lang='lat' dir='ltr'><strong>debito</strong></span> <span class='ocrx_word' id='word_1_324' title='bbox 1123 2215 1347 2272; x_wconf 90' lang='lat' dir='ltr'><strong>invenit.</strong></span> <span class='ocrx_word' id='word_1_325' title='bbox 1378 2215 1638 2274; x_wconf 87' lang='lat' dir='ltr'><strong>Dominus</strong></span> <span class='ocrx_word' id='word_1_326' title='bbox 1677 2232 1807 2288; x_wconf 87' lang='lat' dir='ltr'><strong>ergo</strong></span> 
     </span>
    </p>
   </div>
   <div class='ocr_carea' id='block_1_38' title="bbox 213 2303 1806 2374">
    <p class='ocr_par' dir='ltr' id='par_1_38' title="bbox 213 2303 1806 2374">
     <span class='ocr_line' id='line_1_38' title="bbox 213 2303 1806 2374; baseline 0.004 -17"><span class='ocrx_word' id='word_1_327' title='bbox 213 2311 405 2358; x_wconf 86' lang='lat' dir='ltr'><strong>noster</strong></span> <span class='ocrx_word' id='word_1_328' title='bbox 429 2317 527 2374; x_wconf 87' lang='lat' dir='ltr'><strong>pro</strong></span> <span class='ocrx_word' id='word_1_329' title='bbox 555 2303 712 2359; x_wconf 91' lang='lat' dir='ltr'><strong>nobis</strong></span> <span class='ocrx_word' id='word_1_330' title='bbox 751 2314 980 2361; x_wconf 90' lang='lat' dir='ltr'><strong>mortem</strong></span> <span class='ocrx_word' id='word_1_331' title='bbox 1021 2307 1181 2362; x_wconf 90' lang='lat' dir='ltr'><strong>solvit</strong></span> <span class='ocrx_word' id='word_1_332' title='bbox 1206 2305 1532 2374; x_wconf 90' lang='lat' dir='ltr'><strong>indebitam,</strong></span> <span class='ocrx_word' id='word_1_333' title='bbox 1561 2316 1624 2364; x_wconf 89' lang='lat' dir='ltr'><strong>ut</strong></span> <span class='ocrx_word' id='word_1_334' title='bbox 1651 2309 1806 2364; x_wconf 89' lang='lat' dir='ltr'><strong>nobis</strong></span> 
     </span>
    </p>
   </div>
   <div class='ocr_carea' id='block_1_39' title="bbox 213 2396 1807 2458">
    <p class='ocr_par' dir='ltr' id='par_1_39' title="bbox 213 2396 1807 2458">
     <span class='ocr_line' id='line_1_39' title="bbox 213 2396 1807 2458; baseline 0.003 -5"><span class='ocrx_word' id='word_1_335' title='bbox 213 2410 364 2453; x_wconf 81' lang='lat' dir='ltr'><strong>mors</strong></span> <span class='ocrx_word' id='word_1_336' title='bbox 396 2396 574 2453; x_wconf 90' lang='lat' dir='ltr'><strong>debita</strong></span> <span class='ocrx_word' id='word_1_337' title='bbox 603 2413 710 2454; x_wconf 92' lang='lat' dir='ltr'><strong>non</strong></span> <span class='ocrx_word' id='word_1_338' title='bbox 750 2408 991 2455; x_wconf 90' lang='lat' dir='ltr'><strong>noceret.</strong></span> <span class='ocrx_word' id='word_1_339' title='bbox 1025 2418 1045 2452; x_wconf 74' lang='grc' dir='ltr'><strong><em>ι</em></strong></span> <span class='ocrx_word' id='word_1_340' title='bbox 1086 2399 1205 2457; x_wconf 93' lang='lat' dir='ltr'><strong>Non</strong></span> <span class='ocrx_word' id='word_1_341' title='bbox 1229 2401 1374 2456; x_wconf 90' lang='lat' dir='ltr'><strong>enim</strong></span> <span class='ocrx_word' id='word_1_342' title='bbox 1398 2401 1454 2456; x_wconf 93' lang='lat' dir='ltr'><strong>in</strong></span> <span class='ocrx_word' id='word_1_343' title='bbox 1481 2399 1807 2458; x_wconf 87' lang='lat' dir='ltr'><strong>manufactis</strong></span> 
     </span>
    </p>
   </div>
   <div class='ocr_carea' id='block_1_40' title="bbox 219 2487 1807 2564">
    <p class='ocr_par' dir='ltr' id='par_1_40' title="bbox 219 2487 1807 2564">
     <span class='ocr_line' id='line_1_40' title="bbox 219 2487 1807 2564; baseline 0.004 -22"><span class='ocrx_word' id='word_1_344' title='bbox 219 2507 242 2542; x_wconf 70' lang='grc' dir='ltr'>ς</span> <span class='ocrx_word' id='word_1_345' title='bbox 276 2489 482 2546; x_wconf 88' lang='lat' dir='ltr'><strong>sanctis</strong></span> <span class='ocrx_word' id='word_1_346' title='bbox 519 2487 679 2546; x_wconf 80' lang='lat' dir='ltr'><strong>Jesus</strong></span> <span class='ocrx_word' id='word_1_347' title='bbox 724 2489 946 2546; x_wconf 90' lang='lat' dir='ltr'><strong>intravit</strong></span> <span class='ocrx_word' id='word_1_348' title='bbox 970 2491 1301 2564; x_wconf 84' lang='lat' dir='ltr'><strong>exemplaria</strong></span> <span class='ocrx_word' id='word_1_349' title='bbox 1330 2492 1592 2559; x_wconf 88' lang='lat' dir='ltr'><strong>virorum,</strong></span> <span class='ocrx_word' id='word_1_350' title='bbox 1625 2493 1721 2549; x_wconf 89' lang='lat' dir='ltr'><strong>sed</strong></span> <span class='ocrx_word' id='word_1_351' title='bbox 1751 2493 1807 2548; x_wconf 93' lang='lat' dir='ltr'><strong>in</strong></span> 
     </span>
    </p>
   </div>
   <div class='ocr_carea' id='block_1_41' title="bbox 219 2579 1806 2654">
    <p class='ocr_par' dir='ltr' id='par_1_41' title="bbox 219 2579 1806 2654">
     <span class='ocr_line' id='line_1_41' title="bbox 219 2579 1806 2654; baseline 0.004 -22"><span class='ocrx_word' id='word_1_352' title='bbox 219 2598 242 2632; x_wconf 71' lang='grc' dir='ltr'>ι</span> <span class='ocrx_word' id='word_1_353' title='bbox 276 2579 454 2650; x_wconf 62' lang='grc' dir='ltr'>ᾢδιηῐι</span> <span class='ocrx_word' id='word_1_354' title='bbox 482 2579 706 2647; x_wconf 76' lang='grc' dir='ltr'><strong>οωιυω,</strong></span> <span class='ocrx_word' id='word_1_355' title='bbox 736 2591 796 2635; x_wconf 89' lang='lat' dir='ltr'><strong>ut</strong></span> <span class='ocrx_word' id='word_1_356' title='bbox 821 2589 1080 2653; x_wconf 90' lang='lat' dir='ltr'><strong>appareat</strong></span> <span class='ocrx_word' id='word_1_357' title='bbox 1099 2599 1240 2638; x_wconf 91' lang='lat' dir='ltr'><strong>nunc</strong></span> <span class='ocrx_word' id='word_1_358' title='bbox 1267 2582 1438 2638; x_wconf 89' lang='lat' dir='ltr'><strong>vultui</strong></span> <span class='ocrx_word' id='word_1_359' title='bbox 1467 2582 1564 2640; x_wconf 91' lang='lat' dir='ltr'><strong>Dei</strong></span> <span class='ocrx_word' id='word_1_360' title='bbox 1592 2598 1691 2654; x_wconf 92' lang='lat' dir='ltr'><strong>pro</strong></span> <span class='ocrx_word' id='word_1_361' title='bbox 1713 2599 1806 2638; x_wconf 87' lang='lat' dir='ltr'><strong>no-</strong></span> 
     </span>
    </p>
   </div>
   <div class='ocr_carea' id='block_1_42' title="bbox 221 2671 1810 2745">
    <p class='ocr_par' dir='ltr' id='par_1_42' title="bbox 221 2671 1810 2745">
     <span class='ocr_line' id='line_1_42' title="bbox 221 2671 1810 2745; baseline 0.003 -20"><span class='ocrx_word' id='word_1_362' title='bbox 221 2693 240 2725; x_wconf 78' lang='grc' dir='ltr'>ι</span> <span class='ocrx_word' id='word_1_363' title='bbox 279 2672 383 2728; x_wconf 88' lang='lat' dir='ltr'><strong>bis.</strong></span> <span class='ocrx_word' id='word_1_364' title='bbox 425 2691 444 2724; x_wconf 75' lang='grc' dir='ltr'><strong><em>ι</em></strong></span> <span class='ocrx_word' id='word_1_365' title='bbox 480 2671 690 2745; x_wconf 68' lang='lat' dir='ltr'><strong>(luam)</strong></span> <span class='ocrx_word' id='word_1_366' title='bbox 727 2673 850 2728; x_wconf 87' lang='lat' dir='ltr'><strong>Alta</strong></span> <span class='ocrx_word' id='word_1_367' title='bbox 881 2674 1168 2745; x_wconf 87' lang='lat' dir='ltr'><strong>sapiebant</strong></span> <span class='ocrx_word' id='word_1_368' title='bbox 1202 2672 1376 2730; x_wconf 67' lang='lat' dir='ltr'><strong>Judaai</strong></span> <span class='ocrx_word' id='word_1_369' title='bbox 1417 2675 1486 2730; x_wconf 89' lang='lat' dir='ltr'><strong>de</strong></span> <span class='ocrx_word' id='word_1_370' title='bbox 1527 2674 1727 2744; x_wconf 88' lang='lat' dir='ltr'><strong>templo</strong></span> <span class='ocrx_word' id='word_1_371' title='bbox 1752 2682 1810 2731; x_wconf 91' lang='lat' dir='ltr'><strong>et</strong></span> 
     </span>
    </p>
   </div>
   <div class='ocr_carea' id='block_1_43' title="bbox 214 2765 1809 2838">
    <p class='ocr_par' dir='ltr' id='par_1_43' title="bbox 214 2765 1809 2838">
     <span class='ocr_line' id='line_1_43' title="bbox 214 2765 1809 2838; baseline -0.001 -16"><span class='ocrx_word' id='word_1_372' title='bbox 214 2765 590 2833; x_wconf 85' lang='lat' dir='ltr'><strong>tabernaculo,</strong></span> <span class='ocrx_word' id='word_1_373' title='bbox 615 2775 837 2838; x_wconf 86' lang='lat' dir='ltr'><strong>propter</strong></span> <span class='ocrx_word' id='word_1_374' title='bbox 863 2767 1006 2838; x_wconf 90' lang='lat' dir='ltr'><strong>quod</strong></span> <span class='ocrx_word' id='word_1_375' title='bbox 1032 2767 1311 2824; x_wconf 89' lang='lat' dir='ltr'><strong>dicebant:</strong></span> <span class='ocrx_word' id='word_1_376' title='bbox 1347 2785 1366 2818; x_wconf 72' lang='grc' dir='ltr'>ι</span> <span class='ocrx_word' id='word_1_377' title='bbox 1399 2767 1682 2837; x_wconf 87' lang='lat' dir='ltr'><strong>Templum</strong></span> <span class='ocrx_word' id='word_1_378' title='bbox 1707 2767 1809 2822; x_wconf 90' lang='lat' dir='ltr'><strong>Do-</strong></span> 
     </span>
    </p>
   </div>
   <div class='ocr_carea' id='block_1_44' title="bbox 214 2858 1802 2933">
    <p class='ocr_par' dir='ltr' id='par_1_44' title="bbox 214 2858 1802 2933">
     <span class='ocr_line' id='line_1_44' title="bbox 214 2858 1802 2933; baseline 0.001 -19"><span class='ocrx_word' id='word_1_379' title='bbox 214 2858 373 2926; x_wconf 81' lang='lat' dir='ltr'><strong>mini,</strong></span> <span class='ocrx_word' id='word_1_380' title='bbox 405 2858 664 2932; x_wconf 89' lang='lat' dir='ltr'><strong>templum</strong></span> <span class='ocrx_word' id='word_1_381' title='bbox 690 2859 925 2926; x_wconf 89' lang='lat' dir='ltr'><strong>Domini,</strong></span> <span class='ocrx_word' id='word_1_382' title='bbox 947 2860 1210 2931; x_wconf 85' lang='lat' dir='ltr'><strong>templum</strong></span> <span class='ocrx_word' id='word_1_383' title='bbox 1235 2861 1448 2916; x_wconf 90' lang='lat' dir='ltr'><strong>Domini</strong></span> <span class='ocrx_word' id='word_1_384' title='bbox 1475 2859 1611 2932; x_wconf 81' lang='lat' dir='ltr'><strong>(Jer.</strong></span> <span class='ocrx_word' id='word_1_385' title='bbox 1631 2860 1748 2933; x_wconf 86' lang='lat' dir='ltr'><strong>vn).</strong></span> <span class='ocrx_word' id='word_1_386' title='bbox 1782 2881 1802 2915; x_wconf 79' lang='grc'><strong>»</strong></span> 
     </span>
    </p>
   </div>
   <div class='ocr_carea' id='block_1_45' title="bbox 214 2948 1809 3020">
    <p class='ocr_par' dir='ltr' id='par_1_45' title="bbox 214 2948 1809 3020">
     <span class='ocr_line' id='line_1_45' title="bbox 214 2948 1809 3020; baseline 0.003 -16"><span class='ocrx_word' id='word_1_387' title='bbox 214 2948 406 3020; x_wconf 85' lang='lat' dir='ltr'><strong>Neque</strong></span> <span class='ocrx_word' id='word_1_388' title='bbox 425 2951 572 3006; x_wconf 91' lang='lat' dir='ltr'><strong>enim</strong></span> <span class='ocrx_word' id='word_1_389' title='bbox 601 2951 730 3016; x_wconf 80' lang='lat' dir='ltr'><strong>alibi</strong></span> <span class='ocrx_word' id='word_1_390' title='bbox 753 2952 808 3006; x_wconf 92' lang='lat' dir='ltr'><strong>in</strong></span> <span class='ocrx_word' id='word_1_391' title='bbox 836 2961 980 3009; x_wconf 90' lang='lat' dir='ltr'><strong>terra</strong></span> <span class='ocrx_word' id='word_1_392' title='bbox 1002 2960 1376 3010; x_wconf 89' lang='lat' dir='ltr'><strong>constructum</strong></span> <span class='ocrx_word' id='word_1_393' title='bbox 1401 2962 1519 3010; x_wconf 91' lang='lat' dir='ltr'><strong>erat</strong></span> <span class='ocrx_word' id='word_1_394' title='bbox 1541 2953 1649 3009; x_wconf 91' lang='lat' dir='ltr'><strong>tale</strong></span> <span class='ocrx_word' id='word_1_395' title='bbox 1673 2963 1809 3009; x_wconf 91' lang='lat' dir='ltr'><strong>tem-</strong></span> 
     </span>
    </p>
   </div>
   <div class='ocr_carea' id='block_1_46' title="bbox 215 3043 1806 3119">
    <p class='ocr_par' dir='ltr' id='par_1_46' title="bbox 215 3043 1806 3119">
     <span class='ocr_line' id='line_1_46' title="bbox 215 3043 1806 3119; baseline 0.003 -20"><span class='ocrx_word' id='word_1_396' title='bbox 215 3043 392 3116; x_wconf 85' lang='lat' dir='ltr'><strong>plum,</strong></span> <span class='ocrx_word' id='word_1_397' title='bbox 423 3059 532 3100; x_wconf 91' lang='lat' dir='ltr'><strong>non</strong></span> <span class='ocrx_word' id='word_1_398' title='bbox 556 3045 847 3118; x_wconf 70' lang='lat' dir='ltr'><strong>opulentia:</strong></span> <span class='ocrx_word' id='word_1_399' title='bbox 867 3047 1058 3119; x_wconf 85' lang='lat' dir='ltr'><strong>gratia,</strong></span> <span class='ocrx_word' id='word_1_400' title='bbox 1092 3063 1201 3102; x_wconf 92' lang='lat' dir='ltr'><strong>non</strong></span> <span class='ocrx_word' id='word_1_401' title='bbox 1227 3047 1333 3104; x_wconf 91' lang='lat' dir='ltr'><strong>alia</strong></span> <span class='ocrx_word' id='word_1_402' title='bbox 1371 3062 1696 3118; x_wconf 87' lang='lat' dir='ltr'><strong>quacunque</strong></span> <span class='ocrx_word' id='word_1_403' title='bbox 1727 3063 1806 3104; x_wconf 88' lang='lat' dir='ltr'><strong>re.</strong></span> 
     </span>
    </p>
   </div>
   <div class='ocr_carea' id='block_1_47' title="bbox 218 3135 1811 3209">
    <p class='ocr_par' dir='ltr' id='par_1_47' title="bbox 218 3135 1811 3209">
     <span class='ocr_line' id='line_1_47' title="bbox 218 3135 1811 3209; baseline 0.002 -17"><span class='ocrx_word' id='word_1_404' title='bbox 218 3135 366 3192; x_wconf 87' lang='lat' dir='ltr'><strong>Deus</strong></span> <span class='ocrx_word' id='word_1_405' title='bbox 395 3137 541 3192; x_wconf 84' lang='lat' dir='ltr'><strong>enim</strong></span> <span class='ocrx_word' id='word_1_406' title='bbox 569 3137 660 3208; x_wconf 90' lang='lat' dir='ltr'><strong>qui</strong></span> <span class='ocrx_word' id='word_1_407' title='bbox 699 3137 1084 3209; x_wconf 82' lang='lat' dir='ltr'><strong>imperaverat,</strong></span> <span class='ocrx_word' id='word_1_408' title='bbox 1125 3138 1371 3195; x_wconf 89' lang='lat' dir='ltr'><strong>voluerat</strong></span> <span class='ocrx_word' id='word_1_409' title='bbox 1396 3138 1525 3195; x_wconf 91' lang='lat' dir='ltr'><strong>illud</strong></span> <span class='ocrx_word' id='word_1_410' title='bbox 1552 3155 1674 3194; x_wconf 91' lang='lat' dir='ltr'><strong>cum</strong></span> <span class='ocrx_word' id='word_1_411' title='bbox 1714 3141 1811 3195; x_wconf 87' lang='lat' dir='ltr'><strong>ho-</strong></span> 
     </span>
    </p>
   </div>
   <div class='ocr_carea' id='block_1_48' title="bbox 1908 1932 3501 2008">
    <p class='ocr_par' dir='ltr' id='par_1_48' title="bbox 1908 1932 3501 2008">
     <span class='ocr_line' id='line_1_48' title="bbox 1908 1932 3501 2008; baseline 0.004 -20"><span class='ocrx_word' id='word_1_412' title='bbox 1908 1932 2235 2004; x_wconf 71' lang='lat' dir='ltr'><strong>exe-plaria</strong></span> <span class='ocrx_word' id='word_1_413' title='bbox 2283 1935 2464 1989; x_wconf 88' lang='lat' dir='ltr'><strong>omnia</strong></span> <span class='ocrx_word' id='word_1_414' title='bbox 2496 1937 2821 2003; x_wconf 88' lang='lat' dir='ltr'><strong>nominans,</strong></span> <span class='ocrx_word' id='word_1_415' title='bbox 2858 1937 2974 1994; x_wconf 64' lang='lat' dir='ltr'><strong>haec</strong></span> <span class='ocrx_word' id='word_1_416' title='bbox 3003 1939 3166 1994; x_wconf 90' lang='lat' dir='ltr'><strong>etiam</strong></span> <span class='ocrx_word' id='word_1_417' title='bbox 3213 1955 3340 1995; x_wconf 91' lang='lat' dir='ltr'><strong>vera</strong></span> <span class='ocrx_word' id='word_1_418' title='bbox 3380 1955 3501 2008; x_wconf 76' lang='lat' dir='ltr'><strong>qua:</strong></span> 
     </span>
    </p>
   </div>
   <div class='ocr_carea' id='block_1_49' title="bbox 1909 2025 3502 2100">
    <p class='ocr_par' dir='ltr' id='par_1_49' title="bbox 1909 2025 3502 2100">
     <span class='ocr_line' id='line_1_49' title="bbox 1909 2025 3502 2100; baseline 0.002 -20"><span class='ocrx_word' id='word_1_419' title='bbox 1909 2025 2077 2080; x_wconf 88' lang='lat' dir='ltr'><strong>intrat</strong></span> <span class='ocrx_word' id='word_1_420' title='bbox 2121 2025 2398 2096; x_wconf 85' lang='lat' dir='ltr'><strong>pontifex;</strong></span> <span class='ocrx_word' id='word_1_421' title='bbox 2445 2025 2550 2083; x_wconf 91' lang='lat' dir='ltr'><strong>hoc</strong></span> <span class='ocrx_word' id='word_1_422' title='bbox 2598 2043 2731 2084; x_wconf 91' lang='lat' dir='ltr'><strong>vero</strong></span> <span class='ocrx_word' id='word_1_423' title='bbox 2775 2044 2942 2084; x_wconf 92' lang='lat' dir='ltr'><strong>unum</strong></span> <span class='ocrx_word' id='word_1_424' title='bbox 2992 2029 3254 2100; x_wconf 91' lang='lat' dir='ltr'><strong>templum</strong></span> <span class='ocrx_word' id='word_1_425' title='bbox 3297 2029 3400 2086; x_wconf 90' lang='lat' dir='ltr'><strong>fuit</strong></span> <span class='ocrx_word' id='word_1_426' title='bbox 3447 2030 3502 2084; x_wconf 90' lang='lat' dir='ltr'><strong>in</strong></span> 
     </span>
    </p>
   </div>
   <div class='ocr_carea' id='block_1_50' title="bbox 1910 2120 3504 2198">
    <p class='ocr_par' dir='ltr' id='par_1_50' title="bbox 1910 2120 3504 2198">
     <span class='ocr_line' id='line_1_50' title="bbox 1910 2120 3504 2198; baseline 0.004 -25"><span class='ocrx_word' id='word_1_427' title='bbox 1910 2127 2024 2174; x_wconf 92' lang='lat' dir='ltr'><strong>toto</strong></span> <span class='ocrx_word' id='word_1_428' title='bbox 2073 2120 2275 2175; x_wconf 87' lang='lat' dir='ltr'><strong>mundo</strong></span> <span class='ocrx_word' id='word_1_429' title='bbox 2334 2121 2732 2190; x_wconf 88' lang='lat' dir='ltr'><strong>venerabilius,</strong></span> <span class='ocrx_word' id='word_1_430' title='bbox 2783 2123 2852 2178; x_wconf 90' lang='lat' dir='ltr'><strong>ad</strong></span> <span class='ocrx_word' id='word_1_431' title='bbox 2903 2124 3046 2194; x_wconf 93' lang='lat' dir='ltr'><strong>quod</strong></span> <span class='ocrx_word' id='word_1_432' title='bbox 3082 2124 3336 2198; x_wconf 83' lang='lat' dir='ltr'><strong>undique</strong></span> <span class='ocrx_word' id='word_1_433' title='bbox 3380 2139 3504 2179; x_wconf 87' lang='lat' dir='ltr'><strong>con-</strong></span> 
     </span>
    </p>
   </div>
   <div class='ocr_carea' id='block_1_51' title="bbox 1908 2208 3498 2288">
    <p class='ocr_par' dir='ltr' id='par_1_51' title="bbox 1908 2208 3498 2288">
     <span class='ocr_line' id='line_1_51' title="bbox 1908 2208 3498 2288; baseline 0.005 -25"><span class='ocrx_word' id='word_1_434' title='bbox 1908 2208 2168 2275; x_wconf 81' lang='lat' dir='ltr'><strong>fluebant,</strong></span> <span class='ocrx_word' id='word_1_435' title='bbox 2210 2210 2350 2266; x_wconf 91' lang='lat' dir='ltr'><strong>sicut</strong></span> <span class='ocrx_word' id='word_1_436' title='bbox 2388 2212 2442 2266; x_wconf 91' lang='lat' dir='ltr'><strong>in</strong></span> <span class='ocrx_word' id='word_1_437' title='bbox 2480 2212 2704 2269; x_wconf 83' lang='lat' dir='ltr'><strong>Actibus</strong></span> <span class='ocrx_word' id='word_1_438' title='bbox 2744 2214 3112 2284; x_wconf 90' lang='lat' dir='ltr'><strong>apostolorum</strong></span> <span class='ocrx_word' id='word_1_439' title='bbox 3151 2215 3366 2288; x_wconf 88' lang='lat' dir='ltr'><strong>legitur,</strong></span> <span class='ocrx_word' id='word_1_440' title='bbox 3411 2216 3498 2272; x_wconf 91' lang='lat' dir='ltr'><strong>die</strong></span> 
     </span>
    </p>
   </div>
   <div class='ocr_carea' id='block_1_52' title="bbox 1909 2303 3502 2381">
    <p class='ocr_par' dir='ltr' id='par_1_52' title="bbox 1909 2303 3502 2381">
     <span class='ocr_line' id='line_1_52' title="bbox 1909 2303 3502 2381; baseline 0.005 -22"><span class='ocrx_word' id='word_1_441' title='bbox 1909 2313 2100 2360; x_wconf 89' lang='lat' dir='ltr'><strong>sancto</strong></span> <span class='ocrx_word' id='word_1_442' title='bbox 2135 2303 2520 2374; x_wconf 89' lang='lat' dir='ltr'><strong>Pentecostes,</strong></span> <span class='ocrx_word' id='word_1_443' title='bbox 2561 2310 2776 2378; x_wconf 91' lang='lat' dir='ltr'><strong>quando</strong></span> <span class='ocrx_word' id='word_1_444' title='bbox 2811 2310 3046 2381; x_wconf 90' lang='lat' dir='ltr'><strong>Spiritus</strong></span> <span class='ocrx_word' id='word_1_445' title='bbox 3084 2319 3309 2367; x_wconf 89' lang='lat' dir='ltr'><strong>sanctus</strong></span> <span class='ocrx_word' id='word_1_446' title='bbox 3345 2313 3502 2368; x_wconf 90' lang='lat' dir='ltr'><strong>datus</strong></span> 
     </span>
    </p>
   </div>
   <div class='ocr_carea' id='block_1_53' title="bbox 1908 2396 3495 2474">
    <p class='ocr_par' dir='ltr' id='par_1_53' title="bbox 1908 2396 3495 2474">
     <span class='ocr_line' id='line_1_53' title="bbox 1908 2396 3495 2474; baseline 0.006 -26"><span class='ocrx_word' id='word_1_447' title='bbox 1908 2402 2016 2462; x_wconf 67' lang='lat' dir='ltr'><strong>est.</strong></span> <span class='ocrx_word' id='word_1_448' title='bbox 2059 2396 2355 2464; x_wconf 88' lang='lat' dir='ltr'><strong>apostolis,</strong></span> <span class='ocrx_word' id='word_1_449' title='bbox 2417 2399 2473 2452; x_wconf 89' lang='lat' dir='ltr'><strong>in</strong></span> <span class='ocrx_word' id='word_1_450' title='bbox 2532 2399 2787 2456; x_wconf 90' lang='lat' dir='ltr'><strong>omnibus</strong></span> <span class='ocrx_word' id='word_1_451' title='bbox 2853 2401 3048 2473; x_wconf 84' lang='lat' dir='ltr'><strong>linguis</strong></span> <span class='ocrx_word' id='word_1_452' title='bbox 3102 2403 3448 2474; x_wconf 87' lang='lat' dir='ltr'><strong>loquentibus</strong></span> <span class='ocrx_word' id='word_1_453' title='bbox 3480 2445 3495 2468; x_wconf 88' lang='lat'><strong>,</strong></span> 
     </span>
    </p>
   </div>
   <div class='ocr_carea' id='block_1_54' title="bbox 1909 2488 3505 2562">
    <p class='ocr_par' dir='ltr' id='par_1_54' title="bbox 1909 2488 3505 2562">
     <span class='ocr_line' id='line_1_54' title="bbox 1909 2488 3505 2562; baseline 0.004 -20"><span class='ocrx_word' id='word_1_454' title='bbox 1909 2488 2218 2544; x_wconf 90' lang='lat' dir='ltr'><strong>constitisse</strong></span> <span class='ocrx_word' id='word_1_455' title='bbox 2272 2503 2341 2544; x_wconf 83' lang='lat' dir='ltr'><strong>ex</strong></span> <span class='ocrx_word' id='word_1_456' title='bbox 2403 2490 2632 2547; x_wconf 91' lang='lat' dir='ltr'><strong>diversis</strong></span> <span class='ocrx_word' id='word_1_457' title='bbox 2693 2493 2938 2562; x_wconf 88' lang='lat' dir='ltr'><strong>partibus</strong></span> <span class='ocrx_word' id='word_1_458' title='bbox 2996 2495 3219 2562; x_wconf 89' lang='lat' dir='ltr'><strong>mundi,</strong></span> <span class='ocrx_word' id='word_1_459' title='bbox 3288 2504 3343 2552; x_wconf 91' lang='lat' dir='ltr'><strong>ct</strong></span> <span class='ocrx_word' id='word_1_460' title='bbox 3390 2510 3505 2550; x_wconf 83' lang='lat' dir='ltr'><strong>coe-</strong></span> 
     </span>
    </p>
   </div>
   <div class='ocr_carea' id='block_1_55' title="bbox 1907 2582 3502 2646">
    <p class='ocr_par' dir='ltr' id='par_1_55' title="bbox 1907 2582 3502 2646">
     <span class='ocr_line' id='line_1_55' title="bbox 1907 2582 3502 2646; baseline 0.005 -8"><span class='ocrx_word' id='word_1_461' title='bbox 1907 2582 2045 2639; x_wconf 89' lang='lat' dir='ltr'><strong>Ieste</strong></span> <span class='ocrx_word' id='word_1_462' title='bbox 2083 2584 2298 2640; x_wconf 90' lang='lat' dir='ltr'><strong>audisse</strong></span> <span class='ocrx_word' id='word_1_463' title='bbox 2337 2585 2660 2642; x_wconf 88' lang='lat' dir='ltr'><strong>miraculum</strong></span> <span class='ocrx_word' id='word_1_464' title='bbox 2697 2595 2754 2643; x_wconf 90' lang='lat' dir='ltr'><strong>et</strong></span> <span class='ocrx_word' id='word_1_465' title='bbox 2791 2589 3012 2645; x_wconf 90' lang='lat' dir='ltr'><strong>vidisse.</strong></span> <span class='ocrx_word' id='word_1_466' title='bbox 3053 2588 3160 2646; x_wconf 92' lang='lat' dir='ltr'><strong>Sed</strong></span> <span class='ocrx_word' id='word_1_467' title='bbox 3200 2589 3328 2646; x_wconf 92' lang='lat' dir='ltr'><strong>huic</strong></span> <span class='ocrx_word' id='word_1_468' title='bbox 3364 2599 3502 2646; x_wconf 90' lang='lat' dir='ltr'><strong>tem-</strong></span> 
     </span>
    </p>
   </div>
   <div class='ocr_carea' id='block_1_56' title="bbox 1909 2675 3509 2747">
    <p class='ocr_par' dir='ltr' id='par_1_56' title="bbox 1909 2675 3509 2747">
     <span class='ocr_line' id='line_1_56' title="bbox 1909 2675 3509 2747; baseline 0.006 -19"><span class='ocrx_word' id='word_1_469' title='bbox 1909 2675 1999 2746; x_wconf 92' lang='lat' dir='ltr'><strong>plo</strong></span> <span class='ocrx_word' id='word_1_470' title='bbox 2054 2683 2228 2730; x_wconf 91' lang='lat' dir='ltr'><strong>totum</strong></span> <span class='ocrx_word' id='word_1_471' title='bbox 2281 2678 2532 2747; x_wconf 87' lang='lat' dir='ltr'><strong>opposuit</strong></span> <span class='ocrx_word' id='word_1_472' title='bbox 2580 2678 2777 2736; x_wconf 86' lang='lat' dir='ltr'><strong>coelum</strong></span> <span class='ocrx_word' id='word_1_473' title='bbox 2833 2680 3070 2746; x_wconf 87' lang='lat' dir='ltr'><strong>Paulus,</strong></span> <span class='ocrx_word' id='word_1_474' title='bbox 3126 2690 3324 2738; x_wconf 91' lang='lat' dir='ltr'><strong>etnon</strong></span> <span class='ocrx_word' id='word_1_475' title='bbox 3366 2683 3509 2738; x_wconf 89' lang='lat' dir='ltr'><strong>hanc</strong></span> 
     </span>
    </p>
   </div>
   <div class='ocr_carea' id='block_1_57' title="bbox 1910 2765 3505 2844">
    <p class='ocr_par' dir='ltr' id='par_1_57' title="bbox 1910 2765 3505 2844">
     <span class='ocr_line' id='line_1_57' title="bbox 1910 2765 3505 2844; baseline 0.005 -24"><span class='ocrx_word' id='word_1_476' title='bbox 1910 2767 2080 2821; x_wconf 89' lang='lat' dir='ltr'><strong>solam</strong></span> <span class='ocrx_word' id='word_1_477' title='bbox 2120 2765 2479 2823; x_wconf 69' lang='lat' dir='ltr'><strong>differentiam</strong></span> <span class='ocrx_word' id='word_1_478' title='bbox 2518 2771 2792 2835; x_wconf 88' lang='lat' dir='ltr'><strong>ostendit,</strong></span> <span class='ocrx_word' id='word_1_479' title='bbox 2848 2773 2943 2828; x_wconf 91' lang='lat' dir='ltr'><strong>sed</strong></span> <span class='ocrx_word' id='word_1_480' title='bbox 2988 2773 3155 2828; x_wconf 90' lang='lat' dir='ltr'><strong>etiam</strong></span> <span class='ocrx_word' id='word_1_481' title='bbox 3193 2773 3505 2844; x_wconf 83' lang='lat' dir='ltr'><strong>pontiﬁcem</strong></span> 
     </span>
    </p>
   </div>
   <div class='ocr_carea' id='block_1_58' title="bbox 1911 2847 3506 2930">
    <p class='ocr_par' dir='ltr' id='par_1_58' title="bbox 1911 2847 3506 2930">
     <span class='ocr_line' id='line_1_58' title="bbox 1911 2847 3506 2930; baseline 0.006 -19"><span class='ocrx_word' id='word_1_482' title='bbox 1911 2873 2204 2930; x_wconf 90' lang='lat' dir='ltr'><strong>magnum,</strong></span> <span class='ocrx_word' id='word_1_483' title='bbox 2257 2847 2318 2913; x_wconf 83' lang='lat' dir='ltr'><strong>ut</strong></span> <span class='ocrx_word' id='word_1_484' title='bbox 2354 2861 2575 2916; x_wconf 88' lang='lat' dir='ltr'><strong>assistat</strong></span> <span class='ocrx_word' id='word_1_485' title='bbox 2627 2862 2794 2918; x_wconf 89' lang='lat' dir='ltr'><strong>vultui</strong></span> <span class='ocrx_word' id='word_1_486' title='bbox 2844 2863 2960 2918; x_wconf 89' lang='lat' dir='ltr'><strong>Dei.</strong></span> <span class='ocrx_word' id='word_1_487' title='bbox 2998 2863 3233 2921; x_wconf 85' lang='lat' dir='ltr'><strong>Proinde</strong></span> <span class='ocrx_word' id='word_1_488' title='bbox 3281 2882 3387 2922; x_wconf 92' lang='lat' dir='ltr'><strong>non</strong></span> <span class='ocrx_word' id='word_1_489' title='bbox 3440 2883 3506 2921; x_wconf 81' lang='lat' dir='ltr'><strong>ex</strong></span> 
     </span>
    </p>
   </div>
   <div class='ocr_carea' id='block_1_59' title="bbox 1913 2949 3510 3026">
    <p class='ocr_par' dir='ltr' id='par_1_59' title="bbox 1913 2949 3510 3026">
     <span class='ocr_line' id='line_1_59' title="bbox 1913 2949 3510 3026; baseline 0.006 -23"><span class='ocrx_word' id='word_1_490' title='bbox 1913 2949 2053 3005; x_wconf 68' lang='lat' dir='ltr'><strong>coelo</strong></span> <span class='ocrx_word' id='word_1_491' title='bbox 2085 2957 2314 3016; x_wconf 90' lang='lat' dir='ltr'><strong>tantum,</strong></span> <span class='ocrx_word' id='word_1_492' title='bbox 2349 2952 2442 3007; x_wconf 90' lang='lat' dir='ltr'><strong>sed</strong></span> <span class='ocrx_word' id='word_1_493' title='bbox 2471 2953 2637 3008; x_wconf 90' lang='lat' dir='ltr'><strong>etiam</strong></span> <span class='ocrx_word' id='word_1_494' title='bbox 2669 2967 2736 3008; x_wconf 89' lang='lat' dir='ltr'><strong>ex</strong></span> <span class='ocrx_word' id='word_1_495' title='bbox 2779 2953 3024 3026; x_wconf 86' lang='lat' dir='ltr'><strong>ingressu</strong></span> <span class='ocrx_word' id='word_1_496' title='bbox 3067 2971 3182 3011; x_wconf 91' lang='lat' dir='ltr'><strong>rem</strong></span> <span class='ocrx_word' id='word_1_497' title='bbox 3227 2959 3510 3012; x_wconf 87' lang='lat' dir='ltr'><strong>venerabi-</strong></span> 
     </span>
    </p>
   </div>
   <div class='ocr_carea' id='block_1_60' title="bbox 1913 3042 3510 3125">
    <p class='ocr_par' dir='ltr' id='par_1_60' title="bbox 1913 3042 3510 3125">
     <span class='ocr_line' id='line_1_60' title="bbox 1913 3042 3510 3125; baseline 0.007 -29"><span class='ocrx_word' id='word_1_498' title='bbox 1913 3042 2101 3099; x_wconf 90' lang='lat' dir='ltr'><strong>Iiorem</strong></span> <span class='ocrx_word' id='word_1_499' title='bbox 2154 3043 2301 3125; x_wconf 77' lang='lat' dir='ltr'><strong>facit.</strong></span> <span class='ocrx_word' id='word_1_500' title='bbox 2351 3043 2465 3100; x_wconf 93' lang='lat' dir='ltr'><strong>Non</strong></span> <span class='ocrx_word' id='word_1_501' title='bbox 2515 3046 2659 3100; x_wconf 91' lang='lat' dir='ltr'><strong>enim</strong></span> <span class='ocrx_word' id='word_1_502' title='bbox 2691 3047 3043 3117; x_wconf 86' lang='lat' dir='ltr'><strong>simpliciter,</strong></span> <span class='ocrx_word' id='word_1_503' title='bbox 3082 3050 3224 3104; x_wconf 90' lang='lat' dir='ltr'><strong>sicut</strong></span> <span class='ocrx_word' id='word_1_504' title='bbox 3270 3051 3359 3106; x_wconf 91' lang='lat' dir='ltr'><strong>hic</strong></span> <span class='ocrx_word' id='word_1_505' title='bbox 3411 3067 3510 3120; x_wconf 89' lang='lat' dir='ltr'><strong>per</strong></span> 
     </span>
    </p>
   </div>
   <div class='ocr_carea' id='block_1_61' title="bbox 1917 3137 3508 3213">
    <p class='ocr_par' dir='ltr' id='par_1_61' title="bbox 1917 3137 3508 3213">
     <span class='ocr_line' id='line_1_61' title="bbox 1917 3137 3508 3213; baseline 0.004 -21"><span class='ocrx_word' id='word_1_506' title='bbox 1917 3137 2068 3209; x_wconf 91' lang='lat' dir='ltr'><strong>signa</strong></span> <span class='ocrx_word' id='word_1_507' title='bbox 2099 3138 2368 3209; x_wconf 65' lang='lat' dir='ltr'><strong>quaedam,</strong></span> <span class='ocrx_word' id='word_1_508' title='bbox 2415 3139 2508 3194; x_wconf 87' lang='lat' dir='ltr'><strong>sed</strong></span> <span class='ocrx_word' id='word_1_509' title='bbox 2552 3139 2652 3210; x_wconf 89' lang='lat' dir='ltr'><strong>ipsi</strong></span> <span class='ocrx_word' id='word_1_510' title='bbox 2695 3140 2806 3196; x_wconf 87' lang='lat' dir='ltr'><strong>Deo</strong></span> <span class='ocrx_word' id='word_1_511' title='bbox 2835 3142 3071 3209; x_wconf 88' lang='lat' dir='ltr'><strong>assistit,</strong></span> <span class='ocrx_word' id='word_1_512' title='bbox 3096 3157 3313 3213; x_wconf 90' lang='lat' dir='ltr'><strong>semper</strong></span> <span class='ocrx_word' id='word_1_513' title='bbox 3355 3144 3508 3199; x_wconf 88' lang='lat' dir='ltr'><strong>vivus</strong></span> 
     </span>
    </p>
   </div>
   <div class='ocr_carea' id='block_1_62' title="bbox 219 3206 3510 3306">
    <p class='ocr_par' dir='ltr' id='par_1_62' title="bbox 219 3206 3510 3306">
     <span class='ocr_line' id='line_1_62' title="bbox 219 3206 3510 3306; baseline 0.002 -23"><span class='ocrx_word' id='word_1_514' title='bbox 219 3234 563 3283; x_wconf 87' lang='lat' dir='ltr'><strong>nestamento</strong></span> <span class='ocrx_word' id='word_1_515' title='bbox 589 3206 793 3284; x_wconf 27' lang='lat' dir='ltr'><strong>vmulto‘</strong></span> <span class='ocrx_word' id='word_1_516' title='bbox 834 3229 982 3298; x_wconf 86' lang='lat' dir='ltr'><strong>fieri,</strong></span> <span class='ocrx_word' id='word_1_517' title='bbox 1041 3231 1171 3302; x_wconf 92' lang='lat' dir='ltr'><strong>quia</strong></span> <span class='ocrx_word' id='word_1_518' title='bbox 1214 3239 1270 3287; x_wconf 93' lang='lat' dir='ltr'><strong>et</strong></span> <span class='ocrx_word' id='word_1_519' title='bbox 1316 3231 1390 3288; x_wconf 91' lang='lat' dir='ltr'><strong>illi</strong></span> <span class='ocrx_word' id='word_1_520' title='bbox 1441 3231 1814 3303; x_wconf 89' lang='lat' dir='ltr'><strong>corporalibus</strong></span> <span class='ocrx_word' id='word_1_521' title='bbox 1839 3206 1887 3270; x_wconf 62' lang='grc' dir='ltr'><strong>(ἶ</strong></span> <span class='ocrx_word' id='word_1_522' title='bbox 1920 3206 1991 3282; x_wconf 82' lang='lat' dir='ltr'><strong>ad</strong></span> <span class='ocrx_word' id='word_1_523' title='bbox 2019 3206 2472 3300; x_wconf 77' lang='lat' dir='ltr'><strong>interpellandum</strong></span> <span class='ocrx_word' id='word_1_524' title='bbox 2494 3206 2593 3302; x_wconf 83' lang='lat' dir='ltr'><strong>pro</strong></span> <span class='ocrx_word' id='word_1_525' title='bbox 2614 3231 2789 3288; x_wconf 90' lang='lat' dir='ltr'><strong>nobis.</strong></span> <span class='ocrx_word' id='word_1_526' title='bbox 2817 3232 3026 3305; x_wconf 76' lang='grc' dir='ltr'><strong>(Ιοαη.)</strong></span> <span class='ocrx_word' id='word_1_527' title='bbox 3049 3206 3265 3290; x_wconf 74' lang='lat' dir='ltr'><strong>Intuere</strong></span> <span class='ocrx_word' id='word_1_528' title='bbox 3292 3248 3510 3306; x_wconf 68' lang='lat' dir='ltr'><strong>quantae</strong></span> 
     </span>
    </p>
   </div>
   <div class='ocr_carea' id='block_1_63' title="bbox 218 3321 1817 3396">
    <p class='ocr_par' dir='ltr' id='par_1_63' title="bbox 218 3321 1817 3396">
     <span class='ocr_line' id='line_1_63' title="bbox 218 3321 1817 3396; baseline 0.007 -21"><span class='ocrx_word' id='word_1_529' title='bbox 218 3321 396 3392; x_wconf 86' lang='lat' dir='ltr'><strong>magis</strong></span> <span class='ocrx_word' id='word_1_530' title='bbox 425 3321 840 3379; x_wconf 91' lang='lat' dir='ltr'><strong>attrahebantur</strong></span> <span class='ocrx_word' id='word_1_531' title='bbox 862 3331 919 3380; x_wconf 91' lang='lat' dir='ltr'><strong>et</strong></span> <span class='ocrx_word' id='word_1_532' title='bbox 937 3323 1335 3381; x_wconf 89' lang='lat' dir='ltr'><strong>alliciebantur.</strong></span> <span class='ocrx_word' id='word_1_533' title='bbox 1362 3325 1588 3382; x_wconf 90' lang='lat' dir='ltr'><strong>Lateres</strong></span> <span class='ocrx_word' id='word_1_534' title='bbox 1617 3326 1817 3396; x_wconf 69' lang='lat' dir='ltr'><strong>quippe</strong></span> 
     </span>
    </p>
   </div>
   <div class='ocr_carea' id='block_1_64' title="bbox 220 3414 1818 3491">
    <p class='ocr_par' dir='ltr' id='par_1_64' title="bbox 220 3414 1818 3491">
     <span class='ocr_line' id='line_1_64' title="bbox 220 3414 1818 3491; baseline 0.006 -21"><span class='ocrx_word' id='word_1_535' title='bbox 220 3414 461 3471; x_wconf 88' lang='lat' dir='ltr'><strong>habebat</strong></span> <span class='ocrx_word' id='word_1_536' title='bbox 484 3429 681 3471; x_wconf 89' lang='lat' dir='ltr'><strong>aureos</strong></span> <span class='ocrx_word' id='word_1_537' title='bbox 704 3415 762 3471; x_wconf 86' lang='lat' dir='ltr'><strong>in</strong></span> <span class='ocrx_word' id='word_1_538' title='bbox 789 3417 1109 3487; x_wconf 90' lang='lat' dir='ltr'><strong>parietibus,</strong></span> <span class='ocrx_word' id='word_1_539' title='bbox 1136 3426 1192 3474; x_wconf 92' lang='lat' dir='ltr'><strong>et</strong></span> <span class='ocrx_word' id='word_1_540' title='bbox 1231 3418 1358 3476; x_wconf 90' lang='lat' dir='ltr'><strong>licet</strong></span> <span class='ocrx_word' id='word_1_541' title='bbox 1391 3420 1685 3491; x_wconf 89' lang='lat' dir='ltr'><strong>unicuique</strong></span> <span class='ocrx_word' id='word_1_542' title='bbox 1724 3439 1818 3480; x_wconf 80' lang='lat' dir='ltr'><strong>vo-</strong></span> 
     </span>
    </p>
   </div>
   <div class='ocr_carea' id='block_1_65' title="bbox 221 3507 1818 3582">
    <p class='ocr_par' dir='ltr' id='par_1_65' title="bbox 221 3507 1818 3582">
     <span class='ocr_line' id='line_1_65' title="bbox 221 3507 1818 3582; baseline 0.006 -18"><span class='ocrx_word' id='word_1_543' title='bbox 221 3507 357 3564; x_wconf 81' lang='lat' dir='ltr'><strong>lenti</strong></span> <span class='ocrx_word' id='word_1_544' title='bbox 385 3507 440 3562; x_wconf 92' lang='lat' dir='ltr'><strong>in</strong></span> <span class='ocrx_word' id='word_1_545' title='bbox 471 3509 710 3564; x_wconf 88' lang='lat' dir='ltr'><strong>secundo</strong></span> <span class='ocrx_word' id='word_1_546' title='bbox 737 3508 878 3566; x_wconf 91' lang='lat' dir='ltr'><strong>libro</strong></span> <span class='ocrx_word' id='word_1_547' title='bbox 892 3509 1198 3582; x_wconf 80' lang='lat' dir='ltr'><strong>Regnorum</strong></span> <span class='ocrx_word' id='word_1_548' title='bbox 1229 3520 1286 3568; x_wconf 90' lang='lat' dir='ltr'><strong>et</strong></span> <span class='ocrx_word' id='word_1_549' title='bbox 1315 3512 1370 3567; x_wconf 91' lang='lat' dir='ltr'><strong>in</strong></span> <span class='ocrx_word' id='word_1_550' title='bbox 1403 3513 1685 3570; x_wconf 85' lang='lat' dir='ltr'><strong>Ezechiele</strong></span> <span class='ocrx_word' id='word_1_551' title='bbox 1713 3517 1818 3573; x_wconf 89' lang='lat' dir='ltr'><strong>hoc</strong></span> 
     </span>
    </p>
   </div>
   <div class='ocr_carea' id='block_1_66' title="bbox 223 3604 1819 3676">
    <p class='ocr_par' dir='ltr' id='par_1_66' title="bbox 223 3604 1819 3676">
     <span class='ocr_line' id='line_1_66' title="bbox 223 3604 1819 3676; baseline 0.002 -17"><span class='ocrx_word' id='word_1_552' title='bbox 223 3615 574 3672; x_wconf 76' lang='lat' dir='ltr'><strong>cognoscere,</strong></span> <span class='ocrx_word' id='word_1_553' title='bbox 589 3609 857 3674; x_wconf 89' lang='lat' dir='ltr'><strong>etquanta</strong></span> <span class='ocrx_word' id='word_1_554' title='bbox 875 3605 995 3659; x_wconf 87' lang='lat' dir='ltr'><strong>auri</strong></span> <span class='ocrx_word' id='word_1_555' title='bbox 1017 3604 1216 3660; x_wconf 78' lang='lat' dir='ltr'><strong>talenta</strong></span> <span class='ocrx_word' id='word_1_556' title='bbox 1236 3619 1477 3676; x_wconf 89' lang='lat' dir='ltr'><strong>expensa</strong></span> <span class='ocrx_word' id='word_1_557' title='bbox 1502 3614 1630 3661; x_wconf 90' lang='lat' dir='ltr'><strong>sunt</strong></span> <span class='ocrx_word' id='word_1_558' title='bbox 1649 3606 1702 3661; x_wconf 90' lang='lat' dir='ltr'><strong>in</strong></span> <span class='ocrx_word' id='word_1_559' title='bbox 1726 3606 1819 3665; x_wconf 88' lang='lat' dir='ltr'><strong>illo</strong></span> 
     </span>
    </p>
   </div>
   <div class='ocr_carea' id='block_1_67' title="bbox 221 3692 1818 3762">
    <p class='ocr_par' dir='ltr' id='par_1_67' title="bbox 221 3692 1818 3762">
     <span class='ocr_line' id='line_1_67' title="bbox 221 3692 1818 3762; baseline 0.005 -14"><span class='ocrx_word' id='word_1_560' title='bbox 221 3702 489 3762; x_wconf 71' lang='lat' dir='ltr'><strong>tempore.</strong></span> <span class='ocrx_word' id='word_1_561' title='bbox 540 3692 850 3749; x_wconf 90' lang='lat' dir='ltr'><strong>Secundum</strong></span> <span class='ocrx_word' id='word_1_562' title='bbox 890 3709 1021 3750; x_wconf 90' lang='lat' dir='ltr'><strong>vero</strong></span> <span class='ocrx_word' id='word_1_563' title='bbox 1054 3696 1342 3751; x_wconf 62' lang='lat' dir='ltr'><strong>aedilicium</strong></span> <span class='ocrx_word' id='word_1_564' title='bbox 1374 3697 1576 3754; x_wconf 89' lang='lat' dir='ltr'><strong>clarius</strong></span> <span class='ocrx_word' id='word_1_565' title='bbox 1615 3699 1818 3756; x_wconf 91' lang='lat' dir='ltr'><strong>factum</strong></span> 
     </span>
    </p>
   </div>
   <div class='ocr_carea' id='block_1_68' title="bbox 222 3785 1818 3856">
    <p class='ocr_par' dir='ltr' id='par_1_68' title="bbox 222 3785 1818 3856">
     <span class='ocr_line' id='line_1_68' title="bbox 222 3785 1818 3856; baseline 0.004 -16"><span class='ocrx_word' id='word_1_566' title='bbox 222 3792 337 3849; x_wconf 87' lang='lat' dir='ltr'><strong>est,</strong></span> <span class='ocrx_word' id='word_1_567' title='bbox 366 3791 422 3839; x_wconf 91' lang='lat' dir='ltr'><strong>et</strong></span> <span class='ocrx_word' id='word_1_568' title='bbox 447 3800 503 3838; x_wconf 80' lang='lat' dir='ltr'><strong>in</strong></span> <span class='ocrx_word' id='word_1_569' title='bbox 540 3785 972 3856; x_wconf 88' lang='lat' dir='ltr'><strong>pulchritudine,</strong></span> <span class='ocrx_word' id='word_1_570' title='bbox 1005 3795 1063 3842; x_wconf 91' lang='lat' dir='ltr'><strong>et</strong></span> <span class='ocrx_word' id='word_1_571' title='bbox 1091 3787 1146 3841; x_wconf 93' lang='lat' dir='ltr'><strong>in</strong></span> <span class='ocrx_word' id='word_1_572' title='bbox 1173 3787 1296 3844; x_wconf 90' lang='lat' dir='ltr'><strong>aliis</strong></span> <span class='ocrx_word' id='word_1_573' title='bbox 1323 3790 1595 3845; x_wconf 90' lang='lat' dir='ltr'><strong>omnibus.</strong></span> <span class='ocrx_word' id='word_1_574' title='bbox 1614 3791 1682 3846; x_wconf 88' lang='lat' dir='ltr'><strong>Et</strong></span> <span class='ocrx_word' id='word_1_575' title='bbox 1708 3805 1818 3847; x_wconf 89' lang='lat' dir='ltr'><strong>non</strong></span> 
     </span>
    </p>
   </div>
   <div class='ocr_carea' id='block_1_69' title="bbox 223 3876 1819 3952">
    <p class='ocr_par' dir='ltr' id='par_1_69' title="bbox 223 3876 1819 3952">
     <span class='ocr_line' id='line_1_69' title="bbox 223 3876 1819 3952; baseline 0.006 -22"><span class='ocrx_word' id='word_1_576' title='bbox 223 3890 293 3931; x_wconf 89' lang='lat' dir='ltr'><strong>ex</strong></span> <span class='ocrx_word' id='word_1_577' title='bbox 326 3876 427 3932; x_wconf 91' lang='lat' dir='ltr'><strong>hoc</strong></span> <span class='ocrx_word' id='word_1_578' title='bbox 451 3876 626 3933; x_wconf 91' lang='lat' dir='ltr'><strong>solum</strong></span> <span class='ocrx_word' id='word_1_579' title='bbox 647 3885 770 3934; x_wconf 89' lang='lat' dir='ltr'><strong>erat</strong></span> <span class='ocrx_word' id='word_1_580' title='bbox 794 3879 1125 3946; x_wconf 89' lang='lat' dir='ltr'><strong>venerabile,</strong></span> <span class='ocrx_word' id='word_1_581' title='bbox 1149 3881 1244 3935; x_wconf 90' lang='lat' dir='ltr'><strong>sed</strong></span> <span class='ocrx_word' id='word_1_582' title='bbox 1264 3881 1429 3935; x_wconf 90' lang='lat' dir='ltr'><strong>etiam</strong></span> <span class='ocrx_word' id='word_1_583' title='bbox 1444 3921 1459 3947; x_wconf 93' lang='lat'><strong>,</strong></span> <span class='ocrx_word' id='word_1_584' title='bbox 1480 3883 1625 3952; x_wconf 91' lang='lat' dir='ltr'><strong>quod</strong></span> <span class='ocrx_word' id='word_1_585' title='bbox 1653 3900 1819 3940; x_wconf 91' lang='lat' dir='ltr'><strong>unum</strong></span> 
     </span>
    </p>
   </div>
   <div class='ocr_carea' id='block_1_70' title="bbox 223 3971 1819 4046">
    <p class='ocr_par' dir='ltr' id='par_1_70' title="bbox 223 3971 1819 4046">
     <span class='ocr_line' id='line_1_70' title="bbox 223 3971 1819 4046; baseline 0.003 -18"><span class='ocrx_word' id='word_1_586' title='bbox 223 3980 366 4028; x_wconf 88' lang='lat' dir='ltr'><strong>erat.</strong></span> <span class='ocrx_word' id='word_1_587' title='bbox 397 3971 600 4030; x_wconf 89' lang='lat' dir='ltr'><strong>Omnes</strong></span> <span class='ocrx_word' id='word_1_588' title='bbox 628 3973 826 4045; x_wconf 90' lang='lat' dir='ltr'><strong>quippe</strong></span> <span class='ocrx_word' id='word_1_589' title='bbox 861 3989 892 4028; x_wconf 87' lang='lat' dir='ltr'><strong>a</strong></span> <span class='ocrx_word' id='word_1_590' title='bbox 917 3973 1118 4030; x_wconf 84' lang='lat' dir='ltr'><strong>ﬁnibus</strong></span> <span class='ocrx_word' id='word_1_591' title='bbox 1149 3983 1313 4030; x_wconf 64' lang='lat' dir='ltr'><strong>terrae</strong></span> <span class='ocrx_word' id='word_1_592' title='bbox 1352 3975 1480 4032; x_wconf 91' lang='lat' dir='ltr'><strong>illuc</strong></span> <span class='ocrx_word' id='word_1_593' title='bbox 1506 3977 1819 4046; x_wconf 88' lang='lat' dir='ltr'><strong>veniebant,</strong></span> 
     </span>
    </p>
   </div>
   <div class='ocr_carea' id='block_1_71' title="bbox 225 4067 1822 4140">
    <p class='ocr_par' dir='ltr' id='par_1_71' title="bbox 225 4067 1822 4140">
     <span class='ocr_line' id='line_1_71' title="bbox 225 4067 1822 4140; baseline 0.001 -16"><span class='ocrx_word' id='word_1_594' title='bbox 225 4068 343 4124; x_wconf 86' lang='lat' dir='ltr'><strong>sive</strong></span> <span class='ocrx_word' id='word_1_595' title='bbox 371 4082 438 4122; x_wconf 89' lang='lat' dir='ltr'><strong>ex</strong></span> <span class='ocrx_word' id='word_1_596' title='bbox 466 4067 793 4140; x_wconf 88' lang='lat' dir='ltr'><strong>Babylonia,</strong></span> <span class='ocrx_word' id='word_1_597' title='bbox 819 4067 932 4124; x_wconf 90' lang='lat' dir='ltr'><strong>sive</strong></span> <span class='ocrx_word' id='word_1_598' title='bbox 959 4068 1026 4123; x_wconf 91' lang='lat' dir='ltr'><strong>ab</strong></span> <span class='ocrx_word' id='word_1_599' title='bbox 1053 4067 1330 4140; x_wconf 71' lang='lat' dir='ltr'><strong>.Ethiopia</strong></span> <span class='ocrx_word' id='word_1_600' title='bbox 1355 4087 1369 4124; x_wconf 88' lang='lat'>:</span> <span class='ocrx_word' id='word_1_601' title='bbox 1410 4068 1479 4123; x_wconf 86' lang='lat' dir='ltr'><strong>Et</strong></span> <span class='ocrx_word' id='word_1_602' title='bbox 1507 4069 1610 4125; x_wconf 90' lang='lat' dir='ltr'><strong>hoc</strong></span> <span class='ocrx_word' id='word_1_603' title='bbox 1651 4070 1822 4125; x_wconf 90' lang='lat' dir='ltr'><strong>mani-</strong></span> 
     </span>
    </p>
   </div>
   <div class='ocr_carea' id='block_1_72' title="bbox 226 4156 1824 4218">
    <p class='ocr_par' dir='ltr' id='par_1_72' title="bbox 226 4156 1824 4218">
     <span class='ocr_line' id='line_1_72' title="bbox 226 4156 1824 4218; baseline 0.001 -4"><span class='ocrx_word' id='word_1_604' title='bbox 226 4157 436 4214; x_wconf 82' lang='lat' dir='ltr'><strong>festans</strong></span> <span class='ocrx_word' id='word_1_605' title='bbox 462 4156 640 4214; x_wconf 89' lang='lat' dir='ltr'><strong>Lucas</strong></span> <span class='ocrx_word' id='word_1_606' title='bbox 669 4157 726 4212; x_wconf 90' lang='lat' dir='ltr'><strong>in</strong></span> <span class='ocrx_word' id='word_1_607' title='bbox 753 4157 981 4214; x_wconf 73' lang='lat' dir='ltr'><strong>Actibus</strong></span> <span class='ocrx_word' id='word_1_608' title='bbox 1011 4159 1248 4216; x_wconf 89' lang='lat' dir='ltr'><strong>dicebat.</strong></span> <span class='ocrx_word' id='word_1_609' title='bbox 1284 4178 1303 4212; x_wconf 75' lang='grc' dir='ltr'>ι</span> <span class='ocrx_word' id='word_1_610' title='bbox 1333 4159 1506 4216; x_wconf 87' lang='lat' dir='ltr'><strong>Erant</strong></span> <span class='ocrx_word' id='word_1_611' title='bbox 1534 4160 1642 4217; x_wconf 87' lang='lat' dir='ltr'><strong>illic</strong></span> <span class='ocrx_word' id='word_1_612' title='bbox 1669 4160 1824 4218; x_wconf 88' lang='lat' dir='ltr'><strong>habi-</strong></span> 
     </span>
    </p>
   </div>
   <div class='ocr_carea' id='block_1_73' title="bbox 225 4247 1826 4324">
    <p class='ocr_par' dir='ltr' id='par_1_73' title="bbox 225 4247 1826 4324">
     <span class='ocr_line' id='line_1_73' title="bbox 225 4247 1826 4324; baseline 0.002 -19"><span class='ocrx_word' id='word_1_613' title='bbox 225 4259 408 4305; x_wconf 86' lang='lat' dir='ltr'><strong>tantes</strong></span> <span class='ocrx_word' id='word_1_614' title='bbox 448 4247 663 4316; x_wconf 87' lang='lat' dir='ltr'><strong>Parthi,</strong></span> <span class='ocrx_word' id='word_1_615' title='bbox 702 4256 760 4306; x_wconf 90' lang='lat' dir='ltr'><strong>et</strong></span> <span class='ocrx_word' id='word_1_616' title='bbox 795 4248 970 4317; x_wconf 84' lang='lat' dir='ltr'><strong>Medi,</strong></span> <span class='ocrx_word' id='word_1_617' title='bbox 1014 4259 1070 4306; x_wconf 93' lang='lat' dir='ltr'><strong>et</strong></span> <span class='ocrx_word' id='word_1_618' title='bbox 1102 4250 1371 4320; x_wconf 71' lang='lat' dir='ltr'><strong>Elamitaa,</strong></span> <span class='ocrx_word' id='word_1_619' title='bbox 1400 4260 1458 4308; x_wconf 85' lang='lat' dir='ltr'><strong>et</strong></span> <span class='ocrx_word' id='word_1_620' title='bbox 1487 4253 1578 4324; x_wconf 89' lang='lat' dir='ltr'><strong>qui</strong></span> <span class='ocrx_word' id='word_1_621' title='bbox 1613 4253 1826 4309; x_wconf 89' lang='lat' dir='ltr'><strong>habita-</strong></span> 
     </span>
    </p>
   </div>
   <div class='ocr_carea' id='block_1_74' title="bbox 223 4339 1827 4413">
    <p class='ocr_par' dir='ltr' id='par_1_74' title="bbox 223 4339 1827 4413">
     <span class='ocr_line' id='line_1_74' title="bbox 223 4339 1827 4413; baseline 0.001 -16"><span class='ocrx_word' id='word_1_622' title='bbox 223 4341 360 4397; x_wconf 88' lang='lat' dir='ltr'><strong>bant</strong></span> <span class='ocrx_word' id='word_1_623' title='bbox 409 4339 875 4411; x_wconf 79' lang='lat' dir='ltr'><strong>Mesopotamiam,</strong></span> <span class='ocrx_word' id='word_1_624' title='bbox 904 4340 1144 4396; x_wconf 66' lang='lat' dir='ltr'><strong>Judzeam</strong></span> <span class='ocrx_word' id='word_1_625' title='bbox 1170 4350 1226 4397; x_wconf 92' lang='lat' dir='ltr'><strong>et</strong></span> <span class='ocrx_word' id='word_1_626' title='bbox 1246 4340 1668 4413; x_wconf 86' lang='lat' dir='ltr'><strong>Cappadociam,</strong></span> <span class='ocrx_word' id='word_1_627' title='bbox 1691 4343 1827 4400; x_wconf 91' lang='lat' dir='ltr'><strong>Pon-</strong></span> 
     </span>
    </p>
   </div>
   <div class='ocr_carea' id='block_1_75' title="bbox 226 4431 1823 4508">
    <p class='ocr_par' dir='ltr' id='par_1_75' title="bbox 226 4431 1823 4508">
     <span class='ocr_line' id='line_1_75' title="bbox 226 4431 1823 4508; baseline 0.001 -19"><span class='ocrx_word' id='word_1_628' title='bbox 226 4443 347 4489; x_wconf 92' lang='lat' dir='ltr'><strong>tum</strong></span> <span class='ocrx_word' id='word_1_629' title='bbox 375 4439 432 4489; x_wconf 87' lang='lat' dir='ltr'><strong>et</strong></span> <span class='ocrx_word' id='word_1_630' title='bbox 457 4431 666 4500; x_wconf 84' lang='lat' dir='ltr'><strong>Asiam,</strong></span> <span class='ocrx_word' id='word_1_631' title='bbox 693 4431 984 4504; x_wconf 86' lang='lat' dir='ltr'><strong>Phrygiam</strong></span> <span class='ocrx_word' id='word_1_632' title='bbox 1005 4444 1062 4490; x_wconf 91' lang='lat' dir='ltr'><strong>et</strong></span> <span class='ocrx_word' id='word_1_633' title='bbox 1090 4433 1462 4506; x_wconf 81' lang='lat' dir='ltr'><strong>Pamphyliam</strong></span> <span class='ocrx_word' id='word_1_634' title='bbox 1481 4475 1496 4503; x_wconf 98' lang='lat'><strong>,</strong></span> <span class='ocrx_word' id='word_1_635' title='bbox 1526 4434 1823 4508; x_wconf 66' lang='lat' dir='ltr'><strong>Egyptum</strong></span> 
     </span>
    </p>
   </div>
   <div class='ocr_carea' id='block_1_76' title="bbox 224 4524 1825 4600">
    <p class='ocr_par' dir='ltr' id='par_1_76' title="bbox 224 4524 1825 4600">
     <span class='ocr_line' id='line_1_76' title="bbox 224 4524 1825 4600; baseline 0.001 -16"><span class='ocrx_word' id='word_1_636' title='bbox 224 4536 286 4584; x_wconf 89' lang='lat' dir='ltr'><strong>et</strong></span> <span class='ocrx_word' id='word_1_637' title='bbox 319 4536 504 4599; x_wconf 88' lang='lat' dir='ltr'><strong>partes</strong></span> <span class='ocrx_word' id='word_1_638' title='bbox 533 4524 714 4598; x_wconf 61' lang='lat' dir='ltr'><strong>Libyae</strong></span> <span class='ocrx_word' id='word_1_639' title='bbox 749 4524 906 4595; x_wconf 89' lang='lat' dir='ltr'><strong>juxta</strong></span> <span class='ocrx_word' id='word_1_640' title='bbox 953 4525 1199 4597; x_wconf 84' lang='lat' dir='ltr'><strong>Cyrenen</strong></span> <span class='ocrx_word' id='word_1_641' title='bbox 1247 4526 1386 4600; x_wconf 77' lang='lat' dir='ltr'><strong>(Act.</strong></span> <span class='ocrx_word' id='word_1_642' title='bbox 1418 4527 1502 4600; x_wconf 83' lang='grc' dir='ltr'><strong>ιι).</strong></span> <span class='ocrx_word' id='word_1_643' title='bbox 1555 4548 1574 4580; x_wconf 80' lang='grc'><strong><em>›</em></strong></span> <span class='ocrx_word' id='word_1_644' title='bbox 1621 4527 1825 4585; x_wconf 89' lang='lat' dir='ltr'><strong>Omnes</strong></span> 
     </span>
    </p>
   </div>
   <div class='ocr_carea' id='block_1_77' title="bbox 1849 4573 1906 4636">
    <p class='ocr_par' dir='ltr' id='par_1_77' title="bbox 1849 4573 1906 4636">
     <span class='ocr_line' id='line_1_77' title="bbox 1849 4573 1906 4636; baseline 0 0"><span class='ocrx_word' id='word_1_645' title='bbox 1849 4573 1906 4636; x_wconf 88' lang='lat' dir='ltr'><strong>D</strong></span> 
     </span>
    </p>
   </div>
   <div class='ocr_carea' id='block_1_78' title="bbox 1919 3321 3510 3395">
    <p class='ocr_par' dir='ltr' id='par_1_78' title="bbox 1919 3321 3510 3395">
     <span class='ocr_line' id='line_1_78' title="bbox 1919 3321 3510 3395; baseline 0.003 -17"><span class='ocrx_word' id='word_1_646' title='bbox 1919 3321 2236 3378; x_wconf 60' lang='lat' dir='ltr'><strong>differentiae</strong></span> <span class='ocrx_word' id='word_1_647' title='bbox 2262 3341 2274 3377; x_wconf 91' lang='lat'><strong>:</strong></span> <span class='ocrx_word' id='word_1_648' title='bbox 2299 3338 2442 3394; x_wconf 82' lang='lat' dir='ltr'><strong>saepe</strong></span> <span class='ocrx_word' id='word_1_649' title='bbox 2467 3331 2521 3378; x_wconf 87' lang='lat' dir='ltr'><strong>et</strong></span> <span class='ocrx_word' id='word_1_650' title='bbox 2545 3324 2735 3391; x_wconf 89' lang='lat' dir='ltr'><strong>semel,</strong></span> <span class='ocrx_word' id='word_1_651' title='bbox 2766 3324 2820 3379; x_wconf 92' lang='lat' dir='ltr'><strong>in</strong></span> <span class='ocrx_word' id='word_1_652' title='bbox 2851 3325 3117 3395; x_wconf 85' lang='lat' dir='ltr'><strong>sanguine</strong></span> <span class='ocrx_word' id='word_1_653' title='bbox 3145 3325 3324 3382; x_wconf 91' lang='lat' dir='ltr'><strong>alieno</strong></span> <span class='ocrx_word' id='word_1_654' title='bbox 3368 3337 3426 3383; x_wconf 91' lang='lat' dir='ltr'><strong>et</strong></span> <span class='ocrx_word' id='word_1_655' title='bbox 3454 3328 3510 3382; x_wconf 93' lang='lat' dir='ltr'><strong>in</strong></span> 
     </span>
    </p>
   </div>
   <div class='ocr_carea' id='block_1_79' title="bbox 1919 3412 3509 3490">
    <p class='ocr_par' dir='ltr' id='par_1_79' title="bbox 1919 3412 3509 3490">
     <span class='ocr_line' id='line_1_79' title="bbox 1919 3412 3509 3490; baseline 0.002 -22"><span class='ocrx_word' id='word_1_656' title='bbox 1919 3413 2182 3484; x_wconf 89' lang='lat' dir='ltr'><strong>sanguine</strong></span> <span class='ocrx_word' id='word_1_657' title='bbox 2209 3415 2450 3484; x_wconf 86' lang='lat' dir='ltr'><strong>proprio.</strong></span> <span class='ocrx_word' id='word_1_658' title='bbox 2500 3412 2725 3469; x_wconf 84' lang='lat' dir='ltr'><strong>Multum</strong></span> <span class='ocrx_word' id='word_1_659' title='bbox 2757 3415 2938 3486; x_wconf 89' lang='lat' dir='ltr'><strong>itaque</strong></span> <span class='ocrx_word' id='word_1_660' title='bbox 2961 3415 3204 3472; x_wconf 89' lang='lat' dir='ltr'><strong>interest.</strong></span> <span class='ocrx_word' id='word_1_661' title='bbox 3235 3416 3354 3488; x_wconf 91' lang='lat' dir='ltr'><strong>Ipse</strong></span> <span class='ocrx_word' id='word_1_662' title='bbox 3378 3433 3509 3490; x_wconf 86' lang='lat' dir='ltr'><strong>ergo</strong></span> 
     </span>
    </p>
   </div>
   <div class='ocr_carea' id='block_1_80' title="bbox 1918 3499 3510 3580">
    <p class='ocr_par' dir='ltr' id='par_1_80' title="bbox 1918 3499 3510 3580">
     <span class='ocr_line' id='line_1_80' title="bbox 1918 3499 3510 3580; baseline 0.003 -20"><span class='ocrx_word' id='word_1_663' title='bbox 1918 3514 1976 3561; x_wconf 93' lang='lat' dir='ltr'><strong>et</strong></span> <span class='ocrx_word' id='word_1_664' title='bbox 2027 3506 2354 3562; x_wconf 79' lang='lat' dir='ltr'><strong>sacriﬁcium</strong></span> <span class='ocrx_word' id='word_1_665' title='bbox 2404 3513 2458 3560; x_wconf 92' lang='lat' dir='ltr'><strong>et</strong></span> <span class='ocrx_word' id='word_1_666' title='bbox 2513 3505 2768 3562; x_wconf 85' lang='lat' dir='ltr'><strong>sacerdos</strong></span> <span class='ocrx_word' id='word_1_667' title='bbox 2817 3514 2874 3562; x_wconf 90' lang='lat' dir='ltr'><strong>et</strong></span> <span class='ocrx_word' id='word_1_668' title='bbox 2923 3503 3146 3564; x_wconf 56' lang='lat' dir='ltr'><strong>hostia.‘</strong></span> <span class='ocrx_word' id='word_1_669' title='bbox 3177 3528 3196 3561; x_wconf 72' lang='grc' dir='ltr'>ι</span> <span class='ocrx_word' id='word_1_670' title='bbox 3255 3499 3510 3580; x_wconf 82' lang='lat' dir='ltr'><strong>Alioquin</strong></span> 
     </span>
    </p>
   </div>
   <div class='ocr_carea' id='block_1_81' title="bbox 1926 3597 3512 3674">
    <p class='ocr_par' dir='ltr' id='par_1_81' title="bbox 1926 3597 3512 3674">
     <span class='ocr_line' id='line_1_81' title="bbox 1926 3597 3512 3674; baseline 0.004 -24"><span class='ocrx_word' id='word_1_671' title='bbox 1926 3616 1944 3650; x_wconf 86' lang='grc'><em>‹</em></span> <span class='ocrx_word' id='word_1_672' title='bbox 1983 3599 2268 3670; x_wconf 89' lang='lat' dir='ltr'><strong>oportebat</strong></span> <span class='ocrx_word' id='word_1_673' title='bbox 2295 3615 2418 3654; x_wconf 88' lang='lat' dir='ltr'><strong>eum</strong></span> <span class='ocrx_word' id='word_1_674' title='bbox 2446 3597 2763 3670; x_wconf 87' lang='lat' dir='ltr'><strong>frequenter</strong></span> <span class='ocrx_word' id='word_1_675' title='bbox 2793 3600 2907 3670; x_wconf 90' lang='lat' dir='ltr'><strong>pati</strong></span> <span class='ocrx_word' id='word_1_676' title='bbox 2949 3600 3018 3657; x_wconf 89' lang='lat' dir='ltr'><strong>ab</strong></span> <span class='ocrx_word' id='word_1_677' title='bbox 3053 3601 3264 3674; x_wconf 86' lang='lat' dir='ltr'><strong>origine</strong></span> <span class='ocrx_word' id='word_1_678' title='bbox 3291 3603 3512 3658; x_wconf 88' lang='lat' dir='ltr'><strong>mundi:</strong></span> 
     </span>
    </p>
   </div>
   <div class='ocr_carea' id='block_1_82' title="bbox 1925 3691 3516 3748">
    <p class='ocr_par' dir='ltr' id='par_1_82' title="bbox 1925 3691 3516 3748">
     <span class='ocr_line' id='line_1_82' title="bbox 1925 3691 3516 3748; baseline 0.004 -6"><span class='ocrx_word' id='word_1_679' title='bbox 1925 3708 1945 3742; x_wconf 73' lang='grc' dir='ltr'><strong>ε</strong></span> <span class='ocrx_word' id='word_1_680' title='bbox 1984 3707 2127 3746; x_wconf 92' lang='lat' dir='ltr'><strong>nunc</strong></span> <span class='ocrx_word' id='word_1_681' title='bbox 2181 3699 2362 3747; x_wconf 89' lang='lat' dir='ltr'><strong>autem</strong></span> <span class='ocrx_word' id='word_1_682' title='bbox 2424 3691 2478 3746; x_wconf 95' lang='lat' dir='ltr'><strong>in</strong></span> <span class='ocrx_word' id='word_1_683' title='bbox 2535 3692 3004 3748; x_wconf 90' lang='lat' dir='ltr'><strong>consummatione</strong></span> <span class='ocrx_word' id='word_1_684' title='bbox 3054 3693 3373 3748; x_wconf 70' lang='lat' dir='ltr'><strong>saeculorum</strong></span> <span class='ocrx_word' id='word_1_685' title='bbox 3447 3694 3516 3748; x_wconf 91' lang='lat' dir='ltr'><strong>ad</strong></span> 
     </span>
    </p>
   </div>
   <div class='ocr_carea' id='block_1_83' title="bbox 1927 3783 3510 3858">
    <p class='ocr_par' dir='ltr' id='par_1_83' title="bbox 1927 3783 3510 3858">
     <span class='ocr_line' id='line_1_83' title="bbox 1927 3783 3510 3858; baseline 0.003 -22"><span class='ocrx_word' id='word_1_686' title='bbox 1927 3802 1946 3836; x_wconf 79' lang='grc' dir='ltr'>ι</span> <span class='ocrx_word' id='word_1_687' title='bbox 1986 3783 2411 3839; x_wconf 89' lang='lat' dir='ltr'><strong>destructionem</strong></span> <span class='ocrx_word' id='word_1_688' title='bbox 2437 3786 2646 3856; x_wconf 89' lang='lat' dir='ltr'><strong>peccati</strong></span> <span class='ocrx_word' id='word_1_689' title='bbox 2673 3800 2771 3856; x_wconf 91' lang='lat' dir='ltr'><strong>per</strong></span> <span class='ocrx_word' id='word_1_690' title='bbox 2793 3785 3027 3842; x_wconf 92' lang='lat' dir='ltr'><strong>hostiam</strong></span> <span class='ocrx_word' id='word_1_691' title='bbox 3047 3801 3202 3841; x_wconf 87' lang='lat' dir='ltr'><strong>suam</strong></span> <span class='ocrx_word' id='word_1_692' title='bbox 3230 3787 3510 3858; x_wconf 88' lang='lat' dir='ltr'><strong>apparuit;</strong></span> 
     </span>
    </p>
   </div>
   <div class='ocr_carea' id='block_1_84' title="bbox 1928 3874 3514 3944">
    <p class='ocr_par' dir='ltr' id='par_1_84' title="bbox 1928 3874 3514 3944">
     <span class='ocr_line' id='line_1_84' title="bbox 1928 3874 3514 3944; baseline 0.004 -19"><span class='ocrx_word' id='word_1_693' title='bbox 1928 3891 1948 3925; x_wconf 71' lang='grc' dir='ltr'><strong><em>ι</em></strong></span> <span class='ocrx_word' id='word_1_694' title='bbox 1985 3883 2040 3929; x_wconf 93' lang='lat' dir='ltr'><strong>et</strong></span> <span class='ocrx_word' id='word_1_695' title='bbox 2065 3874 2520 3944; x_wconf 89' lang='lat' dir='ltr'><strong>quemadmodum</strong></span> <span class='ocrx_word' id='word_1_696' title='bbox 2547 3883 2811 3930; x_wconf 89' lang='lat' dir='ltr'><strong>statutum</strong></span> <span class='ocrx_word' id='word_1_697' title='bbox 2837 3883 2919 3931; x_wconf 87' lang='lat' dir='ltr'><strong>est</strong></span> <span class='ocrx_word' id='word_1_698' title='bbox 2941 3875 3145 3930; x_wconf 85' lang='lat' dir='ltr'><strong>homini</strong></span> <span class='ocrx_word' id='word_1_699' title='bbox 3163 3876 3329 3930; x_wconf 86' lang='lat' dir='ltr'><strong>semel</strong></span> <span class='ocrx_word' id='word_1_700' title='bbox 3353 3877 3514 3942; x_wconf 89' lang='lat' dir='ltr'><strong>mori,</strong></span> 
     </span>
    </p>
   </div>
   <div class='ocr_carea' id='block_1_85' title="bbox 1929 3963 3518 4036">
    <p class='ocr_par' dir='ltr' id='par_1_85' title="bbox 1929 3963 3518 4036">
     <span class='ocr_line' id='line_1_85' title="bbox 1929 3963 3518 4036; baseline 0.003 -19"><span class='ocrx_word' id='word_1_701' title='bbox 1929 3984 1948 4017; x_wconf 73' lang='grc' dir='ltr'><strong><em>ι</em></strong></span> <span class='ocrx_word' id='word_1_702' title='bbox 1985 3974 2108 4036; x_wconf 92' lang='lat' dir='ltr'><strong>post</strong></span> <span class='ocrx_word' id='word_1_703' title='bbox 2151 3965 2255 4020; x_wconf 89' lang='lat' dir='ltr'><strong>hoc</strong></span> <span class='ocrx_word' id='word_1_704' title='bbox 2300 3973 2480 4020; x_wconf 89' lang='lat' dir='ltr'><strong>autem</strong></span> <span class='ocrx_word' id='word_1_705' title='bbox 2513 3963 2814 4033; x_wconf 86' lang='lat' dir='ltr'><strong>judicium,</strong></span> <span class='ocrx_word' id='word_1_706' title='bbox 2863 3966 2942 4022; x_wconf 89' lang='lat' dir='ltr'><strong>sic</strong></span> <span class='ocrx_word' id='word_1_707' title='bbox 2975 3975 3030 4020; x_wconf 90' lang='lat' dir='ltr'><strong>et</strong></span> <span class='ocrx_word' id='word_1_708' title='bbox 3055 3965 3308 4021; x_wconf 88' lang='lat' dir='ltr'><strong>Christus</strong></span> <span class='ocrx_word' id='word_1_709' title='bbox 3349 3968 3518 4023; x_wconf 89' lang='lat' dir='ltr'><strong>semel</strong></span> 
     </span>
    </p>
   </div>
   <div class='ocr_carea' id='block_1_86' title="bbox 1931 4057 3517 4147">
    <p class='ocr_par' dir='ltr' id='par_1_86' title="bbox 1931 4057 3517 4147">
     <span class='ocr_line' id='line_1_86' title="bbox 1931 4057 3517 4147; baseline 0.004 -37"><span class='ocrx_word' id='word_1_710' title='bbox 1931 4076 1950 4110; x_wconf 75' lang='grc' dir='ltr'>ι</span> <span class='ocrx_word' id='word_1_711' title='bbox 1989 4057 2204 4114; x_wconf 90' lang='lat' dir='ltr'><strong>oblatus</strong></span> <span class='ocrx_word' id='word_1_712' title='bbox 2247 4065 2332 4112; x_wconf 90' lang='lat' dir='ltr'><strong>est</strong></span> <span class='ocrx_word' id='word_1_713' title='bbox 2379 4058 2448 4112; x_wconf 91' lang='lat' dir='ltr'><strong>ad</strong></span> <span class='ocrx_word' id='word_1_714' title='bbox 2497 4057 2791 4112; x_wconf 90' lang='lat' dir='ltr'><strong>multorum</strong></span> <span class='ocrx_word' id='word_1_715' title='bbox 2837 4057 3210 4114; x_wconf 85' lang='lat' dir='ltr'><strong>exhaurienda</strong></span> <span class='ocrx_word' id='word_1_716' title='bbox 3263 4068 3517 4147; x_wconf 55' lang='lat' dir='ltr'><strong>ppccata,</strong></span> 
     </span>
    </p>
   </div>
   <div class='ocr_carea' id='block_1_87' title="bbox 1931 4149 3521 4222">
    <p class='ocr_par' dir='ltr' id='par_1_87' title="bbox 1931 4149 3521 4222">
     <span class='ocr_line' id='line_1_87' title="bbox 1931 4149 3521 4222; baseline 0.005 -20"><span class='ocrx_word' id='word_1_717' title='bbox 1931 4167 1950 4202; x_wconf 83' lang='grc'><strong><em>‹</em></strong></span> <span class='ocrx_word' id='word_1_718' title='bbox 1993 4149 2229 4205; x_wconf 92' lang='lat' dir='ltr'><strong>secundo</strong></span> <span class='ocrx_word' id='word_1_719' title='bbox 2254 4149 2536 4219; x_wconf 89' lang='lat' dir='ltr'><strong>apparebit</strong></span> <span class='ocrx_word' id='word_1_720' title='bbox 2562 4149 2679 4204; x_wconf 89' lang='lat' dir='ltr'><strong>sine</strong></span> <span class='ocrx_word' id='word_1_721' title='bbox 2720 4158 2942 4220; x_wconf 91' lang='lat' dir='ltr'><strong>peccato</strong></span> <span class='ocrx_word' id='word_1_722' title='bbox 2972 4153 3416 4222; x_wconf 86' lang='lat' dir='ltr'><strong>exspectantibus</strong></span> <span class='ocrx_word' id='word_1_723' title='bbox 3461 4171 3521 4210; x_wconf 89' lang='lat' dir='ltr'><strong>se</strong></span> 
     </span>
    </p>
   </div>
   <div class='ocr_carea' id='block_1_88' title="bbox 1932 4239 3519 4316">
    <p class='ocr_par' dir='ltr' id='par_1_88' title="bbox 1932 4239 3519 4316">
     <span class='ocr_line' id='line_1_88' title="bbox 1932 4239 3519 4316; baseline 0.003 -21"><span class='ocrx_word' id='word_1_724' title='bbox 1932 4262 1950 4295; x_wconf 75' lang='grc' dir='ltr'>ι</span> <span class='ocrx_word' id='word_1_725' title='bbox 1988 4242 2055 4297; x_wconf 91' lang='lat' dir='ltr'><strong>ad</strong></span> <span class='ocrx_word' id='word_1_726' title='bbox 2074 4241 2321 4297; x_wconf 71' lang='lat' dir='ltr'><strong>salutem.</strong></span> <span class='ocrx_word' id='word_1_727' title='bbox 2338 4260 2355 4291; x_wconf 73' lang='grc' dir='ltr'><strong>ι</strong></span> <span class='ocrx_word' id='word_1_728' title='bbox 2375 4239 2580 4312; x_wconf 79' lang='lat' dir='ltr'><strong>(Joan).</strong></span> <span class='ocrx_word' id='word_1_729' title='bbox 2599 4239 2890 4312; x_wconf 88' lang='lat' dir='ltr'><strong>Postquam</strong></span> <span class='ocrx_word' id='word_1_730' title='bbox 2913 4241 3081 4298; x_wconf 89' lang='lat' dir='ltr'><strong>multa</strong></span> <span class='ocrx_word' id='word_1_731' title='bbox 3098 4252 3254 4298; x_wconf 88' lang='lat' dir='ltr'><strong>erant</strong></span> <span class='ocrx_word' id='word_1_732' title='bbox 3273 4255 3519 4316; x_wconf 86' lang='lat' dir='ltr'><strong>peccata,</strong></span> 
     </span>
    </p>
   </div>
   <div class='ocr_carea' id='block_1_89' title="bbox 1927 4332 3520 4406">
    <p class='ocr_par' dir='ltr' id='par_1_89' title="bbox 1927 4332 3520 4406">
     <span class='ocr_line' id='line_1_89' title="bbox 1927 4332 3520 4406; baseline 0.002 -15"><span class='ocrx_word' id='word_1_733' title='bbox 1927 4335 2126 4392; x_wconf 89' lang='lat' dir='ltr'><strong>merito</strong></span> <span class='ocrx_word' id='word_1_734' title='bbox 2153 4343 2282 4390; x_wconf 92' lang='lat' dir='ltr'><strong>tunc</strong></span> <span class='ocrx_word' id='word_1_735' title='bbox 2308 4334 2581 4406; x_wconf 89' lang='lat' dir='ltr'><strong>apparuit.</strong></span> <span class='ocrx_word' id='word_1_736' title='bbox 2608 4332 2762 4402; x_wconf 90' lang='lat' dir='ltr'><strong>Quod</strong></span> <span class='ocrx_word' id='word_1_737' title='bbox 2785 4334 2949 4390; x_wconf 91' lang='lat' dir='ltr'><strong>etiam</strong></span> <span class='ocrx_word' id='word_1_738' title='bbox 2980 4335 3109 4392; x_wconf 91' lang='lat' dir='ltr'><strong>alibi</strong></span> <span class='ocrx_word' id='word_1_739' title='bbox 3149 4337 3280 4393; x_wconf 91' lang='lat' dir='ltr'><strong>dicit</strong></span> <span class='ocrx_word' id='word_1_740' title='bbox 3309 4356 3322 4393; x_wconf 91' lang='lat'>:</span> <span class='ocrx_word' id='word_1_741' title='bbox 3361 4357 3380 4390; x_wconf 77' lang='grc' dir='ltr'>ι</span> <span class='ocrx_word' id='word_1_742' title='bbox 3417 4338 3520 4397; x_wconf 90' lang='lat' dir='ltr'><strong>Ubi</strong></span> 
     </span>
    </p>
   </div>
   <div class='ocr_carea' id='block_1_90' title="bbox 1934 4427 3520 4502">
    <p class='ocr_par' dir='ltr' id='par_1_90' title="bbox 1934 4427 3520 4502">
     <span class='ocr_line' id='line_1_90' title="bbox 1934 4427 3520 4502; baseline 0.001 -22"><span class='ocrx_word' id='word_1_743' title='bbox 1934 4446 1954 4480; x_wconf 73' lang='grc' dir='ltr'><strong><em>ι</em></strong></span> <span class='ocrx_word' id='word_1_744' title='bbox 1993 4427 2285 4484; x_wconf 89' lang='lat' dir='ltr'><strong>abundavit</strong></span> <span class='ocrx_word' id='word_1_745' title='bbox 2306 4436 2612 4498; x_wconf 88' lang='lat' dir='ltr'><strong>peccatum,</strong></span> <span class='ocrx_word' id='word_1_746' title='bbox 2638 4427 3100 4498; x_wconf 88' lang='lat' dir='ltr'><strong>superabundavit</strong></span> <span class='ocrx_word' id='word_1_747' title='bbox 3130 4429 3304 4500; x_wconf 86' lang='lat' dir='ltr'><strong>gratia</strong></span> <span class='ocrx_word' id='word_1_748' title='bbox 3335 4429 3520 4502; x_wconf 53' lang='lat' dir='ltr'><strong>(non.</strong></span> 
     </span>
    </p>
   </div>
   <div class='ocr_carea' id='block_1_91' title="bbox 1934 4518 3523 4592">
    <p class='ocr_par' dir='ltr' id='par_1_91' title="bbox 1934 4518 3523 4592">
     <span class='ocr_line' id='line_1_91' title="bbox 1934 4518 3523 4592; baseline 0.003 -19"><span class='ocrx_word' id='word_1_749' title='bbox 1934 4539 1954 4573; x_wconf 73' lang='grc' dir='ltr'><strong>ε</strong></span> <span class='ocrx_word' id='word_1_750' title='bbox 1987 4519 2064 4592; x_wconf 91' lang='lat' dir='ltr'><strong>v).</strong></span> <span class='ocrx_word' id='word_1_751' title='bbox 2089 4539 2108 4572; x_wconf 74' lang='grc' dir='ltr'><strong><em>ι</em></strong></span> <span class='ocrx_word' id='word_1_752' title='bbox 2145 4518 2202 4575; x_wconf 93' lang='lat' dir='ltr'><strong>Si</strong></span> <span class='ocrx_word' id='word_1_753' title='bbox 2232 4519 2398 4575; x_wconf 90' lang='lat' dir='ltr'><strong>semel</strong></span> <span class='ocrx_word' id='word_1_754' title='bbox 2430 4518 2645 4574; x_wconf 90' lang='lat' dir='ltr'><strong>oblatus</strong></span> <span class='ocrx_word' id='word_1_755' title='bbox 2667 4535 2776 4575; x_wconf 93' lang='lat' dir='ltr'><strong>non</strong></span> <span class='ocrx_word' id='word_1_756' title='bbox 2805 4518 3079 4576; x_wconf 74' lang='lat' dir='ltr'><strong>sufﬁceret</strong></span> <span class='ocrx_word' id='word_1_757' title='bbox 3105 4521 3346 4577; x_wconf 91' lang='lat' dir='ltr'><strong>omnium</strong></span> <span class='ocrx_word' id='word_1_758' title='bbox 3377 4521 3433 4577; x_wconf 92' lang='lat' dir='ltr'><strong>in</strong></span> <span class='ocrx_word' id='word_1_759' title='bbox 3461 4538 3523 4578; x_wconf 90' lang='lat' dir='ltr'><strong>se</strong></span> 
     </span>
    </p>
   </div>
   <div class='ocr_carea' id='block_1_92' title="bbox 226 4611 3526 4691">
    <p class='ocr_par' dir='ltr' id='par_1_92' title="bbox 226 4611 3526 4691">
     <span class='ocr_line' id='line_1_92' title="bbox 226 4611 3526 4691; baseline -0.002 -16"><span class='ocrx_word' id='word_1_760' title='bbox 226 4634 361 4691; x_wconf 84' lang='lat' dir='ltr'><strong>ergo</strong></span> <span class='ocrx_word' id='word_1_761' title='bbox 384 4617 620 4688; x_wconf 90' lang='lat' dir='ltr'><strong>undique</strong></span> <span class='ocrx_word' id='word_1_762' title='bbox 651 4617 838 4672; x_wconf 91' lang='lat' dir='ltr'><strong>mundi</strong></span> <span class='ocrx_word' id='word_1_763' title='bbox 878 4616 1006 4673; x_wconf 91' lang='lat' dir='ltr'><strong>illuc</strong></span> <span class='ocrx_word' id='word_1_764' title='bbox 1033 4617 1461 4684; x_wconf 90' lang='lat' dir='ltr'><strong>conveniebant,</strong></span> <span class='ocrx_word' id='word_1_765' title='bbox 1501 4627 1557 4674; x_wconf 90' lang='lat' dir='ltr'><strong>et</strong></span> <span class='ocrx_word' id='word_1_766' title='bbox 1596 4618 1825 4674; x_wconf 91' lang='lat' dir='ltr'><strong>multum</strong></span> <span class='ocrx_word' id='word_1_767' title='bbox 1853 4611 1905 4636; x_wconf 78' lang='grc' dir='ltr'><strong>ν</strong></span> <span class='ocrx_word' id='word_1_768' title='bbox 1931 4611 2272 4668; x_wconf 91' lang='lat' dir='ltr'><strong>credentium</strong></span> <span class='ocrx_word' id='word_1_769' title='bbox 2299 4619 2525 4682; x_wconf 89' lang='lat' dir='ltr'><strong>peccata</strong></span> <span class='ocrx_word' id='word_1_770' title='bbox 2551 4611 2866 4678; x_wconf 82' lang='lat' dir='ltr'><strong>exhaurire,</strong></span> <span class='ocrx_word' id='word_1_771' title='bbox 2897 4611 3228 4683; x_wconf 85' lang='lat' dir='ltr'><strong>oportuisset</strong></span> <span class='ocrx_word' id='word_1_772' title='bbox 3267 4626 3392 4668; x_wconf 90' lang='lat' dir='ltr'><strong>eum</strong></span> <span class='ocrx_word' id='word_1_773' title='bbox 3418 4628 3526 4670; x_wconf 73' lang='lat' dir='ltr'><strong>saa-</strong></span> 
     </span>
    </p>
   </div>
   <div class='ocr_carea' id='block_1_93' title="bbox 226 4699 1830 4784">
    <p class='ocr_par' dir='ltr' id='par_1_93' title="bbox 226 4699 1830 4784">
     <span class='ocr_line' id='line_1_93' title="bbox 226 4699 1830 4784; baseline -0.003 -12"><span class='ocrx_word' id='word_1_774' title='bbox 226 4724 351 4773; x_wconf 89' lang='lat' dir='ltr'><strong>erat</strong></span> <span class='ocrx_word' id='word_1_775' title='bbox 378 4729 576 4770; x_wconf 90' lang='lat' dir='ltr'><strong>nomen</strong></span> <span class='ocrx_word' id='word_1_776' title='bbox 615 4713 764 4769; x_wconf 89' lang='lat' dir='ltr'><strong>illius</strong></span> <span class='ocrx_word' id='word_1_777' title='bbox 813 4699 1032 4783; x_wconf 58' lang='lat' dir='ltr'><strong>templi.</strong></span> <span class='ocrx_word' id='word_1_778' title='bbox 1060 4711 1201 4780; x_wconf 91' lang='lat' dir='ltr'><strong>Quid</strong></span> <span class='ocrx_word' id='word_1_779' title='bbox 1241 4726 1371 4784; x_wconf 88' lang='lat' dir='ltr'><strong>ergo</strong></span> <span class='ocrx_word' id='word_1_780' title='bbox 1410 4710 1612 4768; x_wconf 87' lang='lat' dir='ltr'><strong>Paulus</strong></span> <span class='ocrx_word' id='word_1_781' title='bbox 1655 4712 1830 4767; x_wconf 79' lang='lat' dir='ltr'><strong>facit?</strong></span> 
     </span>
    </p>
   </div>
   <div class='ocr_carea' id='block_1_94' title="bbox 229 4804 1828 4878">
    <p class='ocr_par' dir='ltr' id='par_1_94' title="bbox 229 4804 1828 4878">
     <span class='ocr_line' id='line_1_94' title="bbox 229 4804 1828 4878; baseline -0.004 -12"><span class='ocrx_word' id='word_1_782' title='bbox 229 4810 389 4866; x_wconf 86' lang='lat' dir='ltr'><strong>Sicut</strong></span> <span class='ocrx_word' id='word_1_783' title='bbox 413 4808 556 4864; x_wconf 89' lang='lat' dir='ltr'><strong>enim</strong></span> <span class='ocrx_word' id='word_1_784' title='bbox 588 4805 700 4863; x_wconf 88' lang='lat' dir='ltr'><strong>illic</strong></span> <span class='ocrx_word' id='word_1_785' title='bbox 727 4813 961 4862; x_wconf 90' lang='lat' dir='ltr'><strong>mortem</strong></span> <span class='ocrx_word' id='word_1_786' title='bbox 986 4806 1238 4878; x_wconf 91' lang='lat' dir='ltr'><strong>apposuit</strong></span> <span class='ocrx_word' id='word_1_787' title='bbox 1270 4804 1498 4871; x_wconf 90' lang='lat' dir='ltr'><strong>Christi,</strong></span> <span class='ocrx_word' id='word_1_788' title='bbox 1543 4805 1623 4862; x_wconf 91' lang='lat' dir='ltr'><strong>sic</strong></span> <span class='ocrx_word' id='word_1_789' title='bbox 1663 4806 1828 4861; x_wconf 90' lang='lat' dir='ltr'><strong>etiam</strong></span> 
     </span>
    </p>
   </div>
   <div class='ocr_carea' id='block_1_95' title="bbox 227 4899 1829 4972">
    <p class='ocr_par' dir='ltr' id='par_1_95' title="bbox 227 4899 1829 4972">
     <span class='ocr_line' id='line_1_95' title="bbox 227 4899 1829 4972; baseline -0.004 -11"><span class='ocrx_word' id='word_1_790' title='bbox 227 4905 324 4960; x_wconf 89' lang='lat' dir='ltr'><strong>hic</strong></span> <span class='ocrx_word' id='word_1_791' title='bbox 352 4903 550 4960; x_wconf 73' lang='lat' dir='ltr'><strong>cmlum</strong></span> <span class='ocrx_word' id='word_1_792' title='bbox 573 4910 747 4958; x_wconf 90' lang='lat' dir='ltr'><strong>totum</strong></span> <span class='ocrx_word' id='word_1_793' title='bbox 769 4900 993 4972; x_wconf 91' lang='lat' dir='ltr'><strong>opponit</strong></span> <span class='ocrx_word' id='word_1_794' title='bbox 1019 4899 1236 4971; x_wconf 86' lang='lat' dir='ltr'><strong>templo.</strong></span> <span class='ocrx_word' id='word_1_795' title='bbox 1263 4899 1330 4954; x_wconf 85' lang='lat' dir='ltr'><strong>Et</strong></span> <span class='ocrx_word' id='word_1_796' title='bbox 1352 4914 1460 4955; x_wconf 95' lang='lat' dir='ltr'><strong>non</strong></span> <span class='ocrx_word' id='word_1_797' title='bbox 1484 4900 1624 4955; x_wconf 86' lang='lat' dir='ltr'><strong>hanc</strong></span> <span class='ocrx_word' id='word_1_798' title='bbox 1655 4899 1829 4955; x_wconf 89' lang='lat' dir='ltr'><strong>solam</strong></span> 
     </span>
    </p>
   </div>
   <div class='ocr_carea' id='block_1_96' title="bbox 230 4989 1828 5062">
    <p class='ocr_par' dir='ltr' id='par_1_96' title="bbox 230 4989 1828 5062">
     <span class='ocr_line' id='line_1_96' title="bbox 230 4989 1828 5062; baseline -0.004 -9"><span class='ocrx_word' id='word_1_799' title='bbox 230 4993 598 5053; x_wconf 71' lang='lat' dir='ltr'><strong>differentiam</strong></span> <span class='ocrx_word' id='word_1_800' title='bbox 617 4991 876 5057; x_wconf 89' lang='lat' dir='ltr'><strong>ostendit,</strong></span> <span class='ocrx_word' id='word_1_801' title='bbox 893 4990 989 5046; x_wconf 91' lang='lat' dir='ltr'><strong>sed</strong></span> <span class='ocrx_word' id='word_1_802' title='bbox 1009 4990 1172 5046; x_wconf 91' lang='lat' dir='ltr'><strong>etiam</strong></span> <span class='ocrx_word' id='word_1_803' title='bbox 1188 4989 1500 5062; x_wconf 83' lang='lat' dir='ltr'><strong>pontificem</strong></span> <span class='ocrx_word' id='word_1_804' title='bbox 1518 4991 1828 5060; x_wconf 89' lang='lat' dir='ltr'><strong>proximum</strong></span> 
     </span>
    </p>
   </div>
   <div class='ocr_carea' id='block_1_97' title="bbox 227 5082 1827 5156">
    <p class='ocr_par' dir='ltr' id='par_1_97' title="bbox 227 5082 1827 5156">
     <span class='ocr_line' id='line_1_97' title="bbox 227 5082 1827 5156; baseline -0.006 -10"><span class='ocrx_word' id='word_1_805' title='bbox 227 5087 412 5146; x_wconf 84' lang='lat' dir='ltr'><strong>facto:</strong></span> <span class='ocrx_word' id='word_1_806' title='bbox 433 5104 452 5139; x_wconf 72' lang='grc' dir='ltr'>ι</span> <span class='ocrx_word' id='word_1_807' title='bbox 487 5083 560 5142; x_wconf 88' lang='lat' dir='ltr'><strong>Ut</strong></span> <span class='ocrx_word' id='word_1_808' title='bbox 585 5091 867 5156; x_wconf 89' lang='lat' dir='ltr'><strong>appareat,</strong></span> <span class='ocrx_word' id='word_1_809' title='bbox 891 5083 1086 5153; x_wconf 88' lang='lat' dir='ltr'><strong>inquit,</strong></span> <span class='ocrx_word' id='word_1_810' title='bbox 1108 5082 1278 5138; x_wconf 92' lang='lat' dir='ltr'><strong>vultui</strong></span> <span class='ocrx_word' id='word_1_811' title='bbox 1295 5082 1412 5139; x_wconf 90' lang='lat' dir='ltr'><strong>Dei.</strong></span> <span class='ocrx_word' id='word_1_812' title='bbox 1428 5102 1446 5135; x_wconf 75' lang='grc' dir='ltr'><strong>ι</strong></span> <span class='ocrx_word' id='word_1_813' title='bbox 1465 5082 1698 5138; x_wconf 88' lang='lat' dir='ltr'><strong>Proinde</strong></span> <span class='ocrx_word' id='word_1_814' title='bbox 1718 5097 1827 5137; x_wconf 91' lang='lat' dir='ltr'><strong>non</strong></span> 
     </span>
    </p>
   </div>
   <div class='ocr_carea' id='block_1_98' title="bbox 228 5180 1833 5251">
    <p class='ocr_par' dir='ltr' id='par_1_98' title="bbox 228 5180 1833 5251">
     <span class='ocr_line' id='line_1_98' title="bbox 228 5180 1833 5251; baseline -0.004 -10"><span class='ocrx_word' id='word_1_815' title='bbox 228 5200 306 5241; x_wconf 91' lang='lat' dir='ltr'><strong>ex</strong></span> <span class='ocrx_word' id='word_1_816' title='bbox 332 5182 474 5240; x_wconf 68' lang='lat' dir='ltr'><strong>caelo</strong></span> <span class='ocrx_word' id='word_1_817' title='bbox 503 5188 737 5247; x_wconf 90' lang='lat' dir='ltr'><strong>tantum,</strong></span> <span class='ocrx_word' id='word_1_818' title='bbox 764 5180 858 5236; x_wconf 91' lang='lat' dir='ltr'><strong>sed</strong></span> <span class='ocrx_word' id='word_1_819' title='bbox 887 5180 1054 5235; x_wconf 88' lang='lat' dir='ltr'><strong>etiam</strong></span> <span class='ocrx_word' id='word_1_820' title='bbox 1080 5196 1148 5236; x_wconf 92' lang='lat' dir='ltr'><strong>ex</strong></span> <span class='ocrx_word' id='word_1_821' title='bbox 1179 5180 1426 5251; x_wconf 85' lang='lat' dir='ltr'><strong>ingressu</strong></span> <span class='ocrx_word' id='word_1_822' title='bbox 1468 5195 1584 5236; x_wconf 89' lang='lat' dir='ltr'><strong>rem</strong></span> <span class='ocrx_word' id='word_1_823' title='bbox 1606 5195 1833 5237; x_wconf 90' lang='lat' dir='ltr'><strong>venera-</strong></span> 
     </span>
    </p>
   </div>
   <div class='ocr_carea' id='block_1_99' title="bbox 225 5265 1834 5340">
    <p class='ocr_par' dir='ltr' id='par_1_99' title="bbox 225 5265 1834 5340">
     <span class='ocr_line' id='line_1_99' title="bbox 225 5265 1834 5340; baseline -0.004 -8"><span class='ocrx_word' id='word_1_824' title='bbox 225 5265 487 5332; x_wconf 85' lang='lat' dir='ltr'><strong>biliorem</strong></span> <span class='ocrx_word' id='word_1_825' title='bbox 532 5270 685 5327; x_wconf 91' lang='lat' dir='ltr'><strong>facit.</strong></span> <span class='ocrx_word' id='word_1_826' title='bbox 715 5269 832 5326; x_wconf 88' lang='lat' dir='ltr'><strong>Non</strong></span> <span class='ocrx_word' id='word_1_827' title='bbox 859 5271 1006 5326; x_wconf 92' lang='lat' dir='ltr'><strong>enim</strong></span> <span class='ocrx_word' id='word_1_828' title='bbox 1048 5270 1391 5340; x_wconf 88' lang='lat' dir='ltr'><strong>simpliciter,</strong></span> <span class='ocrx_word' id='word_1_829' title='bbox 1419 5270 1562 5326; x_wconf 88' lang='lat' dir='ltr'><strong>sicut</strong></span> <span class='ocrx_word' id='word_1_830' title='bbox 1599 5269 1690 5325; x_wconf 91' lang='lat' dir='ltr'><strong>hic</strong></span> <span class='ocrx_word' id='word_1_831' title='bbox 1733 5284 1834 5340; x_wconf 91' lang='lat' dir='ltr'><strong>per</strong></span> 
     </span>
    </p>
   </div>
   <div class='ocr_carea' id='block_1_100' title="bbox 224 5359 1834 5440">
    <p class='ocr_par' dir='ltr' id='par_1_100' title="bbox 224 5359 1834 5440">
     <span class='ocr_line' id='line_1_100' title="bbox 224 5359 1834 5440; baseline -0.005 -18"><span class='ocrx_word' id='word_1_832' title='bbox 224 5366 394 5440; x_wconf 77' lang='lat' dir='ltr'><strong>signa</strong></span> <span class='ocrx_word' id='word_1_833' title='bbox 427 5361 675 5433; x_wconf 66' lang='lat' dir='ltr'><strong>quaedam</strong></span> <span class='ocrx_word' id='word_1_834' title='bbox 698 5401 714 5427; x_wconf 90' lang='lat'><strong>,</strong></span> <span class='ocrx_word' id='word_1_835' title='bbox 759 5361 855 5416; x_wconf 88' lang='lat' dir='ltr'><strong>sed</strong></span> <span class='ocrx_word' id='word_1_836' title='bbox 895 5362 1070 5430; x_wconf 89' lang='lat' dir='ltr'><strong>Ipsum</strong></span> <span class='ocrx_word' id='word_1_837' title='bbox 1097 5359 1386 5414; x_wconf 91' lang='lat' dir='ltr'><strong>Dominum</strong></span> <span class='ocrx_word' id='word_1_838' title='bbox 1407 5359 1562 5434; x_wconf 86' lang='lat' dir='ltr'><strong>vidit</strong></span> <span class='ocrx_word' id='word_1_839' title='bbox 1587 5359 1715 5416; x_wconf 89' lang='lat' dir='ltr'><strong>illic.</strong></span> <span class='ocrx_word' id='word_1_840' title='bbox 1746 5359 1834 5415; x_wconf 85' lang='lat' dir='ltr'><strong>ln-</strong></span> 
     </span>
    </p>
   </div>
   <div class='ocr_carea' id='block_1_101' title="bbox 230 5449 1834 5523">
    <p class='ocr_par' dir='ltr' id='par_1_101' title="bbox 230 5449 1834 5523">
     <span class='ocr_line' id='line_1_101' title="bbox 230 5449 1834 5523; baseline 0 -13"><span class='ocrx_word' id='word_1_841' title='bbox 230 5452 413 5511; x_wconf 82' lang='lat' dir='ltr'><strong>tueris</strong></span> <span class='ocrx_word' id='word_1_842' title='bbox 450 5451 579 5523; x_wconf 90' lang='lat' dir='ltr'><strong>quia</strong></span> <span class='ocrx_word' id='word_1_843' title='bbox 608 5451 994 5510; x_wconf 77' lang='lat' dir='ltr'><strong>descensionist</strong></span> <span class='ocrx_word' id='word_1_844' title='bbox 1013 5450 1186 5521; x_wconf 87' lang='lat' dir='ltr'><strong>gratia</strong></span> <span class='ocrx_word' id='word_1_845' title='bbox 1221 5450 1422 5520; x_wconf 92' lang='lat' dir='ltr'><strong>ubique</strong></span> <span class='ocrx_word' id='word_1_846' title='bbox 1442 5449 1665 5506; x_wconf 90' lang='lat' dir='ltr'><strong>humilia</strong></span> <span class='ocrx_word' id='word_1_847' title='bbox 1689 5452 1834 5510; x_wconf 82' lang='lat' dir='ltr'><strong>dicta</strong></span> 
     </span>
    </p>
   </div>
   <div class='ocr_carea' id='block_1_102' title="bbox 230 5547 1836 5619">
    <p class='ocr_par' dir='ltr' id='par_1_102' title="bbox 230 5547 1836 5619">
     <span class='ocr_line' id='line_1_102' title="bbox 230 5547 1836 5619; baseline 0.001 -14"><span class='ocrx_word' id='word_1_848' title='bbox 230 5550 402 5606; x_wconf 88' lang='lat' dir='ltr'><strong>sunt?</strong></span> <span class='ocrx_word' id='word_1_849' title='bbox 423 5549 551 5619; x_wconf 89' lang='lat' dir='ltr'><strong>quid</strong></span> <span class='ocrx_word' id='word_1_850' title='bbox 579 5548 694 5619; x_wconf 92' lang='lat' dir='ltr'><strong>jam</strong></span> <span class='ocrx_word' id='word_1_851' title='bbox 726 5547 948 5604; x_wconf 85' lang='lat' dir='ltr'><strong>miraris</strong></span> <span class='ocrx_word' id='word_1_852' title='bbox 969 5549 1014 5604; x_wconf 90' lang='lat' dir='ltr'><strong>si</strong></span> <span class='ocrx_word' id='word_1_853' title='bbox 1037 5547 1370 5618; x_wconf 91' lang='lat' dir='ltr'><strong>interpellat,</strong></span> <span class='ocrx_word' id='word_1_854' title='bbox 1396 5563 1522 5604; x_wconf 94' lang='lat' dir='ltr'><strong>cum</strong></span> <span class='ocrx_word' id='word_1_855' title='bbox 1551 5564 1676 5606; x_wconf 90' lang='lat' dir='ltr'><strong>eum</strong></span> <span class='ocrx_word' id='word_1_856' title='bbox 1707 5565 1836 5607; x_wconf 86' lang='lat' dir='ltr'><strong>con-</strong></span> 
     </span>
    </p>
   </div>
   <div class='ocr_carea' id='block_1_103' title="bbox 230 5640 1839 5713">
    <p class='ocr_par' dir='ltr' id='par_1_103' title="bbox 230 5640 1839 5713">
     <span class='ocr_line' id='line_1_103' title="bbox 230 5640 1839 5713; baseline 0.001 -14"><span class='ocrx_word' id='word_1_857' title='bbox 230 5642 436 5699; x_wconf 81' lang='lat' dir='ltr'><strong>stituat</strong></span> <span class='ocrx_word' id='word_1_858' title='bbox 456 5641 620 5697; x_wconf 86' lang='lat' dir='ltr'><strong>veluti</strong></span> <span class='ocrx_word' id='word_1_859' title='bbox 640 5642 1004 5698; x_wconf 88' lang='lat' dir='ltr'><strong>sacerdotem?</strong></span> <span class='ocrx_word' id='word_1_860' title='bbox 1023 5661 1040 5694; x_wconf 78' lang='grc' dir='ltr'>ι</span> <span class='ocrx_word' id='word_1_861' title='bbox 1052 5640 1238 5713; x_wconf 90' lang='lat' dir='ltr'><strong>Neque</strong></span> <span class='ocrx_word' id='word_1_862' title='bbox 1250 5651 1309 5697; x_wconf 93' lang='lat' dir='ltr'><strong>ut</strong></span> <span class='ocrx_word' id='word_1_863' title='bbox 1322 5641 1634 5713; x_wconf 89' lang='lat' dir='ltr'><strong>frequenter</strong></span> <span class='ocrx_word' id='word_1_864' title='bbox 1643 5643 1839 5700; x_wconf 76' lang='lat' dir='ltr'><strong>oﬂ‘erat</strong></span> 
     </span>
    </p>
   </div>
   <div class='ocr_carea' id='block_1_104' title="bbox 229 5734 1838 5806">
    <p class='ocr_par' dir='ltr' id='par_1_104' title="bbox 229 5734 1838 5806">
     <span class='ocr_line' id='line_1_104' title="bbox 229 5734 1838 5806; baseline -0.001 -13"><span class='ocrx_word' id='word_1_865' title='bbox 229 5734 596 5805; x_wconf 78' lang='lat' dir='ltr'><strong>semetipsum</strong></span> <span class='ocrx_word' id='word_1_866' title='bbox 625 5735 767 5790; x_wconf 87' lang='lat' dir='ltr'><strong>sicut</strong></span> <span class='ocrx_word' id='word_1_867' title='bbox 795 5734 1036 5805; x_wconf 86' lang='lat' dir='ltr'><strong>pontifex</strong></span> <span class='ocrx_word' id='word_1_868' title='bbox 1057 5776 1072 5800; x_wconf 91' lang='lat'><strong>,</strong></span> <span class='ocrx_word' id='word_1_869' title='bbox 1101 5751 1275 5806; x_wconf 91' lang='lat' dir='ltr'><strong>neque</strong></span> <span class='ocrx_word' id='word_1_870' title='bbox 1299 5735 1354 5790; x_wconf 92' lang='lat' dir='ltr'><strong>in</strong></span> <span class='ocrx_word' id='word_1_871' title='bbox 1382 5735 1688 5790; x_wconf 88' lang='lat' dir='ltr'><strong>manufacta</strong></span> <span class='ocrx_word' id='word_1_872' title='bbox 1715 5751 1838 5791; x_wconf 89' lang='lat' dir='ltr'><strong>san-</strong></span> 
     </span>
    </p>
   </div>
   <div class='ocr_carea' id='block_1_105' title="bbox 229 5827 1835 5899">
    <p class='ocr_par' dir='ltr' id='par_1_105' title="bbox 229 5827 1835 5899">
     <span class='ocr_line' id='line_1_105' title="bbox 229 5827 1835 5899; baseline 0.001 -17"><span class='ocrx_word' id='word_1_873' title='bbox 229 5835 327 5882; x_wconf 85' lang='lat' dir='ltr'><strong>cta</strong></span> <span class='ocrx_word' id='word_1_874' title='bbox 358 5827 643 5896; x_wconf 82' lang='lat' dir='ltr'><strong>ingressus</strong></span> <span class='ocrx_word' id='word_1_875' title='bbox 675 5835 780 5891; x_wconf 88' lang='lat' dir='ltr'><strong>est,</strong></span> <span class='ocrx_word' id='word_1_876' title='bbox 811 5827 1022 5896; x_wconf 90' lang='lat' dir='ltr'><strong>inquit,</strong></span> <span class='ocrx_word' id='word_1_877' title='bbox 1050 5827 1304 5885; x_wconf 90' lang='lat' dir='ltr'><strong>Christus</strong></span> <span class='ocrx_word' id='word_1_878' title='bbox 1330 5829 1658 5899; x_wconf 82' lang='lat' dir='ltr'><strong>exemplaria</strong></span> <span class='ocrx_word' id='word_1_879' title='bbox 1681 5843 1835 5884; x_wconf 88' lang='lat' dir='ltr'><strong>vero-</strong></span> 
     </span>
    </p>
   </div>
   <div class='ocr_carea' id='block_1_106' title="bbox 489 5919 1011 5983">
    <p class='ocr_par' dir='ltr' id='par_1_106' title="bbox 489 5919 1011 5983">
     <span class='ocr_line' id='line_1_106' title="bbox 489 5919 1011 5983; baseline 0.004 -3"><span class='ocrx_word' id='word_1_880' title='bbox 489 5919 767 5981; x_wconf 69' lang='grc' dir='ltr'><strong>Ρληοι.</strong></span> <span class='ocrx_word' id='word_1_881' title='bbox 812 5921 1011 5983; x_wconf 81' lang='lat' dir='ltr'><strong>CXII.</strong></span> 
     </span>
    </p>
   </div>
   <div class='ocr_carea' id='block_1_107' title="bbox 1931 4701 3523 4775">
    <p class='ocr_par' dir='ltr' id='par_1_107' title="bbox 1931 4701 3523 4775">
     <span class='ocr_line' id='line_1_107' title="bbox 1931 4701 3523 4775; baseline 0.001 -17"><span class='ocrx_word' id='word_1_882' title='bbox 1931 4703 2055 4775; x_wconf 92' lang='lat' dir='ltr'><strong>pius</strong></span> <span class='ocrx_word' id='word_1_883' title='bbox 2079 4702 2192 4772; x_wconf 89' lang='lat' dir='ltr'><strong>pati</strong></span> <span class='ocrx_word' id='word_1_884' title='bbox 2217 4703 2285 4757; x_wconf 91' lang='lat' dir='ltr'><strong>ab</strong></span> <span class='ocrx_word' id='word_1_885' title='bbox 2306 4701 2549 4772; x_wconf 86' lang='lat' dir='ltr'><strong>origine:</strong></span> <span class='ocrx_word' id='word_1_886' title='bbox 2575 4701 2760 4757; x_wconf 92' lang='lat' dir='ltr'><strong>mundi</strong></span> <span class='ocrx_word' id='word_1_887' title='bbox 2784 4701 2929 4771; x_wconf 90' lang='lat' dir='ltr'><strong>quod</strong></span> <span class='ocrx_word' id='word_1_888' title='bbox 2965 4717 3036 4758; x_wconf 91' lang='lat' dir='ltr'><strong>ne</strong></span> <span class='ocrx_word' id='word_1_889' title='bbox 3062 4701 3238 4768; x_wconf 83' lang='lat' dir='ltr'><strong>fieret,</strong></span> <span class='ocrx_word' id='word_1_890' title='bbox 3267 4703 3434 4758; x_wconf 81' lang='lat' dir='ltr'><strong>semel</strong></span> <span class='ocrx_word' id='word_1_891' title='bbox 3457 4703 3523 4766; x_wconf 86' lang='lat' dir='ltr'><strong>in</strong></span> 
     </span>
    </p>
   </div>
   <div class='ocr_carea' id='block_1_108' title="bbox 1932 4793 3525 4864">
    <p class='ocr_par' dir='ltr' id='par_1_108' title="bbox 1932 4793 3525 4864">
     <span class='ocr_line' id='line_1_108' title="bbox 1932 4793 3525 4864; baseline 0.001 -14"><span class='ocrx_word' id='word_1_892' title='bbox 1932 4793 2402 4850; x_wconf 90' lang='lat' dir='ltr'><strong>consummatione</strong></span> <span class='ocrx_word' id='word_1_893' title='bbox 2429 4793 2614 4848; x_wconf 92' lang='lat' dir='ltr'><strong>mundi</strong></span> <span class='ocrx_word' id='word_1_894' title='bbox 2649 4808 2845 4864; x_wconf 88' lang='lat' dir='ltr'><strong>passus</strong></span> <span class='ocrx_word' id='word_1_895' title='bbox 2883 4802 2968 4848; x_wconf 91' lang='lat' dir='ltr'><strong>est</strong></span> <span class='ocrx_word' id='word_1_896' title='bbox 2993 4793 3061 4849; x_wconf 89' lang='lat' dir='ltr'><strong>ad</strong></span> <span class='ocrx_word' id='word_1_897' title='bbox 3101 4793 3395 4852; x_wconf 90' lang='lat' dir='ltr'><strong>multorum</strong></span> <span class='ocrx_word' id='word_1_898' title='bbox 3425 4811 3525 4852; x_wconf 86' lang='lat' dir='ltr'><strong>ex-</strong></span> 
     </span>
    </p>
   </div>
   <div class='ocr_carea' id='block_1_109' title="bbox 1934 4881 3530 4955">
    <p class='ocr_par' dir='ltr' id='par_1_109' title="bbox 1934 4881 3530 4955">
     <span class='ocr_line' id='line_1_109' title="bbox 1934 4881 3530 4955; baseline 0.002 -15"><span class='ocrx_word' id='word_1_899' title='bbox 1934 4883 2231 4941; x_wconf 90' lang='lat' dir='ltr'><strong>haurienda</strong></span> <span class='ocrx_word' id='word_1_900' title='bbox 2251 4890 2497 4955; x_wconf 88' lang='lat' dir='ltr'><strong>peccata.</strong></span> <span class='ocrx_word' id='word_1_901' title='bbox 2533 4901 2551 4933; x_wconf 76' lang='grc' dir='ltr'><strong><em>ι</em></strong></span> <span class='ocrx_word' id='word_1_902' title='bbox 2583 4883 2649 4937; x_wconf 86' lang='lat' dir='ltr'><strong>Et</strong></span> <span class='ocrx_word' id='word_1_903' title='bbox 2674 4881 3128 4953; x_wconf 89' lang='lat' dir='ltr'><strong>quemadmodum</strong></span> <span class='ocrx_word' id='word_1_904' title='bbox 3158 4892 3419 4940; x_wconf 89' lang='lat' dir='ltr'><strong>statutum</strong></span> <span class='ocrx_word' id='word_1_905' title='bbox 3442 4894 3530 4944; x_wconf 91' lang='lat' dir='ltr'><strong>est</strong></span> 
     </span>
    </p>
   </div>
   <div class='ocr_carea' id='block_1_110' title="bbox 1934 4974 3520 5046">
    <p class='ocr_par' dir='ltr' id='par_1_110' title="bbox 1934 4974 3520 5046">
     <span class='ocr_line' id='line_1_110' title="bbox 1934 4974 3520 5046; baseline -0.003 -12"><span class='ocrx_word' id='word_1_906' title='bbox 1934 4976 2246 5034; x_wconf 89' lang='lat' dir='ltr'><strong>hominibus</strong></span> <span class='ocrx_word' id='word_1_907' title='bbox 2291 4974 2459 5032; x_wconf 89' lang='lat' dir='ltr'><strong>semel</strong></span> <span class='ocrx_word' id='word_1_908' title='bbox 2480 4974 2652 5040; x_wconf 91' lang='lat' dir='ltr'><strong>mori,</strong></span> <span class='ocrx_word' id='word_1_909' title='bbox 2675 4982 2799 5046; x_wconf 91' lang='lat' dir='ltr'><strong>post</strong></span> <span class='ocrx_word' id='word_1_910' title='bbox 2839 4975 2944 5030; x_wconf 91' lang='lat' dir='ltr'><strong>hoc</strong></span> <span class='ocrx_word' id='word_1_911' title='bbox 2965 4983 3148 5030; x_wconf 89' lang='lat' dir='ltr'><strong>autem</strong></span> <span class='ocrx_word' id='word_1_912' title='bbox 3181 4974 3471 5045; x_wconf 88' lang='lat' dir='ltr'><strong>judicium,</strong></span> <span class='ocrx_word' id='word_1_913' title='bbox 3500 4996 3520 5030; x_wconf 72' lang='grc' dir='ltr'><strong><em>ι</em></strong></span> 
     </span>
    </p>
   </div>
   <div class='ocr_carea' id='block_1_111' title="bbox 1938 5067 3530 5140">
    <p class='ocr_par' dir='ltr' id='par_1_111' title="bbox 1938 5067 3530 5140">
     <span class='ocr_line' id='line_1_111' title="bbox 1938 5067 3530 5140; baseline 0.001 -14"><span class='ocrx_word' id='word_1_914' title='bbox 1938 5071 2130 5126; x_wconf 88' lang='lat' dir='ltr'><strong>deinde</strong></span> <span class='ocrx_word' id='word_1_915' title='bbox 2178 5070 2342 5136; x_wconf 90' lang='lat' dir='ltr'><strong>dicit,</strong></span> <span class='ocrx_word' id='word_1_916' title='bbox 2389 5069 2456 5125; x_wconf 88' lang='lat' dir='ltr'><strong>Et</strong></span> <span class='ocrx_word' id='word_1_917' title='bbox 2503 5067 2672 5124; x_wconf 91' lang='lat' dir='ltr'><strong>semel</strong></span> <span class='ocrx_word' id='word_1_918' title='bbox 2701 5075 2984 5136; x_wconf 91' lang='lat' dir='ltr'><strong>mortuus,</strong></span> <span class='ocrx_word' id='word_1_919' title='bbox 3024 5068 3152 5140; x_wconf 88' lang='lat' dir='ltr'><strong>quia</strong></span> <span class='ocrx_word' id='word_1_920' title='bbox 3199 5085 3306 5126; x_wconf 88' lang='lat' dir='ltr'><strong>una</strong></span> <span class='ocrx_word' id='word_1_921' title='bbox 3352 5081 3530 5128; x_wconf 91' lang='lat' dir='ltr'><strong>morte</strong></span> 
     </span>
    </p>
   </div>
   <div class='ocr_carea' id='block_1_112' title="bbox 1939 5160 3532 5234">
    <p class='ocr_par' dir='ltr' id='par_1_112' title="bbox 1939 5160 3532 5234">
     <span class='ocr_line' id='line_1_112' title="bbox 1939 5160 3532 5234; baseline -0.001 -14"><span class='ocrx_word' id='word_1_922' title='bbox 1939 5163 2240 5234; x_wconf 87' lang='lat' dir='ltr'><strong>redemptio</strong></span> <span class='ocrx_word' id='word_1_923' title='bbox 2277 5162 2420 5219; x_wconf 89' lang='lat' dir='ltr'><strong>facta</strong></span> <span class='ocrx_word' id='word_1_924' title='bbox 2444 5170 2548 5219; x_wconf 90' lang='lat' dir='ltr'><strong>est.</strong></span> <span class='ocrx_word' id='word_1_925' title='bbox 2570 5180 2588 5213; x_wconf 75' lang='grc' dir='ltr'>ι</span> <span class='ocrx_word' id='word_1_926' title='bbox 2619 5160 2927 5217; x_wconf 90' lang='lat' dir='ltr'><strong>Institutum</strong></span> <span class='ocrx_word' id='word_1_927' title='bbox 2954 5171 3056 5227; x_wconf 88' lang='lat' dir='ltr'><strong>est,</strong></span> <span class='ocrx_word' id='word_1_928' title='bbox 3081 5162 3276 5233; x_wconf 90' lang='lat' dir='ltr'><strong>inquit,</strong></span> <span class='ocrx_word' id='word_1_929' title='bbox 3295 5162 3532 5220; x_wconf 67' lang='lat' dir='ltr'><strong>homini”-</strong></span> 
     </span>
    </p>
   </div>
   <div class='ocr_carea' id='block_1_113' title="bbox 1939 5251 3530 5325">
    <p class='ocr_par' dir='ltr' id='par_1_113' title="bbox 1939 5251 3530 5325">
     <span class='ocr_line' id='line_1_113' title="bbox 1939 5251 3530 5325; baseline -0.001 -13"><span class='ocrx_word' id='word_1_930' title='bbox 1939 5256 2042 5312; x_wconf 87' lang='lat' dir='ltr'><strong>bus</strong></span> <span class='ocrx_word' id='word_1_931' title='bbox 2058 5254 2227 5311; x_wconf 88' lang='lat' dir='ltr'><strong>semel</strong></span> <span class='ocrx_word' id='word_1_932' title='bbox 2243 5254 2402 5311; x_wconf 91' lang='lat' dir='ltr'><strong>mori.</strong></span> <span class='ocrx_word' id='word_1_933' title='bbox 2415 5273 2435 5306; x_wconf 76' lang='grc' dir='ltr'><strong><em>ι</em></strong></span> <span class='ocrx_word' id='word_1_934' title='bbox 2455 5253 2569 5309; x_wconf 83' lang='lat' dir='ltr'><strong>Hoc</strong></span> <span class='ocrx_word' id='word_1_935' title='bbox 2584 5269 2715 5325; x_wconf 80' lang='lat' dir='ltr'><strong>ergo</strong></span> <span class='ocrx_word' id='word_1_936' title='bbox 2733 5260 2841 5319; x_wconf 86' lang='lat' dir='ltr'><strong>est,</strong></span> <span class='ocrx_word' id='word_1_937' title='bbox 2859 5251 3040 5309; x_wconf 89' lang='lat' dir='ltr'><strong>Semel</strong></span> <span class='ocrx_word' id='word_1_938' title='bbox 3060 5263 3308 5310; x_wconf 90' lang='lat' dir='ltr'><strong>mortuus</strong></span> <span class='ocrx_word' id='word_1_939' title='bbox 3326 5263 3412 5310; x_wconf 89' lang='lat' dir='ltr'><strong>est</strong></span> <span class='ocrx_word' id='word_1_940' title='bbox 3432 5268 3530 5324; x_wconf 91' lang='lat' dir='ltr'><strong>pro</strong></span> 
     </span>
    </p>
   </div>
   <div class='ocr_carea' id='block_1_114' title="bbox 1941 5342 3530 5416">
    <p class='ocr_par' dir='ltr' id='par_1_114' title="bbox 1941 5342 3530 5416">
     <span class='ocr_line' id='line_1_114' title="bbox 1941 5342 3530 5416; baseline -0.004 -13"><span class='ocrx_word' id='word_1_941' title='bbox 1941 5346 2216 5403; x_wconf 89' lang='lat' dir='ltr'><strong>omnibus.</strong></span> <span class='ocrx_word' id='word_1_942' title='bbox 2243 5345 2384 5414; x_wconf 86' lang='lat' dir='ltr'><strong>Quid</strong></span> <span class='ocrx_word' id='word_1_943' title='bbox 2407 5345 2571 5416; x_wconf 82' lang='lat' dir='ltr'><strong>ergo?</strong></span> <span class='ocrx_word' id='word_1_944' title='bbox 2603 5359 2710 5400; x_wconf 91' lang='lat' dir='ltr'><strong>non</strong></span> <span class='ocrx_word' id='word_1_945' title='bbox 2741 5342 2858 5414; x_wconf 90' lang='lat' dir='ltr'><strong>jam</strong></span> <span class='ocrx_word' id='word_1_946' title='bbox 2899 5344 3168 5398; x_wconf 88' lang='lat' dir='ltr'><strong>morimur</strong></span> <span class='ocrx_word' id='word_1_947' title='bbox 3199 5353 3375 5399; x_wconf 89' lang='lat' dir='ltr'><strong>morte</strong></span> <span class='ocrx_word' id='word_1_948' title='bbox 3402 5343 3530 5398; x_wconf 75' lang='lat' dir='ltr'><strong>illa?</strong></span> 
     </span>
    </p>
   </div>
   <div class='ocr_carea' id='block_1_115' title="bbox 1941 5434 3530 5508">
    <p class='ocr_par' dir='ltr' id='par_1_115' title="bbox 1941 5434 3530 5508">
     <span class='ocr_line' id='line_1_115' title="bbox 1941 5434 3530 5508; baseline -0.004 -11"><span class='ocrx_word' id='word_1_949' title='bbox 1941 5440 2205 5497; x_wconf 84' lang='lat' dir='ltr'><strong>Morimur</strong></span> <span class='ocrx_word' id='word_1_950' title='bbox 2222 5437 2462 5508; x_wconf 90' lang='lat' dir='ltr'><strong>quidem,</strong></span> <span class='ocrx_word' id='word_1_951' title='bbox 2477 5437 2572 5493; x_wconf 87' lang='lat' dir='ltr'><strong>sed</strong></span> <span class='ocrx_word' id='word_1_952' title='bbox 2592 5452 2700 5493; x_wconf 92' lang='lat' dir='ltr'><strong>non</strong></span> <span class='ocrx_word' id='word_1_953' title='bbox 2721 5437 3164 5508; x_wconf 89' lang='lat' dir='ltr'><strong>permanebimus</strong></span> <span class='ocrx_word' id='word_1_954' title='bbox 3183 5437 3235 5490; x_wconf 94' lang='lat' dir='ltr'><strong>in</strong></span> <span class='ocrx_word' id='word_1_955' title='bbox 3256 5434 3369 5500; x_wconf 87' lang='lat' dir='ltr'><strong>illa,</strong></span> <span class='ocrx_word' id='word_1_956' title='bbox 3383 5435 3530 5504; x_wconf 89' lang='lat' dir='ltr'><strong>quod</strong></span> 
     </span>
    </p>
   </div>
   <div class='ocr_carea' id='block_1_116' title="bbox 1942 5525 3530 5600">
    <p class='ocr_par' dir='ltr' id='par_1_116' title="bbox 1942 5525 3530 5600">
     <span class='ocr_line' id='line_1_116' title="bbox 1942 5525 3530 5600; baseline -0.003 -13"><span class='ocrx_word' id='word_1_957' title='bbox 1942 5531 2105 5588; x_wconf 90' lang='lat' dir='ltr'><strong>etiam</strong></span> <span class='ocrx_word' id='word_1_958' title='bbox 2133 5543 2309 5599; x_wconf 89' lang='lat' dir='ltr'><strong>neque</strong></span> <span class='ocrx_word' id='word_1_959' title='bbox 2334 5529 2471 5584; x_wconf 90' lang='lat' dir='ltr'><strong>mori</strong></span> <span class='ocrx_word' id='word_1_960' title='bbox 2495 5537 2598 5583; x_wconf 91' lang='lat' dir='ltr'><strong>est.</strong></span> <span class='ocrx_word' id='word_1_961' title='bbox 2650 5525 2842 5583; x_wconf 80' lang='lat' dir='ltr'><strong>Mortis</strong></span> <span class='ocrx_word' id='word_1_962' title='bbox 2861 5527 3006 5583; x_wconf 89' lang='lat' dir='ltr'><strong>enim</strong></span> <span class='ocrx_word' id='word_1_963' title='bbox 3035 5527 3278 5600; x_wconf 88' lang='lat' dir='ltr'><strong>tyrannis</strong></span> <span class='ocrx_word' id='word_1_964' title='bbox 3298 5534 3354 5581; x_wconf 91' lang='lat' dir='ltr'><strong>et</strong></span> <span class='ocrx_word' id='word_1_965' title='bbox 3381 5539 3530 5582; x_wconf 91' lang='lat' dir='ltr'><strong>mors</strong></span> 
     </span>
    </p>
   </div>
   <div class='ocr_carea' id='block_1_117' title="bbox 1944 5619 3533 5692">
    <p class='ocr_par' dir='ltr' id='par_1_117' title="bbox 1944 5619 3533 5692">
     <span class='ocr_line' id='line_1_117' title="bbox 1944 5619 3533 5692; baseline -0.003 -13"><span class='ocrx_word' id='word_1_966' title='bbox 1944 5637 2133 5679; x_wconf 90' lang='lat' dir='ltr'><strong>revera</strong></span> <span class='ocrx_word' id='word_1_967' title='bbox 2157 5621 2246 5676; x_wconf 90' lang='lat' dir='ltr'><strong>illa</strong></span> <span class='ocrx_word' id='word_1_968' title='bbox 2275 5629 2379 5686; x_wconf 91' lang='lat' dir='ltr'><strong>est,</strong></span> <span class='ocrx_word' id='word_1_969' title='bbox 2407 5621 2623 5691; x_wconf 91' lang='lat' dir='ltr'><strong>quando</strong></span> <span class='ocrx_word' id='word_1_970' title='bbox 2644 5635 2920 5691; x_wconf 89' lang='lat' dir='ltr'><strong>nunquam</strong></span> <span class='ocrx_word' id='word_1_971' title='bbox 2941 5619 3276 5692; x_wconf 87' lang='lat' dir='ltr'><strong>permittitur</strong></span> <span class='ocrx_word' id='word_1_972' title='bbox 3290 5626 3533 5676; x_wconf 85' lang='lat' dir='ltr'><strong>mortqu</strong></span> 
     </span>
    </p>
   </div>
   <div class='ocr_carea' id='block_1_118' title="bbox 1944 5710 3536 5784">
    <p class='ocr_par' dir='ltr' id='par_1_118' title="bbox 1944 5710 3536 5784">
     <span class='ocr_line' id='line_1_118' title="bbox 1944 5710 3536 5784; baseline -0.003 -14"><span class='ocrx_word' id='word_1_973' title='bbox 1944 5716 2013 5772; x_wconf 91' lang='lat' dir='ltr'><strong>ad</strong></span> <span class='ocrx_word' id='word_1_974' title='bbox 2042 5716 2208 5770; x_wconf 91' lang='lat' dir='ltr'><strong>vitam</strong></span> <span class='ocrx_word' id='word_1_975' title='bbox 2255 5713 2490 5770; x_wconf 89' lang='lat' dir='ltr'><strong>reverti:</strong></span> <span class='ocrx_word' id='word_1_976' title='bbox 2520 5713 2738 5784; x_wconf 90' lang='lat' dir='ltr'><strong>quando</strong></span> <span class='ocrx_word' id='word_1_977' title='bbox 2766 5728 2898 5769; x_wconf 90' lang='lat' dir='ltr'><strong>vero</strong></span> <span class='ocrx_word' id='word_1_978' title='bbox 2940 5720 3064 5784; x_wconf 89' lang='lat' dir='ltr'><strong>post</strong></span> <span class='ocrx_word' id='word_1_979' title='bbox 3092 5719 3322 5766; x_wconf 90' lang='lat' dir='ltr'><strong>mortem</strong></span> <span class='ocrx_word' id='word_1_980' title='bbox 3349 5710 3536 5766; x_wconf 77' lang='lat' dir='ltr'><strong>viven-</strong></span> 
     </span>
    </p>
   </div>
   <div class='ocr_carea' id='block_1_119' title="bbox 1945 5801 3536 5873">
    <p class='ocr_par' dir='ltr' id='par_1_119' title="bbox 1945 5801 3536 5873">
     <span class='ocr_line' id='line_1_119' title="bbox 1945 5801 3536 5873; baseline -0.003 -8"><span class='ocrx_word' id='word_1_981' title='bbox 1945 5810 2074 5865; x_wconf 89' lang='lat' dir='ltr'><strong>dum</strong></span> <span class='ocrx_word' id='word_1_982' title='bbox 2095 5808 2222 5873; x_wconf 87' lang='lat' dir='ltr'><strong>erit,</strong></span> <span class='ocrx_word' id='word_1_983' title='bbox 2253 5816 2309 5862; x_wconf 91' lang='lat' dir='ltr'><strong>et</strong></span> <span class='ocrx_word' id='word_1_984' title='bbox 2339 5807 2502 5862; x_wconf 89' lang='lat' dir='ltr'><strong>vitam</strong></span> <span class='ocrx_word' id='word_1_985' title='bbox 2526 5807 2826 5869; x_wconf 87' lang='lat' dir='ltr'><strong>meliorem,</strong></span> <span class='ocrx_word' id='word_1_986' title='bbox 2853 5821 2961 5860; x_wconf 93' lang='lat' dir='ltr'><strong>non</strong></span> <span class='ocrx_word' id='word_1_987' title='bbox 2999 5812 3086 5858; x_wconf 87' lang='lat' dir='ltr'><strong>est</strong></span> <span class='ocrx_word' id='word_1_988' title='bbox 3124 5817 3272 5858; x_wconf 88' lang='lat' dir='ltr'><strong>mors</strong></span> <span class='ocrx_word' id='word_1_989' title='bbox 3296 5801 3411 5870; x_wconf 92' lang='lat' dir='ltr'><strong>illa,</strong></span> <span class='ocrx_word' id='word_1_990' title='bbox 3439 5801 3536 5861; x_wconf 87' lang='lat' dir='ltr'><strong>sed</strong></span> 
     </span>
    </p>
   </div>
   <div class='ocr_carea' id='block_1_120' title="bbox 3018 5919 3096 5992">
    <p class='ocr_par' dir='ltr' id='par_1_120' title="bbox 3018 5919 3096 5992">
     <span class='ocr_line' id='line_1_120' title="bbox 3018 5919 3096 5992; baseline 0 -22"><span class='ocrx_word' id='word_1_991' title='bbox 3018 5919 3096 5992; x_wconf 60' lang='lat' dir='ltr'><strong>2.x</strong></span> 
     </span>
    </p>
   </div>
  </div>
