3992 6338
623 278 732 336 779

1282 280 1344 337 Β.
1381 275 1634 345 sanam
1670 274 1893 351 unum
1916 262 2208 337 ‘Ancmm

2301 258 2911 331 ΙΟϐΠΝΤΪΟΡΕΒῙΙΜ
2945 267 3129 327 PARS
3160 268 3263 329 111..
3546 262 3563 281 "
3690 282 3757 344 τω

615 397 899 467 dormitio.
929 401 1197 474 Quoniam
1220 414 1349 475 ergo
1371 412 1560 454 omnes
1582 404 1858 452 retentura
1884 403 2006 451 erat
2030 407 2198 458 mors,
2228 393 2281 456 Α
2305 398 2362 446 et
2389 403 2604 462 semper
2630 388 3014 456 offerebantur,
3054 388 3289 445 ostendit
3310 404 3550 463 nunquam
3583 411 3656 455 eos
3673 416 3758 471 pur-

623 505 913 572 ptopterea
967 503 1215 550 mortuus
1252 498 1358 555 est,
1409 498 1470 544 ut
1520 502 1621 543 nos
1672 484 1946 545 liberaret.
1979 483 2111 539 «Sic
2155 489 2210 538 et

626 592 908 655 Christus,
953 585 1160 659 inquit,
1206 580 1372 640 semel
1417 579 1629 636 oblatus
1654 585 1758 635 est.
1790 576 1836 632 A
1860 591 1967 647 quo
1996 575 2211 659 oblatus

626 683 745 739 est?
772 652 1113 736 Manifestum
1151 673 1297 747 quod
1339 686 1436 744 per
1468 670 1836 739 semetipsum.
1894 666 1993 723 Hic
2035 652 2212 738 neque

628 771 968 831 sacerdotem
1015 767 1146 824 dicit
1182 781 1307 823 eum
1356 762 1529 820 solum
1553 802 1568 828 ,
1621 760 1718 816 sed
1752 767 1807 817 et
1835 759 2116 815 victimam
2156 765 2212 813 et

630 862 957 921 sacriﬁcium
981 876 1080 931 per
1105 874 1162 915 se
1188 857 1447 913 oblatum.
1488 872 1506 905 ι
1546 851 1748 919 Semel,
1776 850 1970 922 inquit,
1995 850 2212 907 oblatus

636 976 654 1009 ι
691 965 776 1013 est
826 953 894 1011 ad
948 952 1241 1009 multorum
1294 947 1589 1006 auferenda
1644 950 1886 1017 peccata.
1950 964 1971 996 ι
2032 942 2214 1012 Quare

630 1046 943 1109 multorum,
981 1052 1037 1098 et
1064 1057 1171 1098 non
1207 1039 1488 1097 omnium?
1515 1037 1650 1106 Quia
1679 1050 1788 1091 non
1817 1048 2007 1092 omnes
2033 1031 2210 1089 credi-

630 1139 845 1196 derunt.
883 1137 988 1193 Pro
1007 1135 1259 1191 omnibus
1287 1133 1505 1205 quidem
1546 1138 1793 1186 mortuus
1822 1135 1926 1196 est,
1958 1129 2063 1184 hoc
2090 1132 2175 1182 est
2195 1164 2211 1191 ,

630 1240 892 1304 quantum
916 1230 970 1286 in
992 1230 1109 1301 ipso
1120 1236 1229 1284 est:
1246 1224 1363 1297 ejus
1378 1223 1636 1281 momenti
1658 1231 1743 1280 est
1765 1222 1855 1278 illa
1878 1236 2043 1287 mors,
2059 1214 2213 1290 cujus

632 1320 890 1378 momenti
934 1327 1021 1374 est
1056 1318 1296 1375 omnium
1336 1315 1726 1388 perditioznon
1758 1322 1939 1373 autem
1969 1311 2214 1368 omnium

630 1420 850 1482 peccata
874 1409 1112 1474 abstulit,
1132 1416 1353 1479 propter
1374 1407 1518 1479 quod
1536 1402 1844 1463 noluerunt.
1870 1404 2008 1473 Quid
2031 1412 2214 1459 autem

630 1514 734 1571 est,
766 1524 782 1557 ι
802 1503 1038 1561 Abstulit
1060 1503 1320 1575 peccata?
1340 1522 1359 1556 υ
1388 1501 1539 1558 Sicut
1560 1501 1703 1556 enim
1728 1500 1783 1555 in
1802 1499 2074 1563 oblatione
2095 1514 2214 1555 sur-

568 1644 581 1649 -
631 1612 751 1652 sum
777 1593 1056 1651 offerimus
1078 1593 1323 1667 peccata,
1337 1601 1393 1650 et
1414 1593 1663 1660 dicimus,
1682 1590 1811 1649 Sive
1826 1590 2083 1655 volentes,
2100 1588 2215 1645 sive

631 1688 873 1744 nolentes
898 1687 1262 1759 peccavimus,
1293 1685 1540 1759 indulge;
1578 1686 1683 1741 hoc
1722 1693 1827 1753 est,
1882 1684 2210 1740 mentionem

2312 488 2446 557 gari.
2476 486 2631 542 Sicut
2662 485 2807 540 enim
2830 484 3282 540 medicamentum
3321 487 3509 555 quando
3532 488 3656 547 fuerit
3673 494 3759 555 forte

2310 586 2368 636 et
2399 576 2587 633 salutis
2633 574 2856 641 efﬁcax,
2907 584 2961 629 et
3004 574 3193 630 valens
3230 584 3462 631 cunctam
3501 580 3759 642 valetudinem

2313 668 2597 742 repellere,
2634 665 2801 722 semel
2828 663 3139 737 impositum
3169 672 3335 719 totum
3363 675 3607 737 operatur;
3628 672 3661 725 si
3679 687 3760 745 ergo

2313 760 2483 821 semel
2532 758 2845 835 impositum
2894 764 3065 812 totum
3095 765 3368 828 operatum
3402 756 3567 825 fuerit,
3607 766 3763 821 ostendit

2313 872 2469 912 suam
2488 855 2769 919 virtutem,
2798 860 2858 906 ut
2879 866 2987 906 non
3006 848 3234 906 ulterius
3256 859 3554 922 apponatur;
3573 854 3700 911 ethoc
3713 868 3762 913 est

2314 953 2434 1024 ejus
2464 966 2623 1027 opus,
2671 956 2731 1005 ut
2771 946 2887 1018 jam
2920 962 3025 1003 non
3056 954 3381 1019 apponatur;
3425 946 3467 1002 si
3489 961 3597 1003 vero
3628 963 3762 1018 semper

2314 1044 2626 1119 apponitur,
2684 1040 3034 1098 manifestum
3096 1038 3349 1097 indicium
3396 1046 3506 1109 est,
3544 1039 3646 1095 nihil
3684 1040 3763 1097 illud

2313 1134 2702 1215 praevaluisse;
2739 1132 3125 1191 medicamenti
3169 1129 3358 1203 quippe
3408 1130 3562 1186 virtus
3597 1131 3663 1186 illa
3699 1140 3762 1198 est,

2313 1235 2376 1284 ut
2402 1224 2570 1295 semel
2598 1233 2905 1296 apponatur
2952 1231 3009 1281 et
3057 1239 3168 1279 non
3215 1220 3532 1292 frequenter;
3574 1220 3635 1276 sic
3664 1221 3764 1276 etian

2314 1319 2444 1378 hic:
2483 1334 2591 1391 qua
2622 1317 2835 1375 ratione
2882 1316 3094 1375 eisdem
3146 1312 3419 1370 sacriﬁciis
3464 1328 3636 1385 semper
3669 1328 3764 1368 mn-

2314 1412 2550 1473 bantur?
2577 1410 2635 1469 Si
2667 1411 2813 1471 enim
2849 1411 2917 1466 ab
2945 1408 3201 1466 omnibus
3242 1417 3412 1464 essent
3456 1405 3628 1461 liberati
3648 1421 3765 1478 pecta-

2315 1507 2406 1573 tis,
2457 1519 2796 1579 nequaquam
2826 1517 2924 1576 per
2946 1501 3191 1573 singulos
3238 1500 3349 1557 dies
3379 1497 3766 1559 oﬁ‘ertentursacri-

2316 1598 2460 1655 ﬁcia.
2492 1596 2729 1654 Proinde
2751 1593 3201 1653 commemoratio
3227 1592 3426 1665 peccati
3452 1590 3553 1657 luit,
3572 1606 3653 1646 non
3672 1589 3766 1647 abso

2314 1689 2471 1767 lytio,
2498 1689 2626 1761 quia
2647 1687 2888 1759 quotidie
2908 1685 3114 1743 eisdem
3137 1684 3488 1757 purgabantur
3504 1682 3653 1738 hostiis
3668 1681 3764 1735 etiam

629 1798 816 1836 eorum
847 1779 1111 1836 faciamus
1135 1779 1394 1850 primum,
1416 1787 1471 1833 et
1500 1785 1630 1834 tunc
1659 1775 2036 1833 remissionem
2076 1776 2214 1847 peti-
2243 1781 2290 1849 Β
2317 1792 2373 1840 et
2408 1781 2510 1853 ipsi
2559 1779 2872 1838 sacerdotes
2917 1787 2972 1835 et
3020 1777 3254 1853 populus
3308 1774 3509 1846 pariter.
3550 1773 3596 1831 ln
3631 1772 3766 1828 Christo

630 1888 751 1928 mus
780 1891 791 1925 :
824 1873 904 1927 sic
934 1880 1114 1926 autem
1141 1879 1197 1926 et
1239 1870 1327 1926 hic
1358 1864 1559 1926 factum
1590 1878 1693 1926 est.
1737 1869 1804 1925 Et
1829 1870 1919 1925 ubi
1957 1871 2060 1926 hoc
2091 1868 2218 1925 fecit
2248 1856 2253 1865 ’

628 1962 912 2021 Christus?
932 1962 1071 2017 Audi
1102 1977 1226 2017 eum
1255 1963 1525 2019 dicentem
1551 1979 1563 2015 :
1594 1980 1611 2013 α
1630 1961 1696 2019 Et
1723 1977 1820 2033 pro
1853 1961 1957 2016 illis
1972 1976 2072 2032 ego
2093 1977 2218 2017 san-

632 2073 652 2106 ε
681 2054 861 2109 ctifico
880 2053 1255 2126 memetipsum
1275 2051 1458 2133 (Joan.
1477 2051 1634 2126 xvn).
1661 2073 1679 2104 ι
1708 2048 1845 2109 Ecce
1866 2052 2062 2107 obtulit
2084 2066 2214 2121 pec-

626 2152 770 2210 cata,
794 2142 1023 2214 sumpsit
1045 2157 1110 2199 ea
1137 2143 1205 2199 ab
1227 2141 1555 2207 hominibus,
1586 2150 1643 2197 et
1663 2142 1859 2197 obtulit
1881 2140 1970 2196 illa
2000 2157 2215 2198 sursum

624 2236 799 2303 Patri,
834 2252 940 2291 non
968 2244 1029 2292 ut
1052 2234 1253 2308 aliquid
1294 2237 1551 2292 decernat
1574 2235 1833 2291 adversus
1858 2250 1985 2299 eos,
2014 2235 2111 2291 sed
2157 2242 2217 2290 ut

627 2347 689 2385 ea
738 2331 973 2384 dimittat
1010 2348 1024 2384 :
1075 2328 1242 2403 (ΑΠ’.)
1283 2328 1558 2386 Statutum
1608 2329 1804 2399 quippe
1839 2336 1924 2384 est
1964 2327 2216 2403 omnibus

629 2420 796 2475 semel
830 2420 987 2495 mori,
1035 2427 1090 2475 et
1141 2430 1263 2491 post
1296 2429 1527 2475 mortem
1561 2418 1896 2490 judicabitur
1925 2396 2216 2489 unusq‘uis—

566 2500 573 2507 ’
628 2528 734 2582 quc
779 2511 1076 2568 secundum
1128 2512 1323 2567 merita
1372 2527 1470 2567 sua
1503 2530 1515 2565 :
1547 2512 1626 2567 sic
1673 2519 1728 2566 et
1768 2509 2016 2567 Christus
2047 2510 2215 2568 semel

629 2613 875 2658 mortuus
909 2612 993 2658 est
1036 2617 1137 2672 pro
1175 2603 1416 2673 peccatis
1443 2602 1673 2669 alienis;
1720 2611 1775 2657 et
1818 2602 1939 2657 ideo
1966 2602 2091 2673 quia
2123 2617 2216 2657 vo-

626 2695 863 2751 luntarie
892 2703 945 2750 et
971 2695 1277 2751 necessarie
1320 2702 1569 2751 mortuus
1592 2702 1704 2761 est,
1753 2693 1991 2749 secundo
2015 2694 2215 2766 quippe

626 2789 856 2844 adventu
874 2787 1155 2859 apparebit
1177 2785 1296 2842 sine
1311 2794 1552 2856 peccato.
1571 2784 1775 2858 (Joan.)
1800 2784 1938 2852 Quid
1953 2794 2036 2840 est
2062 2805 2079 2837 ε
2099 2785 2214 2839 sine

630 2900 648 2933 ι
668 2880 928 2950 peccato?
948 2898 965 2930 ›
987 2878 1164 2935 Veluti
1190 2893 1296 2933 non
1318 2886 1523 2947 peccat.
1540 2875 1655 2931 Non
1676 2877 1818 2932 enim
1842 2876 2049 2931 debitor
2069 2891 2215 2930 mor-

624 2971 693 3027 tis
721 2982 967 3026 mortuus
995 2979 1095 3035 est,
1129 2985 1302 3040 neque
1334 2977 1555 3039 propter
1594 2977 1899 3039 peccatum.
1926 2966 2033 3022 Sed
2075 2981 2212 3037 quo-

620 3066 782 3121 modo
804 3063 1098 3119 videbitur?
1111 3062 1367 3129 Puniens,
1386 3061 1580 3132 inquit,
1597 3062 1691 3116 sed
1708 3077 1812 3115 non
1830 3062 1933 3117 hoc
1952 3060 2215 3125 dixit,sed

2318 1893 2349 1943 β
2382 1875 2659 1949 contrario
2687 1872 2856 1931 semel
2877 1872 3062 1929 oblata
3107 1878 3191 1926 est
3222 1869 3391 1943 hostia
3418 1876 3581 1939 potens
3612 1866 3660 1923 ad
3679 1866 3765 1924 tall-

2320 1979 2427 2027 tem
2465 1966 2869 2047 sempiternam.
2911 1961 3055 2033 Quid
3089 1977 3221 2035 ergo
3268 1961 3396 2017 nos?
3420 1958 3580 2015 Nonne
3613 1972 3682 2027 per
3704 1958 3767 2013 sin-

2316 2062 2472 2135 gulos
2520 2061 2635 2116 dies
2685 2054 3018 2117 Olferimus?
3064 2054 3340 2112 oﬁ‘erimus
3388 2053 3603 2129 quidem,
3638 2050 3702 2107 sed
3730 2049 3766 2103 ad

2317 2154 2748 2213 recordationem
2778 2151 3049 2229 facientes
3075 2148 3266 2206 mortis
3295 2145 3403 2219 ejus
3428 2154 3511 2201 :et
3534 2159 3616 2215 una
3633 2142 3767 2199 estita

2317 2250 2517 2323 hostia,
2540 2261 2649 2303 non
2677 2244 2879 2323 multae.
2911 2242 3198 2315 Quomodo
3226 2255 3332 2309 una
3356 2245 3451 2304 est,
3477 2245 3621 2295 etnon
3638 2232 3767 2289 multa?

2314 2342 2385 2397 Et
2423 2340 2550 2421 quia
2578 2336 2748 2399 semel
2779 2336 2959 2417 oblata
2988 2342 3078 2390 est
3112 2333 3200 2388 illa
3226 2373 3240 2397 ,
3285 2330 3451 2387 oblata
3489 2336 3557 2383 est
3593 2326 3766 2421 insana:

2316 2417 2651 2489 sanctorum.
2706 2426 2823 2487 Hoc
2878 2435 3066 2483 autem
3114 2422 3433 2501 sacriﬁcium
3482 2417 3691 2490 exemplar
3722 2421 3766 2470 et

2317 2526 2480 2593 illius.
2506 2506 2566 2589 ld
2591 2523 2769 2599 ipsum
2793 2534 3010 2591 semper
3036 2518 3337 2599 oderimus,
3370 2529 3460 2572 nec
3485 2528 3601 2581 nunc
3636 2508 3767 2599 quidem

2315 2617 2481 2675 alium
2505 2598 2704 2693 agnum
2729 2653 2745 2685 ,
2772 2611 3013 2669 crastina
3050 2598 3247 2673 alium,
3276 2607 3366 2679 sed
3393 2618 3574 2677 semper
3594 2598 3767 2693 illunis

2316 2724 2457 2767 sum.
2480 2688 2715 2777 Proinde
2738 2718 2905 2760 unum
2928 2713 3011 2758 est
3033 2701 3142 2758 hoc
3169 2690 3694 2763 sacriﬁciumzalioquin
3711 2688 3768 2777 hac

2316 2774 2565 2864 ratione,
2628 2794 2881 2869 quoniam
2933 2793 2987 2847 in
3046 2790 3237 2849 multis
3283 2788 3408 2847 locis
3446 2783 3641 2847 offertur,
3674 2774 3767 2831 multi

2315 2889 2516 2949 Christi
2574 2888 2736 2943 sunt?
2785 2885 3193 2967 Nequaquam:
3246 2880 3339 2953 sed
3384 2893 3509 2937 unus
3542 2873 3695 2967 ubique
3721 2877 3767 2920 es

2316 2982 2597 3046 Christus,
2653 2986 2709 3039 et
2759 2979 2849 3055 hic
2895 2962 3091 3049 plenus
3140 2973 3408 3053 existens,
3451 2974 3499 3023 et
3523 2965 3610 3020 illic
3624 2962 3766 3033 plenus.

2315 3088 2483 3139 unum
2514 3086 2732 3145 corpus.
2764 3058 2919 3133 Sicut
2943 3066 3094 3125 enim
3121 3065 3213 3137 qui
3246 3062 3432 3132 ubique
3454 3055 3766 3117 offertur,unum

621 3157 763 3229 quod
788 3152 1039 3211 festivum
1062 3162 1116 3208 et
1139 3161 1350 3225 gratum
1375 3161 1483 3218 est,
1514 3170 1532 3204 t
1555 3151 1685 3206 Sine
1701 3161 1924 3222 peccato
1947 3151 2215 3208 videbitur
2318 3178 2516 3235 corpus
2546 3171 2654 3229 est,
2675 3143 2730 3217 et
2758 3177 2864 3219 non
2896 3158 3068 3214 multa
3097 3170 3344 3227 corpora,
3370 3153 3435 3209 ita
3460 3149 3595 3205 etiam
3613 3153 3652 3198 et
3669 3152 3764 3235 unum

620 3245 1063 3317 exspectantibus
1084 3258 1143 3299 se
1163 3243 1216 3297 in
1242 3243 1524 3298 salutem.»
1553 3240 1626 3297 Ut
1648 3242 1763 3311 jam
1784 3242 1851 3297 de
1874 3251 2072 3298 caetero
2103 3258 2212 3298 non

618 3353 755 3407 opus
787 3334 1025 3390 habeant
1054 3334 1341 3400 sacriﬁcio,
1397 3342 1457 3388 ut
1483 3333 1777 3399 salventur,
1820 3333 1916 3389 sed
1953 3334 2208 3404 operibus

532 3434 541 3441 '
621 3427 755 3500 ipsis
766 3429 869 3484 hoc
882 3426 1104 3483 facient.
1122 3425 1310 3482 Omnis
1326 3427 1524 3497 quippe
1535 3426 1714 3482 hostia
1729 3441 1827 3496 pro
1839 3435 2064 3496 peccato
2080 3426 2211 3481 diei-

620 3528 709 3575 tur
736 3527 1042 3589 peccatum.
1066 3518 1182 3575 Non
1205 3516 1351 3575 enim
1372 3522 1477 3576 erit
1502 3530 1630 3576 tunc
1652 3521 1827 3578 hostia
1848 3537 1948 3594 pro
1962 3530 2205 3593 peccato,

619 3612 746 3682 quia
776 3620 1061 3682 peccatum
1092 3628 1197 3667 non
1225 3612 1347 3680 erit,
1382 3613 1476 3669 sed
1500 3612 1711 3683 iustitia
1731 3655 1746 3681 ,
1791 3615 1906 3669 sive
1946 3614 1999 3669 in
2028 3629 2211 3670 remu-

618 3702 901 3759 neratione
921 3701 1211 3774 justorum,
1241 3705 1327 3762 vel
1366 3704 1422 3761 in
1452 3704 1808 3761 retributione
1829 3688 2203 3779 peccatorum.

1249 3840 1478 3900 CAPUT
1512 3841 1580 3896 X.

617 3954 924 4011 Ostenditur
945 3964 1163 4011 veterem
1176 3951 1337 4025 legem
1351 3970 1455 4008 non
1476 3970 1627 4025 posse
1652 3931 1866 4025 auferre
1888 3961 2157 4024 peccatum
2184 3966 2205 4007 :

685 4025 1007 4081 declaranda
1035 4023 1395 4095 excellentium
1432 4023 1736 4080 sacerdotii
1764 4023 1962 4079 Christi
1991 4063 2005 4091 ,
2050 4034 2205 4095 atque

687 4095 1118 4171 ejus-sacerdotio
1143 4113 1252 4151 esse
1291 4094 1515 4165 ﬁrmiter
1541 4096 1911 4151 obedientium.

693 4230 714 4265 ι
736 4211 994 4268 Umbram
1004 4212 1151 4267 enim
1164 4212 1373 4268 habens
1393 4211 1477 4267 lex
1492 4213 1757 4269 bonorum
1774 4212 2079 4268 futurorum
2095 4227 2202 4268 non

620 4322 641 4356 ι
670 4305 841 4375 ipsam
852 4302 1144 4372 imaginem
1172 4317 1375 4361 rerum.
1400 4292 1558 4360 {Hoc
1577 4311 1664 4358 est
1681 4318 1789 4358 non
1812 4302 1983 4373 ipsam
2004 4303 2206 4359 verita-

611 4404 746 4452 tem.
763 4393 1053 4465 Usquequo
1073 4408 1218 4450 enim
1237 4393 1407 4450 veluti
1427 4394 1482 4449 in
1501 4394 1715 4465 pictura
1736 4394 1979 4467 imponat
1998 4394 2123 4466 quis
2143 4393 2204 4449 li-

611 4495 900 4543 neamenta
925 4487 1265 4552 umbrarum,
1289 4484 1604 4557 signiﬁcans
1630 4485 1759 4555 quid
1788 4485 2014 4558 pingere
2047 4484 2198 4553 velit,
2228 4510 2283 4575 υ

612 4578 804 4633 umbra
832 4577 1081 4648 quaedam
1107 4586 1191 4634 est
1220 4592 1329 4645 non
1364 4577 1563 4649 imago.
1596 4576 1656 4633 St
1694 4577 1841 4635 enim
1866 4575 2029 4635 ﬂores
2054 4577 2203 4648 ipsos

612 4670 738 4740 quis
785 4669 1029 4726 colorum
1058 4670 1348 4727 intinxerit
1393 4678 1451 4726 et
1478 4670 1797 4741 imposuerit
1829 4682 1994 4740 super
2032 4670 2203 4726 linea-

613 4770 819 4829 menta,
842 4772 973 4823 tunc
987 4766 1166 4839 imago
1185 4764 1436 4824 edicitur.
1464 4765 1593 4822 Tale
1611 4766 1867 4837 quiddam
1892 4773 2013 4821 erat
2034 4765 2198 4821 etiam

612 4851 725 4919 lex,
771 4853 964 4913 umbra
996 4858 1264 4915 veritatis.
1298 4877 1318 4910 ι
1352 4858 1457 4915 Per
1502 4856 1744 4928 singulos
1778 4869 1952 4913 annos
1991 4855 2197 4913 eisdem

617 4960 639 4997 ο
676 4944 810 5014 ipsis
835 4945 1053 5013 hostiis,
1082 4963 1219 5018 quas
1242 4948 1481 5007 oﬁ‘erunt
1500 4948 1891 5014 indesinenter,
1917 4963 2197 5018 nunquam

614 5053 639 5090 ς
673 5044 856 5108 potest
882 5039 1204 5099 accedentes
1239 5040 1510 5109 perfectos
1548 5039 1763 5096 facere:
1800 5039 2043 5110 alioquin
2081 5055 2198 5096 oes-

600 5147 637 5221 ‘c
672 5136 889 5221 saneea}
914 5126 1133 5197 oﬁ'erre.
1164 5131 1288 5193 ideo
1334 5132 1481 5202 quod
1528 5131 1729 5188 nullam
1762 5129 2025 5187 haberent
2054 5130 2197 5185 ultra

613 5240 635 5275 ι
674 5220 1063 5279 conscientiam
1087 5224 1301 5293 peccati
1319 5224 1575 5291 cultores,
1604 5223 1773 5281 semel
1802 5222 2074 5281 mundati:
2101 5221 2196 5279 sed

613 5329 634 5364 ι
672 5310 728 5368 in
751 5310 885 5382 ipsis
908 5313 1355 5376 commoratio
1365 5321 1712 5387 peccatorum
1732 5326 1830 5384 per
1843 5312 2083 5385 singulos
2100 5328 2198 5369 an-

608 5420 634 5469 n
670 5417 771 5461 nos
798 5403 883 5471 ﬁt.
909 5393 1245 5472 Impossibile
1267 5412 1353 5459 est
1379 5404 1525 5463 enim
1551 5404 1815 5477 sanguine
1842 5412 2120 5463 taurorum
2140 5411 2199 5463 et

609 5510 633 5548 ι
672 5489 1161 5555 hircorumauferri
1183 5502 1427 5561 peccata.
1452 5512 1471 5546 ι
1493 5492 1703 5568 (leam)
1730 5494 1845 5555 Una
1866 5501 1975 5559 est,
1998 5492 2194 5562 inquit,

605 5581 711 5643 ista
728 5583 927 5649 hostia,
943 5582 1048 5639 illae
1061 5591 1243 5641 autem
1257 5583 1437 5640 multa:
1449 5594 1575 5641 sunt
1591 5604 1602 5640 :
1623 5596 1904 5658 propterea
1925 5584 2071 5641 enim
2094 5599 2197 5642 nec

606 5673 775 5732 fortes
815 5685 974 5745 erant
998 5716 1014 5744 ,
1061 5677 1188 5747 quia
1244 5677 1446 5734 multas.
1496 5678 1638 5746 Quid
1672 5687 1850 5735 autem
1894 5693 2031 5749 opus
2078 5686 2198 5733 erat

605 5765 810 5841 multis,
824 5767 914 5825 dic
937 5767 1096 5839 mihi,
1121 5783 1229 5825 una
1254 5768 1589 5827 sufﬁciente?
1612 5768 1845 5827 Proinde
1856 5768 2001 5840 quod
2016 5767 2195 5825 multae

2316 3234 2667 3323 sacrificium.
2693 3254 2943 3311 Pontifex
2973 3262 3161 3308 autem
3191 3256 3370 3309 noster
3396 3247 3477 3303 ille
3495 3252 3588 3309 est,
3609 3234 3763 3319 quinos-

2319 3350 2448 3405 tiam
2501 3326 2855 3403 mundantem
2902 3360 3002 3403 nos
3043 3341 3263 3399 obtulit.
3308 3340 3468 3410 Ipsam
3510 3329 3765 3389 oﬁerimuset

2313 3459 2480 3512 nunc,
2515 3457 2635 3514 quae
2659 3450 2789 3497 tunc
2814 3439 2993 3497 oblata
3017 3437 3264 3509 quidem,
3292 3430 3512 3491 consumi
3538 3443 3623 3487 non
3643 3426 3761 3495 pales!-

2313 3533 2428 3613 lloc
2469 3543 2651 3591 autem
2679 3533 2821 3605 quod
2852 3546 2951 3588 nos
2979 3527 3216 3584 facimus
3247 3526 3300 3581 in
3330 3514 3763 3613 commemorationem

2311 3605 2375 3697 ﬁt
2397 3627 2533 3700 ejus,
2560 3625 2705 3697 quod
2730 3623 2933 3679 factum
2964 3630 3049 3678 est
3075 3640 3091 3676 :
3126 3640 3145 3673 ι
3181 3617 3294 3675 Hoc
3318 3615 3453 3672 enim
3475 3610 3621 3669 facile.

2317 3740 2338 3774 ι
2375 3722 2431 3777 in
2479 3735 2656 3777 meam
2702 3715 3279 3775 commemorationem
3326 3708 3465 3783 (Luc.
3500 3717 3615 3767 mi;
3648 3693 3761 3783 (Cor.

2316 3834 2335 3885 ᾳ
2371 3814 2471 3887 x1).
2517 3834 2535 3866 ι
2577 3812 2693 3869 Non
2748 3811 2893 3877 aliud
2935 3808 3291 3873 sacrificium,
3320 3782 3763 3887 Sicutponﬁfet,std

2310 3876 2366 3963 id
2397 3875 2575 3979 ipsum
2620 3875 3183 3975 semper-offerimus;
3216 3896 3383 3973 magis
3432 3897 3582 3949 autem
3604 3875 3761 3938 ηωτάί·

2306 3999 2511 4056 tionem
2551 3996 2805 4054 sacriﬁcii
2845 4010 3158 4071 operamur.

2386 4111 2405 4144 ι
2440 4090 2568 4151 Ideo
2591 4060 2900 4162 ingrediens
2926 4088 3189 4143 mundum
3221 4084 3350 4143 dicit
3371 4060 3762 4162 :llostiamelobl"

2312 4203 2332 4236 ι
2370 4182 2573 4241 tionem
2605 4153 2828 4251 rtuluisti
2852 4168 3092 4250 {corpus
3114 4186 3294 4237 autem
3320 4171 3497 4247 aptasti
3520 4163 3650 4224 mihi:
3671 4153 3761 4251 holo-

2310 4294 2331 4329 ι
2369 4246 2712 4332 caustomata
2739 4286 2839 4342 pro
2860 4246 3091 4347 peccato
3122 4284 3230 4325 non
3257 4246 3651 4336 tibiplacuerunl.
3670 4246 3760 4347 Τωξε

2310 4388 2331 4425 t
2369 4368 2506 4437 dixi,
2551 4367 2695 4423 Ecce
2739 4335 2927 4421 venio.
2960 4364 3018 4419 ln
3041 4365 3220 4441 capite
3261 4335 3386 4423 libri
3422 4354 3635 4442 scriptum
3654 4335 3761 4442 est?

2312 4483 2333 4533 ᾳ
2370 4479 2477 4519 me.
2513 4461 2587 4519 Ut
2614 4446 2831 4526 faciam,
2879 4456 3046 4525 Deus,
3074 4440 3402 4533 voluntatem
3426 4440 3759 4533 illam-SM“

2312 4528 2331 4608 ᾖ
2370 4555 2595 4611 dicens:
2626 4548 2763 4620 Quia
2799 4550 3007 4609 hostias
3042 4560 3101 4607 et
3124 4530 3417 4607 oblationes
3450 4550 3499 4598 et

2309 4667 2330 4701 ι
2365 4654 2515 4707 mata
2533 4661 2634 4717 pro
2654 4652 2880 4717 peccato
2903 4642 3259 4710 noluisti,nec
3483 4636 3587 4689 sum
3604 4622 3673 4679 ιίδί

2309 4758 2330 4795 ι
2366 4738 2664 4798 secundum
2685 4737 2861 4809 legem
2882 4734 3208 4803 offeruntur,
3238 4742 3362 4790 tunc
3385 4726 3504 4791 dixi,
3521 4721 3630 4781 Ecce
3647 4718 3757 4809 *φιβ’

2305 4857 2325 4893 r
2365 4846 2423 4892 ut
2442 4835 2661 4901 faciam,
2686 4803 2854 4898 Deus,
2878 4831 3214 4888 voluntatem
3245 4838 3406 4885 tuam.
3436 4842 3455 4877 ³
3482 4814 3614 4892 (Αίδο)

2297 4930 2594 5001 suntsigna
2603 4925 3129 5000 promittentia,quia
3140 4921 3374 4981 exhibita
3384 4906 3756 5001 νθτὶωερῗθωδξ

2296 5022 2423 5081 ideo
2434 4994 2542 5079 ait:
2552 5042 2571 5074 ‹
2594 4994 3073 5076 llolocaustomata
3085 5027 3141 5075 et
3153 5012 3410 5073 sacriﬁcia
3420 4998 3620 5065 noluisti,

2304 5134 2324 5189 ς
2360 5124 2544 5173 autem
2582 5111 2783 5184 aptasti
2813 5110 2968 5167 mihi.
3002 5130 3020 5167 υ
3053 5109 3166 5169 Hoc
3198 5116 3299 5174 est,
3324 5102 3576 5179 peccawm

2297 5184 2515 5289 generis
2568 5179 2765 5278 legalia
2810 5201 3081 5260 sacriﬁcia
3132 5215 3238 5257 non
3283 5193 3544 5269 potuerunt

2299 5270 2500 5373 corpus
2525 5270 2708 5357 autem
2739 5298 2940 5371 aptasti
2970 5297 3124 5355 mihi.
3169 5295 3283 5352 Hoc
3316 5306 3381 5350 cx
3406 5291 3602 5373 ρθτεωξδ
3628 5270 3755 5373 diij

2298 5361 2440 5467 ejus,
2468 5393 2562 5469 qui
2587 5361 2795 5463 corpus
2809 5389 3049 5463 suscepit
3076 5395 3273 5447 nostra:
3296 5361 3624 5469 mortalitatis.

2298 5453 2456 5543 nobis
2482 5453 2706 5545 habercl
2736 5483 2865 5561 quid
2906 5453 3147 5539 offerret.
3189 5496 3210 5532 ι
3243 5476 3387 5535 Tunc
3416 5466 3513 5527 dixi
3534 5503 3547 5527 .
3580 5453 3752 5561 *ξ

2731 5539 2943 5648 tempus
2971 5573 3095 5643 fuit,
3127 5580 3188 5629 ut
3213 5570 3384 5629 ablata
3409 5564 3563 5621 essem
3584 5549 3693 5648 δίκίξέ

2298 5672 2500 5728 veritas
2530 5671 2797 5744 promissa
2818 5668 3049 5727 veniret.
3086 5687 3104 5719 ι
3141 5666 3287 5722 Tunc
3312 5658 3434 5721 dixi,
3459 5662 3564 5744 ecce
3580 5640 3747 5744 tota:

2301 5765 2477 5824 ablata
2512 5730 2645 5830 haec,
2676 5761 2767 5819 illa
2795 5759 2998 5829 oblata,
3027 5761 3141 5818 haec
3164 5754 3388 5831 impleta.
3416 5742 3503 5805 Ubi
3525 5740 3622 5795 sunt
3641 5730 3747 5781 saw‘
3846 5744 3847 5759 1
