  <div class='ocr_page' id='page_1' title='image "/cluster/home/n/w/nwhite01/storage/ocr_20150623/112/hvd.32044015685407/396.png"; bbox 0 0 3992 6338; ppageno 0'>
   <div class='ocr_carea' id='block_1_1' title="bbox 203 327 313 390">
    <p class='ocr_par' dir='ltr' id='par_1_1' title="bbox 203 327 313 390">
     <span class='ocr_line' id='line_1_1' title="bbox 203 327 313 390; baseline 0.055 -6"><span class='ocrx_word' id='word_1_1' title='bbox 203 327 313 390; x_wconf 67' lang='grc' dir='ltr'><strong>ποι</strong></span> 
     </span>
    </p>
   </div>
   <div class='ocr_carea' id='block_1_2' title="bbox 657 327 3047 424">
    <p class='ocr_par' dir='ltr' id='par_1_2' title="bbox 657 327 3047 424">
     <span class='ocr_line' id='line_1_2' title="bbox 657 327 3047 424; baseline 0.004 -38"><span class='ocrx_word' id='word_1_2' title='bbox 657 328 1227 392; x_wconf 72' lang='lat' dir='ltr'><strong>.ENARRATIONUM</strong></span> <span class='ocrx_word' id='word_1_3' title='bbox 1262 331 1333 391; x_wconf 85' lang='lat' dir='ltr'><strong>IN</strong></span> <span class='ocrx_word' id='word_1_4' title='bbox 1367 331 1518 390; x_wconf 86' lang='lat' dir='ltr'><strong>EPP.</strong></span> <span class='ocrx_word' id='word_1_5' title='bbox 1555 328 1761 387; x_wconf 83' lang='lat' dir='ltr'><strong>PAULI</strong></span> <span class='ocrx_word' id='word_1_6' title='bbox 1795 327 1926 386; x_wconf 85' lang='lat' dir='ltr'><strong>LIB.</strong></span> <span class='ocrx_word' id='word_1_7' title='bbox 1967 329 2202 390; x_wconf 81' lang='lat' dir='ltr'><strong>XXVIII.</strong></span> <span class='ocrx_word' id='word_1_8' title='bbox 2240 361 2314 376; x_wconf 89' lang='lat'><strong>--</strong></span> <span class='ocrx_word' id='word_1_9' title='bbox 2348 331 2420 392; x_wconf 83' lang='grc' dir='ltr'><strong>ΙΝ</strong></span> <span class='ocrx_word' id='word_1_10' title='bbox 2455 332 2673 400; x_wconf 83' lang='lat' dir='ltr'><strong>EPIST.</strong></span> <span class='ocrx_word' id='word_1_11' title='bbox 2713 336 3047 424; x_wconf 39' lang='lat' dir='ltr'><strong>AD‘HEBR.</strong></span> 
     </span>
    </p>
   </div>
   <div class='ocr_carea' id='block_1_3' title="bbox 3375 341 3484 401">
    <p class='ocr_par' dir='ltr' id='par_1_3' title="bbox 3375 341 3484 401">
     <span class='ocr_line' id='line_1_3' title="bbox 3375 341 3484 401; baseline 0.046 -5"><span class='ocrx_word' id='word_1_12' title='bbox 3375 341 3484 401; x_wconf 67' lang='grc'><strong>782</strong></span> 
     </span>
    </p>
   </div>
   <div class='ocr_carea' id='block_1_4' title="bbox 205 444 3482 533">
    <p class='ocr_par' dir='ltr' id='par_1_4' title="bbox 205 444 3482 533">
     <span class='ocr_line' id='line_1_4' title="bbox 205 444 3482 533; baseline 0.005 -31"><span class='ocrx_word' id='word_1_13' title='bbox 205 447 339 508; x_wconf 81' lang='lat' dir='ltr'><strong>ﬁcia</strong></span> <span class='ocrx_word' id='word_1_14' title='bbox 367 444 714 504; x_wconf 69' lang='lat' dir='ltr'><strong>Judmorum?</strong></span> <span class='ocrx_word' id='word_1_15' title='bbox 737 449 1092 506; x_wconf 88' lang='lat' dir='ltr'><strong>Transierunt</strong></span> <span class='ocrx_word' id='word_1_16' title='bbox 1121 459 1302 511; x_wconf 87' lang='lat' dir='ltr'><strong>etnon</strong></span> <span class='ocrx_word' id='word_1_17' title='bbox 1324 460 1448 508; x_wconf 88' lang='lat' dir='ltr'><strong>sunt</strong></span> <span class='ocrx_word' id='word_1_18' title='bbox 1479 451 1533 506; x_wconf 93' lang='lat' dir='ltr'><strong>in</strong></span> <span class='ocrx_word' id='word_1_19' title='bbox 1559 449 1799 506; x_wconf 80' lang='lat' dir='ltr'><strong>Ecclesia</strong></span> <span class='ocrx_word' id='word_1_20' title='bbox 1825 447 1879 510; x_wconf 82' lang='lat' dir='ltr'><strong>A</strong></span> <span class='ocrx_word' id='word_1_21' title='bbox 1901 455 2082 521; x_wconf 74' lang='lat' dir='ltr'><strong>autem</strong></span> <span class='ocrx_word' id='word_1_22' title='bbox 2113 451 2296 505; x_wconf 89' lang='lat' dir='ltr'><strong>carnis</strong></span> <span class='ocrx_word' id='word_1_23' title='bbox 2323 450 2542 508; x_wconf 88' lang='lat' dir='ltr'><strong>inimica</strong></span> <span class='ocrx_word' id='word_1_24' title='bbox 2573 461 2657 509; x_wconf 90' lang='lat' dir='ltr'><strong>est</strong></span> <span class='ocrx_word' id='word_1_25' title='bbox 2679 452 2811 510; x_wconf 92' lang='lat' dir='ltr'><strong>Deo.</strong></span> <span class='ocrx_word' id='word_1_26' title='bbox 2833 453 2965 528; x_wconf 92' lang='lat' dir='ltr'><strong>Legi</strong></span> <span class='ocrx_word' id='word_1_27' title='bbox 2995 457 3140 516; x_wconf 90' lang='lat' dir='ltr'><strong>enim</strong></span> <span class='ocrx_word' id='word_1_28' title='bbox 3167 474 3278 516; x_wconf 91' lang='lat' dir='ltr'><strong>non</strong></span> <span class='ocrx_word' id='word_1_29' title='bbox 3310 461 3482 533; x_wconf 88' lang='lat' dir='ltr'><strong>subji-</strong></span> 
     </span>
    </p>
   </div>
   <div class='ocr_carea' id='block_1_5' title="bbox 207 538 1794 615">
    <p class='ocr_par' dir='ltr' id='par_1_5' title="bbox 207 538 1794 615">
     <span class='ocr_line' id='line_1_5' title="bbox 207 538 1794 615; baseline -0.001 -17"><span class='ocrx_word' id='word_1_30' title='bbox 207 538 446 605; x_wconf 89' lang='lat' dir='ltr'><strong>Christi,</strong></span> <span class='ocrx_word' id='word_1_31' title='bbox 495 540 623 612; x_wconf 88' lang='lat' dir='ltr'><strong>quia</strong></span> <span class='ocrx_word' id='word_1_32' title='bbox 647 542 795 596; x_wconf 87' lang='lat' dir='ltr'><strong>venit</strong></span> <span class='ocrx_word' id='word_1_33' title='bbox 825 541 930 608; x_wconf 91' lang='lat' dir='ltr'><strong>ille,</strong></span> <span class='ocrx_word' id='word_1_34' title='bbox 960 543 1052 613; x_wconf 87' lang='lat' dir='ltr'><strong>qui</strong></span> <span class='ocrx_word' id='word_1_35' title='bbox 1096 542 1431 615; x_wconf 86' lang='lat' dir='ltr'><strong>ﬁgurabatur</strong></span> <span class='ocrx_word' id='word_1_36' title='bbox 1457 543 1562 599; x_wconf 84' lang='lat' dir='ltr'><strong>illis</strong></span> <span class='ocrx_word' id='word_1_37' title='bbox 1588 541 1794 598; x_wconf 89' lang='lat' dir='ltr'><strong>sacriﬁ-</strong></span> 
     </span>
    </p>
   </div>
   <div class='ocr_carea' id='block_1_6' title="bbox 205 631 1793 706">
    <p class='ocr_par' dir='ltr' id='par_1_6' title="bbox 205 631 1793 706">
     <span class='ocr_line' id='line_1_6' title="bbox 205 631 1793 706; baseline 0.002 -19"><span class='ocrx_word' id='word_1_38' title='bbox 205 631 338 697; x_wconf 89' lang='lat' dir='ltr'><strong>ciis,</strong></span> <span class='ocrx_word' id='word_1_39' title='bbox 364 631 432 686; x_wconf 91' lang='lat' dir='ltr'><strong>de</strong></span> <span class='ocrx_word' id='word_1_40' title='bbox 457 645 565 703; x_wconf 93' lang='lat' dir='ltr'><strong>quo</strong></span> <span class='ocrx_word' id='word_1_41' title='bbox 595 631 648 685; x_wconf 91' lang='lat' dir='ltr'><strong>in</strong></span> <span class='ocrx_word' id='word_1_42' title='bbox 669 633 844 702; x_wconf 92' lang='lat' dir='ltr'><strong>capite</strong></span> <span class='ocrx_word' id='word_1_43' title='bbox 862 673 875 697; x_wconf 94' lang='lat'><strong>,</strong></span> <span class='ocrx_word' id='word_1_44' title='bbox 907 633 1023 689; x_wconf 86' lang='lat' dir='ltr'><strong>sive</strong></span> <span class='ocrx_word' id='word_1_45' title='bbox 1051 634 1103 688; x_wconf 87' lang='lat' dir='ltr'><strong>in</strong></span> <span class='ocrx_word' id='word_1_46' title='bbox 1133 634 1368 706; x_wconf 88' lang='lat' dir='ltr'><strong>capitulo</strong></span> <span class='ocrx_word' id='word_1_47' title='bbox 1387 634 1507 689; x_wconf 92' lang='lat' dir='ltr'><strong>libri</strong></span> <span class='ocrx_word' id='word_1_48' title='bbox 1531 634 1793 704; x_wconf 89' lang='lat' dir='ltr'><strong>scriptum</strong></span> 
     </span>
    </p>
   </div>
   <div class='ocr_carea' id='block_1_7' title="bbox 201 720 1792 792">
    <p class='ocr_par' dir='ltr' id='par_1_7' title="bbox 201 720 1792 792">
     <span class='ocr_line' id='line_1_7' title="bbox 201 720 1792 792; baseline 0.001 -12"><span class='ocrx_word' id='word_1_49' title='bbox 201 729 314 780; x_wconf 87' lang='lat' dir='ltr'><strong>est.</strong></span> <span class='ocrx_word' id='word_1_50' title='bbox 345 720 512 790; x_wconf 85' lang='lat' dir='ltr'><strong>Cujus</strong></span> <span class='ocrx_word' id='word_1_51' title='bbox 537 721 695 776; x_wconf 84' lang='lat' dir='ltr'><strong>libri?</strong></span> <span class='ocrx_word' id='word_1_52' title='bbox 716 721 909 792; x_wconf 92' lang='lat' dir='ltr'><strong>Utique</strong></span> <span class='ocrx_word' id='word_1_53' title='bbox 933 721 1199 790; x_wconf 86' lang='lat' dir='ltr'><strong>Psaltérii,</strong></span> <span class='ocrx_word' id='word_1_54' title='bbox 1224 726 1312 780; x_wconf 91' lang='lat' dir='ltr'><strong>ubi</strong></span> <span class='ocrx_word' id='word_1_55' title='bbox 1335 724 1572 780; x_wconf 90' lang='lat' dir='ltr'><strong>dicitur:</strong></span> <span class='ocrx_word' id='word_1_56' title='bbox 1603 744 1622 776; x_wconf 74' lang='grc' dir='ltr'>ι</span> <span class='ocrx_word' id='word_1_57' title='bbox 1655 725 1792 781; x_wconf 88' lang='lat' dir='ltr'><strong>Bea-</strong></span> 
     </span>
    </p>
   </div>
   <div class='ocr_carea' id='block_1_8' title="bbox 207 811 1794 886">
    <p class='ocr_par' dir='ltr' id='par_1_8' title="bbox 207 811 1794 886">
     <span class='ocr_line' id='line_1_8' title="bbox 207 811 1794 886; baseline 0.004 -22"><span class='ocrx_word' id='word_1_58' title='bbox 207 831 228 864; x_wconf 76' lang='lat'><strong>¢</strong></span> <span class='ocrx_word' id='word_1_59' title='bbox 270 821 362 867; x_wconf 92' lang='lat' dir='ltr'><strong>tus</strong></span> <span class='ocrx_word' id='word_1_60' title='bbox 386 811 471 866; x_wconf 90' lang='lat' dir='ltr'><strong>vir</strong></span> <span class='ocrx_word' id='word_1_61' title='bbox 498 813 588 881; x_wconf 87' lang='lat' dir='ltr'><strong>qui</strong></span> <span class='ocrx_word' id='word_1_62' title='bbox 614 827 721 867; x_wconf 90' lang='lat' dir='ltr'><strong>non</strong></span> <span class='ocrx_word' id='word_1_63' title='bbox 748 814 881 868; x_wconf 91' lang='lat' dir='ltr'><strong>abiit</strong></span> <span class='ocrx_word' id='word_1_64' title='bbox 926 814 980 868; x_wconf 92' lang='lat' dir='ltr'><strong>in</strong></span> <span class='ocrx_word' id='word_1_65' title='bbox 1011 815 1238 870; x_wconf 89' lang='lat' dir='ltr'><strong>consilio</strong></span> <span class='ocrx_word' id='word_1_66' title='bbox 1286 815 1604 886; x_wconf 90' lang='lat' dir='ltr'><strong>impiorum,</strong></span> <span class='ocrx_word' id='word_1_67' title='bbox 1634 824 1704 871; x_wconf 76' lang='lat' dir='ltr'><strong>et‘</strong></span> <span class='ocrx_word' id='word_1_68' title='bbox 1737 816 1794 870; x_wconf 92' lang='lat' dir='ltr'><strong>in</strong></span> 
     </span>
    </p>
   </div>
   <div class='ocr_carea' id='block_1_9' title="bbox 207 905 1795 984">
    <p class='ocr_par' dir='ltr' id='par_1_9' title="bbox 207 905 1795 984">
     <span class='ocr_line' id='line_1_9' title="bbox 207 905 1795 984; baseline 0.007 -27"><span class='ocrx_word' id='word_1_69' title='bbox 207 921 227 956; x_wconf 73' lang='grc' dir='ltr'><strong><em>ι</em></strong></span> <span class='ocrx_word' id='word_1_70' title='bbox 268 905 360 960; x_wconf 89' lang='lat' dir='ltr'><strong>via</strong></span> <span class='ocrx_word' id='word_1_71' title='bbox 383 913 732 982; x_wconf 72' lang='lat' dir='ltr'><strong>peccatorum</strong></span> <span class='ocrx_word' id='word_1_72' title='bbox 761 923 866 964; x_wconf 91' lang='lat' dir='ltr'><strong>non</strong></span> <span class='ocrx_word' id='word_1_73' title='bbox 889 909 1060 973; x_wconf 84' lang='lat' dir='ltr'><strong>stetit,</strong></span> <span class='ocrx_word' id='word_1_74' title='bbox 1086 918 1142 964; x_wconf 91' lang='lat' dir='ltr'><strong>et</strong></span> <span class='ocrx_word' id='word_1_75' title='bbox 1169 911 1222 965; x_wconf 91' lang='lat' dir='ltr'><strong>in</strong></span> <span class='ocrx_word' id='word_1_76' title='bbox 1253 911 1511 966; x_wconf 79' lang='lat' dir='ltr'><strong>cathedra</strong></span> <span class='ocrx_word' id='word_1_77' title='bbox 1537 913 1795 984; x_wconf 89' lang='lat' dir='ltr'><strong>pestilen-</strong></span> 
     </span>
    </p>
   </div>
   <div class='ocr_carea' id='block_1_10' title="bbox 205 995 1794 1076">
    <p class='ocr_par' dir='ltr' id='par_1_10' title="bbox 205 995 1794 1076">
     <span class='ocr_line' id='line_1_10' title="bbox 205 995 1794 1076; baseline 0.007 -27"><span class='ocrx_word' id='word_1_78' title='bbox 205 1013 225 1048; x_wconf 73' lang='grc' dir='ltr'><strong><em>ι</em></strong></span> <span class='ocrx_word' id='word_1_79' title='bbox 266 995 360 1051; x_wconf 64' lang='lat' dir='ltr'><strong>tite</strong></span> <span class='ocrx_word' id='word_1_80' title='bbox 399 1012 506 1052; x_wconf 90' lang='lat' dir='ltr'><strong>non</strong></span> <span class='ocrx_word' id='word_1_81' title='bbox 533 998 714 1064; x_wconf 85' lang='lat' dir='ltr'><strong>sedit,</strong></span> <span class='ocrx_word' id='word_1_82' title='bbox 764 999 858 1056; x_wconf 87' lang='lat' dir='ltr'><strong>sed</strong></span> <span class='ocrx_word' id='word_1_83' title='bbox 889 1000 1089 1072; x_wconf 85' lang='lat' dir='ltr'><strong>in-lege</strong></span> <span class='ocrx_word' id='word_1_84' title='bbox 1123 1001 1334 1058; x_wconf 90' lang='lat' dir='ltr'><strong>Domini</strong></span> <span class='ocrx_word' id='word_1_85' title='bbox 1384 1002 1634 1060; x_wconf 83' lang='lat' dir='ltr'><strong>voluntas</strong></span> <span class='ocrx_word' id='word_1_86' title='bbox 1677 1005 1794 1076; x_wconf 90' lang='lat' dir='ltr'><strong>ejus</strong></span> 
     </span>
    </p>
   </div>
   <div class='ocr_carea' id='block_1_11' title="bbox 207 1087 1792 1168">
    <p class='ocr_par' dir='ltr' id='par_1_11' title="bbox 207 1087 1792 1168">
     <span class='ocr_line' id='line_1_11' title="bbox 207 1087 1792 1168; baseline 0.009 -30"><span class='ocrx_word' id='word_1_87' title='bbox 207 1105 228 1138; x_wconf 72' lang='grc' dir='ltr'>ι</span> <span class='ocrx_word' id='word_1_88' title='bbox 270 1087 452 1159; x_wconf 83' lang='lat' dir='ltr'><strong>(Psal.</strong></span> <span class='ocrx_word' id='word_1_89' title='bbox 480 1088 520 1166; x_wconf 84' lang='grc' dir='ltr'><strong>ι)</strong></span> <span class='ocrx_word' id='word_1_90' title='bbox 550 1108 569 1143; x_wconf 71' lang='grc' dir='ltr'><strong><em>ι</em></strong></span> <span class='ocrx_word' id='word_1_91' title='bbox 599 1089 725 1162; x_wconf 92' lang='lat' dir='ltr'><strong>:qui</strong></span> <span class='ocrx_word' id='word_1_92' title='bbox 748 1091 990 1168; x_wconf 86' lang='lat' dir='ltr'><strong>psalmus</strong></span> <span class='ocrx_word' id='word_1_93' title='bbox 1011 1100 1172 1162; x_wconf 91' lang='lat' dir='ltr'><strong>caput</strong></span> <span class='ocrx_word' id='word_1_94' title='bbox 1195 1093 1358 1148; x_wconf 88' lang='lat' dir='ltr'><strong>totius</strong></span> <span class='ocrx_word' id='word_1_95' title='bbox 1381 1093 1506 1150; x_wconf 84' lang='lat' dir='ltr'><strong>libri</strong></span> <span class='ocrx_word' id='word_1_96' title='bbox 1535 1095 1733 1150; x_wconf 90' lang='lat' dir='ltr'><strong>dicitur</strong></span> <span class='ocrx_word' id='word_1_97' title='bbox 1760 1111 1792 1152; x_wconf 88' lang='lat' dir='ltr'><strong>a</strong></span> 
     </span>
    </p>
   </div>
   <div class='ocr_carea' id='block_1_12' title="bbox 206 1180 1792 1260">
    <p class='ocr_par' dir='ltr' id='par_1_12' title="bbox 206 1180 1792 1260">
     <span class='ocr_line' id='line_1_12' title="bbox 206 1180 1792 1260; baseline 0.009 -30"><span class='ocrx_word' id='word_1_98' title='bbox 206 1197 227 1230; x_wconf 72' lang='grc' dir='ltr'><strong>ε</strong></span> <span class='ocrx_word' id='word_1_99' title='bbox 268 1180 760 1249; x_wconf 90' lang='lat' dir='ltr'><strong>quibusdam,ideo</strong></span> <span class='ocrx_word' id='word_1_100' title='bbox 782 1191 837 1238; x_wconf 92' lang='lat' dir='ltr'><strong>et</strong></span> <span class='ocrx_word' id='word_1_101' title='bbox 855 1182 1252 1254; x_wconf 82' lang='lat' dir='ltr'><strong>Apostolushic</strong></span> <span class='ocrx_word' id='word_1_102' title='bbox 1276 1185 1407 1242; x_wconf 84' lang='lat' dir='ltr'><strong>dicit</strong></span> <span class='ocrx_word' id='word_1_103' title='bbox 1438 1201 1452 1240; x_wconf 89' lang='lat'><strong>:</strong></span> <span class='ocrx_word' id='word_1_104' title='bbox 1489 1206 1507 1239; x_wconf 73' lang='grc' dir='ltr'>ς</span> <span class='ocrx_word' id='word_1_105' title='bbox 1540 1188 1596 1244; x_wconf 92' lang='lat' dir='ltr'><strong>In</strong></span> <span class='ocrx_word' id='word_1_106' title='bbox 1615 1190 1792 1260; x_wconf 87' lang='lat' dir='ltr'><strong>capite</strong></span> 
     </span>
    </p>
   </div>
   <div class='ocr_carea' id='block_1_13' title="bbox 208 1269 1792 1348">
    <p class='ocr_par' dir='ltr' id='par_1_13' title="bbox 208 1269 1792 1348">
     <span class='ocr_line' id='line_1_13' title="bbox 208 1269 1792 1348; baseline 0.009 -26"><span class='ocrx_word' id='word_1_107' title='bbox 208 1287 230 1322; x_wconf 71' lang='grc' dir='ltr'><strong>α</strong></span> <span class='ocrx_word' id='word_1_108' title='bbox 267 1269 395 1328; x_wconf 86' lang='lat' dir='ltr'><strong>libri</strong></span> <span class='ocrx_word' id='word_1_109' title='bbox 415 1272 676 1344; x_wconf 87' lang='lat' dir='ltr'><strong>scriptum</strong></span> <span class='ocrx_word' id='word_1_110' title='bbox 698 1275 866 1330; x_wconf 86' lang='lat' dir='ltr'><strong>estde</strong></span> <span class='ocrx_word' id='word_1_111' title='bbox 889 1290 998 1342; x_wconf 89' lang='lat' dir='ltr'><strong>me,</strong></span> <span class='ocrx_word' id='word_1_112' title='bbox 1023 1275 1330 1344; x_wconf 85' lang='lat' dir='ltr'><strong>Utfaciam,</strong></span> <span class='ocrx_word' id='word_1_113' title='bbox 1359 1278 1525 1348; x_wconf 85' lang='lat' dir='ltr'><strong>Deus,</strong></span> <span class='ocrx_word' id='word_1_114' title='bbox 1545 1273 1792 1337; x_wconf 73' lang='lat' dir='ltr'><strong>volunta-</strong></span> 
     </span>
    </p>
   </div>
   <div class='ocr_carea' id='block_1_14' title="bbox 205 1367 1789 1447">
    <p class='ocr_par' dir='ltr' id='par_1_14' title="bbox 205 1367 1789 1447">
     <span class='ocr_line' id='line_1_14' title="bbox 205 1367 1789 1447; baseline 0.01 -29"><span class='ocrx_word' id='word_1_115' title='bbox 205 1383 230 1418; x_wconf 72' lang='grc' dir='ltr'><strong>ε</strong></span> <span class='ocrx_word' id='word_1_116' title='bbox 269 1373 382 1422; x_wconf 77' lang='lat' dir='ltr'><strong>teni</strong></span> <span class='ocrx_word' id='word_1_117' title='bbox 422 1375 591 1423; x_wconf 91' lang='lat' dir='ltr'><strong>tuam.</strong></span> <span class='ocrx_word' id='word_1_118' title='bbox 632 1388 652 1421; x_wconf 74' lang='grc' dir='ltr'><strong><em>ι</em></strong></span> <span class='ocrx_word' id='word_1_119' title='bbox 683 1367 799 1426; x_wconf 84' lang='lat' dir='ltr'><strong>Hoc</strong></span> <span class='ocrx_word' id='word_1_120' title='bbox 824 1379 927 1435; x_wconf 87' lang='lat' dir='ltr'><strong>est,</strong></span> <span class='ocrx_word' id='word_1_121' title='bbox 970 1373 1114 1442; x_wconf 89' lang='lat' dir='ltr'><strong>quod</strong></span> <span class='ocrx_word' id='word_1_122' title='bbox 1145 1374 1199 1428; x_wconf 92' lang='lat' dir='ltr'><strong>in</strong></span> <span class='ocrx_word' id='word_1_123' title='bbox 1229 1374 1519 1447; x_wconf 88' lang='lat' dir='ltr'><strong>Evangelio</strong></span> <span class='ocrx_word' id='word_1_124' title='bbox 1543 1377 1747 1434; x_wconf 82' lang='lat' dir='ltr'><strong>dicitur</strong></span> <span class='ocrx_word' id='word_1_125' title='bbox 1774 1394 1789 1434; x_wconf 91' lang='lat'><strong>:</strong></span> 
     </span>
    </p>
   </div>
   <div class='ocr_carea' id='block_1_15' title="bbox 206 1457 1793 1539">
    <p class='ocr_par' dir='ltr' id='par_1_15' title="bbox 206 1457 1793 1539">
     <span class='ocr_line' id='line_1_15' title="bbox 206 1457 1793 1539; baseline 0.012 -29"><span class='ocrx_word' id='word_1_126' title='bbox 206 1475 230 1510; x_wconf 68' lang='grc' dir='ltr'>ι</span> <span class='ocrx_word' id='word_1_127' title='bbox 265 1457 390 1514; x_wconf 78' lang='lat' dir='ltr'><strong>Non</strong></span> <span class='ocrx_word' id='word_1_128' title='bbox 443 1461 584 1526; x_wconf 90' lang='lat' dir='ltr'><strong>veni,</strong></span> <span class='ocrx_word' id='word_1_129' title='bbox 613 1461 807 1532; x_wconf 88' lang='lat' dir='ltr'><strong>inquit,</strong></span> <span class='ocrx_word' id='word_1_130' title='bbox 853 1463 1184 1522; x_wconf 89' lang='lat' dir='ltr'><strong>voluntatem</strong></span> <span class='ocrx_word' id='word_1_131' title='bbox 1227 1467 1407 1524; x_wconf 90' lang='lat' dir='ltr'><strong>facere</strong></span> <span class='ocrx_word' id='word_1_132' title='bbox 1455 1487 1652 1539; x_wconf 88' lang='lat' dir='ltr'><strong>meam,</strong></span> <span class='ocrx_word' id='word_1_133' title='bbox 1698 1473 1793 1528; x_wconf 90' lang='lat' dir='ltr'><strong>sed</strong></span> 
     </span>
    </p>
   </div>
   <div class='ocr_carea' id='block_1_16' title="bbox 205 1552 1537 1634">
    <p class='ocr_par' dir='ltr' id='par_1_16' title="bbox 205 1552 1537 1634">
     <span class='ocr_line' id='line_1_16' title="bbox 205 1552 1537 1634; baseline 0.012 -31"><span class='ocrx_word' id='word_1_134' title='bbox 205 1569 229 1603; x_wconf 72' lang='grc' dir='ltr'><strong>ε</strong></span> <span class='ocrx_word' id='word_1_135' title='bbox 266 1552 602 1608; x_wconf 80' lang='lat' dir='ltr'><strong>voluntatem</strong></span> <span class='ocrx_word' id='word_1_136' title='bbox 625 1553 743 1623; x_wconf 86' lang='lat' dir='ltr'><strong>ejus</strong></span> <span class='ocrx_word' id='word_1_137' title='bbox 766 1556 855 1626; x_wconf 90' lang='lat' dir='ltr'><strong>qui</strong></span> <span class='ocrx_word' id='word_1_138' title='bbox 884 1573 972 1614; x_wconf 91' lang='lat' dir='ltr'><strong>me</strong></span> <span class='ocrx_word' id='word_1_139' title='bbox 994 1560 1141 1614; x_wconf 89' lang='lat' dir='ltr'><strong>misit</strong></span> <span class='ocrx_word' id='word_1_140' title='bbox 1172 1559 1351 1632; x_wconf 87' lang='lat' dir='ltr'><strong>(Joan.</strong></span> <span class='ocrx_word' id='word_1_141' title='bbox 1383 1563 1479 1634; x_wconf 80' lang='lat' dir='ltr'><strong>vi).</strong></span> <span class='ocrx_word' id='word_1_142' title='bbox 1516 1585 1537 1618; x_wconf 71' lang='grc' dir='ltr'><strong><em>ι</em></strong></span> 
     </span>
    </p>
   </div>
   <div class='ocr_carea' id='block_1_17' title="bbox 281 1644 1794 1728">
    <p class='ocr_par' dir='ltr' id='par_1_17' title="bbox 281 1644 1794 1728">
     <span class='ocr_line' id='line_1_17' title="bbox 281 1644 1794 1728; baseline 0.011 -32"><span class='ocrx_word' id='word_1_143' title='bbox 281 1663 302 1694; x_wconf 74' lang='grc' dir='ltr'><strong><em>ι</em></strong></span> <span class='ocrx_word' id='word_1_144' title='bbox 344 1644 537 1699; x_wconf 82' lang='lat' dir='ltr'><strong>Aufert</strong></span> <span class='ocrx_word' id='word_1_145' title='bbox 564 1647 822 1716; x_wconf 90' lang='lat' dir='ltr'><strong>primum,</strong></span> <span class='ocrx_word' id='word_1_146' title='bbox 847 1657 913 1723; x_wconf 90' lang='lat' dir='ltr'><strong>ut_</strong></span> <span class='ocrx_word' id='word_1_147' title='bbox 929 1665 1161 1721; x_wconf 88' lang='lat' dir='ltr'><strong>sequens</strong></span> <span class='ocrx_word' id='word_1_148' title='bbox 1185 1662 1404 1709; x_wconf 89' lang='lat' dir='ltr'><strong>statuat.</strong></span> <span class='ocrx_word' id='word_1_149' title='bbox 1446 1675 1463 1706; x_wconf 75' lang='grc' dir='ltr'><strong><em>ι</em></strong></span> <span class='ocrx_word' id='word_1_150' title='bbox 1494 1657 1549 1712; x_wconf 87' lang='lat' dir='ltr'><strong>Id</strong></span> <span class='ocrx_word' id='word_1_151' title='bbox 1572 1666 1656 1713; x_wconf 90' lang='lat' dir='ltr'><strong>est</strong></span> <span class='ocrx_word' id='word_1_152' title='bbox 1681 1659 1794 1728; x_wconf 90' lang='lat' dir='ltr'><strong>pri-</strong></span> 
     </span>
    </p>
   </div>
   <div class='ocr_carea' id='block_1_18' title="bbox 196 1744 1792 1818">
    <p class='ocr_par' dir='ltr' id='par_1_18' title="bbox 196 1744 1792 1818">
     <span class='ocr_line' id='line_1_18' title="bbox 196 1744 1792 1818; baseline 0.012 -28"><span class='ocrx_word' id='word_1_153' title='bbox 196 1751 354 1791; x_wconf 84' lang='lat' dir='ltr'><strong>num</strong></span> <span class='ocrx_word' id='word_1_154' title='bbox 387 1746 792 1807; x_wconf 86' lang='lat' dir='ltr'><strong>testamentum,</strong></span> <span class='ocrx_word' id='word_1_155' title='bbox 821 1745 962 1813; x_wconf 92' lang='lat' dir='ltr'><strong>quod</strong></span> <span class='ocrx_word' id='word_1_156' title='bbox 991 1744 1160 1818; x_wconf 84' lang='lat' dir='ltr'><strong>Moysi</strong></span> <span class='ocrx_word' id='word_1_157' title='bbox 1203 1748 1388 1803; x_wconf 90' lang='lat' dir='ltr'><strong>datum</strong></span> <span class='ocrx_word' id='word_1_158' title='bbox 1415 1759 1498 1806; x_wconf 91' lang='lat' dir='ltr'><strong>est</strong></span> <span class='ocrx_word' id='word_1_159' title='bbox 1523 1751 1578 1806; x_wconf 90' lang='lat' dir='ltr'><strong>in</strong></span> <span class='ocrx_word' id='word_1_160' title='bbox 1608 1760 1792 1809; x_wconf 91' lang='lat' dir='ltr'><strong>monte</strong></span> 
     </span>
    </p>
   </div>
   <div class='ocr_carea' id='block_1_19' title="bbox 1900 540 3485 618">
    <p class='ocr_par' dir='ltr' id='par_1_19' title="bbox 1900 540 3485 618">
     <span class='ocr_line' id='line_1_19' title="bbox 1900 540 3485 618; baseline 0.011 -22"><span class='ocrx_word' id='word_1_161' title='bbox 1900 540 2058 607; x_wconf 89' lang='lat' dir='ltr'><strong>citur,</strong></span> <span class='ocrx_word' id='word_1_162' title='bbox 2093 558 2193 598; x_wconf 91' lang='lat' dir='ltr'><strong>nec</strong></span> <span class='ocrx_word' id='word_1_163' title='bbox 2214 544 2360 598; x_wconf 91' lang='lat' dir='ltr'><strong>enim</strong></span> <span class='ocrx_word' id='word_1_164' title='bbox 2387 554 2584 614; x_wconf 89' lang='lat' dir='ltr'><strong>potest.</strong></span> <span class='ocrx_word' id='word_1_165' title='bbox 2618 566 2636 599; x_wconf 74' lang='grc' dir='ltr'><strong>ι</strong></span> <span class='ocrx_word' id='word_1_166' title='bbox 2677 565 2696 598; x_wconf 71' lang='grc' dir='ltr'><strong><em>ι</em></strong></span> <span class='ocrx_word' id='word_1_167' title='bbox 2727 547 2844 604; x_wconf 91' lang='lat' dir='ltr'><strong>Una</strong></span> <span class='ocrx_word' id='word_1_168' title='bbox 2869 550 3016 606; x_wconf 89' lang='lat' dir='ltr'><strong>enim</strong></span> <span class='ocrx_word' id='word_1_169' title='bbox 3045 553 3318 618; x_wconf 86' lang='lat' dir='ltr'><strong>oblatione</strong></span> <span class='ocrx_word' id='word_1_170' title='bbox 3347 570 3485 612; x_wconf 91' lang='lat' dir='ltr'><strong>con-</strong></span> 
     </span>
    </p>
   </div>
   <div class='ocr_carea' id='block_1_20' title="bbox 1903 636 3484 710">
    <p class='ocr_par' dir='ltr' id='par_1_20' title="bbox 1903 636 3484 710">
     <span class='ocr_line' id='line_1_20' title="bbox 1903 636 3484 710; baseline 0.011 -23"><span class='ocrx_word' id='word_1_171' title='bbox 1903 652 1922 692; x_wconf 67' lang='lat' dir='ltr'><strong>c</strong></span> <span class='ocrx_word' id='word_1_172' title='bbox 1962 636 2254 690; x_wconf 90' lang='lat' dir='ltr'><strong>summavit</strong></span> <span class='ocrx_word' id='word_1_173' title='bbox 2280 636 2336 692; x_wconf 91' lang='lat' dir='ltr'><strong>in</strong></span> <span class='ocrx_word' id='word_1_174' title='bbox 2359 639 2746 708; x_wconf 88' lang='lat' dir='ltr'><strong>sempiternum</strong></span> <span class='ocrx_word' id='word_1_175' title='bbox 2779 641 3166 700; x_wconf 89' lang='lat' dir='ltr'><strong>sanetiﬁcatos.</strong></span> <span class='ocrx_word' id='word_1_176' title='bbox 3195 645 3484 710; x_wconf 86' lang='lat' dir='ltr'><strong>Contesta-</strong></span> 
     </span>
    </p>
   </div>
   <div class='ocr_carea' id='block_1_21' title="bbox 1904 731 3482 808">
    <p class='ocr_par' dir='ltr' id='par_1_21' title="bbox 1904 731 3482 808">
     <span class='ocr_line' id='line_1_21' title="bbox 1904 731 3482 808; baseline 0.012 -30"><span class='ocrx_word' id='word_1_177' title='bbox 1904 742 1925 777; x_wconf 74' lang='grc' dir='ltr'><strong><em>ι</em></strong></span> <span class='ocrx_word' id='word_1_178' title='bbox 1965 733 2051 780; x_wconf 91' lang='lat' dir='ltr'><strong>tur</strong></span> <span class='ocrx_word' id='word_1_179' title='bbox 2071 735 2250 784; x_wconf 91' lang='lat' dir='ltr'><strong>autem</strong></span> <span class='ocrx_word' id='word_1_180' title='bbox 2273 737 2329 784; x_wconf 93' lang='lat' dir='ltr'><strong>et</strong></span> <span class='ocrx_word' id='word_1_181' title='bbox 2351 745 2450 786; x_wconf 84' lang='lat' dir='ltr'><strong>nos</strong></span> <span class='ocrx_word' id='word_1_182' title='bbox 2474 731 2711 802; x_wconf 87' lang='lat' dir='ltr'><strong>Spiritus</strong></span> <span class='ocrx_word' id='word_1_183' title='bbox 2737 743 2981 792; x_wconf 88' lang='lat' dir='ltr'><strong>sanctus.</strong></span> <span class='ocrx_word' id='word_1_184' title='bbox 3011 736 3305 808; x_wconf 87' lang='lat' dir='ltr'><strong>Postquam</strong></span> <span class='ocrx_word' id='word_1_185' title='bbox 3333 740 3482 804; x_wconf 83' lang='lat' dir='ltr'><strong>enim</strong></span> 
     </span>
    </p>
   </div>
   <div class='ocr_carea' id='block_1_22' title="bbox 1903 817 3483 898">
    <p class='ocr_par' dir='ltr' id='par_1_22' title="bbox 1903 817 3483 898">
     <span class='ocr_line' id='line_1_22' title="bbox 1903 817 3483 898; baseline 0.01 -27"><span class='ocrx_word' id='word_1_186' title='bbox 1903 833 1923 880; x_wconf 70' lang='grc' dir='ltr'><strong>ς</strong></span> <span class='ocrx_word' id='word_1_187' title='bbox 1961 817 2130 872; x_wconf 86' lang='lat' dir='ltr'><strong>dicit:</strong></span> <span class='ocrx_word' id='word_1_188' title='bbox 2161 818 2274 875; x_wconf 83' lang='lat' dir='ltr'><strong>Hoc</strong></span> <span class='ocrx_word' id='word_1_189' title='bbox 2299 828 2479 877; x_wconf 85' lang='lat' dir='ltr'><strong>autem</strong></span> <span class='ocrx_word' id='word_1_190' title='bbox 2522 830 2926 892; x_wconf 83' lang='lat' dir='ltr'><strong>testamentum,</strong></span> <span class='ocrx_word' id='word_1_191' title='bbox 2959 828 3102 898; x_wconf 88' lang='lat' dir='ltr'><strong>quod</strong></span> <span class='ocrx_word' id='word_1_192' title='bbox 3149 831 3388 887; x_wconf 86' lang='lat' dir='ltr'><strong>testabor</strong></span> <span class='ocrx_word' id='word_1_193' title='bbox 3413 831 3483 887; x_wconf 88' lang='lat' dir='ltr'><strong>ad</strong></span> 
     </span>
    </p>
   </div>
   <div class='ocr_carea' id='block_1_23' title="bbox 1901 906 3483 993">
    <p class='ocr_par' dir='ltr' id='par_1_23' title="bbox 1901 906 3483 993">
     <span class='ocr_line' id='line_1_23' title="bbox 1901 906 3483 993; baseline 0.013 -33"><span class='ocrx_word' id='word_1_194' title='bbox 1901 923 1923 960; x_wconf 71' lang='grc' dir='ltr'>ι</span> <span class='ocrx_word' id='word_1_195' title='bbox 1957 906 2075 964; x_wconf 90' lang='lat' dir='ltr'><strong>illos</strong></span> <span class='ocrx_word' id='word_1_196' title='bbox 2103 916 2226 988; x_wconf 83' lang='lat' dir='ltr'><strong>post</strong></span> <span class='ocrx_word' id='word_1_197' title='bbox 2262 909 2380 967; x_wconf 89' lang='lat' dir='ltr'><strong>dies</strong></span> <span class='ocrx_word' id='word_1_198' title='bbox 2411 912 2552 981; x_wconf 92' lang='lat' dir='ltr'><strong>illos,</strong></span> <span class='ocrx_word' id='word_1_199' title='bbox 2586 915 2720 971; x_wconf 86' lang='lat' dir='ltr'><strong>dicit</strong></span> <span class='ocrx_word' id='word_1_200' title='bbox 2763 917 3024 974; x_wconf 89' lang='lat' dir='ltr'><strong>Dominus</strong></span> <span class='ocrx_word' id='word_1_201' title='bbox 3052 933 3068 973; x_wconf 91' lang='lat'><strong>:</strong></span> <span class='ocrx_word' id='word_1_202' title='bbox 3099 920 3286 978; x_wconf 90' lang='lat' dir='ltr'><strong>Dando</strong></span> <span class='ocrx_word' id='word_1_203' title='bbox 3334 921 3483 993; x_wconf 82' lang='lat' dir='ltr'><strong>leges</strong></span> 
     </span>
    </p>
   </div>
   <div class='ocr_carea' id='block_1_24' title="bbox 1903 1000 3480 1072">
    <p class='ocr_par' dir='ltr' id='par_1_24' title="bbox 1903 1000 3480 1072">
     <span class='ocr_line' id='line_1_24' title="bbox 1903 1000 3480 1072; baseline 0.012 -22"><span class='ocrx_word' id='word_1_204' title='bbox 1903 1015 1923 1050; x_wconf 72' lang='grc' dir='ltr'>ι</span> <span class='ocrx_word' id='word_1_205' title='bbox 1959 1013 2109 1054; x_wconf 88' lang='lat' dir='ltr'><strong>meas</strong></span> <span class='ocrx_word' id='word_1_206' title='bbox 2150 1000 2203 1055; x_wconf 91' lang='lat' dir='ltr'><strong>in</strong></span> <span class='ocrx_word' id='word_1_207' title='bbox 2256 1004 2510 1062; x_wconf 88' lang='lat' dir='ltr'><strong>cordibus</strong></span> <span class='ocrx_word' id='word_1_208' title='bbox 2547 1019 2768 1072; x_wconf 87' lang='lat' dir='ltr'><strong>eorum,</strong></span> <span class='ocrx_word' id='word_1_209' title='bbox 2811 1015 2866 1064; x_wconf 93' lang='lat' dir='ltr'><strong>et</strong></span> <span class='ocrx_word' id='word_1_210' title='bbox 2901 1008 2956 1064; x_wconf 92' lang='lat' dir='ltr'><strong>in</strong></span> <span class='ocrx_word' id='word_1_211' title='bbox 2987 1011 3260 1068; x_wconf 89' lang='lat' dir='ltr'><strong>mentibus</strong></span> <span class='ocrx_word' id='word_1_212' title='bbox 3289 1027 3480 1070; x_wconf 86' lang='lat' dir='ltr'><strong>eorum</strong></span> 
     </span>
    </p>
   </div>
   <div class='ocr_carea' id='block_1_25' title="bbox 1901 1092 3480 1174">
    <p class='ocr_par' dir='ltr' id='par_1_25' title="bbox 1901 1092 3480 1174">
     <span class='ocr_line' id='line_1_25' title="bbox 1901 1092 3480 1174; baseline 0.013 -32"><span class='ocrx_word' id='word_1_213' title='bbox 1901 1107 1921 1142; x_wconf 72' lang='grc' dir='ltr'>ι</span> <span class='ocrx_word' id='word_1_214' title='bbox 1957 1092 2356 1160; x_wconf 88' lang='lat' dir='ltr'><strong>superscribam</strong></span> <span class='ocrx_word' id='word_1_215' title='bbox 2387 1112 2480 1154; x_wconf 87' lang='lat' dir='ltr'><strong>eas</strong></span> <span class='ocrx_word' id='word_1_216' title='bbox 2514 1117 2526 1152; x_wconf 93' lang='lat'><strong>:</strong></span> <span class='ocrx_word' id='word_1_217' title='bbox 2573 1106 2630 1154; x_wconf 88' lang='lat' dir='ltr'><strong>et</strong></span> <span class='ocrx_word' id='word_1_218' title='bbox 2649 1108 2996 1172; x_wconf 88' lang='lat' dir='ltr'><strong>peccatorum</strong></span> <span class='ocrx_word' id='word_1_219' title='bbox 3034 1112 3090 1158; x_wconf 89' lang='lat' dir='ltr'><strong>et</strong></span> <span class='ocrx_word' id='word_1_220' title='bbox 3131 1104 3480 1174; x_wconf 88' lang='lat' dir='ltr'><strong>iniquitatum</strong></span> 
     </span>
    </p>
   </div>
   <div class='ocr_carea' id='block_1_26' title="bbox 1901 1182 3490 1264">
    <p class='ocr_par' dir='ltr' id='par_1_26' title="bbox 1901 1182 3490 1264">
     <span class='ocr_line' id='line_1_26' title="bbox 1901 1182 3490 1264; baseline 0.013 -31"><span class='ocrx_word' id='word_1_221' title='bbox 1901 1199 1920 1232; x_wconf 76' lang='grc' dir='ltr'>ι</span> <span class='ocrx_word' id='word_1_222' title='bbox 1955 1195 2142 1237; x_wconf 91' lang='lat' dir='ltr'><strong>eorum</strong></span> <span class='ocrx_word' id='word_1_223' title='bbox 2156 1182 2272 1254; x_wconf 91' lang='lat' dir='ltr'><strong>jam</strong></span> <span class='ocrx_word' id='word_1_224' title='bbox 2294 1201 2400 1240; x_wconf 90' lang='lat' dir='ltr'><strong>non</strong></span> <span class='ocrx_word' id='word_1_225' title='bbox 2428 1190 2756 1246; x_wconf 75' lang='lat' dir='ltr'><strong>recordabar</strong></span> <span class='ocrx_word' id='word_1_226' title='bbox 2778 1192 3027 1264; x_wconf 89' lang='lat' dir='ltr'><strong>amplius.</strong></span> <span class='ocrx_word' id='word_1_227' title='bbox 3060 1194 3159 1251; x_wconf 87' lang='lat' dir='ltr'><strong>Ubi</strong></span> <span class='ocrx_word' id='word_1_228' title='bbox 3184 1204 3363 1252; x_wconf 88' lang='lat' dir='ltr'><strong>autem</strong></span> <span class='ocrx_word' id='word_1_229' title='bbox 3386 1197 3490 1254; x_wconf 80' lang='lat' dir='ltr'><strong>lto--</strong></span> 
     </span>
    </p>
   </div>
   <div class='ocr_carea' id='block_1_27' title="bbox 1902 1275 3478 1362">
    <p class='ocr_par' dir='ltr' id='par_1_27' title="bbox 1902 1275 3478 1362">
     <span class='ocr_line' id='line_1_27' title="bbox 1902 1275 3478 1362; baseline 0.014 -39"><span class='ocrx_word' id='word_1_230' title='bbox 1902 1289 1921 1323; x_wconf 72' lang='grc' dir='ltr'>ι</span> <span class='ocrx_word' id='word_1_231' title='bbox 1961 1288 2081 1327; x_wconf 90' lang='lat' dir='ltr'><strong>rum</strong></span> <span class='ocrx_word' id='word_1_232' title='bbox 2098 1275 2365 1344; x_wconf 88' lang='lat' dir='ltr'><strong>remissio,</strong></span> <span class='ocrx_word' id='word_1_233' title='bbox 2377 1277 2489 1348; x_wconf 87' lang='lat' dir='ltr'><strong>jam</strong></span> <span class='ocrx_word' id='word_1_234' title='bbox 2515 1295 2622 1335; x_wconf 90' lang='lat' dir='ltr'><strong>non</strong></span> <span class='ocrx_word' id='word_1_235' title='bbox 2635 1282 2840 1338; x_wconf 90' lang='lat' dir='ltr'><strong>oblatio</strong></span> <span class='ocrx_word' id='word_1_236' title='bbox 2864 1300 2962 1354; x_wconf 90' lang='lat' dir='ltr'><strong>pro</strong></span> <span class='ocrx_word' id='word_1_237' title='bbox 2986 1295 3226 1356; x_wconf 87' lang='lat' dir='ltr'><strong>peccato.</strong></span> <span class='ocrx_word' id='word_1_238' title='bbox 3263 1307 3282 1341; x_wconf 74' lang='grc' dir='ltr'><strong><em>ι</em></strong></span> <span class='ocrx_word' id='word_1_239' title='bbox 3311 1287 3478 1362; x_wconf 75' lang='grc' dir='ltr'><strong>(Αιὺ.)</strong></span> 
     </span>
    </p>
   </div>
   <div class='ocr_carea' id='block_1_28' title="bbox 1899 1363 3482 1454">
    <p class='ocr_par' dir='ltr' id='par_1_28' title="bbox 1899 1363 3482 1454">
     <span class='ocr_line' id='line_1_28' title="bbox 1899 1363 3482 1454; baseline 0.012 -34"><span class='ocrx_word' id='word_1_240' title='bbox 1899 1363 2015 1421; x_wconf 90' lang='lat' dir='ltr'><strong>Una</strong></span> <span class='ocrx_word' id='word_1_241' title='bbox 2051 1368 2248 1440; x_wconf 87' lang='lat' dir='ltr'><strong>quippe</strong></span> <span class='ocrx_word' id='word_1_242' title='bbox 2275 1371 2753 1446; x_wconf 76' lang='lat' dir='ltr'><strong>oblatio&#39;corporis</strong></span> <span class='ocrx_word' id='word_1_243' title='bbox 2774 1376 2975 1446; x_wconf 82' lang='lat' dir='ltr'><strong>Christi</strong></span> <span class='ocrx_word' id='word_1_244' title='bbox 3003 1381 3273 1450; x_wconf 89' lang='lat' dir='ltr'><strong>perfectos</strong></span> <span class='ocrx_word' id='word_1_245' title='bbox 3315 1383 3482 1454; x_wconf 80' lang='lat' dir='ltr'><strong>faciet</strong></span> 
     </span>
    </p>
   </div>
   <div class='ocr_carea' id='block_1_29' title="bbox 1897 1459 3480 1547">
    <p class='ocr_par' dir='ltr' id='par_1_29' title="bbox 1897 1459 3480 1547">
     <span class='ocr_line' id='line_1_29' title="bbox 1897 1459 3480 1547; baseline 0.013 -35"><span class='ocrx_word' id='word_1_246' title='bbox 1897 1459 2282 1530; x_wconf 86' lang='lat' dir='ltr'><strong>sanctiﬁcatos,</strong></span> <span class='ocrx_word' id='word_1_247' title='bbox 2325 1479 2446 1536; x_wconf 64' lang='lat' dir='ltr'><strong>quae</strong></span> <span class='ocrx_word' id='word_1_248' title='bbox 2475 1467 2852 1524; x_wconf 88' lang='lat' dir='ltr'><strong>remissionem</strong></span> <span class='ocrx_word' id='word_1_249' title='bbox 2891 1472 3155 1544; x_wconf 85' lang='lat' dir='ltr'><strong>integram</strong></span> <span class='ocrx_word' id='word_1_250' title='bbox 3198 1473 3330 1530; x_wconf 80' lang='lat' dir='ltr'><strong>facit</strong></span> <span class='ocrx_word' id='word_1_251' title='bbox 3353 1491 3480 1547; x_wconf 87' lang='lat' dir='ltr'><strong>pec-</strong></span> 
     </span>
    </p>
   </div>
   <div class='ocr_carea' id='block_1_30' title="bbox 1897 1552 3477 1637">
    <p class='ocr_par' dir='ltr' id='par_1_30' title="bbox 1897 1552 3477 1637">
     <span class='ocr_line' id='line_1_30' title="bbox 1897 1552 3477 1637; baseline 0.012 -34"><span class='ocrx_word' id='word_1_252' title='bbox 1897 1559 2160 1607; x_wconf 90' lang='lat' dir='ltr'><strong>catorum.</strong></span> <span class='ocrx_word' id='word_1_253' title='bbox 2187 1552 2300 1610; x_wconf 86' lang='lat' dir='ltr'><strong>Hoc</strong></span> <span class='ocrx_word' id='word_1_254' title='bbox 2339 1566 2522 1611; x_wconf 87' lang='lat' dir='ltr'><strong>autem</strong></span> <span class='ocrx_word' id='word_1_255' title='bbox 2547 1566 2602 1612; x_wconf 91' lang='lat' dir='ltr'><strong>et</strong></span> <span class='ocrx_word' id='word_1_256' title='bbox 2630 1573 2697 1614; x_wconf 86' lang='lat' dir='ltr'><strong>ex</strong></span> <span class='ocrx_word' id='word_1_257' title='bbox 2731 1560 3040 1618; x_wconf 89' lang='lat' dir='ltr'><strong>testimonio</strong></span> <span class='ocrx_word' id='word_1_258' title='bbox 3069 1565 3319 1632; x_wconf 84' lang='lat' dir='ltr'><strong>probavit</strong></span> <span class='ocrx_word' id='word_1_259' title='bbox 3346 1582 3477 1637; x_wconf 87' lang='lat' dir='ltr'><strong>pro-</strong></span> 
     </span>
    </p>
   </div>
   <div class='ocr_carea' id='block_1_31' title="bbox 1891 1641 3478 1725">
    <p class='ocr_par' dir='ltr' id='par_1_31' title="bbox 1891 1641 3478 1725">
     <span class='ocr_line' id='line_1_31' title="bbox 1891 1641 3478 1725; baseline 0.012 -31"><span class='ocrx_word' id='word_1_260' title='bbox 1891 1641 2078 1712; x_wconf 91' lang='lat' dir='ltr'><strong>phetia</strong></span> <span class='ocrx_word' id='word_1_261' title='bbox 2107 1642 2294 1700; x_wconf 91' lang='lat' dir='ltr'><strong>dicens</strong></span> <span class='ocrx_word' id='word_1_262' title='bbox 2327 1663 2339 1698; x_wconf 88' lang='lat'><strong>:</strong></span> <span class='ocrx_word' id='word_1_263' title='bbox 2390 1664 2409 1697; x_wconf 84' lang='grc'><em>‹</em></span> <span class='ocrx_word' id='word_1_264' title='bbox 2445 1645 2794 1704; x_wconf 88' lang='lat' dir='ltr'><strong>Contestatur</strong></span> <span class='ocrx_word' id='word_1_265' title='bbox 2831 1660 3012 1707; x_wconf 89' lang='lat' dir='ltr'><strong>autem</strong></span> <span class='ocrx_word' id='word_1_266' title='bbox 3052 1654 3208 1709; x_wconf 89' lang='lat' dir='ltr'><strong>nobis</strong></span> <span class='ocrx_word' id='word_1_267' title='bbox 3244 1655 3478 1725; x_wconf 88' lang='lat' dir='ltr'><strong>Spiritus</strong></span> 
     </span>
    </p>
   </div>
   <div class='ocr_carea' id='block_1_32' title="bbox 1903 1739 3478 1818">
    <p class='ocr_par' dir='ltr' id='par_1_32' title="bbox 1903 1739 3478 1818">
     <span class='ocr_line' id='line_1_32' title="bbox 1903 1739 3478 1818; baseline 0.013 -30"><span class='ocrx_word' id='word_1_268' title='bbox 1903 1752 1921 1785; x_wconf 76' lang='grc' dir='ltr'><strong><em>ι</em></strong></span> <span class='ocrx_word' id='word_1_269' title='bbox 1961 1745 2202 1804; x_wconf 89' lang='lat' dir='ltr'><strong>sanctus,</strong></span> <span class='ocrx_word' id='word_1_270' title='bbox 2236 1739 2341 1796; x_wconf 91' lang='lat' dir='ltr'><strong>hoc</strong></span> <span class='ocrx_word' id='word_1_271' title='bbox 2370 1751 2474 1808; x_wconf 90' lang='lat' dir='ltr'><strong>est,</strong></span> <span class='ocrx_word' id='word_1_272' title='bbox 2515 1752 2915 1813; x_wconf 89' lang='lat' dir='ltr'><strong>testamentum,</strong></span> <span class='ocrx_word' id='word_1_273' title='bbox 2945 1750 3088 1818; x_wconf 90' lang='lat' dir='ltr'><strong>quod</strong></span> <span class='ocrx_word' id='word_1_274' title='bbox 3131 1752 3373 1807; x_wconf 87' lang='lat' dir='ltr'><strong>testabor</strong></span> <span class='ocrx_word' id='word_1_275' title='bbox 3408 1755 3478 1812; x_wconf 88' lang='lat' dir='ltr'><strong>ad</strong></span> 
     </span>
    </p>
   </div>
   <div class='ocr_carea' id='block_1_33' title="bbox 199 1820 3477 1918">
    <p class='ocr_par' dir='ltr' id='par_1_33' title="bbox 199 1820 3477 1918">
     <span class='ocr_line' id='line_1_33' title="bbox 199 1820 3477 1918; baseline 0.013 -59"><span class='ocrx_word' id='word_1_276' title='bbox 199 1827 390 1896; x_wconf 44' lang='grc' dir='ltr'><strong>δεηθῇς</strong></span> <span class='ocrx_word' id='word_1_277' title='bbox 427 1840 484 1886; x_wconf 61' lang='grc' dir='ltr'><strong>ιη</strong></span> <span class='ocrx_word' id='word_1_278' title='bbox 511 1847 748 1902; x_wconf 68' lang='lat' dir='ltr'><strong>sequens</strong></span> <span class='ocrx_word' id='word_1_279' title='bbox 771 1844 990 1904; x_wconf 50' lang='lat' dir='ltr'><strong>statuat,</strong></span> <span class='ocrx_word' id='word_1_280' title='bbox 1017 1839 1119 1895; x_wconf 69' lang='lat' dir='ltr'><strong>hoc</strong></span> <span class='ocrx_word' id='word_1_281' title='bbox 1142 1848 1241 1904; x_wconf 51' lang='lat' dir='ltr'><strong>est,</strong></span> <span class='ocrx_word' id='word_1_282' title='bbox 1273 1842 1624 1916; x_wconf 61' lang='lat' dir='ltr'><strong>Evangelium</strong></span> <span class='ocrx_word' id='word_1_283' title='bbox 1650 1847 1790 1917; x_wconf 71' lang='lat' dir='ltr'><strong>quod</strong></span> <span class='ocrx_word' id='word_1_284' title='bbox 1903 1844 1922 1878; x_wconf 72' lang='grc' dir='ltr'>ι</span> <span class='ocrx_word' id='word_1_285' title='bbox 1961 1827 2080 1884; x_wconf 92' lang='lat' dir='ltr'><strong>illos</strong></span> <span class='ocrx_word' id='word_1_286' title='bbox 2127 1839 2249 1900; x_wconf 91' lang='lat' dir='ltr'><strong>post</strong></span> <span class='ocrx_word' id='word_1_287' title='bbox 2293 1832 2410 1888; x_wconf 82' lang='lat' dir='ltr'><strong>dies</strong></span> <span class='ocrx_word' id='word_1_288' title='bbox 2445 1834 2588 1902; x_wconf 92' lang='lat' dir='ltr'><strong>illos,</strong></span> <span class='ocrx_word' id='word_1_289' title='bbox 2621 1837 2751 1892; x_wconf 87' lang='lat' dir='ltr'><strong>dicit</strong></span> <span class='ocrx_word' id='word_1_290' title='bbox 2777 1839 3037 1895; x_wconf 89' lang='lat' dir='ltr'><strong>Dominus</strong></span> <span class='ocrx_word' id='word_1_291' title='bbox 3067 1857 3082 1896; x_wconf 93' lang='lat'><strong>:</strong></span> <span class='ocrx_word' id='word_1_292' title='bbox 3113 1842 3300 1901; x_wconf 89' lang='lat' dir='ltr'><strong>Dando</strong></span> <span class='ocrx_word' id='word_1_293' title='bbox 3330 1845 3477 1918; x_wconf 81' lang='lat' dir='ltr'><strong>leges</strong></span> 
     </span>
    </p>
   </div>
   <div class='ocr_carea' id='block_1_34' title="bbox 191 1921 1792 2007">
    <p class='ocr_par' dir='ltr' id='par_1_34' title="bbox 191 1921 1792 2007">
     <span class='ocr_line' id='line_1_34' title="bbox 191 1921 1792 2007; baseline 0.013 -34"><span class='ocrx_word' id='word_1_294' title='bbox 191 1933 303 1994; x_wconf 82' lang='lat' dir='ltr'><strong>per</strong></span> <span class='ocrx_word' id='word_1_295' title='bbox 330 1921 606 1978; x_wconf 82' lang='lat' dir='ltr'><strong>Christum</strong></span> <span class='ocrx_word' id='word_1_296' title='bbox 627 1923 867 1981; x_wconf 90' lang='lat' dir='ltr'><strong>oblatum</strong></span> <span class='ocrx_word' id='word_1_297' title='bbox 892 1937 975 1984; x_wconf 88' lang='lat' dir='ltr'><strong>est</strong></span> <span class='ocrx_word' id='word_1_298' title='bbox 1013 1929 1228 1986; x_wconf 91' lang='lat' dir='ltr'><strong>ﬁrmum</strong></span> <span class='ocrx_word' id='word_1_299' title='bbox 1267 1942 1488 1989; x_wconf 88' lang='lat' dir='ltr'><strong>statuat.</strong></span> <span class='ocrx_word' id='word_1_300' title='bbox 1529 1955 1546 1986; x_wconf 73' lang='grc' dir='ltr'><strong><em>ι</em></strong></span> <span class='ocrx_word' id='word_1_301' title='bbox 1581 1937 1636 1990; x_wconf 92' lang='lat' dir='ltr'><strong>ln</strong></span> <span class='ocrx_word' id='word_1_302' title='bbox 1685 1953 1792 2007; x_wconf 87' lang='lat' dir='ltr'><strong>qua</strong></span> 
     </span>
    </p>
   </div>
   <div class='ocr_carea' id='block_1_35' title="bbox 205 2013 1792 2092">
    <p class='ocr_par' dir='ltr' id='par_1_35' title="bbox 205 2013 1792 2092">
     <span class='ocr_line' id='line_1_35' title="bbox 205 2013 1792 2092; baseline 0.011 -27"><span class='ocrx_word' id='word_1_303' title='bbox 205 2030 229 2065; x_wconf 70' lang='grc' dir='ltr'>ι</span> <span class='ocrx_word' id='word_1_304' title='bbox 265 2013 542 2070; x_wconf 87' lang='lat' dir='ltr'><strong>voluntate</strong></span> <span class='ocrx_word' id='word_1_305' title='bbox 594 2017 915 2074; x_wconf 90' lang='lat' dir='ltr'><strong>sanetiticati</strong></span> <span class='ocrx_word' id='word_1_306' title='bbox 955 2035 1143 2077; x_wconf 89' lang='lat' dir='ltr'><strong>sumus</strong></span> <span class='ocrx_word' id='word_1_307' title='bbox 1177 2038 1274 2092; x_wconf 93' lang='lat' dir='ltr'><strong>per</strong></span> <span class='ocrx_word' id='word_1_308' title='bbox 1302 2024 1629 2082; x_wconf 89' lang='lat' dir='ltr'><strong>oblationem</strong></span> <span class='ocrx_word' id='word_1_309' title='bbox 1673 2044 1792 2083; x_wconf 90' lang='lat' dir='ltr'><strong>cor-</strong></span> 
     </span>
    </p>
   </div>
   <div class='ocr_carea' id='block_1_36' title="bbox 206 2106 1792 2176">
    <p class='ocr_par' dir='ltr' id='par_1_36' title="bbox 206 2106 1792 2176">
     <span class='ocr_line' id='line_1_36' title="bbox 206 2106 1792 2176; baseline 0.011 -18"><span class='ocrx_word' id='word_1_310' title='bbox 206 2125 226 2158; x_wconf 75' lang='grc' dir='ltr'>ι</span> <span class='ocrx_word' id='word_1_311' title='bbox 264 2107 418 2176; x_wconf 89' lang='lat' dir='ltr'><strong>poris</strong></span> <span class='ocrx_word' id='word_1_312' title='bbox 462 2106 592 2164; x_wconf 80' lang='lat' dir='ltr'><strong>Jesu</strong></span> <span class='ocrx_word' id='word_1_313' title='bbox 636 2107 838 2168; x_wconf 88' lang='lat' dir='ltr'><strong>Christi</strong></span> <span class='ocrx_word' id='word_1_314' title='bbox 884 2113 1072 2168; x_wconf 89' lang='lat' dir='ltr'><strong>semel.</strong></span> <span class='ocrx_word' id='word_1_315' title='bbox 1121 2135 1139 2168; x_wconf 74' lang='grc' dir='ltr'>ι</span> <span class='ocrx_word' id='word_1_316' title='bbox 1195 2115 1318 2172; x_wconf 71' lang='lat' dir='ltr'><strong>Han:</strong></span> <span class='ocrx_word' id='word_1_317' title='bbox 1371 2117 1573 2175; x_wconf 88' lang='lat' dir='ltr'><strong>oblatio</strong></span> <span class='ocrx_word' id='word_1_318' title='bbox 1625 2122 1792 2176; x_wconf 86' lang='lat' dir='ltr'><strong>semel</strong></span> 
     </span>
    </p>
   </div>
   <div class='ocr_carea' id='block_1_37' title="bbox 193 2196 1792 2276">
    <p class='ocr_par' dir='ltr' id='par_1_37' title="bbox 193 2196 1792 2276">
     <span class='ocr_line' id='line_1_37' title="bbox 193 2196 1792 2276; baseline 0.008 -22"><span class='ocrx_word' id='word_1_319' title='bbox 193 2196 385 2254; x_wconf 87' lang='lat' dir='ltr'><strong>oblata</strong></span> <span class='ocrx_word' id='word_1_320' title='bbox 418 2206 524 2268; x_wconf 89' lang='lat' dir='ltr'><strong>est,</strong></span> <span class='ocrx_word' id='word_1_321' title='bbox 569 2200 662 2256; x_wconf 92' lang='lat' dir='ltr'><strong>sed</strong></span> <span class='ocrx_word' id='word_1_322' title='bbox 711 2217 926 2272; x_wconf 87' lang='lat' dir='ltr'><strong>semper</strong></span> <span class='ocrx_word' id='word_1_323' title='bbox 967 2213 1162 2276; x_wconf 89' lang='lat' dir='ltr'><strong>potens</strong></span> <span class='ocrx_word' id='word_1_324' title='bbox 1203 2215 1288 2262; x_wconf 91' lang='lat' dir='ltr'><strong>est</strong></span> <span class='ocrx_word' id='word_1_325' title='bbox 1334 2209 1554 2265; x_wconf 89' lang='lat' dir='ltr'><strong>abluere</strong></span> <span class='ocrx_word' id='word_1_326' title='bbox 1602 2227 1792 2268; x_wconf 90' lang='lat' dir='ltr'><strong>omnes</strong></span> 
     </span>
    </p>
   </div>
   <div class='ocr_carea' id='block_1_38' title="bbox 191 2290 1790 2366">
    <p class='ocr_par' dir='ltr' id='par_1_38' title="bbox 191 2290 1790 2366">
     <span class='ocr_line' id='line_1_38' title="bbox 191 2290 1790 2366; baseline 0.01 -22"><span class='ocrx_word' id='word_1_327' title='bbox 191 2290 490 2364; x_wconf 73' lang='lat' dir='ltr'><strong>credentes</strong></span> <span class='ocrx_word' id='word_1_328' title='bbox 542 2300 598 2348; x_wconf 89' lang='lat' dir='ltr'><strong>et</strong></span> <span class='ocrx_word' id='word_1_329' title='bbox 623 2307 813 2350; x_wconf 86' lang='lat' dir='ltr'><strong>omnes</strong></span> <span class='ocrx_word' id='word_1_330' title='bbox 857 2303 1106 2366; x_wconf 87' lang='lat' dir='ltr'><strong>optantes</strong></span> <span class='ocrx_word' id='word_1_331' title='bbox 1158 2299 1213 2354; x_wconf 91' lang='lat' dir='ltr'><strong>in</strong></span> <span class='ocrx_word' id='word_1_332' title='bbox 1251 2315 1316 2355; x_wconf 89' lang='lat' dir='ltr'><strong>ea</strong></span> <span class='ocrx_word' id='word_1_333' title='bbox 1359 2303 1628 2358; x_wconf 90' lang='lat' dir='ltr'><strong>mundari.</strong></span> <span class='ocrx_word' id='word_1_334' title='bbox 1665 2304 1790 2360; x_wconf 91' lang='lat' dir='ltr'><strong>Ideo</strong></span> 
     </span>
    </p>
   </div>
   <div class='ocr_carea' id='block_1_39' title="bbox 191 2382 1790 2461">
    <p class='ocr_par' dir='ltr' id='par_1_39' title="bbox 191 2382 1790 2461">
     <span class='ocr_line' id='line_1_39' title="bbox 191 2382 1790 2461; baseline 0.012 -25"><span class='ocrx_word' id='word_1_335' title='bbox 191 2382 484 2461; x_wconf 66' lang='lat' dir='ltr'><strong>,subjunxit</strong></span> <span class='ocrx_word' id='word_1_336' title='bbox 510 2395 563 2440; x_wconf 91' lang='lat' dir='ltr'><strong>et</strong></span> <span class='ocrx_word' id='word_1_337' title='bbox 590 2387 822 2458; x_wconf 91' lang='lat' dir='ltr'><strong>plenius,</strong></span> <span class='ocrx_word' id='word_1_338' title='bbox 850 2403 1126 2460; x_wconf 85' lang='lat' dir='ltr'><strong>exponens</strong></span> <span class='ocrx_word' id='word_1_339' title='bbox 1152 2392 1294 2448; x_wconf 91' lang='lat' dir='ltr'><strong>idem</strong></span> <span class='ocrx_word' id='word_1_340' title='bbox 1348 2395 1540 2451; x_wconf 87' lang='lat' dir='ltr'><strong>beatus</strong></span> <span class='ocrx_word' id='word_1_341' title='bbox 1589 2396 1790 2455; x_wconf 90' lang='lat' dir='ltr'><strong>Paulus</strong></span> 
     </span>
    </p>
   </div>
   <div class='ocr_carea' id='block_1_40' title="bbox 193 2475 1790 2556">
    <p class='ocr_par' dir='ltr' id='par_1_40' title="bbox 193 2475 1790 2556">
     <span class='ocr_line' id='line_1_40' title="bbox 193 2475 1790 2556; baseline 0.011 -26"><span class='ocrx_word' id='word_1_342' title='bbox 193 2475 462 2532; x_wconf 78' lang='lat' dir='ltr'><strong>virtutem</strong></span> <span class='ocrx_word' id='word_1_343' title='bbox 483 2477 644 2550; x_wconf 85' lang='lat' dir='ltr'><strong>hujus</strong></span> <span class='ocrx_word' id='word_1_344' title='bbox 668 2480 856 2537; x_wconf 67' lang='lat' dir='ltr'><strong>hostia:</strong></span> <span class='ocrx_word' id='word_1_345' title='bbox 887 2501 900 2536; x_wconf 88' lang='lat'><strong>:</strong></span> <span class='ocrx_word' id='word_1_346' title='bbox 937 2502 954 2534; x_wconf 78' lang='grc' dir='ltr'>ι</span> <span class='ocrx_word' id='word_1_347' title='bbox 993 2483 1060 2538; x_wconf 85' lang='lat' dir='ltr'><strong>Et</strong></span> <span class='ocrx_word' id='word_1_348' title='bbox 1081 2487 1257 2541; x_wconf 88' lang='lat' dir='ltr'><strong>omnis</strong></span> <span class='ocrx_word' id='word_1_349' title='bbox 1289 2487 1506 2556; x_wconf 91' lang='lat' dir='ltr'><strong>quidem</strong></span> <span class='ocrx_word' id='word_1_350' title='bbox 1535 2490 1790 2548; x_wconf 86' lang='lat' dir='ltr'><strong>sacerdos</strong></span> 
     </span>
    </p>
   </div>
   <div class='ocr_carea' id='block_1_41' title="bbox 199 2573 1789 2654">
    <p class='ocr_par' dir='ltr' id='par_1_41' title="bbox 199 2573 1789 2654">
     <span class='ocr_line' id='line_1_41' title="bbox 199 2573 1789 2654; baseline 0.013 -34"><span class='ocrx_word' id='word_1_351' title='bbox 199 2586 223 2620; x_wconf 73' lang='grc' dir='ltr'>ι</span> <span class='ocrx_word' id='word_1_352' title='bbox 257 2577 460 2639; x_wconf 73' lang='lat' dir='ltr'><strong>praesto</strong></span> <span class='ocrx_word' id='word_1_353' title='bbox 515 2579 602 2626; x_wconf 91' lang='lat' dir='ltr'><strong>est</strong></span> <span class='ocrx_word' id='word_1_354' title='bbox 646 2573 888 2642; x_wconf 87' lang='lat' dir='ltr'><strong>quotidie</strong></span> <span class='ocrx_word' id='word_1_355' title='bbox 933 2575 1252 2633; x_wconf 89' lang='lat' dir='ltr'><strong>ministraus</strong></span> <span class='ocrx_word' id='word_1_356' title='bbox 1301 2588 1357 2634; x_wconf 88' lang='lat' dir='ltr'><strong>et</strong></span> <span class='ocrx_word' id='word_1_357' title='bbox 1397 2580 1618 2638; x_wconf 87' lang='lat' dir='ltr'><strong>easdem</strong></span> <span class='ocrx_word' id='word_1_358' title='bbox 1647 2598 1789 2654; x_wconf 66' lang='lat' dir='ltr'><strong>saepe</strong></span> 
     </span>
    </p>
   </div>
   <div class='ocr_carea' id='block_1_42' title="bbox 181 2657 1789 2742">
    <p class='ocr_par' dir='ltr' id='par_1_42' title="bbox 181 2657 1789 2742">
     <span class='ocr_line' id='line_1_42' title="bbox 181 2657 1789 2742; baseline 0.012 -30"><span class='ocrx_word' id='word_1_359' title='bbox 181 2676 226 2734; x_wconf 64' lang='grc' dir='ltr'><strong>⁴ᾳ</strong></span> <span class='ocrx_word' id='word_1_360' title='bbox 264 2657 500 2716; x_wconf 74' lang='lat' dir='ltr'><strong>oﬂ‘erens</strong></span> <span class='ocrx_word' id='word_1_361' title='bbox 544 2662 780 2732; x_wconf 84' lang='lat' dir='ltr'><strong>hostias,</strong></span> <span class='ocrx_word' id='word_1_362' title='bbox 829 2681 947 2738; x_wconf 77' lang='lat' dir='ltr'><strong>qua:</strong></span> <span class='ocrx_word' id='word_1_363' title='bbox 976 2683 1252 2738; x_wconf 88' lang='lat' dir='ltr'><strong>nunquam</strong></span> <span class='ocrx_word' id='word_1_364' title='bbox 1303 2681 1528 2742; x_wconf 90' lang='lat' dir='ltr'><strong>possunt</strong></span> <span class='ocrx_word' id='word_1_365' title='bbox 1571 2673 1789 2731; x_wconf 89' lang='lat' dir='ltr'><strong>auferre</strong></span> 
     </span>
    </p>
   </div>
   <div class='ocr_carea' id='block_1_43' title="bbox 201 2754 1788 2834">
    <p class='ocr_par' dir='ltr' id='par_1_43' title="bbox 201 2754 1788 2834">
     <span class='ocr_line' id='line_1_43' title="bbox 201 2754 1788 2834; baseline 0.011 -30"><span class='ocrx_word' id='word_1_366' title='bbox 201 2769 225 2804; x_wconf 70' lang='grc' dir='ltr'><strong><em>ι</em></strong></span> <span class='ocrx_word' id='word_1_367' title='bbox 261 2762 508 2824; x_wconf 89' lang='lat' dir='ltr'><strong>peccata.</strong></span> <span class='ocrx_word' id='word_1_368' title='bbox 558 2754 660 2812; x_wconf 82' lang='lat' dir='ltr'><strong>Hic</strong></span> <span class='ocrx_word' id='word_1_369' title='bbox 707 2765 884 2828; x_wconf 85' lang='lat' dir='ltr'><strong>autem</strong></span> <span class='ocrx_word' id='word_1_370' title='bbox 935 2777 1096 2816; x_wconf 89' lang='lat' dir='ltr'><strong>unam</strong></span> <span class='ocrx_word' id='word_1_371' title='bbox 1141 2779 1242 2834; x_wconf 90' lang='lat' dir='ltr'><strong>pro</strong></span> <span class='ocrx_word' id='word_1_372' title='bbox 1266 2767 1507 2834; x_wconf 90' lang='lat' dir='ltr'><strong>peccatis</strong></span> <span class='ocrx_word' id='word_1_373' title='bbox 1555 2768 1788 2826; x_wconf 81' lang='lat' dir='ltr'><strong>offerens</strong></span> 
     </span>
    </p>
   </div>
   <div class='ocr_carea' id='block_1_44' title="bbox 202 2843 1789 2926">
    <p class='ocr_par' dir='ltr' id='par_1_44' title="bbox 202 2843 1789 2926">
     <span class='ocr_line' id='line_1_44' title="bbox 202 2843 1789 2926; baseline 0.013 -30"><span class='ocrx_word' id='word_1_374' title='bbox 202 2861 224 2894; x_wconf 67' lang='grc' dir='ltr'><strong><em>ι</em></strong></span> <span class='ocrx_word' id='word_1_375' title='bbox 259 2843 518 2910; x_wconf 87' lang='lat' dir='ltr'><strong>hostiam,</strong></span> <span class='ocrx_word' id='word_1_376' title='bbox 546 2847 602 2914; x_wconf 84' lang='lat' dir='ltr'><strong>in</strong></span> <span class='ocrx_word' id='word_1_377' title='bbox 624 2849 1010 2921; x_wconf 89' lang='lat' dir='ltr'><strong>sempiternum</strong></span> <span class='ocrx_word' id='word_1_378' title='bbox 1032 2854 1184 2910; x_wconf 91' lang='lat' dir='ltr'><strong>sedet</strong></span> <span class='ocrx_word' id='word_1_379' title='bbox 1205 2855 1271 2910; x_wconf 90' lang='lat' dir='ltr'><strong>ad</strong></span> <span class='ocrx_word' id='word_1_380' title='bbox 1293 2857 1570 2914; x_wconf 83' lang='lat' dir='ltr'><strong>dexteram</strong></span> <span class='ocrx_word' id='word_1_381' title='bbox 1589 2859 1705 2926; x_wconf 88' lang='lat' dir='ltr'><strong>Dei,</strong></span> <span class='ocrx_word' id='word_1_382' title='bbox 1723 2861 1789 2917; x_wconf 93' lang='lat' dir='ltr'><strong>de</strong></span> 
     </span>
    </p>
   </div>
   <div class='ocr_carea' id='block_1_45' title="bbox 204 2941 1789 3019">
    <p class='ocr_par' dir='ltr' id='par_1_45' title="bbox 204 2941 1789 3019">
     <span class='ocr_line' id='line_1_45' title="bbox 204 2941 1789 3019; baseline 0.011 -30"><span class='ocrx_word' id='word_1_383' title='bbox 204 2951 224 2997; x_wconf 70' lang='grc' dir='ltr'><strong>ς</strong></span> <span class='ocrx_word' id='word_1_384' title='bbox 265 2943 464 2993; x_wconf 79' lang='lat' dir='ltr'><strong>caetero</strong></span> <span class='ocrx_word' id='word_1_385' title='bbox 475 2947 816 3008; x_wconf 85' lang='lat' dir='ltr'><strong>exspectans,</strong></span> <span class='ocrx_word' id='word_1_386' title='bbox 833 2941 1002 2998; x_wconf 88' lang='lat' dir='ltr'><strong>donec</strong></span> <span class='ocrx_word' id='word_1_387' title='bbox 1019 2947 1511 3014; x_wconf 87' lang='lat' dir='ltr'><strong>ponanturinimici</strong></span> <span class='ocrx_word' id='word_1_388' title='bbox 1532 2948 1648 3019; x_wconf 92' lang='lat' dir='ltr'><strong>ejus</strong></span> <span class='ocrx_word' id='word_1_389' title='bbox 1669 2965 1789 3006; x_wconf 89' lang='lat' dir='ltr'><strong>sca-</strong></span> 
     </span>
    </p>
   </div>
   <div class='ocr_carea' id='block_1_46' title="bbox 201 3029 1789 3108">
    <p class='ocr_par' dir='ltr' id='par_1_46' title="bbox 201 3029 1789 3108">
     <span class='ocr_line' id='line_1_46' title="bbox 201 3029 1789 3108; baseline 0.011 -26"><span class='ocrx_word' id='word_1_390' title='bbox 201 3048 222 3082; x_wconf 83' lang='grc'><em>‹</em></span> <span class='ocrx_word' id='word_1_391' title='bbox 259 3029 458 3104; x_wconf 78' lang='lat' dir='ltr'><strong>bellum</strong></span> <span class='ocrx_word' id='word_1_392' title='bbox 472 3032 669 3102; x_wconf 86' lang='lat' dir='ltr'><strong>pedum</strong></span> <span class='ocrx_word' id='word_1_393' title='bbox 683 3029 818 3101; x_wconf 89' lang='lat' dir='ltr'><strong>ejus.</strong></span> <span class='ocrx_word' id='word_1_394' title='bbox 833 3054 851 3087; x_wconf 75' lang='grc' dir='ltr'><strong><em>ι</em></strong></span> <span class='ocrx_word' id='word_1_395' title='bbox 875 3033 1080 3108; x_wconf 75' lang='grc' dir='ltr'><strong>(Ιοαη.)</strong></span> <span class='ocrx_word' id='word_1_396' title='bbox 1095 3037 1311 3096; x_wconf 91' lang='lat' dir='ltr'><strong>Priores</strong></span> <span class='ocrx_word' id='word_1_397' title='bbox 1323 3042 1560 3102; x_wconf 79' lang='lat' dir='ltr'><strong>ostendit</strong></span> <span class='ocrx_word' id='word_1_398' title='bbox 1572 3043 1789 3104; x_wconf 86' lang='lat' dir='ltr'><strong>inutiles</strong></span> 
     </span>
    </p>
   </div>
   <div class='ocr_carea' id='block_1_47' title="bbox 187 3123 1786 3202">
    <p class='ocr_par' dir='ltr' id='par_1_47' title="bbox 187 3123 1786 3202">
     <span class='ocr_line' id='line_1_47' title="bbox 187 3123 1786 3202; baseline 0.013 -27"><span class='ocrx_word' id='word_1_399' title='bbox 187 3135 321 3202; x_wconf 48' lang='lat' dir='ltr'><strong>esse</strong></span> <span class='ocrx_word' id='word_1_400' title='bbox 346 3123 552 3200; x_wconf 60' lang='lat' dir='ltr'><strong>hostias</strong></span> <span class='ocrx_word' id='word_1_401' title='bbox 580 3126 648 3182; x_wconf 91' lang='lat' dir='ltr'><strong>ad</strong></span> <span class='ocrx_word' id='word_1_402' title='bbox 675 3126 938 3198; x_wconf 80' lang='lat' dir='ltr'><strong>integram</strong></span> <span class='ocrx_word' id='word_1_403' title='bbox 969 3131 1396 3201; x_wconf 88' lang='lat' dir='ltr'><strong>mundationem,</strong></span> <span class='ocrx_word' id='word_1_404' title='bbox 1426 3136 1522 3192; x_wconf 87' lang='lat' dir='ltr'><strong>sed</strong></span> <span class='ocrx_word' id='word_1_405' title='bbox 1553 3136 1786 3194; x_wconf 89' lang='lat' dir='ltr'><strong>formam</strong></span> 
     </span>
    </p>
   </div>
   <div class='ocr_carea' id='block_1_48' title="bbox 1902 1924 3480 2010">
    <p class='ocr_par' dir='ltr' id='par_1_48' title="bbox 1902 1924 3480 2010">
     <span class='ocr_line' id='line_1_48' title="bbox 1902 1924 3480 2010; baseline 0.013 -37"><span class='ocrx_word' id='word_1_406' title='bbox 1902 1939 1922 1971; x_wconf 78' lang='grc' dir='ltr'>σ</span> <span class='ocrx_word' id='word_1_407' title='bbox 1961 1935 2111 1978; x_wconf 91' lang='lat' dir='ltr'><strong>meas</strong></span> <span class='ocrx_word' id='word_1_408' title='bbox 2161 1924 2213 1978; x_wconf 92' lang='lat' dir='ltr'><strong>in</strong></span> <span class='ocrx_word' id='word_1_409' title='bbox 2266 1927 2522 1984; x_wconf 89' lang='lat' dir='ltr'><strong>cordibus</strong></span> <span class='ocrx_word' id='word_1_410' title='bbox 2569 1945 2779 1986; x_wconf 90' lang='lat' dir='ltr'><strong>eorum.</strong></span> <span class='ocrx_word' id='word_1_411' title='bbox 2817 1951 2836 1985; x_wconf 76' lang='grc' dir='ltr'><strong><em>ι</em></strong></span> <span class='ocrx_word' id='word_1_412' title='bbox 2885 1931 3002 1989; x_wconf 86' lang='grc' dir='ltr'><strong>Νοη</strong></span> <span class='ocrx_word' id='word_1_413' title='bbox 3049 1935 3124 1990; x_wconf 90' lang='lat' dir='ltr'><strong>ita</strong></span> <span class='ocrx_word' id='word_1_414' title='bbox 3179 1945 3238 1991; x_wconf 92' lang='lat' dir='ltr'><strong>ut</strong></span> <span class='ocrx_word' id='word_1_415' title='bbox 3277 1939 3480 2010; x_wconf 91' lang='lat' dir='ltr'><strong>scripta</strong></span> 
     </span>
    </p>
   </div>
   <div class='ocr_carea' id='block_1_49' title="bbox 1895 2009 3476 2090">
    <p class='ocr_par' dir='ltr' id='par_1_49' title="bbox 1895 2009 3476 2090">
     <span class='ocr_line' id='line_1_49' title="bbox 1895 2009 3476 2090; baseline 0.014 -26"><span class='ocrx_word' id='word_1_416' title='bbox 1895 2009 1998 2065; x_wconf 90' lang='lat' dir='ltr'><strong>fuit</strong></span> <span class='ocrx_word' id='word_1_417' title='bbox 2036 2011 2120 2067; x_wconf 87' lang='lat' dir='ltr'><strong>lex</strong></span> <span class='ocrx_word' id='word_1_418' title='bbox 2184 2014 2240 2068; x_wconf 91' lang='lat' dir='ltr'><strong>in</strong></span> <span class='ocrx_word' id='word_1_419' title='bbox 2271 2017 2466 2072; x_wconf 90' lang='lat' dir='ltr'><strong>tabulis</strong></span> <span class='ocrx_word' id='word_1_420' title='bbox 2517 2018 2782 2090; x_wconf 88' lang='lat' dir='ltr'><strong>lapideis,</strong></span> <span class='ocrx_word' id='word_1_421' title='bbox 2833 2024 2932 2080; x_wconf 89' lang='lat' dir='ltr'><strong>sed</strong></span> <span class='ocrx_word' id='word_1_422' title='bbox 2972 2025 3029 2080; x_wconf 92' lang='lat' dir='ltr'><strong>in</strong></span> <span class='ocrx_word' id='word_1_423' title='bbox 3061 2027 3260 2084; x_wconf 88' lang='lat' dir='ltr'><strong>tabulis</strong></span> <span class='ocrx_word' id='word_1_424' title='bbox 3295 2009 3476 2086; x_wconf 88' lang='lat' dir='ltr'><strong>cordis</strong></span> 
     </span>
    </p>
   </div>
   <div class='ocr_carea' id='block_1_50' title="bbox 1895 2104 3480 2196">
    <p class='ocr_par' dir='ltr' id='par_1_50' title="bbox 1895 2104 3480 2196">
     <span class='ocr_line' id='line_1_50' title="bbox 1895 2104 3480 2196; baseline 0.015 -40"><span class='ocrx_word' id='word_1_425' title='bbox 1895 2104 2204 2161; x_wconf 88' lang='lat' dir='ltr'><strong>carnalibus</strong></span> <span class='ocrx_word' id='word_1_426' title='bbox 2243 2111 2628 2180; x_wconf 90' lang='lat' dir='ltr'><strong>perpetualiter</strong></span> <span class='ocrx_word' id='word_1_427' title='bbox 2671 2114 2946 2172; x_wconf 85' lang='lat' dir='ltr'><strong>scribebat</strong></span> <span class='ocrx_word' id='word_1_428' title='bbox 2991 2117 3158 2174; x_wconf 89' lang='lat' dir='ltr'><strong>illam.</strong></span> <span class='ocrx_word' id='word_1_429' title='bbox 3211 2119 3342 2190; x_wconf 60' lang='lat' dir='ltr'><strong>Quae</strong></span> <span class='ocrx_word' id='word_1_430' title='bbox 3395 2132 3480 2196; x_wconf 75' lang='lat' dir='ltr'><strong>est</strong></span> 
     </span>
    </p>
   </div>
   <div class='ocr_carea' id='block_1_51' title="bbox 1893 2197 3475 2286">
    <p class='ocr_par' dir='ltr' id='par_1_51' title="bbox 1893 2197 3475 2286">
     <span class='ocr_line' id='line_1_51' title="bbox 1893 2197 3475 2286; baseline 0.012 -32"><span class='ocrx_word' id='word_1_431' title='bbox 1893 2197 2001 2254; x_wconf 90' lang='lat' dir='ltr'><strong>ista</strong></span> <span class='ocrx_word' id='word_1_432' title='bbox 2042 2199 2128 2254; x_wconf 87' lang='lat' dir='ltr'><strong>lex</strong></span> <span class='ocrx_word' id='word_1_433' title='bbox 2151 2216 2271 2271; x_wconf 71' lang='lat' dir='ltr'><strong>qua:</strong></span> <span class='ocrx_word' id='word_1_434' title='bbox 2314 2203 2369 2258; x_wconf 92' lang='lat' dir='ltr'><strong>in</strong></span> <span class='ocrx_word' id='word_1_435' title='bbox 2415 2206 2670 2262; x_wconf 90' lang='lat' dir='ltr'><strong>cordibus</strong></span> <span class='ocrx_word' id='word_1_436' title='bbox 2709 2208 3047 2286; x_wconf 83' lang='lat' dir='ltr'><strong>singulorum</strong></span> <span class='ocrx_word' id='word_1_437' title='bbox 3091 2215 3294 2286; x_wconf 85' lang='lat' dir='ltr'><strong>scripta</strong></span> <span class='ocrx_word' id='word_1_438' title='bbox 3342 2218 3475 2273; x_wconf 84' lang='lat' dir='ltr'><strong>est?</strong></span> 
     </span>
    </p>
   </div>
   <div class='ocr_carea' id='block_1_52' title="bbox 1901 2291 3476 2377">
    <p class='ocr_par' dir='ltr' id='par_1_52' title="bbox 1901 2291 3476 2377">
     <span class='ocr_line' id='line_1_52' title="bbox 1901 2291 3476 2377; baseline 0.012 -29"><span class='ocrx_word' id='word_1_439' title='bbox 1901 2291 2096 2362; x_wconf 88' lang='lat' dir='ltr'><strong>Utique</strong></span> <span class='ocrx_word' id='word_1_440' title='bbox 2141 2295 2412 2364; x_wconf 90' lang='lat' dir='ltr'><strong>charitas,</strong></span> <span class='ocrx_word' id='word_1_441' title='bbox 2446 2307 2506 2354; x_wconf 91' lang='lat' dir='ltr'><strong>ut</strong></span> <span class='ocrx_word' id='word_1_442' title='bbox 2557 2317 2621 2356; x_wconf 88' lang='lat' dir='ltr'><strong>ea</strong></span> <span class='ocrx_word' id='word_1_443' title='bbox 2668 2319 2788 2373; x_wconf 82' lang='lat' dir='ltr'><strong>quae</strong></span> <span class='ocrx_word' id='word_1_444' title='bbox 2831 2305 3083 2364; x_wconf 89' lang='lat' dir='ltr'><strong>nolumus</strong></span> <span class='ocrx_word' id='word_1_445' title='bbox 3125 2310 3281 2365; x_wconf 88' lang='lat' dir='ltr'><strong>nobis</strong></span> <span class='ocrx_word' id='word_1_446' title='bbox 3321 2310 3476 2377; x_wconf 89' lang='lat' dir='ltr'><strong>ﬁeri,</strong></span> 
     </span>
    </p>
   </div>
   <div class='ocr_carea' id='block_1_53' title="bbox 1893 2381 3480 2471">
    <p class='ocr_par' dir='ltr' id='par_1_53' title="bbox 1893 2381 3480 2471">
     <span class='ocr_line' id='line_1_53' title="bbox 1893 2381 3480 2471; baseline 0.012 -32"><span class='ocrx_word' id='word_1_447' title='bbox 1893 2385 2049 2441; x_wconf 88' lang='lat' dir='ltr'><strong>alteri</strong></span> <span class='ocrx_word' id='word_1_448' title='bbox 2075 2403 2181 2442; x_wconf 88' lang='lat' dir='ltr'><strong>non</strong></span> <span class='ocrx_word' id='word_1_449' title='bbox 2212 2389 2504 2446; x_wconf 77' lang='lat' dir='ltr'><strong>faciamus:</strong></span> <span class='ocrx_word' id='word_1_450' title='bbox 2526 2394 2641 2450; x_wconf 61' lang='lat' dir='ltr'><strong>hac</strong></span> <span class='ocrx_word' id='word_1_451' title='bbox 2667 2381 2926 2468; x_wconf 35' lang='lat' dir='ltr'><strong>est,&#39;quze</strong></span> <span class='ocrx_word' id='word_1_452' title='bbox 2957 2402 3202 2471; x_wconf 90' lang='lat' dir='ltr'><strong>cooperit</strong></span> <span class='ocrx_word' id='word_1_453' title='bbox 3229 2403 3480 2458; x_wconf 90' lang='lat' dir='ltr'><strong>multitu-</strong></span> 
     </span>
    </p>
   </div>
   <div class='ocr_carea' id='block_1_54' title="bbox 1893 2479 3482 2564">
    <p class='ocr_par' dir='ltr' id='par_1_54' title="bbox 1893 2479 3482 2564">
     <span class='ocr_line' id='line_1_54' title="bbox 1893 2479 3482 2564; baseline 0.011 -28"><span class='ocrx_word' id='word_1_454' title='bbox 1893 2479 2073 2536; x_wconf 89' lang='lat' dir='ltr'><strong>dinem</strong></span> <span class='ocrx_word' id='word_1_455' title='bbox 2099 2489 2470 2550; x_wconf 87' lang='lat' dir='ltr'><strong>peccatorum,</strong></span> <span class='ocrx_word' id='word_1_456' title='bbox 2494 2486 2632 2542; x_wconf 91' lang='lat' dir='ltr'><strong>sicut</strong></span> <span class='ocrx_word' id='word_1_457' title='bbox 2657 2487 2710 2542; x_wconf 90' lang='lat' dir='ltr'><strong>in</strong></span> <span class='ocrx_word' id='word_1_458' title='bbox 2729 2489 3020 2564; x_wconf 87' lang='lat' dir='ltr'><strong>Evangelio</strong></span> <span class='ocrx_word' id='word_1_459' title='bbox 3041 2494 3278 2550; x_wconf 90' lang='lat' dir='ltr'><strong>dicitur:</strong></span> <span class='ocrx_word' id='word_1_460' title='bbox 3310 2513 3328 2546; x_wconf 85' lang='grc'>‹</span> <span class='ocrx_word' id='word_1_461' title='bbox 3357 2495 3482 2552; x_wconf 86' lang='lat' dir='ltr'><strong>0m-</strong></span> 
     </span>
    </p>
   </div>
   <div class='ocr_carea' id='block_1_55' title="bbox 1896 2570 3480 2656">
    <p class='ocr_par' dir='ltr' id='par_1_55' title="bbox 1896 2570 3480 2656">
     <span class='ocr_line' id='line_1_55' title="bbox 1896 2570 3480 2656; baseline 0.015 -34"><span class='ocrx_word' id='word_1_462' title='bbox 1896 2588 1915 2621; x_wconf 74' lang='grc' dir='ltr'>ι</span> <span class='ocrx_word' id='word_1_463' title='bbox 1959 2570 2048 2623; x_wconf 89' lang='lat' dir='ltr'><strong>nia</strong></span> <span class='ocrx_word' id='word_1_464' title='bbox 2075 2585 2193 2641; x_wconf 71' lang='lat' dir='ltr'><strong>qum</strong></span> <span class='ocrx_word' id='word_1_465' title='bbox 2219 2572 2382 2628; x_wconf 84' lang='lat' dir='ltr'><strong>vultis</strong></span> <span class='ocrx_word' id='word_1_466' title='bbox 2411 2583 2467 2629; x_wconf 89' lang='lat' dir='ltr'><strong>ut</strong></span> <span class='ocrx_word' id='word_1_467' title='bbox 2495 2573 2698 2632; x_wconf 84' lang='lat' dir='ltr'><strong>faciant</strong></span> <span class='ocrx_word' id='word_1_468' title='bbox 2721 2580 2876 2637; x_wconf 84' lang='lat' dir='ltr'><strong>vobis</strong></span> <span class='ocrx_word' id='word_1_469' title='bbox 2905 2583 3152 2656; x_wconf 85' lang='lat' dir='ltr'><strong>homines</strong></span> <span class='ocrx_word' id='word_1_470' title='bbox 3172 2627 3188 2653; x_wconf 94' lang='lat'><strong>,</strong></span> <span class='ocrx_word' id='word_1_471' title='bbox 3231 2587 3346 2644; x_wconf 57' lang='lat' dir='ltr'><strong>hac</strong></span> <span class='ocrx_word' id='word_1_472' title='bbox 3387 2603 3480 2644; x_wconf 87' lang='lat' dir='ltr'><strong>ea-</strong></span> 
     </span>
    </p>
   </div>
   <div class='ocr_carea' id='block_1_56' title="bbox 1891 2662 3477 2754">
    <p class='ocr_par' dir='ltr' id='par_1_56' title="bbox 1891 2662 3477 2754">
     <span class='ocr_line' id='line_1_56' title="bbox 1891 2662 3477 2754; baseline 0.013 -36"><span class='ocrx_word' id='word_1_473' title='bbox 1891 2662 2015 2719; x_wconf 89' lang='lat' dir='ltr'><strong>dem</strong></span> <span class='ocrx_word' id='word_1_474' title='bbox 2061 2676 2118 2722; x_wconf 90' lang='lat' dir='ltr'><strong>et</strong></span> <span class='ocrx_word' id='word_1_475' title='bbox 2150 2683 2245 2723; x_wconf 89' lang='lat' dir='ltr'><strong>vos</strong></span> <span class='ocrx_word' id='word_1_476' title='bbox 2282 2669 2444 2725; x_wconf 86' lang='lat' dir='ltr'><strong>facile</strong></span> <span class='ocrx_word' id='word_1_477' title='bbox 2495 2671 2602 2727; x_wconf 90' lang='lat' dir='ltr'><strong>illis</strong></span> <span class='ocrx_word' id='word_1_478' title='bbox 2645 2673 2862 2746; x_wconf 78' lang='lat' dir='ltr'><strong>(Matth.</strong></span> <span class='ocrx_word' id='word_1_479' title='bbox 2898 2679 3017 2751; x_wconf 90' lang='lat' dir='ltr'><strong>vn).</strong></span> <span class='ocrx_word' id='word_1_480' title='bbox 3071 2701 3090 2734; x_wconf 70' lang='grc' dir='ltr'><strong><em>ι</em></strong></span> <span class='ocrx_word' id='word_1_481' title='bbox 3133 2681 3477 2754; x_wconf 84' lang='lat' dir='ltr'><strong>Quapropter</strong></span> 
     </span>
    </p>
   </div>
   <div class='ocr_carea' id='block_1_57' title="bbox 1889 2767 3474 2849">
    <p class='ocr_par' dir='ltr' id='par_1_57' title="bbox 1889 2767 3474 2849">
     <span class='ocr_line' id='line_1_57' title="bbox 1889 2767 3474 2849; baseline 0.013 -36"><span class='ocrx_word' id='word_1_482' title='bbox 1889 2773 1999 2839; x_wconf 85' lang='lat' dir='ltr'><strong>non</strong></span> <span class='ocrx_word' id='word_1_483' title='bbox 2031 2768 2115 2816; x_wconf 90' lang='lat' dir='ltr'><strong>est</strong></span> <span class='ocrx_word' id='word_1_484' title='bbox 2150 2775 2374 2820; x_wconf 89' lang='lat' dir='ltr'><strong>necesse</strong></span> <span class='ocrx_word' id='word_1_485' title='bbox 2415 2767 2657 2834; x_wconf 90' lang='lat' dir='ltr'><strong>quotidie</strong></span> <span class='ocrx_word' id='word_1_486' title='bbox 2683 2770 2968 2842; x_wconf 86' lang='lat' dir='ltr'><strong>sacriﬁciis</strong></span> <span class='ocrx_word' id='word_1_487' title='bbox 2990 2776 3318 2844; x_wconf 87' lang='lat' dir='ltr'><strong>quotidianis</strong></span> <span class='ocrx_word' id='word_1_488' title='bbox 3341 2794 3474 2849; x_wconf 87' lang='lat' dir='ltr'><strong>pur-</strong></span> 
     </span>
    </p>
   </div>
   <div class='ocr_carea' id='block_1_58' title="bbox 1889 2853 3473 2939">
    <p class='ocr_par' dir='ltr' id='par_1_58' title="bbox 1889 2853 3473 2939">
     <span class='ocr_line' id='line_1_58' title="bbox 1889 2853 3473 2939; baseline 0.016 -36"><span class='ocrx_word' id='word_1_489' title='bbox 1889 2865 2041 2931; x_wconf 87' lang='lat' dir='ltr'><strong>gare,</strong></span> <span class='ocrx_word' id='word_1_490' title='bbox 2070 2853 2208 2910; x_wconf 92' lang='lat' dir='ltr'><strong>sicut</strong></span> <span class='ocrx_word' id='word_1_491' title='bbox 2231 2856 2286 2910; x_wconf 91' lang='lat' dir='ltr'><strong>in</strong></span> <span class='ocrx_word' id='word_1_492' title='bbox 2318 2857 2489 2912; x_wconf 86' lang='lat' dir='ltr'><strong>veteri</strong></span> <span class='ocrx_word' id='word_1_493' title='bbox 2513 2859 2649 2930; x_wconf 83' lang='lat' dir='ltr'><strong>lege.</strong></span> <span class='ocrx_word' id='word_1_494' title='bbox 2684 2860 2992 2922; x_wconf 72' lang='lat' dir='ltr'><strong>«Habentes</strong></span> <span class='ocrx_word' id='word_1_495' title='bbox 3023 2867 3230 2939; x_wconf 86' lang='lat' dir='ltr'><strong>itaque,</strong></span> <span class='ocrx_word' id='word_1_496' title='bbox 3256 2869 3473 2939; x_wconf 82' lang='lat' dir='ltr'><strong>fratres,</strong></span> 
     </span>
    </p>
   </div>
   <div class='ocr_carea' id='block_1_59' title="bbox 1883 2925 3477 3030">
    <p class='ocr_par' dir='ltr' id='par_1_59' title="bbox 1883 2925 3477 3030">
     <span class='ocr_line' id='line_1_59' title="bbox 1883 2925 3477 3030; baseline 0.018 -37"><span class='ocrx_word' id='word_1_497' title='bbox 1883 2925 1916 2992; x_wconf 62' lang='grc' dir='ltr'><strong>ἐ</strong></span> <span class='ocrx_word' id='word_1_498' title='bbox 1961 2941 2214 3000; x_wconf 82' lang='lat' dir='ltr'><strong>fiduciam</strong></span> <span class='ocrx_word' id='word_1_499' title='bbox 2245 2946 2298 3000; x_wconf 92' lang='lat' dir='ltr'><strong>in</strong></span> <span class='ocrx_word' id='word_1_500' title='bbox 2341 2947 2565 3004; x_wconf 89' lang='lat' dir='ltr'><strong>introitu</strong></span> <span class='ocrx_word' id='word_1_501' title='bbox 2595 2961 2906 3008; x_wconf 89' lang='lat' dir='ltr'><strong>sanctorum</strong></span> <span class='ocrx_word' id='word_1_502' title='bbox 2948 2956 3003 3012; x_wconf 92' lang='lat' dir='ltr'><strong>in</strong></span> <span class='ocrx_word' id='word_1_503' title='bbox 3033 2961 3295 3030; x_wconf 80' lang='lat' dir='ltr'><strong>sanguine</strong></span> <span class='ocrx_word' id='word_1_504' title='bbox 3317 2962 3477 3020; x_wconf 91' lang='lat' dir='ltr'><strong>Chri-</strong></span> 
     </span>
    </p>
   </div>
   <div class='ocr_carea' id='block_1_60' title="bbox 1896 3035 3474 3118">
    <p class='ocr_par' dir='ltr' id='par_1_60' title="bbox 1896 3035 3474 3118">
     <span class='ocr_line' id='line_1_60' title="bbox 1896 3035 3474 3118; baseline 0.015 -31"><span class='ocrx_word' id='word_1_505' title='bbox 1896 3052 1916 3086; x_wconf 84' lang='grc'><em>‹</em></span> <span class='ocrx_word' id='word_1_506' title='bbox 1960 3035 2059 3099; x_wconf 91' lang='lat' dir='ltr'><strong>sti,</strong></span> <span class='ocrx_word' id='word_1_507' title='bbox 2101 3051 2264 3108; x_wconf 91' lang='lat' dir='ltr'><strong>quam</strong></span> <span class='ocrx_word' id='word_1_508' title='bbox 2301 3037 2537 3096; x_wconf 86' lang='lat' dir='ltr'><strong>initiavit</strong></span> <span class='ocrx_word' id='word_1_509' title='bbox 2573 3042 2730 3099; x_wconf 92' lang='lat' dir='ltr'><strong>nobis</strong></span> <span class='ocrx_word' id='word_1_510' title='bbox 2767 3045 2912 3102; x_wconf 88' lang='lat' dir='ltr'><strong>viam</strong></span> <span class='ocrx_word' id='word_1_511' title='bbox 2951 3063 3173 3118; x_wconf 84' lang='lat' dir='ltr'><strong>novam,</strong></span> <span class='ocrx_word' id='word_1_512' title='bbox 3201 3061 3257 3110; x_wconf 94' lang='lat' dir='ltr'><strong>et</strong></span> <span class='ocrx_word' id='word_1_513' title='bbox 3292 3055 3474 3110; x_wconf 88' lang='lat' dir='ltr'><strong>viven-</strong></span> 
     </span>
    </p>
   </div>
   <div class='ocr_carea' id='block_1_61' title="bbox 1899 3129 3475 3212">
    <p class='ocr_par' dir='ltr' id='par_1_61' title="bbox 1899 3129 3475 3212">
     <span class='ocr_line' id='line_1_61' title="bbox 1899 3129 3475 3212; baseline 0.016 -33"><span class='ocrx_word' id='word_1_514' title='bbox 1899 3143 1918 3177; x_wconf 73' lang='grc' dir='ltr'><strong><em>ι</em></strong></span> <span class='ocrx_word' id='word_1_515' title='bbox 1965 3135 2070 3181; x_wconf 90' lang='lat' dir='ltr'><strong>tem</strong></span> <span class='ocrx_word' id='word_1_516' title='bbox 2097 3143 2196 3200; x_wconf 89' lang='lat' dir='ltr'><strong>per</strong></span> <span class='ocrx_word' id='word_1_517' title='bbox 2232 3129 2502 3208; x_wconf 84' lang='lat' dir='ltr'><strong>velamen,</strong></span> <span class='ocrx_word' id='word_1_518' title='bbox 2536 3133 2591 3190; x_wconf 91' lang='lat' dir='ltr'><strong>id</strong></span> <span class='ocrx_word' id='word_1_519' title='bbox 2627 3145 2728 3204; x_wconf 86' lang='lat' dir='ltr'><strong>est,</strong></span> <span class='ocrx_word' id='word_1_520' title='bbox 2762 3153 2984 3196; x_wconf 88' lang='lat' dir='ltr'><strong>carnem</strong></span> <span class='ocrx_word' id='word_1_521' title='bbox 3011 3158 3188 3212; x_wconf 90' lang='lat' dir='ltr'><strong>suam,</strong></span> <span class='ocrx_word' id='word_1_522' title='bbox 3216 3153 3271 3202; x_wconf 89' lang='lat' dir='ltr'><strong>et</strong></span> <span class='ocrx_word' id='word_1_523' title='bbox 3293 3162 3475 3204; x_wconf 87' lang='lat' dir='ltr'><strong>sacer-</strong></span> 
     </span>
    </p>
   </div>
   <div class='ocr_carea' id='block_1_62' title="bbox 193 3212 3473 3310">
    <p class='ocr_par' dir='ltr' id='par_1_62' title="bbox 193 3212 3473 3310">
     <span class='ocr_line' id='line_1_62' title="bbox 193 3212 3473 3310; baseline 0.008 -42"><span class='ocrx_word' id='word_1_524' title='bbox 193 3215 374 3290; x_wconf 62' lang='lat' dir='ltr'><strong>;nagis</strong></span> <span class='ocrx_word' id='word_1_525' title='bbox 400 3232 494 3274; x_wconf 86' lang='lat' dir='ltr'><strong>eas</strong></span> <span class='ocrx_word' id='word_1_526' title='bbox 509 3232 652 3286; x_wconf 90' lang='lat' dir='ltr'><strong>esse,</strong></span> <span class='ocrx_word' id='word_1_527' title='bbox 679 3227 734 3276; x_wconf 90' lang='lat' dir='ltr'><strong>et</strong></span> <span class='ocrx_word' id='word_1_528' title='bbox 755 3219 924 3276; x_wconf 90' lang='lat' dir='ltr'><strong>multo</strong></span> <span class='ocrx_word' id='word_1_529' title='bbox 949 3223 1129 3279; x_wconf 88' lang='lat' dir='ltr'><strong>minus</strong></span> <span class='ocrx_word' id='word_1_530' title='bbox 1154 3225 1377 3284; x_wconf 86' lang='lat' dir='ltr'><strong>habere.</strong></span> <span class='ocrx_word' id='word_1_531' title='bbox 1409 3226 1516 3284; x_wconf 89' lang='lat' dir='ltr'><strong>Sed</strong></span> <span class='ocrx_word' id='word_1_532' title='bbox 1542 3229 1669 3298; x_wconf 89' lang='lat' dir='ltr'><strong>quia</strong></span> <span class='ocrx_word' id='word_1_533' title='bbox 1695 3245 1786 3288; x_wconf 94' lang='lat' dir='ltr'><strong>oc-</strong></span> <span class='ocrx_word' id='word_1_534' title='bbox 1897 3238 1916 3280; x_wconf 72' lang='grc' dir='ltr'>ι</span> <span class='ocrx_word' id='word_1_535' title='bbox 1963 3220 2142 3278; x_wconf 55' lang='lat' dir='ltr'><strong>dum!&quot;</strong></span> <span class='ocrx_word' id='word_1_536' title='bbox 2180 3237 2436 3294; x_wconf 72' lang='lat' dir='ltr'><strong>magnum</strong></span> <span class='ocrx_word' id='word_1_537' title='bbox 2468 3241 2631 3298; x_wconf 70' lang='lat' dir='ltr'><strong>super</strong></span> <span class='ocrx_word' id='word_1_538' title='bbox 2668 3230 2888 3286; x_wconf 81' lang='lat' dir='ltr'><strong>domum</strong></span> <span class='ocrx_word' id='word_1_539' title='bbox 2926 3233 3042 3306; x_wconf 74' lang='lat' dir='ltr'><strong>Dei.</strong></span> <span class='ocrx_word' id='word_1_540' title='bbox 3073 3255 3092 3286; x_wconf 75' lang='grc' dir='ltr'><strong><em>ι</em></strong></span> <span class='ocrx_word' id='word_1_541' title='bbox 3138 3235 3346 3310; x_wconf 74' lang='grc' dir='ltr'><strong>(Ιοαη.)</strong></span> <span class='ocrx_word' id='word_1_542' title='bbox 3374 3241 3473 3297; x_wconf 87' lang='lat' dir='ltr'><strong>Hic</strong></span> 
     </span>
    </p>
   </div>
   <div class='ocr_carea' id='block_1_63' title="bbox 193 3309 1786 3390">
    <p class='ocr_par' dir='ltr' id='par_1_63' title="bbox 193 3309 1786 3390">
     <span class='ocr_line' id='line_1_63' title="bbox 193 3309 1786 3390; baseline 0.011 -27"><span class='ocrx_word' id='word_1_543' title='bbox 193 3309 458 3376; x_wconf 87' lang='lat' dir='ltr'><strong>currebat</strong></span> <span class='ocrx_word' id='word_1_544' title='bbox 483 3310 532 3372; x_wconf 89' lang='lat' dir='ltr'><strong>ei</strong></span> <span class='ocrx_word' id='word_1_545' title='bbox 555 3310 682 3378; x_wconf 89' lang='lat' dir='ltr'><strong>hoc,</strong></span> <span class='ocrx_word' id='word_1_546' title='bbox 707 3312 761 3382; x_wconf 87' lang='lat' dir='ltr'><strong>id</strong></span> <span class='ocrx_word' id='word_1_547' title='bbox 775 3319 877 3377; x_wconf 90' lang='lat' dir='ltr'><strong>est,</strong></span> <span class='ocrx_word' id='word_1_548' title='bbox 899 3312 956 3369; x_wconf 89' lang='lat' dir='ltr'><strong>Si</strong></span> <span class='ocrx_word' id='word_1_549' title='bbox 981 3314 1170 3378; x_wconf 75' lang='lat' dir='ltr'><strong>forma:</strong></span> <span class='ocrx_word' id='word_1_550' title='bbox 1196 3328 1372 3384; x_wconf 84' lang='lat' dir='ltr'><strong>erant,</strong></span> <span class='ocrx_word' id='word_1_551' title='bbox 1403 3323 1678 3390; x_wconf 90' lang='lat' dir='ltr'><strong>quomodo</strong></span> <span class='ocrx_word' id='word_1_552' title='bbox 1695 3339 1786 3381; x_wconf 88' lang='lat' dir='ltr'><strong>ve-</strong></span> 
     </span>
    </p>
   </div>
   <div class='ocr_carea' id='block_1_64' title="bbox 194 3400 1783 3483">
    <p class='ocr_par' dir='ltr' id='par_1_64' title="bbox 194 3400 1783 3483">
     <span class='ocr_line' id='line_1_64' title="bbox 194 3400 1783 3483; baseline 0.009 -25"><span class='ocrx_word' id='word_1_553' title='bbox 194 3400 362 3458; x_wconf 83' lang='lat' dir='ltr'><strong>ritate</strong></span> <span class='ocrx_word' id='word_1_554' title='bbox 392 3402 642 3458; x_wconf 87' lang='lat' dir='ltr'><strong>veniente</strong></span> <span class='ocrx_word' id='word_1_555' title='bbox 675 3418 781 3460; x_wconf 91' lang='lat' dir='ltr'><strong>non</strong></span> <span class='ocrx_word' id='word_1_556' title='bbox 813 3418 1182 3474; x_wconf 89' lang='lat' dir='ltr'><strong>cessaverunt,</strong></span> <span class='ocrx_word' id='word_1_557' title='bbox 1201 3425 1377 3481; x_wconf 89' lang='lat' dir='ltr'><strong>neque</strong></span> <span class='ocrx_word' id='word_1_558' title='bbox 1393 3411 1783 3483; x_wconf 88' lang='lat' dir='ltr'><strong>discesserunt,</strong></span> 
     </span>
    </p>
   </div>
   <div class='ocr_carea' id='block_1_65' title="bbox 195 3493 1784 3572">
    <p class='ocr_par' dir='ltr' id='par_1_65' title="bbox 195 3493 1784 3572">
     <span class='ocr_line' id='line_1_65' title="bbox 195 3493 1784 3572; baseline 0.01 -24"><span class='ocrx_word' id='word_1_559' title='bbox 195 3493 295 3568; x_wconf 80' lang='lat' dir='ltr'><strong>sed</strong></span> <span class='ocrx_word' id='word_1_560' title='bbox 323 3493 500 3550; x_wconf 89' lang='lat' dir='ltr'><strong>adhuc</strong></span> <span class='ocrx_word' id='word_1_561' title='bbox 528 3495 907 3554; x_wconf 87' lang='lat' dir='ltr'><strong>celebrantur?</strong></span> <span class='ocrx_word' id='word_1_562' title='bbox 934 3498 1048 3554; x_wconf 84' lang='lat' dir='ltr'><strong>Hoc</strong></span> <span class='ocrx_word' id='word_1_563' title='bbox 1077 3516 1208 3572; x_wconf 89' lang='lat' dir='ltr'><strong>ergo</strong></span> <span class='ocrx_word' id='word_1_564' title='bbox 1245 3503 1331 3558; x_wconf 91' lang='lat' dir='ltr'><strong>his</strong></span> <span class='ocrx_word' id='word_1_565' title='bbox 1368 3503 1463 3570; x_wconf 89' lang='lat' dir='ltr'><strong>ait,</strong></span> <span class='ocrx_word' id='word_1_566' title='bbox 1493 3507 1784 3566; x_wconf 87' lang='lat' dir='ltr'><strong>ostendens</strong></span> 
     </span>
    </p>
   </div>
   <div class='ocr_carea' id='block_1_66' title="bbox 197 3583 1784 3665">
    <p class='ocr_par' dir='ltr' id='par_1_66' title="bbox 197 3583 1784 3665">
     <span class='ocr_line' id='line_1_66' title="bbox 197 3583 1784 3665; baseline 0.014 -27"><span class='ocrx_word' id='word_1_567' title='bbox 197 3583 458 3656; x_wconf 85' lang='lat' dir='ltr'><strong>quiajam</strong></span> <span class='ocrx_word' id='word_1_568' title='bbox 489 3603 594 3644; x_wconf 87' lang='lat' dir='ltr'><strong>non</strong></span> <span class='ocrx_word' id='word_1_569' title='bbox 632 3589 1002 3660; x_wconf 88' lang='lat' dir='ltr'><strong>celebrantur,</strong></span> <span class='ocrx_word' id='word_1_570' title='bbox 1031 3609 1206 3665; x_wconf 88' lang='lat' dir='ltr'><strong>neque</strong></span> <span class='ocrx_word' id='word_1_571' title='bbox 1251 3595 1396 3652; x_wconf 89' lang='lat' dir='ltr'><strong>velut</strong></span> <span class='ocrx_word' id='word_1_572' title='bbox 1419 3597 1605 3662; x_wconf 73' lang='lat' dir='ltr'><strong>forma:</strong></span> <span class='ocrx_word' id='word_1_573' title='bbox 1632 3619 1644 3654; x_wconf 92' lang='lat'><strong>:</strong></span> <span class='ocrx_word' id='word_1_574' title='bbox 1675 3617 1784 3662; x_wconf 85' lang='lat' dir='ltr'><strong>non</strong></span> 
     </span>
    </p>
   </div>
   <div class='ocr_carea' id='block_1_67' title="bbox 192 3679 1782 3761">
    <p class='ocr_par' dir='ltr' id='par_1_67' title="bbox 192 3679 1782 3761">
     <span class='ocr_line' id='line_1_67' title="bbox 192 3679 1782 3761; baseline 0.009 -27"><span class='ocrx_word' id='word_1_575' title='bbox 192 3679 342 3734; x_wconf 90' lang='lat' dir='ltr'><strong>enim</strong></span> <span class='ocrx_word' id='word_1_576' title='bbox 358 3695 451 3737; x_wconf 88' lang='lat' dir='ltr'><strong>eas</strong></span> <span class='ocrx_word' id='word_1_577' title='bbox 477 3685 835 3754; x_wconf 86' lang='lat' dir='ltr'><strong>acceptabiles</strong></span> <span class='ocrx_word' id='word_1_578' title='bbox 857 3685 1021 3742; x_wconf 89' lang='lat' dir='ltr'><strong>habet</strong></span> <span class='ocrx_word' id='word_1_579' title='bbox 1043 3685 1214 3754; x_wconf 91' lang='lat' dir='ltr'><strong>Deus;</strong></span> <span class='ocrx_word' id='word_1_580' title='bbox 1234 3697 1289 3744; x_wconf 87' lang='lat' dir='ltr'><strong>et</strong></span> <span class='ocrx_word' id='word_1_581' title='bbox 1305 3691 1409 3745; x_wconf 90' lang='lat' dir='ltr'><strong>hoc</strong></span> <span class='ocrx_word' id='word_1_582' title='bbox 1437 3691 1538 3746; x_wconf 91' lang='lat' dir='ltr'><strong>soli</strong></span> <span class='ocrx_word' id='word_1_583' title='bbox 1560 3693 1782 3761; x_wconf 88' lang='lat' dir='ltr'><strong>habent,</strong></span> 
     </span>
    </p>
   </div>
   <div class='ocr_carea' id='block_1_68' title="bbox 191 3773 1784 3856">
    <p class='ocr_par' dir='ltr' id='par_1_68' title="bbox 191 3773 1784 3856">
     <span class='ocr_line' id='line_1_68' title="bbox 191 3773 1784 3856; baseline 0.01 -30"><span class='ocrx_word' id='word_1_584' title='bbox 191 3773 290 3852; x_wconf 83' lang='lat' dir='ltr'><strong>qui</strong></span> <span class='ocrx_word' id='word_1_585' title='bbox 344 3789 558 3845; x_wconf 88' lang='lat' dir='ltr'><strong>semper</strong></span> <span class='ocrx_word' id='word_1_586' title='bbox 602 3777 826 3848; x_wconf 90' lang='lat' dir='ltr'><strong>Spiritui</strong></span> <span class='ocrx_word' id='word_1_587' title='bbox 855 3788 1043 3834; x_wconf 89' lang='lat' dir='ltr'><strong>sancto</strong></span> <span class='ocrx_word' id='word_1_588' title='bbox 1071 3781 1412 3838; x_wconf 86' lang='lat' dir='ltr'><strong>restiterunt.</strong></span> <span class='ocrx_word' id='word_1_589' title='bbox 1444 3781 1784 3856; x_wconf 82' lang='lat' dir='ltr'><strong>Quapropter</strong></span> 
     </span>
    </p>
   </div>
   <div class='ocr_carea' id='block_1_69' title="bbox 195 3866 1781 3942">
    <p class='ocr_par' dir='ltr' id='par_1_69' title="bbox 195 3866 1781 3942">
     <span class='ocr_line' id='line_1_69' title="bbox 195 3866 1781 3942; baseline 0.008 -23"><span class='ocrx_word' id='word_1_590' title='bbox 195 3866 517 3936; x_wconf 90' lang='lat' dir='ltr'><strong>prophetico</strong></span> <span class='ocrx_word' id='word_1_591' title='bbox 537 3869 845 3924; x_wconf 89' lang='lat' dir='ltr'><strong>testimonio</strong></span> <span class='ocrx_word' id='word_1_592' title='bbox 871 3870 1148 3942; x_wconf 82' lang='lat' dir='ltr'><strong>redarguit</strong></span> <span class='ocrx_word' id='word_1_593' title='bbox 1173 3887 1288 3936; x_wconf 90' lang='lat' dir='ltr'><strong>eos,</strong></span> <span class='ocrx_word' id='word_1_594' title='bbox 1315 3873 1501 3929; x_wconf 90' lang='lat' dir='ltr'><strong>dicens</strong></span> <span class='ocrx_word' id='word_1_595' title='bbox 1527 3893 1539 3930; x_wconf 94' lang='lat'><strong>:</strong></span> <span class='ocrx_word' id='word_1_596' title='bbox 1567 3894 1585 3926; x_wconf 77' lang='grc' dir='ltr'>ι</span> <span class='ocrx_word' id='word_1_597' title='bbox 1617 3875 1781 3932; x_wconf 81' lang='lat' dir='ltr'><strong>Holo-</strong></span> 
     </span>
    </p>
   </div>
   <div class='ocr_carea' id='block_1_70' title="bbox 201 3964 1784 4032">
    <p class='ocr_par' dir='ltr' id='par_1_70' title="bbox 201 3964 1784 4032">
     <span class='ocr_line' id='line_1_70' title="bbox 201 3964 1784 4032; baseline 0.011 -22"><span class='ocrx_word' id='word_1_598' title='bbox 201 3975 222 4010; x_wconf 73' lang='grc' dir='ltr'><strong><em>ι</em></strong></span> <span class='ocrx_word' id='word_1_599' title='bbox 260 3966 572 4015; x_wconf 86' lang='lat' dir='ltr'><strong>cautomata</strong></span> <span class='ocrx_word' id='word_1_600' title='bbox 621 3969 676 4016; x_wconf 94' lang='lat' dir='ltr'><strong>et</strong></span> <span class='ocrx_word' id='word_1_601' title='bbox 724 3977 822 4031; x_wconf 92' lang='lat' dir='ltr'><strong>pro</strong></span> <span class='ocrx_word' id='word_1_602' title='bbox 875 3972 1102 4032; x_wconf 89' lang='lat' dir='ltr'><strong>peccato</strong></span> <span class='ocrx_word' id='word_1_603' title='bbox 1149 3964 1414 4022; x_wconf 88' lang='lat' dir='ltr'><strong>noluisti:</strong></span> <span class='ocrx_word' id='word_1_604' title='bbox 1470 3987 1490 4020; x_wconf 86' lang='grc'><strong>›</strong></span> <span class='ocrx_word' id='word_1_605' title='bbox 1525 3969 1591 4024; x_wconf 90' lang='lat' dir='ltr'><strong>de</strong></span> <span class='ocrx_word' id='word_1_606' title='bbox 1636 3969 1784 4028; x_wconf 86' lang='lat' dir='ltr'><strong>nullo</strong></span> 
     </span>
    </p>
   </div>
   <div class='ocr_carea' id='block_1_71' title="bbox 197 4048 1784 4129">
    <p class='ocr_par' dir='ltr' id='par_1_71' title="bbox 197 4048 1784 4129">
     <span class='ocr_line' id='line_1_71' title="bbox 197 4048 1784 4129; baseline 0.006 -23"><span class='ocrx_word' id='word_1_607' title='bbox 197 4048 328 4115; x_wconf 87' lang='lat' dir='ltr'><strong>alio,</strong></span> <span class='ocrx_word' id='word_1_608' title='bbox 357 4050 462 4104; x_wconf 91' lang='lat' dir='ltr'><strong>nisi</strong></span> <span class='ocrx_word' id='word_1_609' title='bbox 510 4050 575 4106; x_wconf 92' lang='lat' dir='ltr'><strong>de</strong></span> <span class='ocrx_word' id='word_1_610' title='bbox 602 4050 821 4108; x_wconf 90' lang='lat' dir='ltr'><strong>Christo</strong></span> <span class='ocrx_word' id='word_1_611' title='bbox 849 4053 953 4108; x_wconf 92' lang='lat' dir='ltr'><strong>hoc</strong></span> <span class='ocrx_word' id='word_1_612' title='bbox 983 4055 1200 4110; x_wconf 91' lang='lat' dir='ltr'><strong>dicitur.</strong></span> <span class='ocrx_word' id='word_1_613' title='bbox 1232 4058 1300 4112; x_wconf 83' lang='lat' dir='ltr'><strong>Et</strong></span> <span class='ocrx_word' id='word_1_614' title='bbox 1322 4059 1451 4129; x_wconf 92' lang='lat' dir='ltr'><strong>quid</strong></span> <span class='ocrx_word' id='word_1_615' title='bbox 1480 4061 1709 4128; x_wconf 88' lang='lat' dir='ltr'><strong>mirum,</strong></span> <span class='ocrx_word' id='word_1_616' title='bbox 1738 4063 1784 4118; x_wconf 90' lang='lat' dir='ltr'><strong>si</strong></span> 
     </span>
    </p>
   </div>
   <div class='ocr_carea' id='block_1_72' title="bbox 189 4146 1784 4224">
    <p class='ocr_par' dir='ltr' id='par_1_72' title="bbox 189 4146 1784 4224">
     <span class='ocr_line' id='line_1_72' title="bbox 189 4146 1784 4224; baseline 0.008 -24"><span class='ocrx_word' id='word_1_617' title='bbox 189 4158 343 4200; x_wconf 87' lang='lat' dir='ltr'><strong>nunc</strong></span> <span class='ocrx_word' id='word_1_618' title='bbox 377 4158 484 4199; x_wconf 90' lang='lat' dir='ltr'><strong>non</strong></span> <span class='ocrx_word' id='word_1_619' title='bbox 508 4153 591 4200; x_wconf 90' lang='lat' dir='ltr'><strong>est</strong></span> <span class='ocrx_word' id='word_1_620' title='bbox 635 4146 884 4204; x_wconf 88' lang='lat' dir='ltr'><strong>voluntas</strong></span> <span class='ocrx_word' id='word_1_621' title='bbox 908 4148 1002 4206; x_wconf 92' lang='lat' dir='ltr'><strong>Dei</strong></span> <span class='ocrx_word' id='word_1_622' title='bbox 1038 4150 1093 4204; x_wconf 92' lang='lat' dir='ltr'><strong>in</strong></span> <span class='ocrx_word' id='word_1_623' title='bbox 1132 4151 1393 4224; x_wconf 80' lang='lat' dir='ltr'><strong>sanguine</strong></span> <span class='ocrx_word' id='word_1_624' title='bbox 1422 4154 1697 4210; x_wconf 90' lang='lat' dir='ltr'><strong>hircorum</strong></span> <span class='ocrx_word' id='word_1_625' title='bbox 1729 4166 1784 4212; x_wconf 92' lang='lat' dir='ltr'><strong>et</strong></span> 
     </span>
    </p>
   </div>
   <div class='ocr_carea' id='block_1_73' title="bbox 196 4239 1785 4317">
    <p class='ocr_par' dir='ltr' id='par_1_73' title="bbox 196 4239 1785 4317">
     <span class='ocr_line' id='line_1_73' title="bbox 196 4239 1785 4317; baseline 0.01 -25"><span class='ocrx_word' id='word_1_626' title='bbox 196 4243 499 4304; x_wconf 87' lang='lat' dir='ltr'><strong>taurorum,</strong></span> <span class='ocrx_word' id='word_1_627' title='bbox 526 4239 650 4294; x_wconf 91' lang='lat' dir='ltr'><strong>dum</strong></span> <span class='ocrx_word' id='word_1_628' title='bbox 673 4255 770 4310; x_wconf 92' lang='lat' dir='ltr'><strong>per</strong></span> <span class='ocrx_word' id='word_1_629' title='bbox 789 4242 1108 4312; x_wconf 90' lang='lat' dir='ltr'><strong>prophetam</strong></span> <span class='ocrx_word' id='word_1_630' title='bbox 1129 4244 1321 4301; x_wconf 90' lang='lat' dir='ltr'><strong>Isaiam</strong></span> <span class='ocrx_word' id='word_1_631' title='bbox 1349 4247 1548 4304; x_wconf 88' lang='lat' dir='ltr'><strong>dicitur</strong></span> <span class='ocrx_word' id='word_1_632' title='bbox 1570 4268 1583 4304; x_wconf 92' lang='lat'><strong>:</strong></span> <span class='ocrx_word' id='word_1_633' title='bbox 1615 4268 1632 4300; x_wconf 85' lang='grc'><em>‹</em></span> <span class='ocrx_word' id='word_1_634' title='bbox 1651 4249 1785 4317; x_wconf 84' lang='lat' dir='ltr'><strong>Quis</strong></span> 
     </span>
    </p>
   </div>
   <div class='ocr_carea' id='block_1_74' title="bbox 201 4332 1784 4412">
    <p class='ocr_par' dir='ltr' id='par_1_74' title="bbox 201 4332 1784 4412">
     <span class='ocr_line' id='line_1_74' title="bbox 201 4332 1784 4412; baseline 0.013 -30"><span class='ocrx_word' id='word_1_635' title='bbox 201 4348 221 4382; x_wconf 75' lang='grc' dir='ltr'>ι</span> <span class='ocrx_word' id='word_1_636' title='bbox 258 4332 510 4400; x_wconf 76' lang='lat' dir='ltr'><strong>quzesivit</strong></span> <span class='ocrx_word' id='word_1_637' title='bbox 531 4333 646 4389; x_wconf 59' lang='lat' dir='ltr'><strong>hac</strong></span> <span class='ocrx_word' id='word_1_638' title='bbox 669 4335 734 4390; x_wconf 93' lang='lat' dir='ltr'><strong>de</strong></span> <span class='ocrx_word' id='word_1_639' title='bbox 757 4337 1006 4392; x_wconf 91' lang='lat' dir='ltr'><strong>manibus</strong></span> <span class='ocrx_word' id='word_1_640' title='bbox 1028 4340 1403 4410; x_wconf 80' lang='lat' dir='ltr'><strong>vestris?(lsa.</strong></span> <span class='ocrx_word' id='word_1_641' title='bbox 1421 4343 1490 4412; x_wconf 74' lang='grc'><strong>1)»</strong></span> <span class='ocrx_word' id='word_1_642' title='bbox 1511 4344 1644 4400; x_wconf 91' lang='lat' dir='ltr'><strong>Dum</strong></span> <span class='ocrx_word' id='word_1_643' title='bbox 1669 4347 1784 4402; x_wconf 71' lang='lat' dir='ltr'><strong>haec</strong></span> 
     </span>
    </p>
   </div>
   <div class='ocr_carea' id='block_1_75' title="bbox 195 4420 1784 4504">
    <p class='ocr_par' dir='ltr' id='par_1_75' title="bbox 195 4420 1784 4504">
     <span class='ocr_line' id='line_1_75' title="bbox 195 4420 1784 4504; baseline 0.012 -30"><span class='ocrx_word' id='word_1_644' title='bbox 195 4420 440 4498; x_wconf 86' lang='lat' dir='ltr'><strong>noluisti.</strong></span> <span class='ocrx_word' id='word_1_645' title='bbox 474 4441 492 4480; x_wconf 72' lang='grc' dir='ltr'>ι</span> <span class='ocrx_word' id='word_1_646' title='bbox 522 4423 673 4492; x_wconf 79' lang='lat' dir='ltr'><strong>Tunc</strong></span> <span class='ocrx_word' id='word_1_647' title='bbox 695 4424 808 4480; x_wconf 86' lang='lat' dir='ltr'><strong>dixi</strong></span> <span class='ocrx_word' id='word_1_648' title='bbox 834 4441 960 4484; x_wconf 90' lang='lat' dir='ltr'><strong>ecce</strong></span> <span class='ocrx_word' id='word_1_649' title='bbox 987 4429 1166 4484; x_wconf 88' lang='lat' dir='ltr'><strong>venio.</strong></span> <span class='ocrx_word' id='word_1_650' title='bbox 1199 4451 1217 4482; x_wconf 77' lang='grc' dir='ltr'><strong><em>ι</em></strong></span> <span class='ocrx_word' id='word_1_651' title='bbox 1251 4451 1270 4482; x_wconf 71' lang='grc' dir='ltr'>ί</span> <span class='ocrx_word' id='word_1_652' title='bbox 1290 4431 1346 4487; x_wconf 85' lang='grc' dir='ltr'>1η</span> <span class='ocrx_word' id='word_1_653' title='bbox 1369 4449 1474 4504; x_wconf 89' lang='lat' dir='ltr'><strong>qua</strong></span> <span class='ocrx_word' id='word_1_654' title='bbox 1505 4436 1784 4493; x_wconf 87' lang='lat' dir='ltr'><strong>voluntate</strong></span> 
     </span>
    </p>
   </div>
   <div class='ocr_carea' id='block_1_76' title="bbox 195 4513 1780 4595">
    <p class='ocr_par' dir='ltr' id='par_1_76' title="bbox 195 4513 1780 4595">
     <span class='ocr_line' id='line_1_76' title="bbox 195 4513 1780 4595; baseline 0.009 -25"><span class='ocrx_word' id='word_1_655' title='bbox 195 4514 333 4570; x_wconf 84' lang='lat' dir='ltr'><strong>salvi</strong></span> <span class='ocrx_word' id='word_1_656' title='bbox 355 4513 481 4569; x_wconf 89' lang='lat' dir='ltr'><strong>facti</strong></span> <span class='ocrx_word' id='word_1_657' title='bbox 496 4531 700 4572; x_wconf 89' lang='lat' dir='ltr'><strong>sumus.</strong></span> <span class='ocrx_word' id='word_1_658' title='bbox 715 4537 734 4569; x_wconf 75' lang='grc' dir='ltr'><strong><em>ι</em></strong></span> <span class='ocrx_word' id='word_1_659' title='bbox 754 4517 1032 4586; x_wconf 81' lang='lat' dir='ltr'><strong>Quomodo</strong></span> <span class='ocrx_word' id='word_1_660' title='bbox 1054 4521 1185 4577; x_wconf 83' lang='lat' dir='ltr'><strong>salvi</strong></span> <span class='ocrx_word' id='word_1_661' title='bbox 1214 4523 1340 4580; x_wconf 87' lang='lat' dir='ltr'><strong>facti</strong></span> <span class='ocrx_word' id='word_1_662' title='bbox 1363 4527 1653 4582; x_wconf 89' lang='lat' dir='ltr'><strong>sumus?ld</strong></span> <span class='ocrx_word' id='word_1_663' title='bbox 1676 4537 1780 4595; x_wconf 93' lang='lat' dir='ltr'><strong>est,</strong></span> 
     </span>
    </p>
   </div>
   <div class='ocr_carea' id='block_1_77' title="bbox 201 4605 1781 4690">
    <p class='ocr_par' dir='ltr' id='par_1_77' title="bbox 201 4605 1781 4690">
     <span class='ocr_line' id='line_1_77' title="bbox 201 4605 1781 4690; baseline 0.011 -32"><span class='ocrx_word' id='word_1_664' title='bbox 201 4623 220 4658; x_wconf 72' lang='grc' dir='ltr'><strong><em>ι</em></strong></span> <span class='ocrx_word' id='word_1_665' title='bbox 249 4621 352 4676; x_wconf 87' lang='lat' dir='ltr'><strong>per</strong></span> <span class='ocrx_word' id='word_1_666' title='bbox 378 4605 704 4666; x_wconf 88' lang='lat' dir='ltr'><strong>oblationem</strong></span> <span class='ocrx_word' id='word_1_667' title='bbox 727 4613 970 4682; x_wconf 88' lang='lat' dir='ltr'><strong>corporis</strong></span> <span class='ocrx_word' id='word_1_668' title='bbox 992 4611 1118 4670; x_wconf 82' lang='lat' dir='ltr'><strong>Jesu</strong></span> <span class='ocrx_word' id='word_1_669' title='bbox 1146 4615 1334 4672; x_wconf 90' lang='lat' dir='ltr'><strong>semel.</strong></span> <span class='ocrx_word' id='word_1_670' title='bbox 1363 4617 1432 4672; x_wconf 88' lang='lat' dir='ltr'><strong>Et</strong></span> <span class='ocrx_word' id='word_1_671' title='bbox 1459 4619 1636 4676; x_wconf 90' lang='lat' dir='ltr'><strong>omnis</strong></span> <span class='ocrx_word' id='word_1_672' title='bbox 1658 4621 1781 4690; x_wconf 90' lang='lat' dir='ltr'><strong>qui-</strong></span> 
     </span>
    </p>
   </div>
   <div class='ocr_carea' id='block_1_78' title="bbox 194 4697 1776 4776">
    <p class='ocr_par' dir='ltr' id='par_1_78' title="bbox 194 4697 1776 4776">
     <span class='ocr_line' id='line_1_78' title="bbox 194 4697 1776 4776; baseline 0.01 -26"><span class='ocrx_word' id='word_1_673' title='bbox 194 4697 324 4752; x_wconf 90' lang='lat' dir='ltr'><strong>dem</strong></span> <span class='ocrx_word' id='word_1_674' title='bbox 346 4697 599 4755; x_wconf 86' lang='lat' dir='ltr'><strong>sacerdos</strong></span> <span class='ocrx_word' id='word_1_675' title='bbox 620 4709 819 4771; x_wconf 70' lang='lat' dir='ltr'><strong>prazsto</strong></span> <span class='ocrx_word' id='word_1_676' title='bbox 841 4717 962 4758; x_wconf 92' lang='lat' dir='ltr'><strong>esse</strong></span> <span class='ocrx_word' id='word_1_677' title='bbox 975 4703 1132 4760; x_wconf 74' lang='lat' dir='ltr'><strong>debet</strong></span> <span class='ocrx_word' id='word_1_678' title='bbox 1145 4707 1388 4776; x_wconf 90' lang='lat' dir='ltr'><strong>quotidie</strong></span> <span class='ocrx_word' id='word_1_679' title='bbox 1408 4709 1743 4766; x_wconf 90' lang='lat' dir='ltr'><strong>ministrans.</strong></span> <span class='ocrx_word' id='word_1_680' title='bbox 1759 4733 1776 4766; x_wconf 71' lang='grc' dir='ltr'><strong>ι</strong></span> 
     </span>
    </p>
   </div>
   <div class='ocr_carea' id='block_1_79' title="bbox 195 4786 1782 4864">
    <p class='ocr_par' dir='ltr' id='par_1_79' title="bbox 195 4786 1782 4864">
     <span class='ocr_line' id='line_1_79' title="bbox 195 4786 1782 4864; baseline 0.009 -20"><span class='ocrx_word' id='word_1_681' title='bbox 195 4786 511 4844; x_wconf 78' lang='lat' dir='ltr'><strong>Ministrare</strong></span> <span class='ocrx_word' id='word_1_682' title='bbox 536 4801 718 4846; x_wconf 89' lang='lat' dir='ltr'><strong>autem</strong></span> <span class='ocrx_word' id='word_1_683' title='bbox 752 4792 1075 4850; x_wconf 88' lang='lat' dir='ltr'><strong>famulorum</strong></span> <span class='ocrx_word' id='word_1_684' title='bbox 1099 4805 1201 4864; x_wconf 89' lang='lat' dir='ltr'><strong>est,</strong></span> <span class='ocrx_word' id='word_1_685' title='bbox 1231 4798 1422 4855; x_wconf 90' lang='lat' dir='ltr'><strong>sedere</strong></span> <span class='ocrx_word' id='word_1_686' title='bbox 1451 4815 1580 4857; x_wconf 89' lang='lat' dir='ltr'><strong>vero</strong></span> <span class='ocrx_word' id='word_1_687' title='bbox 1608 4803 1782 4858; x_wconf 90' lang='lat' dir='ltr'><strong>domi-</strong></span> 
     </span>
    </p>
   </div>
   <div class='ocr_carea' id='block_1_80' title="bbox 191 4879 1774 4951">
    <p class='ocr_par' dir='ltr' id='par_1_80' title="bbox 191 4879 1774 4951">
     <span class='ocr_line' id='line_1_80' title="bbox 191 4879 1774 4951; baseline 0.009 -17"><span class='ocrx_word' id='word_1_688' title='bbox 191 4895 418 4935; x_wconf 88' lang='lat' dir='ltr'><strong>norum.</strong></span> <span class='ocrx_word' id='word_1_689' title='bbox 459 4879 612 4936; x_wconf 89' lang='lat' dir='ltr'><strong>Unde</strong></span> <span class='ocrx_word' id='word_1_690' title='bbox 639 4894 696 4939; x_wconf 92' lang='lat' dir='ltr'><strong>et</strong></span> <span class='ocrx_word' id='word_1_691' title='bbox 740 4884 893 4951; x_wconf 89' lang='lat' dir='ltr'><strong>dicit,</strong></span> <span class='ocrx_word' id='word_1_692' title='bbox 933 4903 953 4936; x_wconf 87' lang='grc'>‹</span> <span class='ocrx_word' id='word_1_693' title='bbox 985 4884 1150 4942; x_wconf 92' lang='lat' dir='ltr'><strong>Sedet</strong></span> <span class='ocrx_word' id='word_1_694' title='bbox 1185 4889 1254 4943; x_wconf 89' lang='lat' dir='ltr'><strong>ad</strong></span> <span class='ocrx_word' id='word_1_695' title='bbox 1281 4889 1561 4947; x_wconf 84' lang='lat' dir='ltr'><strong>dexteram</strong></span> <span class='ocrx_word' id='word_1_696' title='bbox 1602 4893 1718 4948; x_wconf 90' lang='lat' dir='ltr'><strong>Dei.</strong></span> <span class='ocrx_word' id='word_1_697' title='bbox 1755 4915 1774 4948; x_wconf 73' lang='grc' dir='ltr'><strong><em>ι</em></strong></span> 
     </span>
    </p>
   </div>
   <div class='ocr_carea' id='block_1_81' title="bbox 193 4971 1782 5054">
    <p class='ocr_par' dir='ltr' id='par_1_81' title="bbox 193 4971 1782 5054">
     <span class='ocr_line' id='line_1_81' title="bbox 193 4971 1782 5054; baseline 0.012 -29"><span class='ocrx_word' id='word_1_698' title='bbox 193 4971 540 5044; x_wconf 86' lang='lat' dir='ltr'><strong>Quapropter</strong></span> <span class='ocrx_word' id='word_1_699' title='bbox 575 4992 593 5025; x_wconf 77' lang='grc' dir='ltr'>ι</span> <span class='ocrx_word' id='word_1_700' title='bbox 630 4990 796 5030; x_wconf 89' lang='lat' dir='ltr'><strong>unam</strong></span> <span class='ocrx_word' id='word_1_701' title='bbox 825 4975 1062 5033; x_wconf 90' lang='lat' dir='ltr'><strong>offerens</strong></span> <span class='ocrx_word' id='word_1_702' title='bbox 1083 4979 1334 5046; x_wconf 89' lang='lat' dir='ltr'><strong>hostiam,</strong></span> <span class='ocrx_word' id='word_1_703' title='bbox 1369 5001 1388 5033; x_wconf 76' lang='grc' dir='ltr'><strong><em>ι</em></strong></span> <span class='ocrx_word' id='word_1_704' title='bbox 1425 4997 1545 5054; x_wconf 75' lang='lat' dir='ltr'><strong>qua:</strong></span> <span class='ocrx_word' id='word_1_705' title='bbox 1567 4985 1782 5044; x_wconf 88' lang='lat' dir='ltr'><strong>salvare</strong></span> 
     </span>
    </p>
   </div>
   <div class='ocr_carea' id='block_1_82' title="bbox 189 5065 1784 5145">
    <p class='ocr_par' dir='ltr' id='par_1_82' title="bbox 189 5065 1784 5145">
     <span class='ocr_line' id='line_1_82' title="bbox 189 5065 1784 5145; baseline 0.014 -28"><span class='ocrx_word' id='word_1_706' title='bbox 189 5071 408 5142; x_wconf 83' lang='lat' dir='ltr'><strong>potest,</strong></span> <span class='ocrx_word' id='word_1_707' title='bbox 449 5083 469 5116; x_wconf 75' lang='grc' dir='ltr'><strong><em>ι</em></strong></span> <span class='ocrx_word' id='word_1_708' title='bbox 505 5065 562 5121; x_wconf 93' lang='lat' dir='ltr'><strong>in</strong></span> <span class='ocrx_word' id='word_1_709' title='bbox 587 5075 906 5137; x_wconf 88' lang='lat' dir='ltr'><strong>perpetuum</strong></span> <span class='ocrx_word' id='word_1_710' title='bbox 935 5069 1086 5125; x_wconf 91' lang='lat' dir='ltr'><strong>sedet</strong></span> <span class='ocrx_word' id='word_1_711' title='bbox 1113 5071 1180 5126; x_wconf 91' lang='lat' dir='ltr'><strong>ad</strong></span> <span class='ocrx_word' id='word_1_712' title='bbox 1204 5072 1450 5129; x_wconf 80' lang='lat' dir='ltr'><strong>dextram</strong></span> <span class='ocrx_word' id='word_1_713' title='bbox 1477 5075 1675 5145; x_wconf 88' lang='lat' dir='ltr'><strong>Patris,</strong></span> <span class='ocrx_word' id='word_1_714' title='bbox 1717 5080 1784 5140; x_wconf 87' lang='lat' dir='ltr'><strong>de</strong></span> 
     </span>
    </p>
   </div>
   <div class='ocr_carea' id='block_1_83' title="bbox 193 5139 1785 5244">
    <p class='ocr_par' dir='ltr' id='par_1_83' title="bbox 193 5139 1785 5244">
     <span class='ocr_line' id='line_1_83' title="bbox 193 5139 1785 5244; baseline 0.011 -34"><span class='ocrx_word' id='word_1_715' title='bbox 193 5139 219 5210; x_wconf 47' lang='grc' dir='ltr'><strong>ἰ</strong></span> <span class='ocrx_word' id='word_1_716' title='bbox 254 5164 458 5213; x_wconf 70' lang='lat' dir='ltr'><strong>caztero</strong></span> <span class='ocrx_word' id='word_1_717' title='bbox 505 5167 856 5229; x_wconf 88' lang='lat' dir='ltr'><strong>exspectans,</strong></span> <span class='ocrx_word' id='word_1_718' title='bbox 881 5161 1054 5218; x_wconf 89' lang='lat' dir='ltr'><strong>donec</strong></span> <span class='ocrx_word' id='word_1_719' title='bbox 1076 5173 1374 5238; x_wconf 88' lang='lat' dir='ltr'><strong>ponantur,</strong></span> <span class='ocrx_word' id='word_1_720' title='bbox 1420 5168 1626 5226; x_wconf 92' lang='lat' dir='ltr'><strong>inimici</strong></span> <span class='ocrx_word' id='word_1_721' title='bbox 1669 5171 1785 5244; x_wconf 91' lang='lat' dir='ltr'><strong>ejus</strong></span> 
     </span>
    </p>
   </div>
   <div class='ocr_carea' id='block_1_84' title="bbox 193 5249 1781 5334">
    <p class='ocr_par' dir='ltr' id='par_1_84' title="bbox 193 5249 1781 5334">
     <span class='ocr_line' id='line_1_84' title="bbox 193 5249 1781 5334; baseline 0.01 -28"><span class='ocrx_word' id='word_1_722' title='bbox 193 5249 494 5307; x_wconf 79' lang='lat' dir='ltr'><strong>scabellum</strong></span> <span class='ocrx_word' id='word_1_723' title='bbox 517 5254 712 5324; x_wconf 91' lang='lat' dir='ltr'><strong>pedum</strong></span> <span class='ocrx_word' id='word_1_724' title='bbox 736 5254 869 5326; x_wconf 90' lang='lat' dir='ltr'><strong>ejus.</strong></span> <span class='ocrx_word' id='word_1_725' title='bbox 885 5275 903 5308; x_wconf 76' lang='grc' dir='ltr'><strong><em>ι</em></strong></span> <span class='ocrx_word' id='word_1_726' title='bbox 933 5256 1038 5328; x_wconf 86' lang='lat' dir='ltr'><strong>Qui</strong></span> <span class='ocrx_word' id='word_1_727' title='bbox 1060 5268 1185 5314; x_wconf 90' lang='lat' dir='ltr'><strong>sunt</strong></span> <span class='ocrx_word' id='word_1_728' title='bbox 1204 5261 1411 5318; x_wconf 89' lang='lat' dir='ltr'><strong>inimici</strong></span> <span class='ocrx_word' id='word_1_729' title='bbox 1439 5263 1592 5334; x_wconf 87' lang='lat' dir='ltr'><strong>ejus?</strong></span> <span class='ocrx_word' id='word_1_730' title='bbox 1610 5265 1781 5324; x_wconf 69' lang='lat' dir='ltr'><strong>Judaei</strong></span> 
     </span>
    </p>
   </div>
   <div class='ocr_carea' id='block_1_85' title="bbox 193 5343 1782 5424">
    <p class='ocr_par' dir='ltr' id='par_1_85' title="bbox 193 5343 1782 5424">
     <span class='ocr_line' id='line_1_85' title="bbox 193 5343 1782 5424; baseline 0.011 -27"><span class='ocrx_word' id='word_1_731' title='bbox 193 5343 454 5400; x_wconf 85' lang='lat' dir='ltr'><strong>videlicet</strong></span> <span class='ocrx_word' id='word_1_732' title='bbox 483 5354 540 5401; x_wconf 90' lang='lat' dir='ltr'><strong>et</strong></span> <span class='ocrx_word' id='word_1_733' title='bbox 567 5361 758 5404; x_wconf 91' lang='lat' dir='ltr'><strong>omnes</strong></span> <span class='ocrx_word' id='word_1_734' title='bbox 785 5347 1055 5416; x_wconf 85' lang='lat' dir='ltr'><strong>inﬁdeles,</strong></span> <span class='ocrx_word' id='word_1_735' title='bbox 1085 5352 1178 5421; x_wconf 91' lang='lat' dir='ltr'><strong>qui</strong></span> <span class='ocrx_word' id='word_1_736' title='bbox 1205 5353 1260 5408; x_wconf 91' lang='lat' dir='ltr'><strong>in</strong></span> <span class='ocrx_word' id='word_1_737' title='bbox 1293 5355 1380 5410; x_wconf 90' lang='lat' dir='ltr'><strong>die</strong></span> <span class='ocrx_word' id='word_1_738' title='bbox 1398 5343 1588 5424; x_wconf 77' lang='lat' dir='ltr'><strong>iudicii</strong></span> <span class='ocrx_word' id='word_1_739' title='bbox 1631 5359 1782 5414; x_wconf 90' lang='lat' dir='ltr'><strong>dam-</strong></span> 
     </span>
    </p>
   </div>
   <div class='ocr_carea' id='block_1_86' title="bbox 193 5436 1782 5520">
    <p class='ocr_par' dir='ltr' id='par_1_86' title="bbox 193 5436 1782 5520">
     <span class='ocr_line' id='line_1_86' title="bbox 193 5436 1782 5520; baseline 0.008 -29"><span class='ocrx_word' id='word_1_740' title='bbox 193 5436 364 5492; x_wconf 85' lang='lat' dir='ltr'><strong>nandi</strong></span> <span class='ocrx_word' id='word_1_741' title='bbox 390 5445 518 5492; x_wconf 89' lang='lat' dir='ltr'><strong>sunt</strong></span> <span class='ocrx_word' id='word_1_742' title='bbox 539 5438 609 5494; x_wconf 89' lang='lat' dir='ltr'><strong>ab</strong></span> <span class='ocrx_word' id='word_1_743' title='bbox 638 5453 734 5507; x_wconf 87' lang='lat' dir='ltr'><strong>eo,</strong></span> <span class='ocrx_word' id='word_1_744' title='bbox 759 5448 814 5495; x_wconf 91' lang='lat' dir='ltr'><strong>et</strong></span> <span class='ocrx_word' id='word_1_745' title='bbox 851 5441 941 5498; x_wconf 91' lang='lat' dir='ltr'><strong>hic</strong></span> <span class='ocrx_word' id='word_1_746' title='bbox 963 5441 1300 5512; x_wconf 82' lang='lat' dir='ltr'><strong>nimietatem</strong></span> <span class='ocrx_word' id='word_1_747' title='bbox 1329 5448 1586 5517; x_wconf 64' lang='lat' dir='ltr'><strong>potentiae</strong></span> <span class='ocrx_word' id='word_1_748' title='bbox 1615 5449 1782 5520; x_wconf 81' lang='lat' dir='ltr'><strong>signi-</strong></span> 
     </span>
    </p>
   </div>
   <div class='ocr_carea' id='block_1_87' title="bbox 191 5527 1782 5609">
    <p class='ocr_par' dir='ltr' id='par_1_87' title="bbox 191 5527 1782 5609">
     <span class='ocr_line' id='line_1_87' title="bbox 191 5527 1782 5609; baseline 0.011 -28"><span class='ocrx_word' id='word_1_749' title='bbox 191 5527 348 5582; x_wconf 85' lang='lat' dir='ltr'><strong>ﬁcat.</strong></span> <span class='ocrx_word' id='word_1_750' title='bbox 372 5527 490 5584; x_wconf 87' lang='lat' dir='ltr'><strong>Non</strong></span> <span class='ocrx_word' id='word_1_751' title='bbox 512 5530 646 5586; x_wconf 87' lang='lat' dir='ltr'><strong>dixit</strong></span> <span class='ocrx_word' id='word_1_752' title='bbox 671 5533 1051 5603; x_wconf 81' lang='lat' dir='ltr'><strong>subjiciantur,</strong></span> <span class='ocrx_word' id='word_1_753' title='bbox 1077 5535 1170 5604; x_wconf 85' lang='lat' dir='ltr'><strong>sed</strong></span> <span class='ocrx_word' id='word_1_754' title='bbox 1195 5553 1214 5586; x_wconf 74' lang='grc' dir='ltr'><strong><em>ι</em></strong></span> <span class='ocrx_word' id='word_1_755' title='bbox 1251 5544 1310 5592; x_wconf 91' lang='lat' dir='ltr'><strong>ut</strong></span> <span class='ocrx_word' id='word_1_756' title='bbox 1329 5547 1600 5609; x_wconf 89' lang='lat' dir='ltr'><strong>ponantur</strong></span> <span class='ocrx_word' id='word_1_757' title='bbox 1629 5561 1648 5594; x_wconf 67' lang='grc' dir='ltr'><strong><em>ι</em></strong></span> <span class='ocrx_word' id='word_1_758' title='bbox 1681 5542 1782 5598; x_wconf 88' lang='lat' dir='ltr'><strong>sub</strong></span> 
     </span>
    </p>
   </div>
   <div class='ocr_carea' id='block_1_88' title="bbox 189 5619 1782 5700">
    <p class='ocr_par' dir='ltr' id='par_1_88' title="bbox 189 5619 1782 5700">
     <span class='ocr_line' id='line_1_88' title="bbox 189 5619 1782 5700; baseline 0.013 -27"><span class='ocrx_word' id='word_1_759' title='bbox 189 5619 430 5692; x_wconf 75' lang='lat' dir='ltr'><strong>pedibus</strong></span> <span class='ocrx_word' id='word_1_760' title='bbox 464 5621 600 5692; x_wconf 90' lang='lat' dir='ltr'><strong>ejus.</strong></span> <span class='ocrx_word' id='word_1_761' title='bbox 651 5621 768 5678; x_wconf 87' lang='lat' dir='ltr'><strong>Non</strong></span> <span class='ocrx_word' id='word_1_762' title='bbox 799 5625 960 5697; x_wconf 79' lang='lat' dir='ltr'><strong>igitur</strong></span> <span class='ocrx_word' id='word_1_763' title='bbox 987 5627 1288 5700; x_wconf 79' lang='lat' dir='ltr'><strong>efﬁciamur</strong></span> <span class='ocrx_word' id='word_1_764' title='bbox 1320 5645 1386 5687; x_wconf 81' lang='lat' dir='ltr'><strong>ex</strong></span> <span class='ocrx_word' id='word_1_765' title='bbox 1425 5649 1653 5692; x_wconf 91' lang='lat' dir='ltr'><strong>numero</strong></span> <span class='ocrx_word' id='word_1_766' title='bbox 1678 5637 1782 5694; x_wconf 90' lang='lat' dir='ltr'><strong>ini-</strong></span> 
     </span>
    </p>
   </div>
   <div class='ocr_carea' id='block_1_89' title="bbox 193 5711 1777 5797">
    <p class='ocr_par' dir='ltr' id='par_1_89' title="bbox 193 5711 1777 5797">
     <span class='ocr_line' id='line_1_89' title="bbox 193 5711 1777 5797; baseline 0.014 -32"><span class='ocrx_word' id='word_1_767' title='bbox 193 5711 468 5767; x_wconf 87' lang='lat' dir='ltr'><strong>micorqu</strong></span> <span class='ocrx_word' id='word_1_768' title='bbox 495 5729 509 5768; x_wconf 90' lang='lat'><strong>:</strong></span> <span class='ocrx_word' id='word_1_769' title='bbox 538 5731 646 5770; x_wconf 88' lang='lat' dir='ltr'><strong>non</strong></span> <span class='ocrx_word' id='word_1_770' title='bbox 692 5717 836 5772; x_wconf 90' lang='lat' dir='ltr'><strong>enim</strong></span> <span class='ocrx_word' id='word_1_771' title='bbox 865 5720 962 5775; x_wconf 92' lang='lat' dir='ltr'><strong>soli</strong></span> <span class='ocrx_word' id='word_1_772' title='bbox 991 5721 1216 5788; x_wconf 90' lang='lat' dir='ltr'><strong>inimici,</strong></span> <span class='ocrx_word' id='word_1_773' title='bbox 1243 5724 1334 5795; x_wconf 86' lang='lat' dir='ltr'><strong>qui</strong></span> <span class='ocrx_word' id='word_1_774' title='bbox 1363 5725 1608 5783; x_wconf 88' lang='lat' dir='ltr'><strong>infideles</strong></span> <span class='ocrx_word' id='word_1_775' title='bbox 1633 5739 1777 5797; x_wconf 87' lang='lat' dir='ltr'><strong>sunt,</strong></span> 
     </span>
    </p>
   </div>
   <div class='ocr_carea' id='block_1_90' title="bbox 194 5803 1780 5890">
    <p class='ocr_par' dir='ltr' id='par_1_90' title="bbox 194 5803 1780 5890">
     <span class='ocr_line' id='line_1_90' title="bbox 194 5803 1780 5890; baseline 0.013 -30"><span class='ocrx_word' id='word_1_776' title='bbox 194 5803 298 5860; x_wconf 80' lang='lat' dir='ltr'><strong>sed</strong></span> <span class='ocrx_word' id='word_1_777' title='bbox 327 5804 494 5862; x_wconf 86' lang='lat' dir='ltr'><strong>etiam</strong></span> <span class='ocrx_word' id='word_1_778' title='bbox 529 5808 620 5874; x_wconf 85' lang='lat' dir='ltr'><strong>qui</strong></span> <span class='ocrx_word' id='word_1_779' title='bbox 650 5810 757 5865; x_wconf 85' lang='lat' dir='ltr'><strong>vita</strong></span> <span class='ocrx_word' id='word_1_780' title='bbox 785 5810 1058 5868; x_wconf 88' lang='lat' dir='ltr'><strong>immunda</strong></span> <span class='ocrx_word' id='word_1_781' title='bbox 1085 5816 1228 5890; x_wconf 88' lang='lat' dir='ltr'><strong>pleni</strong></span> <span class='ocrx_word' id='word_1_782' title='bbox 1259 5826 1402 5874; x_wconf 85' lang='lat' dir='ltr'><strong>sunt.</strong></span> <span class='ocrx_word' id='word_1_783' title='bbox 1443 5839 1460 5872; x_wconf 74' lang='grc' dir='ltr'><strong><em>ι</em></strong></span> <span class='ocrx_word' id='word_1_784' title='bbox 1488 5818 1780 5880; x_wconf 88' lang='lat' dir='ltr'><strong>Prudentia</strong></span> 
     </span>
    </p>
   </div>
   <div class='ocr_carea' id='block_1_91' title="bbox 1888 3314 3471 3400">
    <p class='ocr_par' dir='ltr' id='par_1_91' title="bbox 1888 3314 3471 3400">
     <span class='ocr_line' id='line_1_91' title="bbox 1888 3314 3471 3400; baseline 0.012 -30"><span class='ocrx_word' id='word_1_785' title='bbox 1888 3314 2182 3370; x_wconf 91' lang='lat' dir='ltr'><strong>ostendens</strong></span> <span class='ocrx_word' id='word_1_786' title='bbox 2205 3315 2514 3388; x_wconf 86' lang='lat' dir='ltr'><strong>distantiam</strong></span> <span class='ocrx_word' id='word_1_787' title='bbox 2543 3322 2834 3398; x_wconf 81' lang='lat' dir='ltr'><strong>pontiﬁcis,</strong></span> <span class='ocrx_word' id='word_1_788' title='bbox 2865 3332 2920 3394; x_wconf 86' lang='lat' dir='ltr'><strong>et</strong></span> <span class='ocrx_word' id='word_1_789' title='bbox 2947 3326 3268 3400; x_wconf 83' lang='lat' dir='ltr'><strong>hostiarum,</strong></span> <span class='ocrx_word' id='word_1_790' title='bbox 3297 3340 3352 3387; x_wconf 89' lang='lat' dir='ltr'><strong>et</strong></span> <span class='ocrx_word' id='word_1_791' title='bbox 3387 3340 3471 3388; x_wconf 87' lang='lat' dir='ltr'><strong>ta-</strong></span> 
     </span>
    </p>
   </div>
   <div class='ocr_carea' id='block_1_92' title="bbox 1883 3407 3468 3490">
    <p class='ocr_par' dir='ltr' id='par_1_92' title="bbox 1883 3407 3468 3490">
     <span class='ocr_line' id='line_1_92' title="bbox 1883 3407 3468 3490; baseline 0.011 -29"><span class='ocrx_word' id='word_1_792' title='bbox 1883 3407 2186 3476; x_wconf 82' lang='lat' dir='ltr'><strong>bernaculi,</strong></span> <span class='ocrx_word' id='word_1_793' title='bbox 2201 3417 2255 3464; x_wconf 89' lang='lat' dir='ltr'><strong>et</strong></span> <span class='ocrx_word' id='word_1_794' title='bbox 2271 3413 2602 3478; x_wconf 88' lang='lat' dir='ltr'><strong>testamenti,</strong></span> <span class='ocrx_word' id='word_1_795' title='bbox 2618 3420 2674 3486; x_wconf 69' lang='lat' dir='ltr'><strong>et</strong></span> <span class='ocrx_word' id='word_1_796' title='bbox 2693 3416 3151 3490; x_wconf 76' lang='lat' dir='ltr'><strong>repromissionis,</strong></span> <span class='ocrx_word' id='word_1_797' title='bbox 3165 3428 3220 3475; x_wconf 92' lang='lat' dir='ltr'><strong>et</strong></span> <span class='ocrx_word' id='word_1_798' title='bbox 3245 3423 3468 3480; x_wconf 89' lang='lat' dir='ltr'><strong>multam</strong></span> 
     </span>
    </p>
   </div>
   <div class='ocr_carea' id='block_1_93' title="bbox 1885 3499 3474 3586">
    <p class='ocr_par' dir='ltr' id='par_1_93' title="bbox 1885 3499 3474 3586">
     <span class='ocr_line' id='line_1_93' title="bbox 1885 3499 3474 3586; baseline 0.011 -30"><span class='ocrx_word' id='word_1_799' title='bbox 1885 3499 2243 3556; x_wconf 76' lang='lat' dir='ltr'><strong>differentiam</strong></span> <span class='ocrx_word' id='word_1_800' title='bbox 2278 3519 2292 3556; x_wconf 92' lang='lat'><strong>:</strong></span> <span class='ocrx_word' id='word_1_801' title='bbox 2321 3503 2587 3574; x_wconf 91' lang='lat' dir='ltr'><strong>siquidem</strong></span> <span class='ocrx_word' id='word_1_802' title='bbox 2623 3506 2713 3562; x_wconf 87' lang='lat' dir='ltr'><strong>illa</strong></span> <span class='ocrx_word' id='word_1_803' title='bbox 2737 3509 2953 3579; x_wconf 87' lang='lat' dir='ltr'><strong>quidem</strong></span> <span class='ocrx_word' id='word_1_804' title='bbox 2986 3513 3324 3586; x_wconf 87' lang='lat' dir='ltr'><strong>temporalia,</strong></span> <span class='ocrx_word' id='word_1_805' title='bbox 3359 3517 3474 3572; x_wconf 64' lang='lat' dir='ltr'><strong>haec</strong></span> 
     </span>
    </p>
   </div>
   <div class='ocr_carea' id='block_1_94' title="bbox 1886 3595 3474 3680">
    <p class='ocr_par' dir='ltr' id='par_1_94' title="bbox 1886 3595 3474 3680">
     <span class='ocr_line' id='line_1_94' title="bbox 1886 3595 3474 3680; baseline 0.011 -34"><span class='ocrx_word' id='word_1_806' title='bbox 1886 3601 2064 3648; x_wconf 90' lang='lat' dir='ltr'><strong>autem</strong></span> <span class='ocrx_word' id='word_1_807' title='bbox 2079 3600 2279 3650; x_wconf 70' lang='lat' dir='ltr'><strong>mterna</strong></span> <span class='ocrx_word' id='word_1_808' title='bbox 2304 3613 2318 3651; x_wconf 93' lang='lat'><strong>:</strong></span> <span class='ocrx_word' id='word_1_809' title='bbox 2345 3595 2435 3652; x_wconf 88' lang='lat' dir='ltr'><strong>illa</strong></span> <span class='ocrx_word' id='word_1_810' title='bbox 2457 3598 2674 3668; x_wconf 90' lang='lat' dir='ltr'><strong>quidem</strong></span> <span class='ocrx_word' id='word_1_811' title='bbox 2697 3599 2934 3668; x_wconf 81' lang='lat' dir='ltr'><strong>inﬁrma,</strong></span> <span class='ocrx_word' id='word_1_812' title='bbox 2952 3603 3068 3660; x_wconf 67' lang='lat' dir='ltr'><strong>haec</strong></span> <span class='ocrx_word' id='word_1_813' title='bbox 3087 3614 3270 3662; x_wconf 90' lang='lat' dir='ltr'><strong>autem</strong></span> <span class='ocrx_word' id='word_1_814' title='bbox 3302 3607 3474 3680; x_wconf 88' lang='lat' dir='ltr'><strong>perfe-</strong></span> 
     </span>
    </p>
   </div>
   <div class='ocr_carea' id='block_1_95' title="bbox 1885 3685 3472 3789">
    <p class='ocr_par' dir='ltr' id='par_1_95' title="bbox 1885 3685 3472 3789">
     <span class='ocr_line' id='line_1_95' title="bbox 1885 3685 3472 3789; baseline 0.012 -50"><span class='ocrx_word' id='word_1_815' title='bbox 1885 3693 1969 3754; x_wconf 83' lang='lat' dir='ltr'><strong>cta</strong></span> <span class='ocrx_word' id='word_1_816' title='bbox 1992 3704 2004 3740; x_wconf 94' lang='lat'><strong>:</strong></span> <span class='ocrx_word' id='word_1_817' title='bbox 2025 3685 2344 3768; x_wconf 87' lang='lat' dir='ltr'><strong>illaquidem</strong></span> <span class='ocrx_word' id='word_1_818' title='bbox 2363 3688 2569 3758; x_wconf 81' lang='lat' dir='ltr'><strong>formae,</strong></span> <span class='ocrx_word' id='word_1_819' title='bbox 2587 3691 2705 3748; x_wconf 83' lang='lat' dir='ltr'><strong>haec</strong></span> <span class='ocrx_word' id='word_1_820' title='bbox 2723 3704 2902 3750; x_wconf 91' lang='lat' dir='ltr'><strong>autem</strong></span> <span class='ocrx_word' id='word_1_821' title='bbox 2924 3698 3143 3770; x_wconf 82' lang='lat' dir='ltr'><strong>veritas.</strong></span> <span class='ocrx_word' id='word_1_822' title='bbox 3168 3699 3472 3789; x_wconf 67' lang='lat' dir='ltr'><strong>«Nonenim</strong></span> 
     </span>
    </p>
   </div>
   <div class='ocr_carea' id='block_1_96' title="bbox 1877 3775 3473 3860">
    <p class='ocr_par' dir='ltr' id='par_1_96' title="bbox 1877 3775 3473 3860">
     <span class='ocr_line' id='line_1_96' title="bbox 1877 3775 3473 3860; baseline 0.011 -29"><span class='ocrx_word' id='word_1_823' title='bbox 1877 3775 2034 3849; x_wconf 86' lang='lat' dir='ltr'><strong>juxta</strong></span> <span class='ocrx_word' id='word_1_824' title='bbox 2068 3779 2239 3850; x_wconf 82' lang='lat' dir='ltr'><strong>legem</strong></span> <span class='ocrx_word' id='word_1_825' title='bbox 2266 3781 2528 3847; x_wconf 87' lang='lat' dir='ltr'><strong>mandati,</strong></span> <span class='ocrx_word' id='word_1_826' title='bbox 2559 3783 2755 3855; x_wconf 90' lang='lat' dir='ltr'><strong>inquit,</strong></span> <span class='ocrx_word' id='word_1_827' title='bbox 2780 3786 3033 3854; x_wconf 88' lang='lat' dir='ltr'><strong>carnalis,</strong></span> <span class='ocrx_word' id='word_1_828' title='bbox 3061 3777 3324 3860; x_wconf 72' lang='lat' dir='ltr'><strong>sedjuxta</strong></span> <span class='ocrx_word' id='word_1_829' title='bbox 3358 3793 3473 3848; x_wconf 89' lang='lat' dir='ltr'><strong>vir-</strong></span> 
     </span>
    </p>
   </div>
   <div class='ocr_carea' id='block_1_97' title="bbox 1885 3872 3474 3956">
    <p class='ocr_par' dir='ltr' id='par_1_97' title="bbox 1885 3872 3474 3956">
     <span class='ocr_line' id='line_1_97' title="bbox 1885 3872 3474 3956; baseline 0.011 -32"><span class='ocrx_word' id='word_1_830' title='bbox 1885 3879 2060 3946; x_wconf 60' lang='lat' dir='ltr'><strong>tutem</strong></span> <span class='ocrx_word' id='word_1_831' title='bbox 2081 3872 2201 3926; x_wconf 69' lang='lat' dir='ltr'><strong>vitm</strong></span> <span class='ocrx_word' id='word_1_832' title='bbox 2223 3872 2599 3950; x_wconf 48' lang='lat' dir='ltr'><strong>insolubilis“</strong></span> <span class='ocrx_word' id='word_1_833' title='bbox 2626 3887 2680 3932; x_wconf 91' lang='lat' dir='ltr'><strong>et</strong></span> <span class='ocrx_word' id='word_1_834' title='bbox 2705 3877 2814 3934; x_wconf 72' lang='lat' dir='ltr'><strong>«Tu</strong></span> <span class='ocrx_word' id='word_1_835' title='bbox 2839 3895 2899 3934; x_wconf 93' lang='lat' dir='ltr'><strong>es</strong></span> <span class='ocrx_word' id='word_1_836' title='bbox 2923 3882 3177 3938; x_wconf 89' lang='lat' dir='ltr'><strong>sacerdos</strong></span> <span class='ocrx_word' id='word_1_837' title='bbox 3201 3883 3256 3938; x_wconf 90' lang='lat' dir='ltr'><strong>in</strong></span> <span class='ocrx_word' id='word_1_838' title='bbox 3285 3899 3474 3956; x_wconf 90' lang='lat' dir='ltr'><strong>perpe-</strong></span> 
     </span>
    </p>
   </div>
   <div class='ocr_carea' id='block_1_98' title="bbox 1885 3963 3472 4034">
    <p class='ocr_par' dir='ltr' id='par_1_98' title="bbox 1885 3963 3472 4034">
     <span class='ocr_line' id='line_1_98' title="bbox 1885 3963 3472 4034; baseline 0.011 -18"><span class='ocrx_word' id='word_1_839' title='bbox 1885 3969 2060 4016; x_wconf 91' lang='lat' dir='ltr'><strong>tuum.</strong></span> <span class='ocrx_word' id='word_1_840' title='bbox 2085 3982 2103 4016; x_wconf 77' lang='grc' dir='ltr'><strong><em>ι</em></strong></span> <span class='ocrx_word' id='word_1_841' title='bbox 2130 3963 2269 4020; x_wconf 88' lang='lat' dir='ltr'><strong>Ecce</strong></span> <span class='ocrx_word' id='word_1_842' title='bbox 2289 3967 2624 4034; x_wconf 82' lang='lat' dir='ltr'><strong>perpetuitas</strong></span> <span class='ocrx_word' id='word_1_843' title='bbox 2646 3970 2962 4027; x_wconf 90' lang='lat' dir='ltr'><strong>sacerdotis.</strong></span> <span class='ocrx_word' id='word_1_844' title='bbox 2979 3971 3046 4027; x_wconf 88' lang='lat' dir='ltr'><strong>Et</strong></span> <span class='ocrx_word' id='word_1_845' title='bbox 3065 3973 3472 4034; x_wconf 87' lang='lat' dir='ltr'><strong>detestamento</strong></span> 
     </span>
    </p>
   </div>
   <div class='ocr_carea' id='block_1_99' title="bbox 1886 4054 3474 4129">
    <p class='ocr_par' dir='ltr' id='par_1_99' title="bbox 1886 4054 3474 4129">
     <span class='ocr_line' id='line_1_99' title="bbox 1886 4054 3474 4129; baseline 0.009 -19"><span class='ocrx_word' id='word_1_846' title='bbox 1886 4054 1978 4110; x_wconf 91' lang='lat' dir='ltr'><strong>illo</strong></span> <span class='ocrx_word' id='word_1_847' title='bbox 2003 4054 2157 4122; x_wconf 80' lang='lat' dir='ltr'><strong>dixit,</strong></span> <span class='ocrx_word' id='word_1_848' title='bbox 2173 4058 2317 4129; x_wconf 90' lang='lat' dir='ltr'><strong>quod</strong></span> <span class='ocrx_word' id='word_1_849' title='bbox 2338 4067 2612 4113; x_wconf 87' lang='lat' dir='ltr'><strong>vetustum</strong></span> <span class='ocrx_word' id='word_1_850' title='bbox 2635 4069 2746 4116; x_wconf 90' lang='lat' dir='ltr'><strong>est:</strong></span> <span class='ocrx_word' id='word_1_851' title='bbox 2768 4061 2952 4128; x_wconf 69' lang='lat' dir='ltr'><strong>«Quod</strong></span> <span class='ocrx_word' id='word_1_852' title='bbox 2979 4073 3160 4120; x_wconf 90' lang='lat' dir='ltr'><strong>autem</strong></span> <span class='ocrx_word' id='word_1_853' title='bbox 3182 4069 3474 4125; x_wconf 89' lang='lat' dir='ltr'><strong>veterascit</strong></span> 
     </span>
    </p>
   </div>
   <div class='ocr_carea' id='block_1_100' title="bbox 1886 4152 3472 4224">
    <p class='ocr_par' dir='ltr' id='par_1_100' title="bbox 1886 4152 3472 4224">
     <span class='ocr_line' id='line_1_100' title="bbox 1886 4152 3472 4224; baseline 0.007 -18"><span class='ocrx_word' id='word_1_854' title='bbox 1886 4157 1941 4206; x_wconf 93' lang='lat' dir='ltr'><strong>et</strong></span> <span class='ocrx_word' id='word_1_855' title='bbox 1967 4152 2220 4216; x_wconf 85' lang='lat' dir='ltr'><strong>senescit,</strong></span> <span class='ocrx_word' id='word_1_856' title='bbox 2251 4153 2558 4224; x_wconf 85' lang='lat' dir='ltr'><strong>proximum</strong></span> <span class='ocrx_word' id='word_1_857' title='bbox 2581 4163 2666 4210; x_wconf 92' lang='lat' dir='ltr'><strong>est</strong></span> <span class='ocrx_word' id='word_1_858' title='bbox 2693 4154 2954 4211; x_wconf 89' lang='lat' dir='ltr'><strong>interitui.</strong></span> <span class='ocrx_word' id='word_1_859' title='bbox 2987 4176 3006 4208; x_wconf 74' lang='grc' dir='ltr'><strong><em>ι</em></strong></span> <span class='ocrx_word' id='word_1_860' title='bbox 3025 4155 3139 4214; x_wconf 85' lang='grc' dir='ltr'><strong>Ηοε</strong></span> <span class='ocrx_word' id='word_1_861' title='bbox 3167 4168 3344 4216; x_wconf 88' lang='lat' dir='ltr'><strong>autem</strong></span> <span class='ocrx_word' id='word_1_862' title='bbox 3371 4159 3472 4217; x_wconf 87' lang='lat' dir='ltr'><strong>Te-</strong></span> 
     </span>
    </p>
   </div>
   <div class='ocr_carea' id='block_1_101' title="bbox 1887 4245 3471 4324">
    <p class='ocr_par' dir='ltr' id='par_1_101' title="bbox 1887 4245 3471 4324">
     <span class='ocr_line' id='line_1_101' title="bbox 1887 4245 3471 4324; baseline 0.008 -24"><span class='ocrx_word' id='word_1_863' title='bbox 1887 4251 2219 4300; x_wconf 89' lang='lat' dir='ltr'><strong>stamentum</strong></span> <span class='ocrx_word' id='word_1_864' title='bbox 2245 4245 2454 4301; x_wconf 86' lang='lat' dir='ltr'><strong>Novum</strong></span> <span class='ocrx_word' id='word_1_865' title='bbox 2490 4256 2546 4304; x_wconf 92' lang='lat' dir='ltr'><strong>et</strong></span> <span class='ocrx_word' id='word_1_866' title='bbox 2585 4249 2959 4306; x_wconf 90' lang='lat' dir='ltr'><strong>remissionem</strong></span> <span class='ocrx_word' id='word_1_867' title='bbox 2999 4264 3347 4324; x_wconf 90' lang='lat' dir='ltr'><strong>peccatorum</strong></span> <span class='ocrx_word' id='word_1_868' title='bbox 3375 4257 3471 4312; x_wconf 87' lang='lat' dir='ltr'><strong>ha-</strong></span> 
     </span>
    </p>
   </div>
   <div class='ocr_carea' id='block_1_102' title="bbox 1887 4333 3470 4420">
    <p class='ocr_par' dir='ltr' id='par_1_102' title="bbox 1887 4333 3470 4420">
     <span class='ocr_line' id='line_1_102' title="bbox 1887 4333 3470 4420; baseline 0.01 -30"><span class='ocrx_word' id='word_1_869' title='bbox 1887 4333 2062 4401; x_wconf 86' lang='lat' dir='ltr'><strong>bens;</strong></span> <span class='ocrx_word' id='word_1_870' title='bbox 2096 4335 2226 4391; x_wconf 91' lang='lat' dir='ltr'><strong>illud</strong></span> <span class='ocrx_word' id='word_1_871' title='bbox 2277 4346 2456 4393; x_wconf 91' lang='lat' dir='ltr'><strong>autem</strong></span> <span class='ocrx_word' id='word_1_872' title='bbox 2495 4340 2631 4396; x_wconf 88' lang='lat' dir='ltr'><strong>nihil</strong></span> <span class='ocrx_word' id='word_1_873' title='bbox 2684 4343 2990 4414; x_wconf 85' lang='lat' dir='ltr'><strong>hujusmodi</strong></span> <span class='ocrx_word' id='word_1_874' title='bbox 3025 4364 3037 4401; x_wconf 90' lang='lat'><strong>:</strong></span> <span class='ocrx_word' id='word_1_875' title='bbox 3089 4347 3216 4403; x_wconf 87' lang='lat' dir='ltr'><strong>illud</strong></span> <span class='ocrx_word' id='word_1_876' title='bbox 3251 4349 3470 4420; x_wconf 89' lang='lat' dir='ltr'><strong>quidem</strong></span> 
     </span>
    </p>
   </div>
   <div class='ocr_carea' id='block_1_103' title="bbox 1887 4426 3471 4508">
    <p class='ocr_par' dir='ltr' id='par_1_103' title="bbox 1887 4426 3471 4508">
     <span class='ocr_line' id='line_1_103' title="bbox 1887 4426 3471 4508; baseline 0.012 -25"><span class='ocrx_word' id='word_1_877' title='bbox 1887 4426 2280 4497; x_wconf 84' lang='lat' dir='ltr'><strong>manufactum,</strong></span> <span class='ocrx_word' id='word_1_878' title='bbox 2339 4431 2443 4488; x_wconf 91' lang='lat' dir='ltr'><strong>hoc</strong></span> <span class='ocrx_word' id='word_1_879' title='bbox 2485 4442 2664 4489; x_wconf 89' lang='lat' dir='ltr'><strong>autem</strong></span> <span class='ocrx_word' id='word_1_880' title='bbox 2713 4451 2818 4492; x_wconf 90' lang='lat' dir='ltr'><strong>non</strong></span> <span class='ocrx_word' id='word_1_881' title='bbox 2873 4439 3280 4508; x_wconf 85' lang='lat' dir='ltr'><strong>manufactum;</strong></span> <span class='ocrx_word' id='word_1_882' title='bbox 3337 4443 3471 4502; x_wconf 88' lang='lat' dir='ltr'><strong>illud</strong></span> 
     </span>
    </p>
   </div>
   <div class='ocr_carea' id='block_1_104' title="bbox 1888 4523 3469 4597">
    <p class='ocr_par' dir='ltr' id='par_1_104' title="bbox 1888 4523 3469 4597">
     <span class='ocr_line' id='line_1_104' title="bbox 1888 4523 3469 4597; baseline 0.009 -22"><span class='ocrx_word' id='word_1_883' title='bbox 1888 4523 2105 4596; x_wconf 88' lang='lat' dir='ltr'><strong>quidem</strong></span> <span class='ocrx_word' id='word_1_884' title='bbox 2161 4523 2482 4595; x_wconf 83' lang='lat' dir='ltr'><strong>sanguinem</strong></span> <span class='ocrx_word' id='word_1_885' title='bbox 2531 4527 2810 4592; x_wconf 80' lang='lat' dir='ltr'><strong>hircorum</strong></span> <span class='ocrx_word' id='word_1_886' title='bbox 2858 4530 3112 4597; x_wconf 86' lang='lat' dir='ltr'><strong>habebat,</strong></span> <span class='ocrx_word' id='word_1_887' title='bbox 3145 4533 3249 4589; x_wconf 91' lang='lat' dir='ltr'><strong>hoc</strong></span> <span class='ocrx_word' id='word_1_888' title='bbox 3286 4543 3469 4590; x_wconf 88' lang='lat' dir='ltr'><strong>autem</strong></span> 
     </span>
    </p>
   </div>
   <div class='ocr_carea' id='block_1_105' title="bbox 1889 4612 3470 4692">
    <p class='ocr_par' dir='ltr' id='par_1_105' title="bbox 1889 4612 3470 4692">
     <span class='ocr_line' id='line_1_105' title="bbox 1889 4612 3470 4692; baseline 0.01 -25"><span class='ocrx_word' id='word_1_889' title='bbox 1889 4612 2138 4680; x_wconf 89' lang='lat' dir='ltr'><strong>Domini;</strong></span> <span class='ocrx_word' id='word_1_890' title='bbox 2171 4614 2302 4670; x_wconf 86' lang='lat' dir='ltr'><strong>illud</strong></span> <span class='ocrx_word' id='word_1_891' title='bbox 2326 4617 2543 4687; x_wconf 89' lang='lat' dir='ltr'><strong>quidem</strong></span> <span class='ocrx_word' id='word_1_892' title='bbox 2578 4626 2812 4676; x_wconf 88' lang='lat' dir='ltr'><strong>stantem</strong></span> <span class='ocrx_word' id='word_1_893' title='bbox 2854 4624 3207 4692; x_wconf 80' lang='lat' dir='ltr'><strong>sacerdotem,</strong></span> <span class='ocrx_word' id='word_1_894' title='bbox 3239 4627 3343 4682; x_wconf 90' lang='lat' dir='ltr'><strong>hoc</strong></span> <span class='ocrx_word' id='word_1_895' title='bbox 3380 4643 3470 4682; x_wconf 86' lang='lat' dir='ltr'><strong>au-</strong></span> 
     </span>
    </p>
   </div>
   <div class='ocr_carea' id='block_1_106' title="bbox 1888 4708 3465 4785">
    <p class='ocr_par' dir='ltr' id='par_1_106' title="bbox 1888 4708 3465 4785">
     <span class='ocr_line' id='line_1_106' title="bbox 1888 4708 3465 4785; baseline 0.008 -21"><span class='ocrx_word' id='word_1_896' title='bbox 1888 4717 1996 4764; x_wconf 88' lang='lat' dir='ltr'><strong>tem</strong></span> <span class='ocrx_word' id='word_1_897' title='bbox 2021 4708 2319 4764; x_wconf 88' lang='lat' dir='ltr'><strong>sedentem.</strong></span> <span class='ocrx_word' id='word_1_898' title='bbox 2367 4709 2632 4778; x_wconf 87' lang='lat' dir='ltr'><strong>Quoniam</strong></span> <span class='ocrx_word' id='word_1_899' title='bbox 2683 4713 2846 4785; x_wconf 89' lang='lat' dir='ltr'><strong>igitur</strong></span> <span class='ocrx_word' id='word_1_900' title='bbox 2895 4724 3090 4772; x_wconf 90' lang='lat' dir='ltr'><strong>cuncta</strong></span> <span class='ocrx_word' id='word_1_901' title='bbox 3135 4717 3224 4774; x_wconf 87' lang='lat' dir='ltr'><strong>illa</strong></span> <span class='ocrx_word' id='word_1_902' title='bbox 3255 4718 3465 4776; x_wconf 89' lang='lat' dir='ltr'><strong>minora</strong></span> 
     </span>
    </p>
   </div>
   <div class='ocr_carea' id='block_1_107' title="bbox 1885 4801 3467 4880">
    <p class='ocr_par' dir='ltr' id='par_1_107' title="bbox 1885 4801 3467 4880">
     <span class='ocr_line' id='line_1_107' title="bbox 1885 4801 3467 4880; baseline 0.008 -23"><span class='ocrx_word' id='word_1_903' title='bbox 1885 4809 2030 4865; x_wconf 88' lang='lat' dir='ltr'><strong>sunt,</strong></span> <span class='ocrx_word' id='word_1_904' title='bbox 2045 4801 2161 4858; x_wconf 62' lang='lat' dir='ltr'><strong>hinc</strong></span> <span class='ocrx_word' id='word_1_905' title='bbox 2175 4811 2355 4858; x_wconf 90' lang='lat' dir='ltr'><strong>autem</strong></span> <span class='ocrx_word' id='word_1_906' title='bbox 2374 4802 2605 4874; x_wconf 91' lang='lat' dir='ltr'><strong>majora,</strong></span> <span class='ocrx_word' id='word_1_907' title='bbox 2620 4815 2906 4877; x_wconf 88' lang='lat' dir='ltr'><strong>propterea</strong></span> <span class='ocrx_word' id='word_1_908' title='bbox 2921 4807 3116 4880; x_wconf 90' lang='lat' dir='ltr'><strong>inquit,</strong></span> <span class='ocrx_word' id='word_1_909' title='bbox 3150 4828 3170 4862; x_wconf 71' lang='grc' dir='ltr'>ι</span> <span class='ocrx_word' id='word_1_910' title='bbox 3192 4810 3467 4870; x_wconf 83' lang='lat' dir='ltr'><strong>Habentes</strong></span> 
     </span>
    </p>
   </div>
   <div class='ocr_carea' id='block_1_108' title="bbox 1882 4895 3468 4966">
    <p class='ocr_par' dir='ltr' id='par_1_108' title="bbox 1882 4895 3468 4966">
     <span class='ocr_line' id='line_1_108' title="bbox 1882 4895 3468 4966; baseline 0.007 -14"><span class='ocrx_word' id='word_1_911' title='bbox 1882 4895 2068 4966; x_wconf 89' lang='lat' dir='ltr'><strong>igitur,</strong></span> <span class='ocrx_word' id='word_1_912' title='bbox 2100 4895 2318 4963; x_wconf 87' lang='lat' dir='ltr'><strong>fratres,</strong></span> <span class='ocrx_word' id='word_1_913' title='bbox 2346 4897 2618 4954; x_wconf 88' lang='lat' dir='ltr'><strong>ﬁduciam.</strong></span> <span class='ocrx_word' id='word_1_914' title='bbox 2653 4920 2672 4954; x_wconf 73' lang='grc' dir='ltr'><strong><em>ι</em></strong></span> <span class='ocrx_word' id='word_1_915' title='bbox 2711 4899 2899 4958; x_wconf 87' lang='lat' dir='ltr'><strong>Unde?</strong></span> <span class='ocrx_word' id='word_1_916' title='bbox 2926 4901 3078 4959; x_wconf 89' lang='lat' dir='ltr'><strong>Sicut</strong></span> <span class='ocrx_word' id='word_1_917' title='bbox 3097 4905 3242 4962; x_wconf 90' lang='lat' dir='ltr'><strong>enim</strong></span> <span class='ocrx_word' id='word_1_918' title='bbox 3277 4907 3468 4964; x_wconf 82' lang='lat' dir='ltr'><strong>confu-</strong></span> 
     </span>
    </p>
   </div>
   <div class='ocr_carea' id='block_1_109' title="bbox 1881 4986 3466 5060">
    <p class='ocr_par' dir='ltr' id='par_1_109' title="bbox 1881 4986 3466 5060">
     <span class='ocr_line' id='line_1_109' title="bbox 1881 4986 3466 5060; baseline 0.009 -18"><span class='ocrx_word' id='word_1_919' title='bbox 1881 4986 2090 5044; x_wconf 89' lang='lat' dir='ltr'><strong>sionem</strong></span> <span class='ocrx_word' id='word_1_920' title='bbox 2117 4987 2322 5044; x_wconf 88' lang='lat' dir='ltr'><strong>faciunt</strong></span> <span class='ocrx_word' id='word_1_921' title='bbox 2348 4997 2589 5060; x_wconf 88' lang='lat' dir='ltr'><strong>peccata,</strong></span> <span class='ocrx_word' id='word_1_922' title='bbox 2629 4991 2710 5047; x_wconf 90' lang='lat' dir='ltr'><strong>sic</strong></span> <span class='ocrx_word' id='word_1_923' title='bbox 2731 4991 2982 5048; x_wconf 90' lang='lat' dir='ltr'><strong>ﬁduciam</strong></span> <span class='ocrx_word' id='word_1_924' title='bbox 3005 4996 3248 5053; x_wconf 91' lang='lat' dir='ltr'><strong>omnium</strong></span> <span class='ocrx_word' id='word_1_925' title='bbox 3276 5001 3466 5056; x_wconf 55' lang='lat' dir='ltr'><strong>remis-</strong></span> 
     </span>
    </p>
   </div>
   <div class='ocr_carea' id='block_1_110' title="bbox 1889 5079 3460 5159">
    <p class='ocr_par' dir='ltr' id='par_1_110' title="bbox 1889 5079 3460 5159">
     <span class='ocr_line' id='line_1_110' title="bbox 1889 5079 3460 5159; baseline 0.009 -23"><span class='ocrx_word' id='word_1_926' title='bbox 1889 5079 1972 5136; x_wconf 87' lang='lat' dir='ltr'><strong>sio</strong></span> <span class='ocrx_word' id='word_1_927' title='bbox 1995 5088 2342 5150; x_wconf 90' lang='lat' dir='ltr'><strong>peccatorum</strong></span> <span class='ocrx_word' id='word_1_928' title='bbox 2375 5090 2468 5138; x_wconf 89' lang='lat' dir='ltr'><strong>:et</strong></span> <span class='ocrx_word' id='word_1_929' title='bbox 2503 5082 2647 5152; x_wconf 91' lang='lat' dir='ltr'><strong>quod</strong></span> <span class='ocrx_word' id='word_1_930' title='bbox 2677 5084 2990 5143; x_wconf 66' lang='lat' dir='ltr'><strong>cohaeredes</strong></span> <span class='ocrx_word' id='word_1_931' title='bbox 3028 5087 3204 5146; x_wconf 79' lang='lat' dir='ltr'><strong>effecti</strong></span> <span class='ocrx_word' id='word_1_932' title='bbox 3253 5107 3460 5159; x_wconf 91' lang='lat' dir='ltr'><strong>sumus,</strong></span> 
     </span>
    </p>
   </div>
   <div class='ocr_carea' id='block_1_111' title="bbox 1887 5174 3462 5254">
    <p class='ocr_par' dir='ltr' id='par_1_111' title="bbox 1887 5174 3462 5254">
     <span class='ocr_line' id='line_1_111' title="bbox 1887 5174 3462 5254; baseline 0.011 -27"><span class='ocrx_word' id='word_1_933' title='bbox 1887 5179 1946 5228; x_wconf 91' lang='lat' dir='ltr'><strong>et</strong></span> <span class='ocrx_word' id='word_1_934' title='bbox 1992 5175 2138 5242; x_wconf 88' lang='lat' dir='ltr'><strong>quod</strong></span> <span class='ocrx_word' id='word_1_935' title='bbox 2197 5181 2346 5230; x_wconf 90' lang='lat' dir='ltr'><strong>tanta</strong></span> <span class='ocrx_word' id='word_1_936' title='bbox 2390 5174 2677 5233; x_wconf 87' lang='lat' dir='ltr'><strong>dilectione</strong></span> <span class='ocrx_word' id='word_1_937' title='bbox 2719 5175 2973 5238; x_wconf 86' lang='lat' dir='ltr'><strong>fruimur.</strong></span> <span class='ocrx_word' id='word_1_938' title='bbox 3007 5202 3028 5236; x_wconf 72' lang='grc' dir='ltr'>ι</span> <span class='ocrx_word' id='word_1_939' title='bbox 3058 5183 3117 5239; x_wconf 88' lang='lat' dir='ltr'><strong>ln</strong></span> <span class='ocrx_word' id='word_1_940' title='bbox 3156 5184 3462 5254; x_wconf 89' lang='lat' dir='ltr'><strong>introitum,</strong></span> 
     </span>
    </p>
   </div>
   <div class='ocr_carea' id='block_1_112' title="bbox 1885 5269 3467 5342">
    <p class='ocr_par' dir='ltr' id='par_1_112' title="bbox 1885 5269 3467 5342">
     <span class='ocr_line' id='line_1_112' title="bbox 1885 5269 3467 5342; baseline 0.005 -12"><span class='ocrx_word' id='word_1_941' title='bbox 1885 5270 2082 5342; x_wconf 88' lang='lat' dir='ltr'><strong>inquit,</strong></span> <span class='ocrx_word' id='word_1_942' title='bbox 2122 5277 2452 5326; x_wconf 90' lang='lat' dir='ltr'><strong>sanctorum.</strong></span> <span class='ocrx_word' id='word_1_943' title='bbox 2489 5289 2510 5324; x_wconf 72' lang='grc' dir='ltr'><strong><em>ι</em></strong></span> <span class='ocrx_word' id='word_1_944' title='bbox 2543 5269 2827 5330; x_wconf 88' lang='lat' dir='ltr'><strong>lntroitum</strong></span> <span class='ocrx_word' id='word_1_945' title='bbox 2871 5273 2962 5334; x_wconf 83' lang='lat' dir='ltr'><strong>hic</strong></span> <span class='ocrx_word' id='word_1_946' title='bbox 3002 5278 3202 5334; x_wconf 66' lang='lat' dir='ltr'><strong>coelum</strong></span> <span class='ocrx_word' id='word_1_947' title='bbox 3237 5280 3368 5338; x_wconf 90' lang='lat' dir='ltr'><strong>dicit</strong></span> <span class='ocrx_word' id='word_1_948' title='bbox 3410 5292 3467 5338; x_wconf 87' lang='lat' dir='ltr'><strong>et</strong></span> 
     </span>
    </p>
   </div>
   <div class='ocr_carea' id='block_1_113' title="bbox 1888 5361 3465 5432">
    <p class='ocr_par' dir='ltr' id='par_1_113' title="bbox 1888 5361 3465 5432">
     <span class='ocr_line' id='line_1_113' title="bbox 1888 5361 3465 5432; baseline 0.006 -14"><span class='ocrx_word' id='word_1_949' title='bbox 1888 5376 2170 5418; x_wconf 90' lang='lat' dir='ltr'><strong>accessum</strong></span> <span class='ocrx_word' id='word_1_950' title='bbox 2209 5361 2278 5416; x_wconf 89' lang='lat' dir='ltr'><strong>ad</strong></span> <span class='ocrx_word' id='word_1_951' title='bbox 2337 5361 2623 5432; x_wconf 84' lang='lat' dir='ltr'><strong>spiritalia.</strong></span> <span class='ocrx_word' id='word_1_952' title='bbox 2669 5381 2689 5416; x_wconf 83' lang='grc'><em>‹</em></span> <span class='ocrx_word' id='word_1_953' title='bbox 2727 5362 2897 5431; x_wconf 88' lang='lat' dir='ltr'><strong>Quam</strong></span> <span class='ocrx_word' id='word_1_954' title='bbox 2960 5367 3248 5426; x_wconf 78' lang='lat' dir='ltr'><strong>dedicavit.</strong></span> <span class='ocrx_word' id='word_1_955' title='bbox 3288 5391 3308 5425; x_wconf 74' lang='grc' dir='ltr'><strong><em>ι</em></strong></span> <span class='ocrx_word' id='word_1_956' title='bbox 3351 5369 3465 5428; x_wconf 87' lang='lat' dir='ltr'><strong>Hoc</strong></span> 
     </span>
    </p>
   </div>
   <div class='ocr_carea' id='block_1_114' title="bbox 1887 5454 3464 5532">
    <p class='ocr_par' dir='ltr' id='par_1_114' title="bbox 1887 5454 3464 5532">
     <span class='ocr_line' id='line_1_114' title="bbox 1887 5454 3464 5532; baseline 0.006 -23"><span class='ocrx_word' id='word_1_957' title='bbox 1887 5464 1995 5520; x_wconf 85' lang='lat' dir='ltr'><strong>est,</strong></span> <span class='ocrx_word' id='word_1_958' title='bbox 2026 5470 2188 5525; x_wconf 90' lang='lat' dir='ltr'><strong>quam</strong></span> <span class='ocrx_word' id='word_1_959' title='bbox 2217 5454 2543 5520; x_wconf 77' lang='lat' dir='ltr'><strong>construxit.</strong></span> <span class='ocrx_word' id='word_1_960' title='bbox 2572 5471 2734 5526; x_wconf 77' lang='lat' dir='ltr'><strong>quam</strong></span> <span class='ocrx_word' id='word_1_961' title='bbox 2758 5459 3080 5532; x_wconf 58' lang='lat' dir='ltr'><strong>[imparavit</strong></span> <span class='ocrx_word' id='word_1_962' title='bbox 3098 5468 3155 5517; x_wconf 86' lang='lat' dir='ltr'><strong>et</strong></span> <span class='ocrx_word' id='word_1_963' title='bbox 3175 5477 3338 5532; x_wconf 84' lang='lat' dir='ltr'><strong>quam</strong></span> <span class='ocrx_word' id='word_1_964' title='bbox 3362 5464 3464 5518; x_wconf 87' lang='lat' dir='ltr'><strong>ini-</strong></span> 
     </span>
    </p>
   </div>
   <div class='ocr_carea' id='block_1_115' title="bbox 1893 5546 3460 5618">
    <p class='ocr_par' dir='ltr' id='par_1_115' title="bbox 1893 5546 3460 5618">
     <span class='ocr_line' id='line_1_115' title="bbox 1893 5546 3460 5618; baseline 0.004 -15"><span class='ocrx_word' id='word_1_965' title='bbox 1893 5548 2068 5606; x_wconf 84' lang='lat' dir='ltr'><strong>tiavit.</strong></span> <span class='ocrx_word' id='word_1_966' title='bbox 2125 5546 2408 5609; x_wconf 81' lang='lat' dir='ltr'><strong>Dedicatio</strong></span> <span class='ocrx_word' id='word_1_967' title='bbox 2467 5547 2666 5618; x_wconf 82' lang='lat' dir='ltr'><strong>quippe</strong></span> <span class='ocrx_word' id='word_1_968' title='bbox 2719 5548 2918 5609; x_wconf 81' lang='lat' dir='ltr'><strong>dicitur</strong></span> <span class='ocrx_word' id='word_1_969' title='bbox 2979 5552 3196 5608; x_wconf 85' lang='lat' dir='ltr'><strong>initium</strong></span> <span class='ocrx_word' id='word_1_970' title='bbox 3253 5555 3460 5610; x_wconf 89' lang='lat' dir='ltr'><strong>utendi.</strong></span> 
     </span>
    </p>
   </div>
   <div class='ocr_carea' id='block_1_116' title="bbox 1892 5639 3458 5714">
    <p class='ocr_par' dir='ltr' id='par_1_116' title="bbox 1892 5639 3458 5714">
     <span class='ocr_line' id='line_1_116' title="bbox 1892 5639 3458 5714; baseline 0.003 -19"><span class='ocrx_word' id='word_1_971' title='bbox 1892 5641 2064 5709; x_wconf 89' lang='lat' dir='ltr'><strong>Quam</strong></span> <span class='ocrx_word' id='word_1_972' title='bbox 2085 5639 2428 5710; x_wconf 84' lang='lat' dir='ltr'><strong>praeparavit,</strong></span> <span class='ocrx_word' id='word_1_973' title='bbox 2459 5640 2652 5710; x_wconf 88' lang='lat' dir='ltr'><strong>inquit,</strong></span> <span class='ocrx_word' id='word_1_974' title='bbox 2678 5650 2733 5697; x_wconf 93' lang='lat' dir='ltr'><strong>et</strong></span> <span class='ocrx_word' id='word_1_975' title='bbox 2758 5658 2856 5712; x_wconf 89' lang='lat' dir='ltr'><strong>per</strong></span> <span class='ocrx_word' id='word_1_976' title='bbox 2877 5659 3042 5713; x_wconf 81' lang='lat' dir='ltr'><strong>quam</strong></span> <span class='ocrx_word' id='word_1_977' title='bbox 3063 5644 3178 5712; x_wconf 89' lang='lat' dir='ltr'><strong>ipse</strong></span> <span class='ocrx_word' id='word_1_978' title='bbox 3197 5648 3458 5714; x_wconf 79' lang='lat' dir='ltr'><strong>perrexit.</strong></span> 
     </span>
    </p>
   </div>
   <div class='ocr_carea' id='block_1_117' title="bbox 1898 5733 3460 5808">
    <p class='ocr_par' dir='ltr' id='par_1_117' title="bbox 1898 5733 3460 5808">
     <span class='ocr_line' id='line_1_117' title="bbox 1898 5733 3460 5808; baseline 0.004 -22"><span class='ocrx_word' id='word_1_979' title='bbox 1898 5751 1918 5786; x_wconf 73' lang='grc' dir='ltr'>ι</span> <span class='ocrx_word' id='word_1_980' title='bbox 1957 5733 2108 5788; x_wconf 85' lang='lat' dir='ltr'><strong>Viam</strong></span> <span class='ocrx_word' id='word_1_981' title='bbox 2139 5747 2333 5808; x_wconf 88' lang='lat' dir='ltr'><strong>novam</strong></span> <span class='ocrx_word' id='word_1_982' title='bbox 2379 5742 2433 5788; x_wconf 90' lang='lat' dir='ltr'><strong>et</strong></span> <span class='ocrx_word' id='word_1_983' title='bbox 2481 5735 2657 5792; x_wconf 87' lang='lat' dir='ltr'><strong>vivam</strong></span> <span class='ocrx_word' id='word_1_984' title='bbox 2689 5754 2706 5786; x_wconf 73' lang='grc' dir='ltr'>ι</span> <span class='ocrx_word' id='word_1_985' title='bbox 2737 5734 2834 5790; x_wconf 85' lang='lat' dir='ltr'><strong>Hic</strong></span> <span class='ocrx_word' id='word_1_986' title='bbox 2873 5738 3297 5794; x_wconf 86' lang='lat' dir='ltr'><strong>satisfactionem</strong></span> <span class='ocrx_word' id='word_1_987' title='bbox 3347 5741 3460 5808; x_wconf 91' lang='lat' dir='ltr'><strong>spei</strong></span> 
     </span>
    </p>
   </div>
   <div class='ocr_carea' id='block_1_118' title="bbox 1891 5805 3462 5892">
    <p class='ocr_par' dir='ltr' id='par_1_118' title="bbox 1891 5805 3462 5892">
     <span class='ocr_line' id='line_1_118' title="bbox 1891 5805 3462 5892; baseline 0.004 -10"><span class='ocrx_word' id='word_1_988' title='bbox 1891 5805 2182 5892; x_wconf 73' lang='lat' dir='ltr'><strong>declarat,</strong></span> <span class='ocrx_word' id='word_1_989' title='bbox 2215 5839 2406 5880; x_wconf 87' lang='lat' dir='ltr'><strong>novam</strong></span> <span class='ocrx_word' id='word_1_990' title='bbox 2452 5825 2655 5884; x_wconf 83' lang='lat' dir='ltr'><strong>dicens.</strong></span> <span class='ocrx_word' id='word_1_991' title='bbox 2715 5825 2953 5884; x_wconf 84' lang='lat' dir='ltr'><strong>Conatur</strong></span> <span class='ocrx_word' id='word_1_992' title='bbox 3003 5827 3148 5885; x_wconf 89' lang='lat' dir='ltr'><strong>enim</strong></span> <span class='ocrx_word' id='word_1_993' title='bbox 3179 5829 3462 5891; x_wconf 81' lang='lat' dir='ltr'><strong>ostendere</strong></span> 
     </span>
    </p>
   </div>
  </div>
