3992 6338
650 328 754 388 785

1251 326 1316 383 B.
1356 325 1612 383 annm
1647 295 1870 383 unum
1903 307 2224 384 ARCHIEP.
2265 321 2576 380 uocum.
2619 320 2906 381 ornem:
2941 323 3126 382 rans
3164 327 3250 383 ιιι.
3435 351 3444 358 -
3718 343 3779 400 τε,

647 446 844 502 cuncta
858 439 1068 512 majora
1082 452 1182 495 nos
1196 439 1420 506 habere,
1436 441 1480 496 si
1498 419 1874 510 quidem‘nunc
1887 448 2086 510 apertae
2099 444 2225 494 sunt
2251 440 2302 500 Α
2329 435 2470 491 diem
2498 435 2623 490 vitae
2669 437 2905 491 nostrae?
2933 438 3074 493 Dieit
3101 440 3246 494 enim
3275 439 3374 495 alio
3396 439 3501 498 loco
3527 461 3538 497 :
3569 464 3583 496 (
3608 447 3781 512 ῡοωῑηηε

644 547 817 610 portae
843 532 985 599 cteli,
1023 535 1164 606 quod
1188 549 1364 603 neque
1386 535 1452 588 ad
1486 534 1765 589 Abraham
1795 534 2040 604 contigit.
2069 535 2222 588 Viam

2334 547 2352 578 ι
2383 543 2552 598 prope
2574 537 2679 607 est,
2711 529 2844 582 nihil
2869 528 3085 584 solliciti
3122 531 3241 584 sitis
3264 529 3468 601 (Philip.
3504 535 3590 606 iv),
3621 557 3635 589 ι
3661 540 3696 594 id
3718 553 3780 609 est,

643 647 844 689 novam
863 630 1168 686 dixitvitzez
1196 628 1288 682 sed
1307 627 1446 682 viam
1465 625 1692 699 [vivam]
1715 627 1859 682 illam
1873 627 2106 690 vocavit,
2124 626 2226 679 hoc
2329 621 2395 676 de
2427 622 2689 688 terrenis;
2725 631 2780 676 et
2809 622 2936 675 item
2973 641 2983 675 :
3012 621 3164 678 Tunc
3197 643 3214 673 ε
3241 625 3474 693 proprior
3496 637 3566 681 est
3590 633 3700 686 nobis
3731 651 3782 690 sa-

645 733 752 790 est,
775 730 1068 794 prmeepta.
1101 721 1221 790 lpse
1245 730 1425 774 autem
1449 720 1718 775 dedicavit
1746 735 1939 773 novam
1967 738 1978 771 :
2006 718 2224 772 dedica-

2327 711 2413 768 lus
2435 721 2640 778 nostra,
2671 727 2833 782 quam
2858 728 2980 768 cum
3012 713 3339 770 credidimus
3360 714 3642 791 (Romuli).
3661 721 3783 783 »Τρω-

645 817 728 872 vit
756 825 938 872 autem
961 815 1107 870 illam
1133 815 1238 872 hac
1261 815 1494 881 ratione,
1525 812 1779 882 quoniam
1800 812 1914 882 ipse
1937 810 1990 864 in
2012 827 2074 864 ea
2103 824 2229 878 per—
2329 821 2431 876 pus
2451 806 2597 861 enim
2619 805 2992 860 abbreviatum
3017 814 3120 860 est.

644 910 806 967 rexit.
831 909 1209 964 Velamentum
1231 915 1415 964 autem
1440 907 1636 962 merito
1668 904 1913 960 vocavit:
1941 919 2062 958 cum
2081 901 2226 957 enim

647 1002 889 1058 elevatus
909 1010 1051 1057 esset
1073 1001 1128 1056 in
1147 1001 1443 1062 excelsum,
1459 1009 1568 1053 tum
1587 1004 1949 1068 apparuerunt
1964 995 2228 1050 coelestia.

725 1113 744 1148 ι
779 1095 1118 1150 Accedamus
1144 1109 1266 1150 cum
1292 1108 1422 1149 vero
1450 1092 1614 1148 corde
1641 1092 1693 1146 in
1721 1089 2054 1161 plenitudine
2083 1087 2228 1153 ﬁdei,

653 1209 672 1244 ι
720 1189 928 1260 aspersi
977 1187 1142 1244 corda
1172 1202 1202 1242 a
1231 1186 1561 1242 conscientia
1602 1184 1767 1250 mala,
1798 1190 1853 1238 et
1891 1181 2055 1237 abluti
2087 1195 2231 1236 .cor-

652 1305 674 1340 ‹
717 1301 820 1357 pus
841 1301 981 1355 aqua
1004 1283 1222 1339 munda.
1238 1302 1255 1333 ι
1285 1279 1492 1352 (Ιοαη.)
1515 1279 1570 1334 ln
1593 1295 1699 1350 quo
1720 1277 2074 1334 accedamus?
2097 1275 2234 1330 San-

647 1375 860 1439 ctitate,
887 1373 1010 1440 ﬁde,
1040 1371 1267 1442 spiritali
1296 1369 1526 1425 cultura.
1568 1387 1586 1419 (
1618 1368 1674 1422 ln
1704 1367 1882 1422 veraci
1910 1367 2072 1422 corde
2117 1365 2234 1420 sine

647 1465 1008 1527 simulatione,
1035 1464 1087 1518 in
1113 1461 1484 1518 satisfactione
1507 1459 1627 1515 ﬁdei
1649 1477 1662 1525 ;
1683 1461 1809 1532 quia
1832 1459 1964 1514 nihil
1994 1466 2076 1512 est
2100 1449 2233 1510 visi-

641 1559 754 1615 bile
784 1559 997 1621 horum,
1030 1572 1205 1626 neque
1246 1555 1500 1611 sacerdos
1517 1555 1651 1628 jam,
1683 1570 1855 1625 neque
1885 1553 2231 1618 sacriﬁcium,

2407 918 2426 950 ‹
2463 897 2775 953 Voluntarie
2823 899 2970 953 enim
3009 900 3357 968 peccantibus
3394 901 3532 958 nobis
3571 915 3666 974 post
3688 923 3782 966 acce-

2339 1008 2358 1041 ι
2391 998 2539 1061 ptam
2569 989 2814 1044 notitiam
2839 991 3085 1046 veritatis
3106 989 3222 1060 jam
3252 1007 3355 1048 non
3395 994 3660 1066 relinquitur
3678 1000 3783 1058 hostia

2339 1101 2358 1134 ι
2394 1097 2494 1152 pro
2519 1083 2779 1152 peccatis.
2813 1103 2832 1136 ›
2869 1082 3057 1155 (Alb.).
3089 1082 3294 1155 Sponte
3317 1101 3529 1158 namque
3550 1093 3784 1158 peccantibus

2332 1177 2512 1242 nobis,
2556 1177 2841 1248 postquam
2872 1179 3186 1249 accepimus
3211 1182 3446 1238 veritatis
3467 1186 3734 1256 agnitionem,
3754 1200 3784 1244 et

2332 1267 2476 1324 ultra
2516 1284 2624 1324 non
2669 1270 2996 1340 relinquitur
3027 1273 3205 1328 hostia
3251 1290 3345 1345 pro
3382 1278 3602 1345 peccatis,
3640 1280 3732 1334 sicut
3754 1283 3783 1335 in

2334 1361 2504 1415 veteri
2533 1360 2652 1433 lege
2690 1362 2950 1417 donatum
2998 1363 3102 1419 fuit
3139 1365 3344 1421 hostias
3368 1367 3542 1424 offerre
3572 1371 3714 1440 saepius
3729 1387 3783 1442 pro

2333 1460 2576 1521 peccato.
2609 1451 2793 1522 Neque
2817 1454 2963 1508 enim
2997 1453 3250 1512 Christus
3273 1457 3380 1528 ipse
3412 1459 3580 1514 iterum
3602 1461 3783 1517 immolan-

2337 1545 2437 1600 dus
2464 1554 2548 1600 est
2576 1561 2676 1617 pro
2702 1549 2941 1618 peccatis
2963 1551 3168 1605 nostris
3195 1569 3207 1604 :
3239 1552 3340 1606 hoc
3364 1553 3494 1607 enim
3516 1554 3646 1609 semel
3663 1555 3784 1612 factum

641 1665 822 1722 neque
868 1648 1058 1703 altare.
1107 1648 1402 1719 Propterea
1430 1691 1444 1716 ,
1493 1649 1701 1720 inquit,
1738 1667 1757 1699 ι
1795 1648 1851 1702 in
1901 1645 2235 1717 plenitudine
2336 1647 2440 1706 est,
2477 1650 2533 1695 et
2575 1643 2814 1697 secundo
2859 1658 2965 1698 non
2993 1652 3079 1700 est
3121 1661 3296 1715 opus;
3329 1648 3416 1702 sed
3445 1649 3590 1719 magis
3617 1664 3710 1720 opus
3725 1663 3783 1716 est,

645 1741 791 1796 ﬁdei.
838 1763 856 1793 ι
893 1739 985 1796 Sic
1015 1749 1231 1812 oportet
1276 1741 1522 1807 credere,
1563 1740 1836 1811 quomodo
1881 1739 2017 1795 certi
2049 1753 2235 1793 sumus
2336 1741 2457 1803 post
2488 1743 2765 1804 acceptam
2795 1736 3026 1806 gratiam
3057 1753 3375 1808 permanere
3405 1740 3451 1794 in
3477 1740 3566 1796 ﬁde
3586 1751 3628 1796 et
3644 1744 3783 1798 veritate

645 1833 712 1889 de
761 1832 1088 1899 visibilibns,
1137 1843 1194 1888 et
1241 1833 1419 1888 adhuc
1475 1833 1727 1902 amplius.
1792 1829 1893 1886 Hic
1937 1829 2084 1885 enim
2140 1827 2312 1899 ali-B
2341 1825 3354 1901 bonorumOperum.(Joan.)Arborcs
3374 1833 3784 1902 quaaheneinsﬁtuta

643 1929 864 2000 quando
909 1927 1095 1983 carnis
1143 1941 1336 1982 sensus
1359 1935 1546 1981 errant
1575 1926 1629 1979 in
1667 1925 1754 1981 his
1790 1940 1912 1994 qua:
1934 1923 2232 1978 videntur:

643 2020 754 2076 illic
803 2028 985 2074 autem
1028 2032 1396 2089 nequaquam,
1425 2017 1552 2087 quia
1599 2016 1791 2087 spiritu
1823 2015 2083 2086 spiritalia
2117 2029 2239 2084 per—

644 2115 910 2185 cipimus,
959 2122 1016 2168 et
1059 2127 1167 2168 non
1224 2111 1352 2168 licet
1398 2111 1652 2166 hmsitare
1707 2109 1773 2164 de
1810 2109 1910 2164 eis.
1963 2108 2087 2163 ldeo
2138 2107 2234 2172 ait,

651 2225 671 2257 ι
701 2204 924 2276 Aspersi
948 2203 1112 2259 corda
1148 2217 1180 2257 a
1218 2201 1551 2258 conscientia
1575 2200 1738 2256 mala.
1781 2219 1798 2252 ι
1831 2198 2081 2255 Ostendit
2110 2197 2234 2269 quia

639 2315 753 2354 non
782 2297 916 2354 ﬁdes
933 2298 1070 2363 sola,
1096 2297 1192 2353 sed
1221 2297 1387 2352 etiam
1411 2295 1523 2350 vita
1565 2311 1689 2350 cum
1713 2295 1918 2350 virtute
1951 2292 2234 2362 quaeritur,

645 2390 771 2460 quia
813 2388 948 2445 ﬁdes
988 2389 1107 2444 sine
1153 2387 1412 2458 operibus
1461 2388 1634 2442 otiosa
1663 2394 1765 2442 est.
1796 2385 1873 2440 llli
1903 2393 2084 2448 autem
2109 2398 2234 2438 cor-

641 2496 779 2552 pora
805 2480 1158 2546 mundabant,
1189 2496 1288 2536 nos
1314 2479 1724 2536 conscientiam.
1760 2496 1779 2529 ε
1815 2478 1883 2532 Ει
1903 2477 2072 2533 abluti
2096 2489 2236 2546 aqua

645 2573 903 2628 munda.»
937 2572 1246 2628 Lavacrum
1278 2571 1623 2643 baptismatis
1653 2573 1710 2628 in
1764 2573 1868 2627 hoc
1897 2569 2017 2626 loco
2064 2569 2234 2626 dicit:

641 2666 978 2736 baptismum
1031 2664 1178 2721 enim
1233 2665 1476 2738 corporis
1525 2663 1804 2720 mundatio
1845 2678 1954 2719 non
2009 2670 2112 2728 est,
2144 2661 2239 2717 sed

644 2757 862 2822 animae,
890 2757 936 2812 si
964 2755 1099 2813 ﬁdes
1131 2757 1290 2814 adest
1323 2757 1622 2827 baptizato,
1647 2756 1762 2812 sive
1785 2763 2093 2827 parentum,
2123 2755 2239 2810 sive

642 2851 1040 2921 suimctipsius,
1064 2850 1109 2907 si
1145 2851 1216 2906 ad
1257 2850 1636 2906 rationabilem
1666 2857 1880 2905 aetatem
1904 2847 2234 2920 perveniret.

650 2963 669 2995 ι
704 2943 1008 2999 Teneamus
1049 2943 1164 3014 spei
1214 2950 1417 2998 nostra:
1445 2941 1842 2998 confessionem
1879 2939 2237 2997 indeclinabi-

649 3057 667 3090 ι
697 3037 832 3092 lem:
862 3035 1034 3091 ﬁdelis
1054 3042 1139 3090 est
1166 3035 1308 3091 enim
1338 3035 1430 3106 qui
1456 3035 1786 3106 repromisit.
1821 3051 1841 3086 ι
1871 3031 2079 3104 (Ιοαη.)
2096 3030 2240 3086 Nihil

643 3130 790 3185 enim
827 3128 1111 3192 scruteris,
1141 3126 1218 3182 nil
1254 3127 1484 3182 rationis
1508 3135 1813 3196 exspectes,
1847 3123 1952 3178 ﬁde
1979 3138 2116 3193 opus
2141 3122 2239 3176 ha-

2338 1924 2483 1982 sunt,
2509 1924 2564 1970 et
2584 1927 2838 1971 cameram
2872 1917 3184 1974 habuerunt
3206 1920 3516 1993 diligentiam
3548 1924 3782 1994 agricolam

2337 2006 2639 2062 adhibitam
2677 2008 2930 2065 manibus
2959 2020 3126 2082 atque
3164 2011 3449 2079 laboribus,
3476 2016 3514 2068 si
3541 2013 3688 2067 nullam
3708 2012 3784 2067 rele-

2339 2105 2462 2152 rant
2486 2097 2686 2154 laboris
2705 2100 3165 2170 vicissitudinem,
3189 2103 3436 2160 radicitus
3450 2103 3613 2160 evulsa
3631 2104 3704 2174 igni
3720 2115 3783 2157 tn-

2338 2187 2557 2242 duntur.
2583 2189 2713 2245 Tale
2735 2193 2992 2260 quiddam
3022 2193 3076 2248 ei
3107 2193 3164 2248 in
3192 2209 3351 2251 causa
3383 2195 3580 2266 contigit
3599 2195 3784 2264 baptisma-

2337 2279 2426 2334 tis.
2443 2278 2581 2334 Cum
2618 2281 2763 2336 enim
2789 2298 2889 2338 nos
2915 2283 3171 2341 Christus
3201 2286 3498 2352 instituerit,
3523 2295 3570 2342 et
3585 2285 3782 2357 irrigatione

2338 2370 2568 2440 spiritali
2612 2372 2766 2442 potiti
2811 2371 3098 2442 fuerimus,
3133 2376 3178 2432 si
3229 2377 3417 2432 deinde
3443 2376 3612 2432 nullum
3641 2375 3782 2430 fructm

2337 2463 2655 2532 all‘eramus,
2682 2466 2823 2538 ignis
2851 2483 2950 2523 nos
2976 2470 3316 2540 exspectabit
3344 2471 3574 2543 gehennze
3595 2478 3637 2525 et
3657 2467 3784 2523 ﬂamma

2338 2556 2814 2628 inexstinguibilis.
2840 2559 3040 2617 Paulus
3064 2562 3233 2631 igitur
3257 2562 3488 2618 hortatur
3505 2561 3560 2616 ad
3579 2560 3783 2616 charitatem

2337 2656 2395 2703 et
2418 2647 2896 2716 fructiﬁcationem
2927 2653 3198 2709 bonorum
3226 2669 3458 2726 operum,
3485 2669 3542 2710 ex
3573 2649 3784 2707 utilibusin-

2337 2742 2536 2797 vitans.
2565 2741 2698 2811 Quae
2727 2755 2852 2799 sunt
2877 2753 3063 2800 autem
3091 2746 3209 2802 haec
3244 2746 3389 2802 utilia
3410 2747 3432 2800 ?
3453 2745 3661 2814 Quoniam
3679 2740 3785 2796 introi-

2341 2843 2454 2890 tum
2477 2836 2743 2893 habemus
2768 2837 2836 2892 ad
2861 2846 3077 2905 sancta,
3120 2855 3284 2910 quam
3309 2837 3550 2895 dedicavit
3579 2835 3690 2892 nobis
3703 2833 3783 2887 via

2337 2946 2555 2986 novam.
2609 2931 2907 3002 Postquam
2955 2949 3024 2990 ex
3076 2934 3296 2990 utilibus
3340 2933 3563 2988 invitavit
3599 2931 3649 2984 ad
3688 2939 3784 2998 open

2338 3023 2504 3089 bona,
2553 3023 2668 3080 vult
2712 3027 2877 3080 etiam
2923 3041 3072 3081 nunc
3117 3042 3186 3082 ex
3237 3025 3518 3081 metuendis
3553 3031 3598 3078 ct
3633 3018 3784 3075 tristibus

2339 3115 2572 3185 idipsum
2615 3115 2749 3172 item
2799 3115 3000 3172 facere.
3034 3115 3330 3188 Postquam
3369 3115 3500 3172 enim
3535 3106 3783 3168 dixitzillm

641 3223 771 3278 bent
797 3222 913 3278 haec
937 3221 1143 3285 omnia,
1179 3219 1309 3291 quia
1337 3236 1356 3271 ι
1392 3219 1510 3274 sine
1535 3218 1640 3274 ﬁde
1667 3215 1999 3288 impossibile
2019 3215 2236 3286 placere
2261 3201 2308 3266 C
2337 3207 2783 3278 derelinquamus
2802 3209 3280 3280 congregationem
3301 3217 3539 3272 nostram,
3557 3199 3784 3275 quemadmo-

644 3316 758 3372 Deo
799 3316 988 3388 (Hebr.
1017 3314 1164 3388 xm).
1215 3333 1234 3367 ι
1280 3313 1435 3370 Sicut
1478 3313 1623 3370 Deus
1671 3313 1846 3370 ﬁdelis
1884 3321 1969 3370 est
2009 3313 2063 3367 in
2110 3327 2234 3383 pro-

2352 3299 2466 3353 lum
2519 3300 2840 3370 quibusdam
2890 3316 3020 3356 usus
3080 3309 3202 3368 est,
3254 3300 3346 3356 sed
3390 3298 3674 3356 exhortantes
3698 3295 3783 3343 tanto

641 3410 827 3465 missis
865 3410 997 3475 suis,
1029 3409 1104 3464 ita
1140 3406 1327 3463 ﬁdeles
1373 3406 1491 3463 vult
1540 3422 1641 3464 nos
1687 3422 1809 3462 esse
1848 3406 1903 3461 in
1950 3405 2236 3476 promissis
2340 3394 2594 3464 amplius,
2620 3404 2824 3464 quanto
2845 3395 3040 3452 νῖάθιίε
3066 3397 3558 3468 ερρτορίηιιυεηιθω
3575 3390 3782 3483 diem"?

643 3501 888 3568 nostris,
947 3515 1068 3571 quae
1116 3499 1370 3555 novimus
1429 3498 1643 3556 diabolo
1703 3474 2118 3566 contradicere,
2181 3504 2238 3552 et
2339 3485 2464 3541 ῑιιιίῑ
2491 3486 2676 3542 dicens
2721 3507 2734 3540 ε
2771 3505 2790 3538 ⁴
2838 3486 3042 3558 δροίιιθ
3092 3504 3329 3560 namque
3377 3481 3664 3559 Ρθοωηίίδυδ
3696 3474 3783 3530 nobis

647 3589 868 3646 Christo
909 3591 1112 3646 dicere.
1147 3608 1166 3641 ι
1202 3589 1270 3644 Ει
1296 3589 1704 3647 consideremus
1747 3589 1981 3646 invicem
2009 3590 2064 3646 in
2111 3603 2238 3659 pro—

653 3701 673 3735 c
705 3684 988 3750 vocatione
1019 3681 1302 3738 charitatis
1323 3691 1378 3738 et
1397 3682 1662 3738 bonorum
1681 3698 1930 3754 operum,
1951 3696 2059 3738 non
2086 3681 2241 3737 dese-

652 3791 672 3824 ι
708 3782 889 3829 rentes
914 3773 1291 3830 collectionem
1314 3781 1580 3840 nostram,
1613 3774 1756 3830 sicut
1785 3781 1869 3830 est
1889 3773 2240 3830 consuetudi-

652 3883 671 3916 ι
707 3864 791 3920 nis
818 3865 1194 3935 quibusdama
1221 3865 1360 3933 Quid
1391 3875 1475 3922 est
1499 3884 1518 3917 ε
1542 3865 1908 3934 intelligamus
1945 3867 2233 3922 invicem.»

647 3954 707 4010 Si
730 3955 852 4027 quis
884 3955 1048 4012 fuerit
1073 3957 1275 4013 virtute
1299 3958 1577 4028 praeditus,
1603 3958 1748 4014 hunc
1777 3958 2076 4026 imitemur,
2101 3966 2156 4014 et
2184 3959 2240 4014 in

646 4062 770 4102 eum
799 4047 1165 4114 intendamus,
1210 4058 1272 4102 ut
1312 4047 1598 4119 diligamus
1626 4057 1682 4102 et
1709 4047 1997 4120 diligamur
2021 4067 2032 4102 :
2060 4065 2126 4104 ex
2154 4049 2239 4104 di-

646 4139 880 4196 lectione
909 4141 1106 4210 quippe
1156 4141 1297 4197 bona
1326 4156 1492 4210 opera
1539 4141 1693 4194 ﬁunt.
1745 4141 1995 4212 Magnum
2043 4141 2242 4213 quippe

647 4232 848 4288 bonum
873 4242 957 4287 est
985 4235 1359 4306 congregatio:
1381 4237 1495 4305 ipsa
1509 4251 1739 4306 namque
1761 4236 2085 4292 charitatem
2109 4253 2241 4307 ope-

646 4333 800 4376 ratur
837 4321 1243 4388 l‘erventiorem,
1281 4332 1336 4378 et
1363 4340 1430 4380 ex
1471 4341 1536 4380 ea
1566 4335 1759 4382 cuncta
1785 4326 1927 4382 bona
1954 4342 2118 4396 opera
2145 4343 2240 4398 ge-

648 4423 913 4470 nerantur
945 4433 957 4468 :
989 4415 1122 4470 nihil
1152 4431 1389 4486 namque
1417 4417 1638 4484 bonum,
1668 4420 1810 4488 quod
1837 4435 1944 4474 non
1989 4434 2086 4490 per
2119 4420 2243 4474 cha-

647 4507 866 4562 ritatem
895 4505 975 4561 ﬁt.
995 4506 1159 4562 Istam
1180 4506 1346 4578 igitur
1365 4509 1748 4565 conﬁrmemus
1761 4510 1815 4564 in
1839 4511 2092 4578 invicem,
2113 4511 2241 4582 quia

656 4615 675 4649 ι
705 4597 984 4668 plenitudo
1011 4597 1146 4670 legis
1173 4598 1415 4655 charitas
1440 4609 1544 4656 est.
1575 4621 1594 4654 ι
1623 4600 1738 4656 Νοιι
1782 4603 1927 4658 enim
1968 4603 2242 4660 laboribus

647 4702 782 4756 opus
805 4688 1088 4756 habemus,
1104 4696 1196 4742 aut
1211 4689 1526 4745 sudoribus:
1547 4691 1593 4746 si
1616 4692 1964 4748 dilexerimus
1986 4693 2240 4761 invicem,

649 4789 945 4849 spontanea
971 4780 1125 4836 nobis
1145 4781 1232 4836 via
1255 4784 1642 4852 prosternitur,
1663 4785 1866 4841 ducens
1886 4785 1953 4840 ad
1983 4785 2241 4840 virtutem

647 4880 704 4925 et
728 4872 794 4926 ad
825 4870 1088 4925 coelestia.
1141 4871 1294 4928 Sicut
1347 4876 1492 4929 enim
1537 4875 1589 4929 in
1638 4876 1833 4932 itinere
1873 4877 2162 4949 contingit,
2194 4877 2240 4934 si

651 4963 776 5034 quis
819 4963 1032 5017 initium
1084 4967 1514 5034 comprehcndit,
1560 4976 1709 5023 recta
1747 4969 1830 5022 via
1879 4969 2112 5034 ducitur,
2148 4971 2240 5028 ubi

651 5063 900 5126 oportet:
926 5055 1005 5110 sic
1033 5057 1198 5112 etiam
1228 5058 1279 5112 in
1317 5059 1612 5125 charitate;
1639 5069 1850 5116 tantum
1879 5061 2062 5134 arripe
2091 5064 2240 5133 prin-

653 5147 872 5217 cipiunt,
900 5157 955 5204 et
985 5151 1170 5205 statim
1197 5167 1414 5206 manum
1444 5153 1540 5208 tibi
1568 5155 1842 5223 praebens,
1874 5154 1986 5226 ipsa
2023 5163 2073 5210 te
2093 5157 2242 5212 ducit

647 5240 926 5316 etdirigit.
961 5262 980 5295 ι
1016 5243 1192 5313 Sicut,
1223 5247 1430 5318 inquit,
1470 5258 1554 5304 est
1581 5251 1989 5308 consuetudinis
2017 5253 2240 5323 quibus-

647 5333 792 5390 dam.
844 5335 1051 5409 (ΑΜ.)
1101 5338 1160 5392 ln
1205 5339 1310 5393 hoc
1362 5338 1481 5394 loco
1534 5357 1639 5396 non
1695 5343 1869 5399 solum
1917 5343 2238 5409 admonuit,

645 5426 741 5482 sed
801 5427 968 5482 etiam
1027 5428 1268 5498 culpavit
1322 5437 1378 5484 et
1435 5432 1630 5486 terruit
1675 5433 1939 5489 unitatem
2000 5433 2242 5489 charita-

647 5517 717 5573 tis
767 5518 1096 5574 scindentes.
1131 5538 1150 5570 (
1196 5516 1304 5574 Sed
1362 5520 1708 5577 consolantes
1747 5532 1804 5578 et
1852 5532 2005 5581 tanto
2045 5527 2242 5598 magis,

647 5618 852 5679 quanto
901 5609 1148 5665 videritis
1204 5612 1723 5682 appropinquantem
1778 5615 1939 5670 diem.
2004 5637 2022 5668 ι
2071 5617 2243 5687 Quem

647 5702 792 5756 diem
837 5701 1119 5772 designat,
1174 5703 1278 5758 nisi
1332 5703 1474 5759 diem
1516 5705 1739 5775 judicii,
1797 5707 1850 5762 in
1899 5723 2006 5778 quo
2058 5711 2245 5779 singu-

655 5805 814 5848 orum
858 5794 1052 5850 merita
1091 5793 1515 5861 examinantur,
1577 5796 1660 5851 vel
1707 5797 1873 5853 etiam
1929 5806 2245 5857 extremum

2345 3599 2364 3632 ι
2383 3589 2668 3652 postquam
2687 3582 2995 3653 accepimus
3011 3582 3265 3639 veritatis
3277 3571 3781 3655 agnitionem.i0p0509‘u

2339 3672 2535 3744 inquit,
2565 3674 2725 3731 bonis
2752 3674 3006 3745 operibus
3034 3693 3048 3730 :
3081 3691 3220 3746 opus
3249 3683 3329 3732 est
3351 3675 3500 3740 enim,
3521 3679 3565 3726 et
3586 3665 3694 3720 valde
3707 3671 3784 3731 ollus

2342 3778 2446 3824 est.
2483 3786 2502 3820 ‹
2537 3768 2745 3839 Sponte
2774 3785 3014 3842 namque
3061 3769 3411 3842 peccantibus
3438 3765 3581 3826 nobis,

2340 3861 2648 3932 accepimus
2673 3861 2918 3918 veritatis
2966 3863 3324 3933 agnitionem,
3363 3859 3490 3914 ultra
3518 3870 3602 3911 non
3620 3849 3782 3945 relinqui-

2340 3961 2433 4008 tur
2460 3954 2635 4009 hostia
2661 3970 2761 4027 pro
2788 3957 3082 4027 peccatis.)
3116 3956 3394 4011 Mundatus
3418 3968 3488 4016 es,
3506 3951 3668 4004 liberes
3685 3957 3702 3994 a
3720 3951 3782 3989 crt-

2341 4047 2603 4113 minibus,
2633 4046 2809 4103 factus
2838 4063 2898 4102 es
2925 4047 3066 4103 ﬁlius
3093 4048 3211 4103 Dei.
3238 4046 3291 4102 Si
3319 4047 3383 4100 ad
3409 4045 3601 4116 primum
3622 4031 3780 4089 vomitum

2342 4152 2598 4192 reversus
2623 4137 2814 4204 fueris,
2841 4138 2987 4193 aliud
3017 4147 3070 4194 te
3097 4145 3374 4210 exspectat
3390 4134 3608 4208 judicium
3639 4123 3706 4181 nisi
3728 4131 3782 4188 ρετ

2340 4229 2718 4298 penitentiam
2774 4239 3068 4284 renovatus
3128 4230 3317 4286 fueris.
3372 4228 3485 4282 ldeo
3518 4219 3782 4308 ειιιιεθίιυθξίξτ

2343 4322 2420 4376 ait
2449 4339 2461 4374 :
2503 4341 2522 4372 ‹
2553 4320 2838 4376 Terribilis
2885 4321 3064 4377 autem
3096 4323 3339 4392 quaedam
3363 4303 3780 4386 cxspectatiojuzlicii.

2348 4431 2367 4464 ι
2407 4421 2462 4468 ει
2482 4414 2620 4484 ignis
2645 4413 2942 4481 aemulatio,
2995 4431 3118 4486 quae
3145 4422 3511 4484 consumptura
3533 4413 3599 4463 est
3623 4400 3780 4456 adversa-

2350 4523 2368 4556 ι
2408 4505 2540 4560 rios.
2581 4525 2598 4556 ι
2627 4504 2685 4560 ln
2713 4507 2818 4562 hoc
2866 4522 2974 4562 non
3013 4507 3389 4575 paenitentiam
3434 4495 3638 4559 exclusit,
3681 4492 3782 4550 ποιυε

2346 4597 2786 4668 propitiationem
2830 4612 2952 4668 qute
2979 4598 3041 4654 ﬁt
3084 4614 3186 4669 per
3228 4594 3580 4670 pmnitentiam,
3605 4585 3781 4650 nedum

2346 4690 2496 4762 pellit
2535 4700 2590 4745 et
2639 4690 2823 4760 dejicit
2865 4707 2966 4762 per
3015 4693 3436 4764 desperationem
3463 4678 3779 4768 ἀειίηίῐυφίείξξ

2345 4750 2451 4836 non
2476 4780 2622 4836 enim
2661 4750 2736 4836 ita
2758 4791 2842 4836 est
2865 4750 3129 4838 inimicus
3169 4782 3354 4839 salutis
3383 4787 3570 4836 nostra.
3588 4750 3781 4858 Sedg‘l‘fd?

2345 4871 2657 4928 Secundum
2691 4889 2926 4944 namque
2952 4874 3186 4930 exclusit
3206 4875 3466 4929 lavacrum
3489 4849 3780 4953 baptisilti."1it‘!‘l1

2345 4966 2490 5021 enim
2518 4965 2672 5031 dixit,
2712 4943 2949 5021 Noniest
2999 4967 3141 5022 ultra
3184 4963 3672 5039 poenitentiazneque
3689 4943 3778 4998 dixit.

2343 5061 2496 5118 Ultra
2524 5079 2630 5118 non
2655 5070 2742 5118 est
2769 5061 3048 5128 remissio;
3079 5062 3173 5118 sed
3203 5060 3389 5123 hostia,
3419 5052 3582 5123 inquit,
3607 5042 3778 5098 ultram‘II

2343 5164 2452 5222 est,
2476 5157 2588 5211 hoc
2608 5161 2710 5217 est,
2741 5171 2874 5210 crux
2905 5155 3144 5210 secunda
3166 5153 3302 5209 ultra
3333 5165 3432 5206 non
3458 5154 3545 5203 est.
3564 5136 3672 5193 «Una
3691 5135 3779 5184 nm-

2344 5261 2448 5316 que
2501 5245 2728 5316 νθνΐθείι
2755 5245 2808 5299 in
2843 5253 3163 5316 perpetuum
3193 5258 3287 5300 eos
3317 5242 3401 5314 qui
3430 5227 3776 5316 sanctiﬁcante?

2345 5299 2454 5393 non
2500 5299 2640 5393 sicut
2689 5299 2880 5392 hostiae
2907 5299 3165 5403 Iudaicae,
3207 5341 3388 5390 cautos
3436 5343 3521 5384 nos
3563 5299 3779 5418 volens?

2350 5446 2494 5498 cere,
2523 5446 2592 5487 ne
2641 5431 2802 5495 ultra,
2838 5431 2922 5486 vel
2968 5445 3187 5487 crucem
3223 5426 3429 5490 Christi,
3470 5418 3540 5475 vel
3563 5408 3710 5470 hostias
3727 5395 3779 5450 1η·

2352 5523 2534 5580 daicas
2568 5531 2946 5594 exspectemus
2979 5540 3076 5595 pro
3105 5522 3354 5595 peccatis.
3381 5517 3440 5573 Et
3467 5501 3778 5595 quicunque-Pili

2351 5619 2592 5674 nitentia:
2631 5618 3086 5674 medicamentum
3133 5614 3434 5690 neglexerit,
3461 5605 3578 5678 ίεηίε
3603 5587 3776 5690 3"]qu

2352 5713 2573 5768 devoret
2597 5725 2743 5766 eum.
2775 5709 3116 5782 Quapropter
3142 5687 3502 5779 unusquisque
3527 5695 3580 5750 ad
3605 5687 3776 5782 Ρσῗπίξπῗ
3854 5755 3855 5780 ι

2351 5806 2464 5872 tice,
2495 5805 2620 5860 dum
2651 5813 2864 5876 tempus
2895 5773 3078 5874 hab-et,
3129 5804 3538 5860 medicamentum
3579 5773 3774 5840 confli?“
