3992 6338
208 260 322 316 785

689 261 1232 326 ENARRATIONUM
1271 271 1337 328 IN
1375 270 1526 327 EPP.
1565 272 1770 330 PAULI
1811 272 1938 328 LIB.
1979 273 2213 332 XXVIII.
2249 305 2318 316 ——
2355 273 2422 330 IN
2459 269 2674 334 EPIST.
2712 277 2804 335 AD
2841 276 3043 338 HEBR.

3384 284 3490 342 786

211 397 292 438 ne
325 381 435 455 igni
485 379 732 438 tradatur
761 393 983 443 aeterno.
1024 405 1044 439 ι
1098 388 1312 446 lrritam
1341 392 1464 460 quis
1495 392 1702 447 faciens
1737 392 1877 463 le-sg
1900 409 1918 444 ι
1956 391 2296 450 Horrendum
2335 406 2419 452 est
2445 397 2711 465 {incidere
2743 400 2794 454 in
2829 417 3024 456 manus
3054 401 3146 457 Dei
3175 401 3428 465 viventis.
3462 425 3482 458 ι

219 499 244 532 α
287 497 412 552 gem
441 480 608 554 Moysi
633 487 748 540 sine
772 485 880 539 ulla
907 484 1256 542 miseratione
1277 503 1460 543 coram
1483 488 1691 544 duobus
1718 488 1803 543 vel

220 592 247 626 ε
289 575 462 632 tribus
496 575 722 631 testibus
749 576 1000 632 moritur.
1040 598 1059 631 ι
1104 577 1394 636 Terrorem
1423 581 1615 636 incutit
1647 580 1804 636 Chri-

211 667 419 724 stianis
445 668 515 723 de
542 668 720 737 pomis
748 683 936 726 eorum
963 671 1056 740 qui
1097 673 1198 728 sub
1226 673 1346 744 lege
1397 681 1757 743 peccaverunt
1785 694 1796 729 :

217 779 243 813 α
280 760 418 817 Sine
439 761 804 826 miseratione,
828 783 847 815 ι
881 763 1076 834 inquit,
1103 773 1163 820 ut
1182 765 1327 820 nulla
1353 767 1427 822 sit
1450 767 1629 832 venia,
1657 767 1804 822 nulla

210 853 597 911 misericordia
629 857 723 922 sit,
749 873 1058 927 quanquam
1103 857 1270 931 Moysi
1299 870 1445 916 esset
1479 861 1566 917 illa
1595 862 1702 916 lex.
1744 861 1802 918 Si

208 947 328 1003 duo
354 948 441 1004 vel
467 956 594 1016 tres,
623 949 764 1004 sicut
791 949 877 1005 ille
909 951 1192 1021 disposuit.
1227 953 1610 1020 testificantur,
1642 970 1805 1025 super
1839 1023 1843 1027 ι

208 1056 370 1106 eum,
399 1041 685 1098 confestim
707 1043 917 1114 iudices
951 1045 1129 1115 populi
1147 1044 1392 1111 jndicant
1415 1064 1537 1104 eum
1569 1049 1635 1104 ad
1662 1064 1807 1104 mor-

209 1141 358 1199 tem,
387 1135 432 1190 si
462 1135 566 1205 legi
599 1137 906 1192 contrarius
932 1137 1030 1192 fuit
1058 1146 1152 1193 aut
1185 1138 1600 1196 inobediens.Et
1623 1142 1666 1198 si
1702 1143 1806 1199 hoc

207 1223 294 1279 ita
356 1234 441 1281 est
504 1227 557 1282 in
614 1229 787 1283 veteri
821 1229 956 1300 lege,
1020 1231 1110 1285 ubi
1142 1232 1228 1286 lex
1294 1232 1465 1304 Moysi
1531 1235 1685 1290 irrita
1726 1234 1802 1302 fit,

212 1338 240 1370 α
288 1317 513 1386 Quanto
542 1322 735 1392 magis.
770 1322 944 1393 inquit
966 1323 1271 1392 Apostolus.
1300 1327 1505 1396 putatis
1535 1330 1808 1385 deteriora

213 1429 240 1462 ι
288 1414 489 1467 mereri
547 1413 826 1484 supplicia,
859 1415 952 1486 qui
1001 1415 1196 1472 Filium
1248 1418 1342 1473 Dei
1382 1420 1805 1488 conculcaverit,

215 1524 241 1556 ε
289 1516 348 1561 et
413 1508 728 1578 sanguinem
811 1508 1143 1566 Testamenti
1213 1513 1474 1582 pollutum
1547 1512 1804 1581 duxerit,

214 1617 242 1650 ι
287 1599 343 1654 in
375 1616 485 1670 quo
525 1600 893 1657 sanctificatus
940 1611 1043 1668 est,
1093 1611 1148 1658 et
1192 1605 1405 1674 spiritui
1456 1607 1643 1676 gratim
1675 1623 1810 1662 con-

213 1709 241 1741 c
291 1691 571 1746 tumeliam
645 1691 876 1747 fecerit?
911 1715 929 1746 ι
986 1692 1200 1758 Quanto
1271 1693 1444 1761 major
1510 1705 1593 1752 est
1646 1695 1809 1752 Chri-

1904 480 2063 539 fldem
2117 485 2320 544 faciens
2362 489 2507 560 quod
2539 493 2865 549 omnimodis
2906 503 3119 564 oportet
3145 496 3324 566 perire
3351 497 3490 567 iniu-

1903 575 2134 666 riantem
2176 581 2404 650 gratiam
2429 582 2527 638 Dei
2557 590 2612 639 et
2633 583 2860 655 Spiritui
2888 594 3074 666 sancto
3105 587 3489 644 contumeliam

1902 665 2212 735 facientem,
2241 679 2298 727 et
2338 673 2442 729 hoc
2489 689 2556 729 ex
2593 673 2710 747 lege
2736 673 2905 748 Moysi
2953 665 3084 732 dieit
3111 691 3126 730 :
3157 677 3383 748 proinde
3420 669 3492 736 ne

1903 760 2074 817 multo
2102 763 2295 820 timore
2319 766 2717 837 desperantem,
2747 784 2779 824 a
2809 769 3026 825 tristitia
3051 779 3104 825 et
3119 771 3492 842 desperatione

1905 851 2187 910 absorberi
2228 854 2454 923 faceret,
2486 859 2800 915 consolatur
2819 876 2912 917 eos
2945 877 3043 931 per
3072 861 3259 919 laudes
3286 871 3342 918 et
3363 862 3496 919 hor-

1904 941 2140 999 tationes
2165 953 2221 999 et
2244 946 2642 1003 aemulationem
2673 949 3026 1006 domesticam
3063 953 3144 1008 eis
3185 950 3489 1022 proferens.

1911 1053 1932 1086 ‹
1972 1033 2281 1104 Illuminati,
2321 1056 2338 1088 ι
2372 1038 2425 1093 id
2471 1048 2573 1104 est,
2633 1040 2920 1098 confortati
2950 1058 3050 1114 per
3076 1043 3306 1115 gratiam
3355 1042 3494 1098 divi-

1905 1141 2052 1192 nam,
2092 1146 2110 1179 t
2141 1144 2392 1200 magnum
2432 1139 2705 1188 certamen
2738 1133 3072 1190 sustinuistis
3102 1135 3434 1204 passionum.
3467 1154 3488 1188 ι

1907 1217 2024 1274 Νοη
2074 1219 2208 1276 dicit
2241 1221 2563 1291 simpliciter
2610 1233 2904 1292 certamen,
2937 1229 3032 1283 sed
3080 1229 3287 1284 addidit
3325 1245 3344 1280 ι
3375 1244 3493 1282 ma-

1907 1328 2102 1386 gnum;
2133 1335 2151 1366 ›
2184 1330 2284 1370 nec
2332 1315 2466 1370 dixit
2513 1319 2863 1386 tentationes,
2903 1321 2996 1376 sed
3042 1337 3295 1392 pugnam,
3350 1321 3494 1392 quod

1909 1409 2126 1476 quidem
2161 1418 2244 1465 est
2284 1409 2466 1464 multa:
2498 1410 2672 1466 laudis
2699 1421 2753 1467 et
2789 1415 3151 1469 maximarum
3178 1416 3494 1484 praedicatio

1910 1502 2126 1579 laudum
2153 1520 2250 1574 pro
2278 1503 2478 1560 Christi
2508 1506 2726 1560 nomine
2777 1507 2909 1576 pati.
2944 1526 2961 1558 ε
3000 1507 3067 1562 Et
3092 1508 3144 1562 in
3177 1508 3349 1563 altero
3375 1510 3496 1579 qni-

1916 1578 2089 1650 t'dem
2150 1596 2456 1665 opprobriis
2516 1605 2572 1650 et
2634 1596 3072 1654 tribulationibus
3128 1578 3492 1670 spectaculum

1918 1705 1935 1737 ι
1972 1684 2100 1741 facti
2132 1705 2144 1740 :
2181 1686 2236 1740 in
2266 1687 2438 1742 altero
2465 1696 2643 1742 autem
2674 1689 2806 1743 socii
2843 1689 3025 1744 taliter
3053 1693 3493 1747 conversantium

202 1792 333 1838 stus
388 1800 549 1854 quam
599 1785 833 1856 Moyses,
887 1790 1058 1855 gratia
1115 1804 1277 1856 quam
1325 1789 1431 1853 lex,
1485 1797 1638 1847 tanto
1689 1808 1808 1848 ma,
1838 1770 1882 1829 Β
1917 1796 1937 1831 r
1969 1779 2166 1835 effecti.
2201 1779 2337 1836 Nam
2383 1790 2438 1836 et
2483 1781 2681 1836 vinctis
2711 1784 2978 1854 compassi
3031 1785 3166 1839 estis
3209 1783 3435 1856 (Joan.).
3474 1806 3490 1836 ι

191 1873 330 1942 jora
394 1877 691 1932 merebitur
743 1880 1024 1949 supplicia.
1085 1881 1149 1935 Et
1208 1885 1476 1950 quomodo
1523 1885 1808 1941 conculcat

201 1968 505 2037 quisquam
534 1969 731 2024 Filium
763 1970 902 2025 Dei?
939 1969 1166 2037 Quando
1195 1974 1340 2028 enim
1369 1989 1436 2028 ex
1487 1989 1551 2029 eo
1585 1975 1806 2047 indigne

201 2061 575 2131 participatur
625 2078 722 2132 per
767 2072 1133 2126 sacramenta,
1167 2079 1344 2119 nonne
1375 2067 1578 2132 grande
1605 2082 1802 2136 pecea-

200 2158 330 2206 tum
357 2152 686 2207 committit?
714 2168 891 2209 nonne
915 2153 1058 2207 illum
1074 2155 1395 2210 conculcat?
1425 2171 1602 2211 nonne
1627 2157 1803 2227 ipsum

199 2246 552 2300 contemnit?
578 2245 731 2300 Sicut
752 2247 895 2301 enim
922 2262 986 2302 ea
1031 2263 1150 2318 quae
1174 2248 1577 2315 conculcamus,
1603 2249 1803 2306 nullius

197 2336 474 2390 momenti
512 2337 812 2404 pendimus.
841 2337 920 2392 sic
969 2347 1025 2392 et
1069 2340 1158 2408 qui
1195 2340 1365 2394 libere
1413 2347 1642 2410 peccant
1671 2342 1798 2397 abs-

197 2442 318 2498 que
375 2428 567 2482 timore
609 2437 665 2482 et
693 2429 896 2498 absque
942 2431 1258 2499 poenitentia
1293 2431 1568 2486 Christum
1604 2432 1800 2489 nullius

197 2521 472 2576 momenti
501 2520 832 2586 existimant,
867 2537 965 2577 nec
1002 2538 1124 2577 eum
1151 2523 1390 2592 iudicem
1424 2524 1662 2580 futurum
1692 2525 1800 2580 for-

197 2613 441 2668 midant.
473 2613 671 2669 Factus
721 2623 807 2670 est
849 2629 944 2685 per
965 2617 1194 2686 gratiam
1246 2633 1444 2686 corpus
1493 2617 1717 2677 Christi.
1748 2627 1800 2672 et

199 2709 449 2776 seipsum
502 2706 630 2762 facit
681 2723 878 2777 corpus
909 2707 1124 2774 diaboli,
1158 2718 1214 2764 et
1257 2710 1572 2777 sanguinem
1599 2709 1800 2765 Christi

199 2796 476 2868 pollutum
531 2796 662 2852 facit
688 2797 740 2852 in
775 2813 864 2865 eo,
895 2801 1038 2868 quod
1069 2799 1359 2855 mundatus
1390 2809 1490 2862 est,
1523 2810 1578 2854 et
1611 2801 1676 2854 ad
1707 2817 1800 2854 vo-

143 2905 152 2909 '
199 2891 403 2945 mitum
431 2890 720 2945 revertitur
751 2891 1058 2960 pristinum,
1112 2899 1168 2946 et
1205 2892 1439 2961 seipsum
1475 2907 1574 2960 per
1622 2893 1798 2959 poeni-

203 2983 438 3039 tentiam
487 2984 686 3039 iterum
740 2982 1004 3038 mundare
1055 2982 1373 3053 neglexerit.
1413 3000 1432 3032 ‹
1467 2982 1534 3036 Et
1585 2982 1798 3052 spiritui

201 3077 402 3148 gratiae
457 3076 769 3146 iujurians.»
822 3076 923 3144 Qui
971 3091 1101 3131 vero
1148 3075 1468 3130 beneficium
1525 3091 1631 3130 non
1673 3091 1795 3130 sus-

201 3169 385 3240 cepit,
413 3169 691 3240 iniuriavit
722 3167 1165 3224 benefacientem.
1197 3167 1290 3222 Ille
1335 3166 1457 3221 fecit
1509 3175 1560 3220 te
1587 3166 1751 3220 ﬁlium
1779 3185 1792 3222 :

205 3269 265 3316 tu
317 3276 448 3316 vero
493 3261 574 3316 vis
623 3259 739 3316 fieri
787 3275 978 3316 servus
1027 3260 1257 3330 peccati.
1315 3257 1479 3312 Venit
1523 3258 1590 3313 ad
1647 3255 1800 3312 habi-

205 3355 434 3412 tandum
459 3356 600 3426 apud
631 3364 723 3411 te:
759 3363 819 3410 tu
849 3370 982 3410 vero
1011 3371 1118 3411 non
1171 3369 1447 3425 prteparas
1494 3353 1543 3409 ei
1579 3353 1798 3408 domum

205 3448 428 3519 dignam
465 3447 819 3504 habitationis
865 3461 999 3513 suae,
1057 3446 1241 3512 alium,
1297 3447 1348 3501 id
1388 3455 1490 3510 est,
1525 3444 1798 3500 diabolum

210 3541 305 3596 tibi
339 3541 697 3596 habitatorem
753 3539 1070 3596 concilians.
1109 3561 1128 3594 ι
1168 3539 1384 3596 Scimus
1435 3538 1560 3609 quia
1617 3537 1795 3594 dixit:

205 3630 341 3687 Mihi
385 3632 704 3699 vindictam,
731 3645 832 3702 ego
872 3632 1095 3687 reddam
1123 3649 1138 3698 ;
1171 3640 1220 3685 el
1254 3631 1453 3686 iterum
1483 3649 1495 3684 :
1529 3629 1664 3697 Quia
1713 3630 1801 3700 iu-

205 3725 416 3780 dicabit
439 3725 700 3780 Dominus
727 3723 983 3795 populum
1015 3739 1169 3779 suum
1201 3723 1378 3794 (Deut.
1406 3737 1560 3776 χχχιι
1592 3738 1606 3784 ς
1643 3719 1796 3774 Rom.

205 3818 356 3886 xm).
416 3837 434 3869 ι
480 3815 646 3889 [Δία]
684 3817 778 3871 De
817 3814 1049 3870 inimicis
1097 3815 1201 3869 hoc
1247 3813 1402 3879 dixit,
1445 3820 1500 3868 et
1537 3812 1604 3867 de
1631 3810 1800 3882 negli-

205 3909 464 3980 gentibus
511 3923 608 3978 per
659 3908 1034 3978 paenitentiam
1065 3921 1122 3961 se
1180 3920 1431 3976 purgare,
1492 3903 1585 3960 sed
1617 3902 1798 3959 securi

204 4001 351 4056 male
373 4001 596 4056 faciunt.
621 3997 873 4054 Judicarc
899 3999 1040 4054 enim
1073 3997 1390 4068 intelligitur
1411 3994 1619 4066 plebem
1645 4010 1800 4048 suam

203 4090 511 4164 separando
533 4090 585 4145 in
615 4090 727 4160 ipsa
759 4088 914 4158 plebe
937 4104 1032 4142 sua
1058 4087 1228 4142 bonos
1251 4102 1280 4141 a
1308 4085 1486 4150 malis,
1517 4083 1703 4139 fideles
1731 4083 1799 4138 ab

204 4182 535 4249 inﬁdelibus.
573 4201 591 4232 ι
621 4180 962 4235 Horrendum
991 4187 1074 4235 est
1102 4179 1245 4233 enim
1279 4177 1584 4233 inciderein
1605 4191 1799 4231 manus

209 4293 230 4327 ι
278 4275 378 4330 Dei
406 4273 656 4329 viventis.
697 4295 714 4326 ι
756 4271 944 4327 Incidit
976 4271 1028 4325 in
1063 4286 1254 4325 manus
1278 4270 1374 4324 Dei
1400 4270 1452 4324 in
1481 4267 1566 4323 die
1585 4267 1797 4336 judicii,

203 4366 259 4422 id
287 4375 397 4432 est,
425 4367 478 4420 in
509 4373 830 4436 potestatem
854 4361 970 4432 ejus
993 4361 1203 4431 iudicii,
1233 4362 1324 4432 qui
1371 4361 1559 4416 reddet
1590 4359 1798 4414 unicui-

201 4472 316 4528 que
344 4455 637 4512 secundum
672 4455 867 4510 merita
917 4467 1038 4517 sua,
1070 4451 1162 4522 qui
1191 4466 1296 4506 non
1325 4451 1439 4506 vult
1468 4450 1629 4506 modo
1661 4464 1797 4518 prac-
1825 4491 1874 4551 Ι)

201 4546 396 4603 venire
444 4546 498 4600 in
542 4543 882 4600 confessione
939 4552 995 4598 et
1042 4541 1357 4612 ptenitentia
1415 4541 1608 4596 faciem
1657 4539 1793 4608 ejus,

202 4639 336 4694 dum
365 4646 574 4708 tempus
607 4637 803 4702 habet;
844 4635 888 4691 si
929 4651 1036 4690 non
1074 4634 1391 4704 paenituerit
1447 4634 1513 4688 de
1559 4631 1794 4703 peccatis

201 4731 341 4792 suis,
400 4729 590 4785 incidit
641 4727 696 4783 in
741 4727 1070 4782 horrendum
1102 4723 1363 4794 judicium
1413 4723 1798 4794 omnipotentis

201 4821 325 4877 Dei.
361 4839 379 4871 ι
423 4819 882 4876 Rememoramini
928 4824 1108 4873 autem
1137 4816 1396 4887 pristinos
1421 4815 1557 4880 dies,
1590 4814 1644 4869 in
1677 4814 1798 4884 qui-

205 4934 226 4967 ι
271 4914 376 4969 bus
403 4912 684 4968 illuminati
712 4927 965 4984 magnum
989 4919 1264 4966 certamen
1297 4907 1630 4964 sustinuistis
1673 4922 1798 4978 pas-

204 5026 225 5060 ι
277 5006 515 5061 siouum.
565 5025 582 5057 ι
621 5003 833 5077 (Ιοαη.)
883 5001 1086 5074 Optimi
1145 5001 1484 5057 medicorum
1520 5016 1641 5055 cum
1688 4999 1796 5055 alte

200 5099 522 5166 secuerint,
585 5107 641 5154 et
686 5113 783 5168 per
835 5096 1156 5153 incisionem
1204 5095 1433 5152 fecerint
1473 5093 1674 5149 doloris
1700 5108 1798 5148 au—

202 5204 508 5265 gmentum,
545 5191 797 5248 solatium
838 5190 1020 5246 statim
1049 5187 1283 5244 afferunt
1309 5196 1365 5244 et
1395 5186 1692 5242 remedium
1717 5184 1794 5241 illi

201 5289 330 5344 loco
357 5287 449 5342 ubi
487 5286 640 5343 dolor
667 5287 830 5350 inest,
882 5292 937 5340 et
978 5283 1349 5355 perturbatam
1403 5279 1647 5336 refovent
1678 5277 1794 5333 ani-

203 5397 377 5438 mam.
433 5381 727 5451 Postquam
757 5388 939 5435 autem
992 5376 1381 5440 recreaverint,
1406 5375 1632 5429 alteram
1678 5371 1793 5442 iam

201 5489 318 5531 nou
353 5473 616 5545 adjiciunt
647 5472 940 5528 sectionem
968 5486 983 5537 ;
1018 5469 1149 5540 quin
1179 5467 1344 5522 etiam
1391 5466 1483 5521 illa
1509 5481 1628 5536 quze
1653 5465 1793 5520 facta

201 5574 315 5629 est,
335 5564 784 5620 medicaminibus
800 5561 1128 5625 mitioribus,
1144 5568 1199 5616 et
1221 5557 1524 5613 valentibus
1542 5557 1794 5629 amplitu-

203 5657 393 5714 dinem
420 5655 670 5726 mitigare
692 5653 891 5710 doloris
910 5695 923 5716 ,
955 5652 1262 5708 confovent.
1297 5649 1408 5705 l-Ioc
1439 5649 1566 5704 item
1597 5647 1794 5704 Paulus

204 5749 379 5808 fecit:
413 5758 700 5810 postquam
733 5745 1245 5804 concussitanimos
1296 5758 1485 5800 eorum
1537 5741 1790 5810 dicendo,

1910 1873 2067 1927 Modo
2095 1873 2402 1928 minutatim
2455 1889 2554 1944 per
2580 1883 2764 1944 partes
2801 1877 3148 1946 prosequitur
3191 1877 3378 1933 laudes
3407 1892 3498 1934 eo-

1907 1981 2053 2034 rum,
2101 1964 2289 2021 dicens
2340 1981 2434 2021 eos
2473 1982 2579 2022 non
2603 1967 2775 2022 solum
2821 1967 3050 2024 viriliter
3077 1969 3345 2024 sustinere
3373 1985 3500 2040 pas-

1907 2059 2088 2115 siones
2123 2075 2220 2129 pro
2247 2059 2484 2124 Christo,
2513 2076 2699 2116 verum
2725 2064 2886 2116 etiam
2923 2071 2978 2117 et
3008 2063 3202 2118 vinctis
3255 2079 3499 2134 compas-

1907 2168 1996 2209 sos
2028 2169 2150 2209 esse
2176 2167 2269 2210 eos
2318 2157 2622 2209 annuntiat.
2659 2177 2676 2205 ‹
2708 2156 2770 2210 Et
2808 2156 3246 2212 triludatiouibus
3295 2173 3496 2228 oppro-

1903 2251 2146 2321 briisque
2175 2252 2541 2322 spectaculum
2583 2253 2732 2307 facti.
2777 2273 2792 2303 ι
2829 2252 3022 2309 Gravis
3069 2254 3269 2323 quippe
3299 2269 3388 2308 res
3411 2263 3498 2309 est

1903 2343 2271 2414 opprobrium,
2289 2351 2344 2398 et
2364 2343 2554 2398 idonea
2573 2345 2637 2398 ad
2665 2343 3033 2400 fortitudinem
3051 2346 3244 2400 anima)
3266 2346 3493 2401 subver-

1906 2436 2120 2490 tendam
2149 2444 2205 2490 et
2234 2436 2300 2490 ad
2328 2437 2704 2492 excpcandam
2727 2447 2960 2492 mentem
2990 2446 3200 2507 potens.
3227 2437 3496 2504 Quoniam

1902 2527 2058 2580 valde
2080 2536 2339 2598 appetens
2369 2537 2452 2582 est
2480 2527 2665 2598 gloria:
2691 2544 2860 2595 genus
2906 2529 3219 2594 humanum,
3247 2538 3498 2599 propter-

1902 2635 1963 2674 ea
1989 2619 2150 2674 etiam
2181 2629 2236 2673 et
2263 2620 2570 2690 opprobriis
2598 2619 2753 2674 facile
2784 2621 3112 2690 captivatur.
3131 2621 3196 2674 Et
3227 2635 3331 2675 non
3363 2620 3496 2675 sim-

1902 2711 2116 2780 pliciter
2137 2710 2270 2766 dixit
2302 2729 2320 2762 ‹
2341 2711 2700 2780 opprobriis”
2722 2712 2814 2766 sezl
2844 2713 3005 2766 etiam
3035 2721 3383 2782 augmentum
3418 2711 3496 2767 fe-

1903 2803 1978 2856 cit
2014 2803 2218 2866 dicens,
2259 2822 2276 2853 ‹
2316 2802 2681 2872 spectaculum
2716 2802 2863 2856 facti.
2901 2823 2916 2853 ι
2953 2802 3084 2857 Cum
3109 2803 3251 2857 enim
3284 2810 3495 2858 secrete

1902 2894 2280 2961 exprobratur,
2299 2894 2658 2949 contristatur
2683 2893 2922 2962 quidem,
2943 2894 3035 2948 sed
3067 2893 3234 2964 multo
3261 2893 3496 2962 amplius

1901 3002 2024 3040 cum
2054 3001 2236 3041 coram
2285 2985 2556 3040 omnibus.
2592 2984 2689 3039 Dic
2722 2985 2864 3038 enim
2893 2984 3050 3049 mihi,
3079 2992 3340 3054 quantum
3375 2993 3496 3038 erat

1902 3080 2103 3135 malum
2159 3078 2552 3134 descendentes
2583 3076 2650 3130 ab
2683 3069 3000 3130 inﬁrmitate
3058 3074 3306 3137 Judaiea,
3339 3087 3392 3129 et
3423 3075 3494 3130 ad

1902 3172 2161 3242 optimam
2192 3170 2357 3225 vitam
2391 3175 2756 3234 transeuntes,
2787 3167 2842 3222 et
2885 3179 3142 3238 paternas
3173 3168 3495 3222 traditiones

1902 3271 2334 3327 contemnentes,
2395 3272 2453 3316 ut
2503 3262 2571 3316 ab
2619 3261 2752 3331 ipsis
2809 3261 3125 3317 domesticis
3179 3271 3497 3332 paterentur

1903 3353 2070 3409 multa
2101 3355 2265 3420 mala,
2292 3362 2347 3410 et
2377 3353 2578 3409 nullam
2624 3353 2895 3410 baberent
2922 3352 3339 3410 defensionem?
3371 3353 3493 3410 Non

1902 3447 2096 3507 habeo.
2127 3447 2320 3518 inquit,
2353 3446 2496 3517 quod
2525 3446 2725 3511 dicam,
2757 3446 2880 3516 quia
2913 3445 3031 3501 haec
3076 3446 3296 3516 quidem
3341 3447 3495 3518 passi

1902 3541 2056 3603 estis,
2089 3546 2143 3594 et
2167 3537 2306 3593 forte
2354 3537 2624 3604 doluistis,
2655 3538 2766 3592 imo
2808 3538 2980 3609 magis
3010 3537 3348 3608 gaudebatis.
3379 3537 3496 3594 Iloc

1901 3629 2224 3700 significavit
2250 3628 2486 3690 dicens,«
2509 3625 2652 3683 Socii
2681 3626 2861 3681 taliter
2880 3627 3199 3697 patientium
3228 3625 3418 3682 factiu
3435 3637 3496 3683 et

1902 3721 2050 3792 ipsos
2074 3719 2343 3790 apostolos
2371 3717 2619 3787 producit
2649 3718 2703 3772 in
2737 3718 2996 3772 medium.
3039 3717 3155 3772 Non
3187 3717 3382 3782 solum,
3409 3719 3494 3774 iu.

1902 3815 2040 3885 quit,
2094 3813 2147 3867 in
2193 3811 2428 3882 propriis
2475 3809 2820 3881 passionibus
2864 3825 2971 3865 non
3011 3809 3327 3875 erubuistis,
3360 3811 3494 3879 quin

1901 3906 2065 3960 etiam
2097 3904 2216 3957 aliis
2245 3903 2429 3957 taliter
2445 3901 2776 3972 patientibus
2807 3901 2937 3955 socii
2969 3899 3098 3955 facti
3117 3900 3268 3955 estis.
3303 3897 3414 3956 Hoc
3437 3911 3495 3957 et

1902 3996 2235 4053 consolantis
2283 4002 2390 4057 est,
2416 4002 2470 4048 et
2498 3993 2855 4048 exhortantis.
2885 3991 2998 4046 Non
3027 3992 3181 4057 dixit,
3214 3992 3492 4048 Sustinete
3531 3973 3555 3992 ’

1903 4087 2275 4142 tribulationes
2304 4081 2797 4148 meas,efliciamini
2835 4083 2964 4138 mihi
2993 4083 3159 4148 socii;
3188 4083 3303 4147 sed,
3321 4081 3492 4139 Vere-

1901 4179 2211 4236 cundamini
2259 4178 2538 4248 passiones
2590 4183 2823 4230 vestras.
2862 4195 2880 4226 ε
2924 4175 2992 4230 Εῑ
3036 4175 3259 4241 vinctis,
3285 4175 3486 4246 inquit,

1901 4271 2166 4342 compassi
2198 4267 2718 4338 estis.iVides,quia
2749 4266 2813 4323 de
2841 4268 3020 4338 seipso
3047 4267 3177 4322 dicit
3198 4275 3251 4322 et
3273 4268 3339 4323 de
3368 4265 3492 4323 aliis

1901 4364 2132 4418 vinctis?
2156 4361 2270 4416 Non
2303 4361 2445 4418 enim
2473 4361 2708 4430 putastis
2733 4360 2947 4416 vincula
2976 4375 3098 4416 esse
3128 4360 3216 4415 illa
3247 4359 3488 4426 vincula,

1901 4455 1993 4509 sed
2021 4454 2162 4508 sicut
2189 4452 2404 4507 athletae
2433 4450 2618 4516 fortes,
2649 4451 2730 4506 sic
2754 4451 3006 4514 stetistis,
3030 4451 3156 4521 quia
3180 4467 3286 4505 non
3314 4450 3489 4508 solum

1904 4544 1956 4598 in
1981 4543 2180 4599 vestris
2213 4557 2347 4612 opus
2379 4558 2485 4597 non
2522 4541 2791 4598 habuistis
2843 4541 3155 4596 hortatione
3184 4541 3268 4595 vel
3295 4557 3493 4598 conso-

1902 4640 2124 4702 latione,
2161 4654 2348 4692 verum
2385 4637 2548 4693 etiam
2581 4636 2702 4691 aliis
2733 4635 2972 4716 hortatio
2998 4642 3053 4690 et
3080 4633 3379 4692 consolatio
3407 4634 3491 4692 fa-

1903 4734 1976 4790 cti
2003 4733 2154 4788 estis.
2199 4751 2217 4783 ‹
2265 4731 2331 4786 Et
2382 4731 2629 4801 rapinam
2680 4731 2947 4786 bonorum
2999 4737 3306 4785 vestrorum
3361 4745 3488 4786 cum

1909 4846 1927 4878 ι
1959 4824 2155 4896 gaudio
2184 4823 2519 4892 suscepistis.
2565 4842 2583 4876 ι
2627 4821 2794 4894 (Αιδ.)
2833 4820 3154 4877 Mirabiliter
3179 4821 3361 4876 laudat
3393 4837 3489 4879 eos

1905 4914 1960 4970 in
1991 4913 2114 4981 ﬁde,
2139 4913 2264 4984 quia
2288 4913 2333 4969 si
2363 4912 2523 4969 fidem
2545 4927 2650 4967 non
2673 4912 2933 4967 haberent
2963 4910 3186 4966 meliora
3213 4911 3494 4981 recepisse

1901 5021 2002 5077 pro
2021 5005 2124 5061 hac
2148 5003 2449 5060 substantia
2499 5003 2744 5072 abrepta,
2782 5017 2888 5057 non
2917 5017 3040 5057 cum
3065 5002 3260 5074 gaudio
3296 5018 3483 5059 susce-

1902 5098 2110 5168 pissent
2137 5095 2382 5166 rapinam
2431 5092 2590 5162 ejus:
2627 5093 2852 5163 proinde
2907 5093 3183 5166 subiungit
3232 5093 3487 5162 fiduciam

1903 5188 2046 5244 ﬁdei.
2083 5207 2102 5239 α
2144 5185 2543 5257 Cognoscentes
2567 5200 2664 5240 vos
2714 5184 2915 5240 habere
2947 5185 3231 5242 meliorem
3262 5194 3317 5242 et
3365 5202 3483 5243 ma—

1903 5288 2119 5335 nentem
2144 5277 2554 5333 substantiam.»
2573 5275 2737 5344 Quasi
2767 5275 3004 5332 diceret:
3025 5276 3250 5333 Vestras
3273 5275 3484 5334 futuras

1901 5369 2148 5426 videntes
2172 5367 2408 5431 divitias,
2439 5367 2772 5424 sustinuistis
2797 5381 2919 5422 cum
2940 5366 3158 5438 gaudio,
3187 5368 3328 5439 quod
3349 5380 3484 5423 nec-

1903 5462 2028 5516 dum
2057 5467 2298 5532 apparet,
2347 5459 2497 5531 quasi
2545 5473 2785 5530 praesens
2829 5466 3114 5530 appareret
3153 5457 3479 5515 cernebatis.

1904 5555 2015 5610 Hoc
2043 5553 2187 5608 enim
2224 5561 2394 5608 totum
2447 5551 2799 5622 apostolicum
2835 5559 2916 5607 est
2965 5565 3101 5621 opus
3152 5557 3209 5606 et
3260 5548 3481 5620 dignum

1901 5647 2006 5704 illis
2030 5647 2257 5702 fortibus
2299 5645 2602 5710 animabus,
2634 5653 2694 5698 ut
2747 5643 2968 5714 ﬂagellis
2992 5641 3310 5714 gauderent,
3341 5637 3485 5696 sicut

1901 5741 1954 5796 in
1989 5739 2214 5796 Actibus
2269 5737 2632 5809 apostolorum
2685 5736 2980 5809 legitur:_¢
3037 5732 3242 5806 Euvntes
3293 5736 3481 5802 autem
