3992 6338
602 334 709 397 787

1242 332 1304 388 B.
1347 327 1602 387 RABANI
1639 324 1861 387 mum
1896 324 2217 385 ARCHIEP.
2260 302 2572 384 uocum.
2612 319 2898 383 OPERUM
2936 318 3118 379 rans
3155 320 3239 379 lli.
3683 334 3753 395 τι

604 466 637 511 a
661 432 890 508 concilio
922 446 1095 521 gavisi
1155 454 1302 512 sunt,
1331 444 1457 517 quia
1510 442 1659 514 digni
1708 438 2050 499 habebantur
2092 453 2192 512 pro
2217 434 2272 507 Α
2301 455 2321 490 ‹
2362 442 2675 493 manentem
2726 434 3108 491 substantiam.
3143 456 3159 486 ι
3192 434 3353 490 Praut
3399 435 3571 495 diceret
3604 441 3753 504 ﬁrma

600 538 819 602 nomine
845 540 973 598 Jesu
1001 538 1358 597 contumelias
1392 534 1506 608 pati
1536 532 1673 611 (Act.
1704 535 1783 606 v).
1820 553 1839 588 I

660 655 703 719 ,ι
747 635 1167 708 Cognoscentes,
1212 631 1411 703 inquit,
1441 645 1538 686 vos
1572 626 1854 685 meliorem
1902 626 2103 684 habere
2131 634 2188 683 et

2294 540 2350 588 et
2376 529 2811 598 substantialem,
2838 543 2962 600 qua:
3004 530 3182 602 perire
3230 545 3334 586 non
3379 533 3527 602 possit
3548 537 3656 594 sicut
3686 541 3753 599 ista

2296 635 2511 684 terrena
2532 626 2712 698 periit.

617 730 3751 762 Μ

1307 804 1720 926 LIBER
1801 801 2575 993 Vlgstnus
2659 802 3185 923 NONUS.

1214 1018 1443 1079 CAPUT
1480 1018 1574 1076 XI.
1600 1072 1605 1079 .

608 1085 891 1192 Apostolus
909 1113 1132 1192 ostendit
1161 1111 1594 1192 quidsit-subjici
1632 1104 1882 1192 Christo:
1903 1110 2073 1192 ﬁdem
2101 1110 2193 1166 de-

892 1185 1145 1251 scribens,
1173 1181 1552 1255 'multipliciter
1584 1181 1930 1237 commendat.

687 1316 707 1352 ι
748 1297 925 1355 Nolite
977 1297 1184 1367 itaque,
1243 1294 1462 1361 fratres,
1517 1293 1768 1349 amittere
1812 1290 2191 1348 conﬁdentiam

616 1411 635 1444 ι
678 1399 933 1454 vestram,
991 1389 1116 1460 quia
1182 1404 1434 1460 magnam
1492 1387 1656 1442 habet
1702 1386 2194 1442 remunerationem

615 1504 634 1539 ‹
677 1485 820 1557 apud
846 1486 1033 1541 Deum.
1080 1503 1099 1538 ι
1136 1481 1303 1556 (Αιδ.)
1351 1481 1522 1550 Quam
1548 1495 1616 1536 ne
1640 1478 1954 1536 amitterent
1981 1478 2193 1533 instan-

610 1578 821 1635 tissime
864 1592 958 1633 eos
986 1577 1273 1641 hortatur;
1310 1574 1523 1631 facilius
1551 1574 1696 1630 enim
1734 1574 1945 1645 integra
1970 1588 2193 1629 conser-

2214 1004 2237 1099 ς
2292 1004 2484 1074 vocem
2536 1012 2993 1073 desiderabilem:
3044 1032 3066 1068 ‹
3106 1012 3316 1082 Venite,
3369 1012 3599 1072 benedicti
3639 1014 3756 1078 Patris
3860 1028 3861 1099 ᾗ

2295 1111 2423 1177 mei,
2461 1111 2721 1182 percipite
2779 1124 3030 1182 regnum,
3063 1107 3209 1180 quod
3230 1106 3377 1165 vobis
3411 1116 3620 1180 paratum
3641 1112 3756 1169 estalt
3860 1106 3861 1182 ξ

2297 1205 2504 1277 origine
2532 1204 2719 1259 mundi
2745 1203 2961 1273 (Matth.
2989 1202 3141 1275 xxv).
3182 1220 3201 1254 ι

2379 1318 2397 1350 ι
2424 1297 2721 1371 Estautem
2744 1296 2877 1352 ﬁdes
2909 1294 3298 1367 sperandarum
3334 1291 3595 1348 substantia
3622 1308 3756 1359 rerum,

2305 1406 2325 1440 ι
2355 1397 2731 1457 argumentum
2748 1404 2854 1443 non
2871 1403 3008 1458 appa
3018 1386 3250 1441 rentium
3268 1403 3282 1440 :
3297 1385 3349 1441 in
3362 1386 3456 1440 hac
3466 1385 3586 1440 enim
3599 1386 3758 1440 testimo-

2305 1482 2491 1537 tnium
2506 1481 2783 1537 consecuti
2797 1489 2925 1535 sunt
2940 1495 3119 1535 senes.
3145 1499 3163 1531 ι
3185 1477 3386 1551 (Ιοαη.)
3399 1476 3439 1535 Ο
3458 1492 3591 1548 quam
3605 1479 3757 1536 mirabili

2298 1575 2465 1631 verbo
2491 1589 2621 1630 usus
2640 1582 2726 1628 est
2744 1574 2960 1628 dicens:
2981 1590 2999 1624 ι
3019 1570 3303 1627 Convictio
3322 1584 3493 1627 eorum
3510 1585 3609 1640 qua
3624 1586 3698 1625 non
3712 1571 3759 1624 vi-

612 1682 827 1739 vantur,
849 1688 1011 1743 quam
1037 1671 1239 1727 amissa
1266 1675 1672 1739 recuperentur.
1695 1666 1841 1723 Nihil
1868 1667 2013 1723 enim
2037 1664 2194 1721 vobis
2220 1705 2269 1766 B
2299 1666 2513 1722 dentur.
2540 1687 2559 1719 ›
2580 1665 2859 1721 Convictio
2880 1665 3081 1735 quippe
3103 1671 3189 1720 est
3210 1662 3264 1718 in
3285 1659 3439 1718 rebus
3457 1660 3761 1717 admoduma-

608 1767 977 1823 necessarium
1005 1773 1110 1830 est,
1161 1764 1264 1819 nisi
1312 1772 1371 1819 ut
1400 1762 1558 1819 stetis
1607 1761 1861 1827 ﬁrmiter,
1899 1772 1953 1817 et
1980 1775 2194 1832 perma-

610 1859 787 1916 neatis
814 1858 868 1913 in
899 1856 1215 1913 fortitudine
1246 1863 1449 1921 vestra,
1474 1870 1594 1926 qua:
1624 1869 1877 1926 magnam
1922 1854 2088 1909 habet
2112 1867 2198 1908 re.

609 1949 1039 2007 munerationem
1087 1947 1227 2019 apud
1274 1947 1466 2003 Deum.
1506 1965 1524 1998 ι
1579 1946 1846 2002 Patientia
1868 1945 2014 2000 enim
2040 1943 2195 2000 vobis

613 2064 632 2096 ι
675 2044 984 2101 necessaria
1012 2049 1114 2110 est,
1138 2049 1199 2098 ut
1232 2040 1566 2097 voluntatem
1597 2039 1692 2096 Dei
1720 2038 1979 2095 facientes
2004 2048 2195 2109 repor-

613 2154 649 2205 «ν
680 2136 805 2193 telis
831 2135 1269 2207 promissionem.
1305 2154 1324 2187 ›
1362 2133 1407 2191 Ο
1428 2141 1629 2205 quanta
1653 2131 1970 2205 magnitudo
1997 2131 2195 2187 exhor—

606 2224 828 2283 tationis
854 2226 1032 2292 istius,
1065 2232 1119 2280 et
1147 2223 1556 2289 consolationis,
1610 2239 1779 2278 unum
1828 2222 2027 2293 quippe
2056 2236 2193 2293 opus

606 2316 843 2391 habetis,
874 2315 927 2370 id
962 2324 1045 2370 est
1070 2321 1131 2369 ut
1163 2313 1526 2385 perseveretis
1569 2312 1625 2366 in
1672 2326 1865 2382 agone,
1899 2312 2073 2367 donec
2102 2325 2190 2366 re-

606 2406 820 2476 cipiatis
846 2420 1104 2461 coronam
1126 2405 1448 2477 condignam
1490 2403 1659 2459 labori
1690 2413 1891 2467 vestro,
1925 2403 2051 2475 quia
2083 2419 2191 2460 non

608 2496 701 2566 qui
732 2496 959 2566 coeperit
981 2496 1351 2561 coronabitur,
1380 2496 1476 2551 sed
1512 2515 1531 2549 ‹
1562 2495 1653 2566 qui
1681 2496 2110 2566 perseveraverit
2135 2497 2192 2554 in

607 2590 906 2646 certamine
935 2604 1110 2660 usque
1158 2588 1214 2644 in
1244 2588 1431 2655 ﬁnem,
1462 2589 1551 2644 hic
1596 2589 1777 2645 salvus
1810 2589 1916 2645 erit
1968 2588 2186 2661 (Matth.

604 2680 684 2757 x).
722 2701 741 2734 ι
788 2701 806 2734 ‹
847 2679 905 2735 In
934 2680 1196 2752 patientia
1234 2679 1498 2752 siquidem
1534 2681 1898 2752 possidebitis,
1930 2682 2062 2738 dicit
2080 2683 2191 2739 Do-

605 2773 807 2839 minus,
830 2774 1042 2829 animas
1055 2782 1284 2829 vestras.
1314 2793 1333 2826 ι
1370 2772 1579 2846 (Ιοαη.)
1612 2793 1631 2826 ε
1658 2772 1969 2844 Reportetis
1989 2793 2008 2827 ι
2027 2776 2187 2844 dixit,

604 2863 661 2922 id
680 2873 765 2920 est
788 2864 1066 2937 accipiatis
1110 2864 1499 2935 promissiones
1542 2865 1660 2920 Dei.
1698 2865 2021 2922 Consolatur
2042 2868 2188 2923 enim

605 2969 719 3022 eos,
745 2955 915 3012 velut?
948 2955 994 3011 si
1023 2955 1146 3027 quis
1173 2955 1392 3011 athleta:
1428 2954 1534 3013 hoc
1576 2955 1799 3022 diceret,
1841 2959 1932 3029 qui
1958 2968 2186 3015 cunctos

604 3057 912 3120 superasset
939 3064 1004 3104 ac
1032 3046 1339 3118 deiecisset,
1376 3055 1433 3103 et
1482 3047 1686 3103 nullum
1720 3048 1988 3118 reliquum
2017 3050 2186 3105 habeo

605 3150 689 3199 ret
713 3142 803 3212 qui
848 3140 950 3198 sibi
990 3150 1355 3207 concertaret,
1387 3141 1583 3197 deinde
1632 3140 1875 3197 futurum
1931 3150 1995 3198 ut
2037 3158 2193 3200 coro-

605 3240 850 3299 naretur,
889 3240 947 3286 et
970 3230 1288 3286 dilationem
1329 3231 1588 3303 temporis
1619 3246 1726 3286 non
1767 3230 2031 3289 ferentem
2060 3233 2191 3290 dum

606 3321 812 3378 arbiter
829 3322 1143 3385 certaminis
1169 3321 1469 3388 adveniret,
1495 3322 1588 3393 qui
1607 3337 1866 3380 coronam
1893 3324 2079 3380 daret:
2099 3324 2192 3382 ille

606 3422 788 3469 autem
817 3413 1165 3484 impatienter
1196 3413 1380 3470 ferens
1403 3413 1568 3470 vellet
1617 3414 1768 3470 exire
1793 3422 1848 3472 et
1874 3413 2061 3486 fugere
2083 3431 2193 3474 non

609 3502 846 3560 tolerans
874 3503 1021 3559 sitim
1048 3512 1104 3560 et
1150 3502 1396 3561 ﬂammas
1428 3505 1784 3563 aestuationis.
1811 3506 1925 3564 Hoc
1953 3508 2118 3581 igitur
2138 3517 2195 3565 et

608 3596 724 3679 ipse
757 3594 1026 3679 signiﬁcat
1054 3596 1241 3653 dicens
1271 3616 1284 3651 :
1319 3616 1337 3651 ι
1371 3595 1564 3654 Adhuc
1599 3598 1746 3655 enim
1782 3599 2051 3655 modicum
2088 3599 2192 3655 ali-

612 3678 632 3738 i
673 3678 1096 3757 quantulumque
1112 3686 1205 3757 qui
1223 3694 1484 3744 venturus
1503 3696 1589 3745 est
1609 3687 1788 3744 veniet
1810 3697 1865 3745 et
1882 3704 1989 3745 non
2011 3690 2191 3746 tarda-

613 3795 633 3830 ι
674 3778 772 3835 bit.
795 3798 814 3832 ι
836 3777 1001 3852 (Αιῡ.)
1031 3779 1149 3837 Non
1173 3779 1397 3836 minima
1420 3780 1722 3837 consolatio
1744 3790 1827 3838 est
1850 3780 2051 3839 laboris
2080 3782 2191 3840 cito

605 3883 825 3947 sperare
848 3880 1134 3930 venturum
1150 3870 1392 3944 iudicem
1407 3882 1464 3932 et
1482 3884 1968 3945 remuneratorem,
1983 3886 2039 3934 et
2057 3894 2189 3938 eon-

564 3982 579 3995 ‘
604 3964 895 4023 solatorem
934 3975 1411 4027 remuneraturum
1440 3968 1758 4026 certaminis
1800 3972 2185 4028 constantiam.

605 4053 815 4129 Uttan.)
847 4057 914 4112 Et
937 4072 1005 4112 ne
1026 4052 1167 4113 forte
1186 4057 1448 4127 dicerent,
1464 4059 1683 4130 quando
1709 4059 1926 4117 veniet?
1943 4077 2009 4118 ex
2038 4061 2188 4120 Scri-

601 4149 778 4219 pturis
803 4164 899 4207 eos
922 4150 1254 4208 consolatur.
1283 4151 1498 4208 Etenim
1519 4151 1713 4224 inquit,
1741 4172 1759 4205 ι
1786 4152 1962 4227 Prope
1991 4163 2077 4212 est
2106 4172 2190 4213 sa-

602 4238 688 4296 lus
715 4248 917 4296 nostra.
952 4261 973 4293 ι
1011 4240 1148 4313 Ergo
1183 4241 1494 4299 consolatur
1528 4257 1622 4300 eos
1664 4252 1922 4316 tanquam
1956 4261 2186 4317 parvum

602 4331 674 4387 sit
704 4334 1082 4405 tempusquod
1107 4344 1403 4393 remaneat.
1443 4336 1558 4394 Hoc
1594 4352 1700 4394 non
1730 4354 1798 4394 ex
1828 4340 2005 4412 seipse
2032 4340 2185 4409 dicit,

2296 1756 2524 1815 nifestis.
2558 1758 2717 1814 Fides
2745 1758 2909 1829 igitur
2930 1757 3066 1813 visio
3101 1764 3207 1821 est,
3239 1755 3426 1825 inquit,
3459 1769 3550 1809 non
3585 1769 3760 1824 apparea-

2297 1850 2450 1914 tium,
2492 1855 2550 1902 et
2579 1847 2647 1903 ad
2689 1848 2937 1903 eamdem
2965 1846 3391 1901 satisfactionem
3420 1844 3568 1910 ducit,
3591 1844 3640 1899 ad
3654 1858 3759 1914 quae

2294 1926 2457 1997 etiam
2494 1956 2616 2012 qum
2660 1940 2931 1995 videntur.
2962 1938 3203 1993 Proinde
3253 1952 3420 2007 neque
3468 1936 3589 1993 circa
3612 1950 3658 1991 ea
3682 1950 3756 2005 qua

2291 2026 2546 2087 videntur
2591 2030 2886 2087 credulitas
2910 2029 2996 2085 vel
3025 2029 3372 2085 incredulitas
3395 2028 3489 2084 dici
3520 2034 3683 2098 potest;
3705 2040 3760 2080 ue-

2293 2137 2401 2193 que
2424 2122 2622 2178 iterum
2651 2121 2784 2177 ﬁdes
2806 2120 2909 2176 dici
2936 2128 3139 2191 potest,
3182 2119 3286 2175 nisi
3333 2133 3447 2174 cum
3473 2118 3593 2174 circa
3618 2130 3664 2169 ea
3689 2128 3761 2183 qua

2292 2229 2399 2269 non
2428 2215 2705 2280 videntur,
2741 2212 2993 2284 amplius,
3018 2227 3185 2283 quam
3213 2211 3354 2267 circa
3380 2224 3439 2265 ea
3463 2223 3565 2279 quae
3579 2206 3759 2270 videntur,

2294 2304 2725 2363 satisfactionem
2755 2305 3044 2377 quisquam
3084 2303 3356 2360 habuerit.
3385 2300 3610 2370 Quoniam
3626 2308 3758 2368 eaque
3860 2340 3861 2377 ἦ

2293 2406 2421 2452 sunt
2446 2398 2499 2452 in
2525 2412 2642 2468 spe,
2669 2397 2788 2453 sine
2812 2394 3121 2452 substantia
3158 2408 3280 2450 esse
3318 2400 3565 2464 putantur,
3590 2389 3686 2445 ﬁdes
3714 2387 3760 2442 eis

2291 2491 2482 2547 tribuit
2530 2491 2928 2557 substantiam;
2962 2489 3139 2561 magis
3173 2498 3351 2544 autem
3396 2501 3493 2542 non
3527 2484 3593 2541 eis
3625 2481 3759 2547 tribuit,

2291 2583 2388 2640 sed
2416 2584 2528 2655 ipsa
2552 2591 2638 2639 est
2654 2582 2891 2639 essentia
2915 2596 3130 2637 eorum.
3154 2579 3226 2638 Ut
3243 2588 3389 2652 puta,
3409 2576 3761 2635 resurrectione-

2291 2674 2418 2728 dum
2442 2671 2582 2729 facta
2610 2681 2717 2739 est,
2740 2681 2796 2729 et
2823 2671 3058 2728 necdum
3085 2678 3173 2727 est
3201 2670 3256 2727 in
3290 2668 3583 2734 subsuntia,
3603 2664 3760 2735 sedspet

2290 2763 2421 2821 facit
2437 2780 2558 2820 eam
2580 2766 2877 2821 subsistere
2896 2764 2950 2820 in
2979 2764 3166 2820 anima
3178 2770 3358 2819 nostra
3374 2762 3492 2819 :hoc
3502 2770 3585 2826 est,
3599 2756 3759 2829 quodd-

2290 2855 2392 2921 xit,
2419 2856 2742 2911 substantia.
2759 2853 2818 2911 Si
2834 2855 3019 2926 itaque
3045 2855 3318 2911 convictio
3332 2862 3409 2911 est
3423 2864 3680 2922 eorumque
3694 2864 3759 2904 non

2290 2948 2558 3015 videntur,
2587 2949 2716 3019 quid
2736 2956 2821 3004 est
2844 2946 2988 3020 quod
3009 2962 3079 3003 ea
3114 2947 3279 3004 vultis
3294 2946 3403 3017 jam
3420 2947 3593 3011 videre,
3609 2952 3651 2998 ut
3669 2941 3761 2997 exci-

2215 3065 2262 3130 C
2291 3043 2432 3099 datis
2461 3059 2493 3098 a
2536 3043 2663 3109 ﬁde,
2695 3053 2752 3099 et
2777 3044 3039 3100 desinatis
3064 3043 3202 3115 justi
3239 3041 3400 3100 esse?
3423 3040 3642 3113 siquidem
3673 3031 3761 3130 cla-

2290 3144 2408 3193 stus
2436 3150 2505 3191 ex
2532 3134 2638 3191 ﬁde
2666 3136 2818 3191 vivit.
2857 3154 2876 3187 ι
2911 3136 3021 3192 Vos
3054 3143 3241 3193 autem
3291 3136 3336 3191 si
3375 3132 3613 3191 volueritis
3636 3144 3681 3184 ea
3712 3125 3760 3180 rio

2291 3228 2439 3293 dere,
2463 3226 2576 3297 jam
2600 3243 2705 3283 non
2730 3227 2887 3284 eritis
2917 3226 3133 3284 ﬁdeles.
3166 3226 3483 3293 Laborastis,
3522 3222 3671 3295 inquit,
3691 3231 3760 3274 cet-

2293 3321 2498 3377 tamina
2543 3320 2777 3389 plurima
2833 3322 3218 3379 sustinuistis:
3251 3323 3409 3379 etiam
3458 3335 3545 3394 ego
3569 3318 3646 3374 hoc
3668 3314 3757 3373 dico.

2293 3412 2508 3484 inquit;
2548 3415 2645 3470 sed
2665 3422 2998 3488 exspectate,
3030 3416 3142 3472 hoc
3182 3424 3287 3483 est,
3314 3415 3468 3471 nolite
3506 3412 3758 3481 hicqweﬂ

2291 3516 2412 3576 quae
2443 3506 2694 3577 speratis.
2728 3504 2932 3580 (Greg.)
2954 3504 3209 3579 Palpavit
3235 3504 3459 3564 Thomas
3478 3505 3595 3560 latus
3618 3492 3757 3557 Domiti

2291 3584 2349 3652 et
2375 3594 2718 3663 exclamavit,
2753 3615 2772 3649 ι
2792 3594 3059 3654 Dominus
3098 3614 3254 3656 mens
3279 3608 3332 3654 et
3355 3597 3485 3653 Deus
3504 3591 3647 3651 meus!
3671 3584 3758 3642 illi-

2291 3687 2367 3743 cit
2402 3689 2453 3743 ei
2477 3686 2679 3745 Iesus:
2716 3706 2736 3740 ι
2772 3686 2908 3757 Quia
2950 3690 3140 3748 vidisti
3168 3706 3257 3748 me
3296 3698 3352 3748 et
3391 3684 3623 3747 credidisti
3638 3679 3755 3753 (1M

2290 3779 2406 3853 XX).
2447 3799 2467 3833 ι
2504 3779 2640 3837 Cum
2654 3776 2853 3838 Paulus
2882 3783 3165 3854 apostolus
3189 3784 3370 3840 dicat:
3397 3800 3416 3833 ι
3453 3779 3535 3836 Est
3551 3775 3660 3832 enim
3675 3769 3759 3825 ﬁda

2290 3872 2682 3944 sperandarum
2727 3873 3029 3929 substantia
3074 3888 3287 3943 rerum,
3338 3876 3653 3946 argumentum
3691 3874 3758 3916 ποι

2290 3964 2686 4035 apparentium,
2722 3983 2742 4016 ι
2765 3958 3015 4023 Profecto
3064 3964 3258 4039 liquet,
3308 3966 3427 4038 quia
3473 3960 3583 4019 ﬁdes
3620 3955 3758 4013 illam

2288 4072 2473 4115 rerum
2501 4068 2880 4132 argumentum
2910 4070 2993 4118 est
3019 4078 3148 4135 qua:
3195 4075 3450 4135 apparere
3474 4056 3755 4128 nonpossint:

2288 4164 2411 4220 quae
2435 4150 2635 4207 etenim
2688 4161 2974 4225 apparent,
3003 4151 3121 4223 jam
3172 4155 3335 4210 ﬁdem
3384 4168 3481 4209 non
3512 4135 3757 4209 habentud

2287 4242 2640 4314 agnitionem.
2679 4242 2816 4299 Dum
2863 4260 2992 4318 ergo
3031 4245 3172 4303 vidit
3209 4246 3455 4309 Thomas,
3496 4240 3599 4299 dum
3635 4232 3755 4307 μιμ-

2287 4335 2383 4399 v'it,
2417 4351 2516 4392 cur
2536 4335 2587 4391 ei
2619 4322 2845 4402 dicitur,
2898 4357 2914 4389 ε
2947 4338 3078 4408 quia
3138 4338 3321 4395 vidisti
3358 4353 3439 4393 me
3472 4326 3711 4392 credidisti:
3740 4337 3752 4371 ι

602 4412 700 4509 sed
730 4440 799 4481 ex
830 4422 1148 4497 Scripturis.
1174 4424 1231 4482 Si
1270 4427 1414 4483 enim
1436 4426 1550 4499 jam
1575 4427 1667 4485 diu
1693 4439 1797 4497 est,
1822 4447 1890 4487 ex
1918 4447 2027 4503 quo
2048 4433 2181 4488 dici-
2206 4432 2261 4495 Ι)
2284 4427 2380 4484 sed
2405 4427 2550 4484 aliud
2573 4428 2730 4495 vidit,
2764 4429 2912 4485 aliud
2937 4431 3191 4488 credidit.
3223 4431 3270 4486 Α
3294 4429 3494 4487 mortali
3527 4418 3755 4499 quippe”

600 4529 725 4593 tur:
764 4540 782 4573 ι
826 4519 1017 4577 Adhuc
1045 4520 1192 4577 enim
1238 4521 1510 4578 modicum
1539 4523 1878 4593 quantulum,
1915 4526 2007 4597 qui
2050 4542 2182 4581 ven-

600 4621 754 4669 turus
782 4620 866 4669 est
892 4612 1074 4668 veniet
1099 4620 1152 4667 et
1179 4627 1288 4669 non
1319 4612 1555 4669 tardabit
1582 4614 1735 4688 (Agg.
1758 4614 1821 4687 ιι)
1854 4632 1867 4670 :
1892 4634 1910 4667 ι
1947 4616 2179 4673 manife-

601 4714 744 4769 stum
770 4714 872 4771 est,
903 4704 1031 4776 quia
1057 4719 1200 4759 nunc
1224 4704 1394 4761 multo
1417 4705 1717 4775 proximior
1737 4716 1842 4763 est.
1871 4706 2104 4765 Proinde
2125 4717 2182 4766 et

598 4813 949 4871 perseverare
984 4807 1040 4854 et
1072 4808 1394 4870 exspectare
1422 4814 1528 4856 non
1561 4798 1786 4855 minima
1831 4816 2043 4857 merces
2071 4809 2175 4857 est.

602 4904 624 4941 ι
662 4885 849 4943 Justus
876 4896 1056 4943 autem
1080 4903 1233 4945 meus
1261 4903 1329 4944 ex
1358 4887 1464 4944 ﬁde
1492 4888 1623 4944 vivit
1650 4887 1882 4961 (Habac.
1907 4892 1991 4964 ιι).
2023 4891 2179 4960 Quod

601 4997 624 5034 ο
663 4979 709 5035 si
750 4979 1081 5037 subtraxerit
1107 4995 1188 5048 se,
1242 4996 1348 5037 non
1387 4979 1620 5052 placebit
1660 4980 1855 5037 animae
1885 4998 2035 5039 mete.
2070 4980 2179 5041 Nos

601 5086 625 5125 ι
666 5066 849 5125 autem
869 5084 973 5125 non
994 5085 1179 5125 sumus
1197 5069 1289 5125 ﬁlii
1312 5070 1696 5127 subtractionis
1716 5069 1769 5126 in
1788 5071 2174 5144 perditionem,

602 5178 621 5211 ι
667 5159 763 5216 sed
808 5159 931 5216 ﬁdei
960 5160 1016 5216 in
1066 5161 1482 5230 acquisitionem
1529 5161 1745 5219 animas.
1790 5182 1810 5215 ι
1862 5160 2030 5239 (Διὸ.)
2061 5165 2177 5224 Hoc

596 5250 971 5323 propheticum
1015 5248 1196 5307 intulit
1227 5250 1518 5323 Apostolus
1556 5253 1925 5333 testimonium
1981 5255 2051 5311 ad
2075 5272 2173 5313 ex-

598 5345 960 5401 hortationem
998 5342 1157 5399 ﬁdei:
1187 5342 1326 5400 sicut
1352 5344 1655 5416 displicebit
1700 5347 1794 5420 qui
1839 5348 2066 5417 dubitat,
2100 5344 2193 5408 ita'

594 5437 688 5517 qui
724 5434 1015 5491 crediderit
1053 5426 1196 5519 vivet
1222 5434 1275 5489 in
1325 5434 1429 5491 fide
1478 5452 1575 5493 sua
1629 5450 1800 5494 recta.
1834 5438 2176 5513 Quapropter

594 5526 881 5581 credamus
932 5523 1187 5581 velociter
1233 5526 1444 5583 venisse
1482 5525 1723 5598 iudicem
1789 5528 2089 5599 Christum,
2120 5542 2177 5590 et

594 5635 961 5690 praeparemus
991 5634 1088 5676 nos
1109 5620 1323 5676 obviam
1352 5619 1408 5674 in
1438 5621 1594 5677 bonis
1639 5623 1871 5691 actibus,
1902 5638 1973 5679 ne
2004 5625 2174 5682 simus

597 5711 977 5768 abstractionis
1002 5711 1095 5767 ﬁlii
1139 5728 1167 5766 a
1199 5711 1318 5767 luce
1342 5713 1692 5783 sempiterna,
1733 5719 1826 5772 sed
1852 5715 2169 5788 acquisitio—

2282 4522 2432 4577 mine
2459 4521 2712 4578 divinitas
2760 4522 2934 4579 videri
2988 4540 3095 4581 non
3136 4527 3330 4597 potuit.
3380 4523 3622 4579 Hominem
3653 4513 3757 4585 igitur

2282 4610 2440 4679 vidit,
2470 4620 2526 4666 et
2554 4611 2723 4667 Deum
2758 4612 3039 4670 confessus
3092 4623 3201 4682 est,
3260 4614 3474 4672 dicens:
3518 4630 3535 4664 σ
3578 4603 3754 4664 Dominus

2281 4718 2436 4759 meus
2466 4710 2521 4759 et
2549 4702 2693 4760 Deus
2738 4718 2890 4761 meus
2918 4706 2931 4759 ι
2970 4724 2989 4757 ›
3032 4703 3281 4764 Videndo
3305 4720 3430 4778 ergo
3454 4698 3653 4761 credidit,
3674 4688 3755 4763 quia

2282 4792 2679 4849 considerando
2727 4808 2917 4849 verum
2958 4794 3261 4862 hominem,
3317 4796 3453 4851 hunc
3476 4792 3616 4847 Deum
3648 4790 3754 4856 (1⁸³⁸³

2280 4884 2467 4941 videre
2502 4900 2607 4942 non
2637 4890 2851 4958 poterat
2897 4884 3226 4944 exclamavit
3259 4906 3271 4943 :
3307 4907 3325 4939 ‹
3359 4885 3480 4943 Fide
3502 4874 3755 4948 intelligunti

2283 4984 2464 5049 aptata
2489 4992 2608 5033 esse
2651 4978 2868 5045 saecula,
2918 4979 3084 5036 verbo
3112 4980 3229 5049 Dei,
3280 4987 3338 5036 ut
3382 4995 3443 5036 ex
3495 4965 3755 5033 invisibilibus

2290 5089 2309 5122 ι
2349 5070 2582 5127 visibilia
2625 5070 2838 5128 ﬁerent.
2885 5091 2905 5123 ι
2940 5070 3150 5145 (Ιοαη.)
3206 5068 3366 5129 Fides
3415 5066 3527 5126 forti
3570 5058 3754 5145 animo?l

2279 5161 2425 5218 virili
2455 5178 2589 5234 opus
2618 5159 2802 5229 habet,
2834 5171 2892 5219 et
2924 5143 3106 5219 omnia
3132 5143 3557 5237 Vsupergrcdiente
3593 5143 3754 5210 sensibi-

2279 5254 2375 5321 lia,
2405 5264 2461 5311 et
2486 5254 2856 5311 inﬁrmitatem
2884 5244 3352 5313 ratiocinationum
3380 5252 3618 5311 hominum
3640 5248 3755 5296 ιηηθ·

2280 5358 2460 5404 eunte.
2522 5345 2638 5402 Non
2690 5348 2835 5403 enim
2888 5349 3087 5420 poterit
3140 5348 3299 5405 aliter
3344 5348 3597 5418 quisquam
3638 5326 3752 5388 ﬁdelis

2282 5439 2418 5505 ﬁeri,
2448 5440 2550 5495 nisi
2574 5441 2808 5512 seipsum
2839 5456 2870 5495 a
2901 5440 3292 5497 consuetudine
3306 5433 3554 5496 communi
3571 5422 3749 5512 abduci}.

2280 5531 2415 5600 Quia
2444 5548 2575 5604 ergo
2601 5532 2794 5589 anima:
2812 5532 3158 5589 Hebraeorum
3189 5532 3386 5589 debiles
3411 5535 3564 5587 erant,
3586 5524 3665 5576 et!
3683 5506 3751 5567 ἥδε

2278 5624 2495 5697 quidem
2522 5624 2735 5681 initium
2789 5633 3153 5694 sumpserant,
3201 5640 3265 5679 ex
3308 5618 3605 5694 passionihus
3626 5612 3748 5697 autem

2280 5716 2684 5772 tribulationum
2738 5715 3108 5785 pusillanimes
3162 5715 3526 5771 efficiebantur,
3551 5712 3595 5759 et
3626 5694 3757 5797 minus,

597 5807 682 5863 nis
718 5808 770 5863 in
800 5806 1050 5879 gloriam,
1085 5823 1206 5864 cum
1236 5808 1441 5864 sanctis
1474 5808 1526 5864 in
1550 5810 1639 5866 die
1666 5824 1863 5884 magno
1886 5810 2172 5868 audientes
2275 5811 2548 5884 patienter
2581 5810 2827 5867 ferebant
2862 5817 2917 5865 et
2943 5808 3401 5871 concutiebantur,
3444 5800 3591 5875 primo
3612 5792 3749 5845 eos“
