3992 6338
189 381 302 437 789

658 374 1207 435 ENARRATIONUM
1246 377 1314 433 IN
1354 377 1503 434 EPP.
1545 374 1751 434 PAULI
1787 375 1915 432 LIB.
1957 372 2153 431 XXIX.
2178 402 2247 415 --
2286 371 2353 429 IN
2393 371 2616 430 EPIST.
2653 372 2747 429 AD
2781 369 2986 427 HEBR.

3360 365 3465 423 790

189 496 279 551 eis
307 492 439 566 ipsis
487 491 808 550 adhortatus
863 504 946 550 est
989 494 1221 550 dicens:
1261 513 1278 545 ι
1324 493 1782 550 Rememoramini
1808 493 1995 556 Atem
2046 499 2102 547 et
2146 498 2338 561 postea
2391 488 2734 565 signiﬁcavit.
2773 486 2912 555 Quia
2956 480 3183 557 ergo'in
3221 483 3469 555 personis

188 588 319 643 dies
344 585 634 657 pristinos:
658 606 677 637 ι
706 585 899 640 iterum
929 599 997 641 ex
1024 582 1303 657 Scriptura
1330 584 1509 641 divina
1537 584 1778 639 dicente:

195 694 217 729 ι
267 675 457 732 Justus
495 692 564 733 ex
598 674 703 731 ﬁde
737 676 887 730 vivit.
928 695 946 729 ›
1008 675 1211 732 Deinde
1256 691 1324 732 ex
1356 674 1785 731 ratiocinationi-

189 756 302 824 b'us
352 766 541 824 dicens
584 787 596 822 :
652 788 669 819 ι
708 768 869 823 Fides
906 776 989 824 est
1043 766 1430 840 sperandamm
1481 767 1784 823 substantia

188 875 407 925 rerum,
444 860 718 915 convictio
751 875 939 916 eorum
990 874 1111 929 qum
1139 874 1245 913 non
1276 857 1547 913 videntur.
1580 877 1598 907 ι
1630 855 1787 912 Nunc

188 961 384 1005 autent
416 960 478 1006 ex
512 950 945 1021 progenitoribus
981 949 1175 1020 incipit
1222 949 1390 1021 loqui,
1416 949 1627 1021 magnis
1655 947 1786 1002 viris

189 1052 249 1100 et
286 1042 625 1099 mirabilibus
659 1043 786 1110 illis,
834 1058 973 1115 pene
1022 1043 1251 1098 dicens:
1291 1042 1349 1097 Si
1384 1043 1493 1098 illic
1540 1043 1630 1098 ubi
1659 1050 1787 1097 ante

189 1135 367 1206 pedes
390 1145 549 1191 erant
595 1136 760 1201 bona,
794 1151 984 1191 onmes
1040 1134 1142 1191 fide
1184 1134 1376 1190 salvati
1421 1143 1568 1201 sunt,
1616 1133 1788 1189 multo

194 1226 435 1297 amplius
458 1242 576 1282 nos.
606 1224 741 1282 Cum
779 1226 922 1281 enim
966 1225 1236 1281 invenerit
1261 1226 1443 1281 anima
1496 1226 1552 1280 in
1581 1224 1786 1280 eisdem

195 1319 548 1390 passionibus
578 1319 808 1384 socium,
866 1319 1161 1389 requiescit
1200 1328 1255 1374 et
1296 1319 1547 1390 reSpirat.
1595 1317 1707 1373 Iloc
1734 1324 1789 1373 et

197 1412 254 1466 in
285 1410 411 1474 fide,
441 1411 542 1465 hoc
570 1419 626 1465 et
646 1411 702 1465 in
732 1409 1080 1466 tribulatione
1109 1410 1247 1465 solet
1272 1411 1540 1466 accidere.
1571 1409 1791 1465 «Proin-

199 1503 269 1559 de
290 1500 361 1557 sit
380 1503 433 1557 iu
458 1501 610 1557 vobis
630 1502 947 1568 consolatio,
971 1503 1163 1573 inquit,
1188 1518 1283 1573 per
1308 1510 1549 1557 mutuam
1573 1500 1783 1555 fidem.»

200 1592 373 1650 Valde
399 1594 543 1649 enim
574 1594 912 1651 iucredulum
956 1604 1039 1651 est
1066 1596 1362 1651 humanum
1392 1610 1584 1667 genus,
1614 1603 1669 1650 et
1696 1609 1791 1649 ne-

199 1703 309 1758 que
328 1688 396 1743 de
421 1687 601 1758 seipse
625 1688 924 1753 conlidens,
946 1698 999 1744 et
1024 1690 1222 1745 timens
1246 1705 1344 1761 pro
1366 1689 1451 1744 his
1472 1704 1593 1759 qua:
1613 1704 1671 1743 se
1694 1689 1793 1743 ha-

1885 593 2101 640 centum
2126 585 2207 639 vel
2232 583 2480 639 ducentis
2510 583 2653 639 hanc
2681 594 2901 636 causam
2927 576 3240 641 constituit;
3273 574 3466 630 deinde

1883 676 2072 735 videns
2093 691 2315 747 parvam
2339 674 2548 731 numeri
2570 672 2954 745 quantitatem,
2982 658 3282 755 subiunxit,
3312 660 3474 733 «Qui-

1882 768 1986 825 bus
2030 767 2223 840 dignus
2282 781 2390 823 non
2437 775 2557 822 erat
2618 764 2871 822 mundus.
2918 781 2937 814 ι
2988 760 3055 816 Ει
3103 757 3473 829 contemplare

1885 874 2044 929 quem
2080 859 2316 929 primum
2347 858 2538 929 ponit:
2569 872 2715 922 eum,
2756 855 2848 925 qui
2884 853 3027 909 mala
3052 866 3246 924 passus
3278 858 3385 916 est,
3417 855 3474 903 et

1885 951 1990 1006 hoc
2020 966 2049 1005 a
2082 949 2271 1006 fratre.
2301 950 2525 1021 Propria
2557 957 2676 1005 erat
2718 949 2947 1004 istorum
2976 946 3092 1001 haec
3119 944 3302 1015 passio
3326 961 3341 996 :
3378 942 3472 997 Et-

1886 1042 2032 1098 enim
2052 1058 2171 1106 vos,
2202 1041 2399 1112 inquit,
2429 1043 2619 1097 eadem
2667 1040 2814 1110 passi
2859 1039 2991 1094 estis
3017 1053 3049 1092 a
3078 1034 3473 1093 contribulibus

1886 1118 2101 1189 vestris.
2135 1133 2270 1189 Abel
2304 1134 2517 1189 occisus
2559 1144 2643 1189 est
2665 1148 2696 1187 a
2717 1131 2884 1187 fratre
2914 1130 3048 1185 nihil
3073 1129 3348 1200 injuriato,
3379 1126 3475 1184 sed

1887 1236 2111 1297 propter
2134 1224 2301 1280 Deum
2339 1225 2614 1280 invidente
2634 1224 2955 1280 :ostendens
2986 1223 3113 1293 quia
3135 1232 3189 1276 et
3214 1221 3313 1291 ipsi
3340 1219 3476 1275 invi-

1889 1317 2032 1371 diam
2063 1315 2425 1386 patiebantur.
2476 1312 2787 1371 Honorabat
2830 1313 2919 1367 ille
2947 1312 3165 1382 quidem
3196 1312 3388 1374 Deum,
3421 1319 3477 1366 et

1889 1417 2137 1463 mortuus
2159 1416 2244 1461 cst
2272 1423 2371 1476 pro
2399 1406 2605 1461 honore
2630 1406 2750 1471 Dei,
2780 1415 2833 1459 et
2860 1405 3092 1460 necdum
3127 1403 3479 1463 resurrectio-

1891 1514 2015 1554 nem
2047 1499 2271 1569 adeptus
2297 1507 2410 1566 est;
2437 1498 2532 1553 sed
2558 1497 2883 1553 desiderium
2912 1497 3129 1567 quidem
3155 1495 3275 1566 ejus
3302 1497 3476 1553 mani-

1889 1595 2088 1651 festum
2113 1606 2221 1661 est,
2251 1604 2446 1666 etquae
2472 1598 2539 1651 ab
2570 1596 2660 1651 illo
2685 1596 2802 1651 ﬁeri
2830 1596 3122 1662 debebant,
3156 1596 3295 1651 facta
3322 1603 3477 1650 sunt:

1893 1706 2015 1760 qua:
2040 1706 2172 1746 vero
2200 1707 2230 1744 a
2256 1689 2367 1745 Deo
2394 1689 2582 1744 donari
2612 1690 2993 1759 sperabantur,
3016 1689 3246 1744 necdum
3277 1687 3351 1742 illi
3371 1686 3483 1742 col-

200 1781 332 1837 bere
350 1781 699 1851 judicat:sed
725 1782 948 1837 multam
973 1783 1135 1838 habet
1157 1798 1344 1838 curam
1367 1782 1570 1853 gloriae,
1588 1797 1788 1852 quaaex
1819 1850 1862 1859 _
1893 1784 2004 1838 lata
2033 1791 2177 1838 sunt.
2207 1781 2447 1837 llostiam
2474 1782 2530 1837 in
2564 1782 2665 1837 hoc
2694 1781 2816 1838 loco
2843 1781 2976 1836 dicit
2999 1776 3499 1859 honorabiliorem-

200 1850 450 1944 plurimis
471 1872 732 1929 defertur.
750 1873 887 1943 Quid
900 1889 1030 1946 ergo
1042 1872 1238 1929 Paulus
1256 1850 1418 1928 facit?
1441 1872 1518 1927 Ex
1545 1850 1789 1942 patribus

1908 1877 2274 1942 zt'clariorem,
2291 1885 2343 1931 et
2366 1877 2752 1932 necessariam.
2772 1876 2837 1930 Et
2850 1891 2955 1930 non
2975 1891 3262 1947 possumus
3277 1875 3479 1939 dicere,

201 1980 299 2020 eos
315 1966 583 2031 hortatur,
597 1973 653 2020 et
670 1964 846 2036 primo
857 1980 923 2022 ex
936 1964 1209 2020 communi
1224 1964 1517 2020 intellectu.
1537 1963 1790 2019 Dicenim

206 2057 365 2123 mihi,
390 2058 586 2128 inquit,
610 2058 736 2128 quia
759 2052 893 2113 fides
912 2065 1196 2113 accusatur
1220 2056 1384 2112 veluti
1426 2072 1513 2111 res
1534 2072 1654 2126 quae
1681 2070 1791 2110 non

204 2149 381 2218 possit
406 2149 638 2217 ostendi,
660 2157 718 2205 et
749 2167 869 2222 qua:
911 2152 1158 2222 deceptio
1187 2151 1359 2224 magis
1383 2151 1471 2206 sit.
1497 2151 1791 2222 Propterea

206 2240 462 2305 ostendit,
476 2242 601 2312 quia
625 2242 874 2298 maximae
889 2259 974 2299 res
996 2259 1092 2313 per
1105 2244 1285 2310 fidem,
1300 2254 1354 2301 et
1378 2260 1485 2300 non
1508 2260 1605 2316 per
1626 2243 1795 2299 ratio-

208 2330 509 2388 cinationes
522 2332 776 2403 perfectae
795 2342 938 2390 sunt.
955 2334 1022 2390 Et
1034 2337 1305 2407 quomodo
1319 2338 1421 2393 hoc
1433 2338 1687 2403 ostendit,
1704 2337 1793 2392 dic

209 2423 379 2479 mihi?
402 2424 739 2481 Manifestum
759 2435 866 2491 est,
884 2427 1217 2499 inquit,quia
1239 2444 1305 2484 ex
1332 2444 1436 2484 non
1458 2428 1795 2484 exstantibus

208 2533 333 2588 qua:
345 2526 469 2573 sunt
483 2519 627 2603 Deus
638 2517 819 2587 ellicit,
836 2528 890 2574 et
904 2535 970 2575 ex
992 2537 1096 2575 non
1124 2522 1509 2592 apparentibus
1530 2537 1793 2597 apparen-

209 2606 306 2674 tia,
322 2618 454 2664 etex
469 2625 574 2664 non
590 2610 1005 2667 subsistentibus
1026 2612 1393 2667 subsistentia.
1411 2612 1478 2668 Et
1496 2613 1638 2667 unde
1660 2613 1798 2667 hoc?

209 2697 349 2767 Quia
378 2709 433 2755 et
456 2700 623 2756 verbo
648 2702 762 2758 haec
799 2692 943 2758 fecit.
974 2698 1343 2762 Ratiocinatio
1367 2705 1585 2775 quidem
1612 2704 1666 2759 in
1694 2705 1798 2761 hoc

210 2792 346 2847 nihil
375 2793 530 2849 nobis
551 2792 896 2866 suﬂ‘ragatur,
920 2792 1012 2851 sed
1037 2804 1091 2852 et
1111 2805 1321 2863 contra,
1351 2796 1514 2853 veluti
1539 2811 1605 2852 ex
1628 2811 1797 2868 appa-

180 2885 459 2943 ~rentibus
487 2887 801 2958 apparentia
843 2896 994 2958 putet
1048 2905 1170 2945 esse
1224 2888 1389 2946 facta.
1420 2889 1715 2961 Propterea
1743 2897 1799 2944 et

214 2979 454 3036 maxime
496 2978 803 3052 philosophi
842 2978 975 3037 nihil
1008 2984 1194 3039 dicunt
1220 2999 1286 3039 ex
1339 2984 1502 3040 nullis
1534 2983 1799 3039 exstanti-

214 3069 317 3127 bus
335 3087 476 3139 esse,
493 3073 754 3129 animales
781 3075 1097 3143 existentes,
1122 3084 1177 3133 et
1200 3077 1335 3132 nihil
1364 3078 1467 3134 fide
1495 3077 1801 3150 percipien-

215 3171 320 3220 tes.
348 3161 837 3234 Reprehenduntur
863 3176 1043 3223 autem
1073 3169 1237 3224 etiam
1254 3170 1364 3240 ipsi
1391 3187 1406 3239 ;
1433 3171 1651 3240 quando
1681 3186 1801 3226 ma-

213 3270 382 3325 gnum
427 3254 630 3327 aliquid
664 3255 749 3312 vel
781 3250 1018 3312 validum
1044 3259 1300 3326 dixerint,
1332 3258 1437 3315 ﬁde
1463 3258 1650 3316 dicunt
1671 3275 1800 3331 per-

214 3344 544 3416 cipiendum,
576 3347 742 3403 veluti
798 3348 942 3420 quod
990 3350 1134 3406 Deus
1180 3350 1297 3406 sine
1335 3340 1491 3407 initio
1522 3350 1720 3406 dicitur
1747 3360 1805 3407 et

216 3436 510 3510 ingenitus.
553 3437 918 3496 Ratiocinatio
945 3440 1141 3513 quippe
1179 3442 1304 3498 huic
1346 3434 1426 3497 rei
1475 3458 1581 3498 non
1612 3438 1805 3499 suifra-

216 3538 397 3602 gatur,
434 3526 529 3588 sed
556 3540 614 3587 et
658 3544 849 3590 contra
880 3550 938 3591 se
984 3535 1163 3591 habet.
1219 3530 1454 3591 Attende
1502 3551 1647 3591 nunc
1674 3534 1806 3592 mihi

220 3620 449 3681 multam
469 3626 763 3683 vanitatem
786 3624 1026 3699 ipsorum
1051 3646 1063 3682 :
1089 3625 1257 3683 Deum
1284 3624 1401 3683 sine
1423 3626 1579 3683 initio
1597 3626 1806 3697 dicunt,

220 3720 277 3770 et
291 3729 360 3769 ex
382 3715 543 3771 nullis
562 3716 920 3772 exstantibus.
946 3714 1169 3770 Multum
1195 3724 1378 3771 autem
1390 3716 1495 3772 hoc
1508 3714 1810 3773 mirabilius

218 3810 305 3860 εει
328 3820 489 3875 quam
509 3805 689 3862 dicere
711 3807 837 3878 quia
872 3824 939 3862 ex
962 3806 1122 3863 nullis
1161 3806 1499 3862 exstantibus
1524 3823 1643 3878 qua:
1685 3816 1813 3865 sunt

218 3894 368 3950 Deus
394 3888 539 3951 fecit.
564 3896 699 3952 Nam
721 3897 921 3963 dicere,
944 3896 1074 3953 Sine
1092 3892 1360 3968 principio
1385 3905 1469 3952 est
1491 3894 1655 3964 Deus,
1683 3894 1810 3967 quia

222 3988 520 4060 ingenitus,
543 3990 669 4060 quia
716 3978 891 4061 neque
912 4006 941 4046 a
960 3980 1161 4061 seipso,
1183 3982 1358 4061 neque
1378 3989 1446 4045 ab
1472 3986 1580 4045 alio
1599 3990 1815 4061 genitus

222 4088 338 4145 est,
362 4078 595 4150 amplius
615 4088 697 4135 est
718 4079 1017 4137 bassitabils
1035 4121 1050 4148 ,
1074 4086 1334 4153 quantum
1357 4080 1425 4135 ad
1449 4078 1817 4136 ratiocinatio-

223 4183 351 4225 nem
392 4171 608 4236 attinet,
637 4180 799 4243 quam
830 4170 1028 4238 dicere,
1052 4172 1132 4225 Ex
1152 4170 1662 4229 nullisexstantibus
1675 4172 1817 4226 Deus

224 4261 357 4316 fecit
375 4276 495 4332 qua:
508 4270 652 4317 sunt.
672 4258 772 4316 Hic
792 4262 934 4317 enim
957 4261 1122 4317 multa
1140 4272 1265 4319 sunt
1278 4261 1578 4327 credibilia,
1595 4263 1699 4317 hoc
1710 4269 1817 4329 est,
1840 4256 1843 4261 λ

227 4355 358 4426 quia
385 4352 514 4411 fecit
551 4350 764 4427 aliquis,
795 4357 922 4428 quia
953 4356 1167 4413 initium
1207 4358 1397 4414 habuit
1426 4357 1570 4429 quod
1612 4356 1818 4413 factum

1827 3210 1877 3277 C

1892 1969 2092 2038 inquit,
2106 1967 2231 2037 quia
2253 1983 2355 2021 non
2370 1975 2453 2021 est
2466 1976 2714 2037 suscepta
2733 1984 2745 2021 :
2760 1966 3001 2037 suscepit
3021 1966 3237 2036 quidem
3254 1965 3418 2031 Deus,
3432 1973 3487 2019 et

1894 2062 2032 2117 dixit
2055 2062 2120 2116 ad
2147 2061 2311 2116 Cain:
2342 2079 2360 2111 ‹
2383 2060 2440 2116 Si
2474 2071 2621 2117 recte
2642 2059 2860 2125 oderas,
2886 2069 3035 2115 recte
3064 2067 3247 2114 autem
3271 2073 3376 2113 non
3404 2057 3485 2112 di-

1892 2153 2067 2207 vidas.
2108 2172 2128 2206 ›
2162 2152 2303 2224 Ergo
2332 2151 2461 2208 Abel
2490 2160 2546 2207 et
2590 2160 2738 2227 recte
2772 2151 2967 2207 obtulit
3018 2158 3074 2206 et
3103 2160 3254 2206 recte
3279 2148 3484 2204 divisit.

1897 2245 2004 2301 Sed
2034 2260 2135 2317 pro
2160 2247 2245 2302 his
2273 2261 2434 2316 quam
2483 2244 2895 2301 retributionem
2942 2243 3193 2317 accepit?
3225 2242 3486 2297 laterem-

1893 2348 2021 2409 ptus
2069 2344 2152 2392 est
2178 2352 2339 2391 manu
2369 2335 2631 2401 fraterna,
2679 2344 2737 2391 et
2772 2334 3296 2396 condemnationem,
3323 2347 3487 2402 quam

1896 2438 2053 2500 pater
2103 2438 2328 2500 propter
2360 2437 2644 2499 peccatum
2699 2426 2919 2491 meruit,
2975 2426 3119 2481 hanc
3148 2425 3250 2480 iste
3278 2424 3488 2495 primus

1898 2522 2135 2591 excepit,
2168 2529 2351 2577 rectus
2405 2520 2693 2575 existens:
2737 2528 2792 2574 et
2846 2519 2900 2574 in
2932 2525 3145 2575 tantum
3199 2514 3492 2572 crudeliter

1897 2629 2091 2684 passus
2141 2621 2246 2679 est,
2299 2613 2354 2667 in
2400 2620 2662 2683 quantum
2712 2610 2878 2669 etiam
2907 2623 2938 2664 a
2974 2608 3168 2675 fratre,
3204 2617 3261 2664 et
3282 2607 3490 2681 primus

1899 2705 2114 2759 occisus
2145 2722 2157 2757 :
2184 2712 2239 2759 et
2268 2692 2446 2758 (amen
2476 2700 2831 2774 probabiliter
2853 2716 2919 2755 ac
2956 2710 3104 2755 recte
3132 2700 3342 2763 vivens,
3372 2696 3493 2753 nul-

1899 2780 2013 2873 lum
2047 2797 2253 2853 habens
2281 2811 2443 2867 quem
2482 2795 2810 2873 imitaretur.
2841 2794 2924 2848 Ad
2950 2808 3114 2863 quem
3143 2793 3286 2846 enim
3316 2799 3493 2845 atten-

1903 2870 2039 2944 dens
2091 2887 2332 2943 imitatus
2380 2896 2485 2952 est,
2527 2895 2587 2943 ut
2616 2886 2696 2941 sic
2741 2870 3033 2943 honoraret
3059 2883 3278 2940 Deum?
3304 2882 3373 2937 ad
3397 2896 3494 2954 pa-

1903 2987 2044 3061 trem
2074 2979 2158 3035 vel
2212 2978 2278 3034 ad
2331 2979 2608 3037 matrem?
2636 2979 2729 3035 sed
2783 2977 2857 3033 illi
2896 2978 3068 3049 magis
3097 2975 3496 3045 injuriaverunt

1905 3071 2076 3127 Deum
2106 3086 2205 3143 pro
2235 3071 2399 3128 tantis
2448 3071 2745 3127 beneﬁciis.
2775 3069 2914 3125 Num
2954 3070 3022 3125 ad
3066 3069 3290 3124 fratrem
3315 3076 3493 3123 atten-

1902 3165 2026 3222 dit?
2054 3166 2220 3221 etiam
2262 3164 2376 3236 ipse
2422 3164 2717 3233 injuriavit.
2773 3163 3009 3220 Proinde
3057 3178 3121 3218 ex
3173 3162 3352 3233 seipso
3387 3162 3490 3219 hoc

1905 3260 2108 3316 bonum
2143 3258 2367 3314 invenit.
2405 3257 2509 3327 Qui
2564 3273 2693 3331 ergo
2722 3264 2874 3313 tanto
2900 3256 3108 3312 honore
3133 3256 3326 3323 dignus
3348 3264 3489 3323 erat,

1907 3349 2036 3421 quid
2060 3349 2290 3421 patitur?
2319 3348 2673 3405 Interimitur.
2697 3347 2939 3416 Qualiter
2964 3355 3147 3403 autem
3169 3347 3332 3403 etiam
3350 3346 3496 3402 aliud

1908 3424 2282 3513 testimonium
2312 3447 2638 3495 consecutus
2653 3447 2759 3504 est,
2786 3438 2929 3510 quod
2959 3436 3296 3506 essetjustus
3313 3438 3337 3492 ?
3356 3437 3502 3494 Dici-

1910 3537 2003 3609 tur
2031 3531 2172 3603 ignis
2222 3530 2572 3586 descendisse
2619 3536 2676 3585 ει
2722 3529 3093 3601 absumpsisse
3122 3528 3332 3585 hostias
3359 3528 3496 3599 ejus.

1915 3620 2030 3691 cln
2074 3621 2236 3688 Abel,
2267 3622 2466 3693 inquit,
2508 3620 2743 3695 inspexit
2779 3629 2835 3677 et
2879 3621 2935 3676 in
2964 3620 3159 3676 bestiis
3189 3619 3307 3691 ejus
3344 3618 3497 3692 (Gen.

1911 3715 2010 3795 tv).
2046 3737 2064 3769 ι
2098 3716 2155 3771 lu
2184 3716 2446 3789 Syrorum
2474 3723 2655 3772 autem
2677 3715 2859 3789 lingua
2894 3735 2912 3767 ι
2934 3724 2991 3771 ει
3017 3715 3224 3786 ignivit,
3263 3732 3283 3766 ι
3314 3715 3498 3770 habet.

1913 3810 2050 3868 Cum
2078 3818 2137 3865 et
2180 3811 2235 3866 in
2273 3809 2479 3879 verbis,
2503 3809 2633 3864 etin
2660 3807 2918 3879 cperibus
2940 3805 3060 3877 ejus
3082 3804 3406 3863 testiﬁcatus
3430 3805 3505 3860 sit

1914 3900 2228 3977 dejustitia,
2281 3912 2339 3960 et
2386 3918 2508 3959 cum
2561 3917 2684 3958 eum
2711 3909 2932 3974 propter
2960 3915 3022 3959 se
3060 3901 3259 3957 viderit
3298 3899 3507 3956 exstin-

1914 4000 2085 4073 ctum,
2125 3993 2355 4050 necdum
2390 3993 2441 4049 ei
2472 3993 2744 4058 retribuit,
2776 3992 2872 4048 sed
2906 3991 3095 4061 adhuc
3150 3991 3229 4047 sic
3275 3990 3501 4047 dimisit.
3522 4033 3535 4043 .

1915 4082 2150 4151 Proinde
2202 4080 2333 4139 illud
2362 4090 2482 4139 erat
2528 4097 2659 4137 vera
2695 4081 2849 4138 fides.
2885 4081 3015 4150 Quae
3060 4081 3207 4138 enim
3246 4081 3506 4137 miracula

1916 4173 2010 4253 ille
2031 4174 2184 4241 vidit,
2215 4182 2280 4253 ut.
2302 4173 2550 4231 crederet
2575 4174 2703 4246 quia
2731 4175 2838 4229 erit
2861 4189 2894 4230 a
2920 4174 3032 4230 Deo
3061 4174 3243 4247 aliqua
3268 4173 3507 4229 retribu-

1922 4252 1996 4324 tio
2021 4267 2285 4323 bonorum
2313 4269 2336 4322 Υ
2363 4264 2553 4323 Nonne
2574 4282 2641 4325 ex
2670 4265 2774 4323 fide
2799 4267 2913 4325 sola
2942 4267 3131 4325 habuit
3157 4267 3298 4324 hanc
3332 4267 3506 4322 virtu-

1922 4348 2059 4416 tem?
2073 4357 2211 4427 Quid
2224 4366 2329 4427 est,
2350 4377 2368 4410 ‹
2379 4365 2434 4414 ει
2448 4366 2733 4431 propterea
2755 4366 3000 4445 mortuus
3012 4358 3187 4413 adhuc
3206 4357 3497 4427 loquitur?»

226 4458 316 4505 est
350 4467 365 4504 :
398 4448 508 4506 illic
532 4442 715 4505 autem
751 4461 943 4522 sponte
971 4448 1244 4521 ingenitus
1273 4467 1449 4523 neque
1478 4452 1695 4508 initium
1719 4451 1818 4507 ha-
1923 4455 2005 4512 Ne
2030 4455 2085 4510 in
2112 4453 2338 4509 multam
2361 4467 2456 4509 eos
2481 4442 2910 4531 desperationem
2934 4452 3249 4516 adduceret,
3266 4449 3505 4505 ostendit

226 4545 351 4601 buit
385 4561 562 4616 neque
590 4540 821 4617 tempus,
852 4561 1033 4600 nonne
1067 4544 1239 4617 magis
1269 4544 1385 4600 haec
1422 4544 1524 4600 ﬁde
1553 4544 1816 4615 indigent,
1846 4544 1898 4626 ﬁ
1921 4562 2047 4603 eum
2072 4562 2139 4601 ex
2163 4555 2320 4617 parte
2343 4544 2668 4618 perfruitum
2725 4544 3152 4601 retributionem.
3200 4540 3510 4613 Speculatio

230 4639 323 4693 dic
350 4634 520 4692 mihi?
546 4634 653 4692 Sed
687 4653 794 4693 non
822 4637 1001 4708 posuit
1027 4638 1149 4703 hoc,
1177 4632 1319 4708 quod
1347 4636 1517 4692 multo
1555 4646 1676 4692 erat
1704 4652 1821 4692 am—
1925 4640 2123 4711 quippe
2150 4639 2269 4711 ejus
2296 4638 2464 4694 multa
2489 4646 2595 4707 est,
2624 4655 2643 4689 ι
2664 4636 2732 4692 Ει
2760 4637 2934 4693 adhuc
2966 4635 3223 4706 loquitur,
3244 4653 3262 4686 ›
3283 4633 3387 4689 hoc
3404 4641 3511 4699 est,

231 4722 402 4800 plina,
431 4726 525 4784 sed
550 4736 759 4784 contra.
791 4726 967 4797 Unde,
993 4728 1190 4800 inquit,
1218 4728 1483 4784 habemus
1527 4727 1655 4799 quia
1678 4729 1822 4786 Deus
1927 4730 2205 4786 interemit
2252 4730 2470 4801 quidem
2507 4746 2649 4795 eum,
2692 4730 2789 4785 sed
2818 4743 2925 4785 non
2965 4743 3088 4784 cum
3134 4743 3203 4783 eo
3232 4727 3514 4783 interemit

234 4823 355 4879 haec
410 4820 584 4878 fecit?
634 4820 976 4879 ratiocinatio
1038 4836 1146 4878 non
1207 4818 1538 4894 sulfragatur
1576 4841 1589 4876 :
1626 4820 1823 4895 aliquis

235 4912 457 4985 quando
483 4913 600 4969 haec
650 4912 852 4968 fiebant
880 4929 988 4968 non
1021 4912 1237 4981 aderat;
1271 4908 1412 4968 unde
1450 4927 1582 4984 ergo
1609 4923 1822 4968 certum

236 5002 357 5060 est?
384 4998 725 5058 Manifestum
754 5011 839 5058 est
864 5004 1007 5076 quod
1032 5003 1155 5059 ﬁdei
1180 5019 1267 5059 res
1297 5003 1386 5059 sit.
1425 5022 1443 5055 ‹
1472 5002 1602 5059 Fide
1630 5002 1826 5061 intelli-

238 5095 442 5167 gimus,
467 5094 660 5167 inquit,
680 5095 919 5166 perfecta
948 5111 1068 5152 esse
1088 5095 1286 5153 saecula
1315 5096 1481 5152 verbo
1508 5094 1658 5152 Dei.»
1683 5095 1827 5164 Qua-

240 5202 303 5245 re
332 5188 480 5244 fide?
510 5189 648 5258 Quia
683 5206 787 5245 non
817 5189 1204 5261 apparentibus
1242 5199 1369 5246 sunt
1420 5189 1561 5247 facta
1590 5207 1712 5263 quae
1741 5189 1824 5245 vi-

241 5280 486 5336 dentur:
524 5280 627 5337 hoc
657 5290 836 5337 autem
865 5284 950 5336 est
990 5282 1134 5337 fidei.
1166 5301 1185 5334 ι
1228 5280 1362 5339 Fide
1391 5278 1683 5354 plurimam
1731 5284 1828 5339 ho-

248 5392 267 5424 ι
314 5372 476 5428 stiam
530 5370 688 5438 Abel,
724 5387 887 5443 quam
950 5371 1083 5427 Cain
1131 5372 1326 5428 obtulit
1378 5374 1508 5439 Deo,
1542 5389 1640 5446 per
1664 5390 1827 5444 quam

210 5452 215 5461 ’
251 5464 271 5517 ὁ
318 5466 688 5521 testimonium
723 5474 1046 5522 consecutus
1085 5473 1168 5521 est
1220 5480 1340 5521 esse
1363 5465 1561 5536 justus,
1594 5468 1830 5522 testimo-

250 5573 273 5608 c
321 5556 473 5611 nium
496 5556 813 5628 perhibente
845 5555 1160 5611 muneribus
1180 5555 1297 5627 ejus
1321 5554 1432 5610 Deo
1447 5573 1461 5612 :
1478 5565 1537 5612 et
1558 5572 1658 5628 per
1684 5557 1831 5613 illam

252 5664 273 5702 α
318 5647 607 5705 defunch
633 5650 809 5705 adhuc
856 5648 1112 5720 loquitur.
1150 5667 1168 5699 ι
1197 5648 1489 5721 Postquam
1526 5648 1662 5704 dixit
1689 5650 1835 5721 quod

246 5755 543 5799 commune
579 5748 684 5807 est,
736 5741 929 5797 deinde
956 5747 1012 5795 et
1058 5740 1110 5795 in
1138 5740 1387 5813 personis
1436 5740 1538 5795 hoc
1565 5741 1834 5810 enucleat,

242 5824 472 5895 lteuim
496 5828 585 5890 vir
606 5833 873 5905 gloriosus
898 5831 1100 5888 mundo
1131 5832 1425 5904 aequandus
1455 5838 1539 5889 est
1570 5852 1583 5889 :
1613 5832 1716 5891 hoc
1742 5850 1839 5892 auo

1928 4808 2045 4901 ejus
2065 4824 2290 4896 gloriam
2318 4834 2481 4894 atque
2496 4821 2814 4878 memoriam
2839 4839 2852 4875 :
2880 4832 2987 4876 non
3012 4828 3095 4876 est
3121 4820 3211 4874 ille
3231 4827 3509 4874 mortuus:

1931 4932 2062 4989 ergo
2111 4930 2212 4971 nec
2262 4930 2359 4970 vos
2405 4910 2733 4969 moriemini.
2782 4911 2997 4978 Quanto
3024 4911 3170 4966 enim
3201 4910 3324 4980 quis
3353 4923 3513 4964 acer-

1931 4994 2085 5068 biora
2110 5024 2302 5081 passus
2350 5007 2534 5074 fuerit,
2574 5014 2727 5062 tanto
2758 5006 2932 5077 magis
2977 5006 3148 5079 gloria
3175 5006 3294 5078 ejus
3323 5020 3515 5062 excre-

1934 5103 2060 5177 scit.
2085 5100 2365 5170 Quomodo
2378 5099 2554 5154 adhuc
2576 5097 2852 5169 loquitur?
2868 5098 2979 5155 lloc
2990 5099 3133 5154 enim
3153 5097 3412 5153 indicium
3432 5106 3517 5153 est

1935 5191 2077 5263 quod
2092 5191 2262 5255 vivat,
2276 5189 2419 5260 quod
2434 5189 2488 5243 in
2506 5204 2601 5244 ore
2614 5188 2855 5244 omnium
2876 5197 3143 5254 versatur,
3159 5188 3304 5260 quod
3323 5203 3517 5244 omnes

1933 5270 2058 5338 eum
2070 5281 2406 5336 admirantur
2417 5288 2471 5334 et
2482 5278 2812 5336 beatiﬁcaut.
2827 5280 2928 5349 Qui
2941 5281 3084 5337 enim
3095 5282 3347 5338 admonet
3361 5279 3512 5344 alios,

1934 5383 1997 5432 ut
2007 5373 2139 5447 justi
2158 5373 2286 5439 sint,
2303 5372 2568 5443 ioquitur:
2587 5388 2694 5429 non
2716 5374 2859 5429 enim
2878 5383 3083 5431 tantum
3099 5374 3301 5447 profuit
3316 5386 3514 5439 sermo,

1930 5476 2192 5540 quantum
2238 5465 2416 5536 passio
2470 5465 2632 5522 illius.
2688 5464 2842 5523 Sicut
2877 5469 3023 5537 enim
3078 5468 3275 5525 caelum
3306 5477 3519 5522 tantum

1933 5555 2467 5635 apparensloquitur,
2487 5555 2565 5611 sic
2579 5556 2737 5612 etille
2768 5558 2893 5614 dum
2916 5559 2969 5614 in
3002 5559 3322 5614 memoriam
3352 5556 3517 5611 venit.

2013 5670 2031 5703 ι
2072 5647 2204 5704 Fide
2234 5646 2419 5702 Enocit
2453 5647 2745 5704 translatus
2790 5659 2877 5705 est
2903 5664 2971 5705 ne
3006 5649 3213 5725 videret
3264 5655 3519 5712 mortem,

1942 5760 1963 5794 ι
2003 5749 2058 5797 ει
2084 5756 2191 5795 non
2236 5738 2634 5806 inveniebatur,
2670 5740 2798 5811 quia
2852 5740 3121 5796 transtth
3158 5738 3306 5794 illum
3333 5737 3518 5793 Deus:

1946 5853 1966 5887 ‹
2009 5840 2132 5889 ante
2162 5829 2571 5890 translationem
2594 5830 2739 5889 enim
2769 5830 3135 5889 testimonium
3157 5827 3391 5888 habebat
3407 5826 3528 5899 pla-
