3972 6336
419 323 538 381 791

1085 323 1146 376 Β.
1187 316 1444 376 RABAM
1483 315 1700 373 MAURI
1738 311 2058 369 ARCHIEP.
2101 308 2409 368 MOGUNT.
2452 309 2738 368 OPERUM
2769 305 2949 364 PARS
2986 301 3074 362 Ill.

3617 297 3738 356 792

426 455 448 489 ι
486 435 666 493 coisse
695 435 848 491 Deo:
882 435 1108 490 credere
1149 434 1292 489 enim
1323 439 1538 502 oportet
1580 427 1928 485 accedentem
1954 423 2019 478 ad
2048 427 2097 485 A
2125 433 2298 479 torem
2341 425 2584 480 omnium
2645 424 2834 487 Deum,
2893 423 2989 478 sed
3039 422 3166 492 quia
3205 434 3324 490 ejus
3379 420 3741 490 omnipotens

426 547 452 585 ι
494 529 689 595 Deum,
717 529 846 599 quia
873 538 978 593 est.
1028 535 1085 582 et
1112 525 1511 596 inquirentibus
1553 537 1612 579 se
1647 527 2025 578 remunerator

426 641 449 680 ε
495 623 574 678 ﬁt.
613 643 631 676 ι
696 621 827 678 Fide
872 621 1056 676 Enoch
1106 618 1401 674 translatus
1447 623 1638 682 est,nt
1672 630 1781 670 non
1819 612 2026 667 videret

425 724 701 779 mortem,
757 714 825 770 de
877 728 982 783 qua
1037 719 1214 766 morte
1260 710 1523 765 Dominus
1579 708 1633 762 in
1686 703 2020 774 Evangelio:

429 831 449 862 c
483 787 585 879 Qui
610 810 763 874 vivit,
793 807 992 879 inquit,
1036 814 1092 860 et
1118 804 1296 860 credit
1327 803 1382 857 in
1409 817 1512 865 me,
1547 815 1654 856 non
1684 797 1948 854 morietur
1970 795 2026 849 in

425 909 686 956 aeternum
703 898 885 972 (Joan.
909 898 1010 968 χι).
1044 917 1063 948 ι
1094 896 1438 967 Quapropter
1462 893 1724 948 festinare
1745 889 2026 953 debemus,

427 993 471 1048 si
508 991 902 1063 perfectionem
959 1005 1146 1044 veram
1192 987 1564 1043 desideramus
1610 984 1878 1054 attingere
1903 1022 1917 1046 ,
1969 987 2032 1034 ut

427 1084 884 1154 quemadmodum
927 1097 1156 1153 corpore
1205 1088 1480 1151 parentes,
1511 1078 1764 1149 patriam,
1812 1073 2030 1130 divitias

428 1175 638 1241 mundi,
684 1175 1098 1242 voluntatesque
1148 1169 1516 1241 despeximus,
1571 1170 1646 1224 ita
1673 1167 1836 1222 etiam
1865 1163 2030 1220 corde

429 1269 546 1324 haec
579 1266 761 1323 omnia
801 1266 1172 1336 relinquentes
1198 1304 1212 1329 ,
1274 1261 1421 1316 nulla
1450 1273 1640 1314 rursus
1689 1257 1758 1313 ad
1797 1272 1863 1311 ea
1907 1270 2028 1325 quze

430 1358 735 1414 dimisimus
777 1355 1216 1426 concupiscentia
1263 1361 1620 1408 revertamur.
1667 1347 1874 1410 Aliter,
1927 1344 2033 1399 ﬁde

433 1449 732 1505 translatus
761 1457 846 1504 est
899 1448 1078 1502 Enoch
1113 1465 1126 1499 :
1165 1453 1226 1499 ιιι
1253 1444 1398 1500 enim
1434 1440 1818 1497 transferretur
1869 1452 2033 1493 causa

431 1540 556 1607 fuit,
601 1541 744 1612 quod
770 1540 1052 1611 placuerat
1078 1557 1090 1592 :
1126 1547 1186 1592 ut
1215 1547 1396 1592 autem
1431 1534 1673 1605 placeret
1705 1533 1837 1596 Deo,
1869 1545 2033 1586 causa

431 1641 553 1688 erat
582 1609 735 1688 ﬁdes.
767 1609 870 1699 Qui
903 1632 948 1686 si
977 1631 1244 1690 nesciret.
1277 1627 1404 1697 quia
1431 1633 1750 1696 recepturus
1779 1630 1924 1677 esset
1952 1636 2035 1675 re-
2069 1609 2072 1613 ’

437 1725 810 1789 tributionem,
837 1722 1110 1792 quomodo
1131 1720 1370 1792 placeret
1395 1717 1538 1774 Deo?
1559 1736 1576 1767 ι
1599 1715 1728 1770 Sine
1757 1714 1863 1768 ﬁde
1889 1713 2035 1768 enim

433 1817 771 1889 impossibile
796 1787 885 1873 est
909 1787 1300 1888 placere—deo.»
1333 1810 1613 1879 Quomodo
1639 1807 1779 1864 hoc?
1813 1804 2040 1860 «Crede-
2066 1787 2115 1848 Β

431 1912 527 1967 bat
547 1911 691 1965 enim
717 1910 844 1980 quia
876 1910 920 1965 si
940 1909 1064 1978 quis
1088 1905 1382 1962 crediderit
1406 1919 1526 1961 esse
1547 1899 1919 1966 Deum,etiam
1946 1913 2038 1952 re-

435 2003 792 2058 tributionem
823 2001 1064 2057 habebit.
1083 1999 1239 2056 Unde
1262 2013 1391 2070 ergo
1417 1997 1662 2068 placetur
1679 1992 1838 2049 Deo?
1863 2009 1882 2042 ‹
1902 1989 2038 2046 Cre-

439 2095 586 2158 dere,
606 2093 801 2162 inquit,
825 2098 1060 2162 oportet,
1074 2088 1201 2160 quia
1223 2097 1360 2153 est,i
1381 2102 1489 2142 non
1509 2085 1640 2156 quid
1659 2092 1762 2139 est.
1779 2082 1834 2138 Si
1855 2092 2038 2137 autem

440 2185 567 2256 quia
584 2193 691 2251 est,
707 2183 831 2249 ﬁde,
847 2198 954 2238 non
977 2179 1482 2236 ratiocinationibus
1502 2189 1637 2248 opus
1654 2174 1834 2238 habet,
1852 2173 1925 2228 ita
1939 2186 2042 2226 nec

439 2279 568 2348 quid
597 2279 669 2333 sit
690 2277 1106 2334 ratiocinatione
1130 2273 1516 2346 comprehendi
1549 2271 1769 2344 poterit.
1814 2269 1871 2326 Si
1913 2269 2041 2338 quia

442 2371 731 2426 retributio
746 2369 1012 2424 mercedis
1037 2377 1142 2433 est,
1173 2367 1280 2422 ﬁde
1307 2379 1443 2437 opus
1463 2365 1649 2429 habet,
1665 2370 1720 2416 et
1741 2375 1847 2416 non
1873 2360 2040 2414 ratio-

439 2461 806 2519 cinationibus
825 2461 1126 2530 :quomodo
1147 2475 1210 2514 ea
1230 2473 1351 2529 quae
1373 2457 1442 2512 ad
1463 2455 1757 2511 essentiam
1777 2452 1895 2524 ejus
1917 2451 2043 2506 atti-

440 2565 575 2612 nent
625 2554 1045 2610 ratiocinatione
1081 2560 1335 2624 poterunt
1383 2546 1815 2619 comprehendi?
1866 2543 2043 2615 qualis

442 2647 587 2702 enim
618 2654 704 2702 est
723 2644 1071 2701 ratiocinatio
1109 2658 1231 2713 qua:
1262 2641 1460 2711 poterit
1479 2641 1546 2696 ad
1570 2639 1674 2694 ista
1695 2636 2044 2709 pertingere?

439 2739 664 2812 quidam
691 2739 837 2794 enim
863 2752 996 2794 casu
1020 2745 1076 2792 et
1097 2743 1294 2807 sponte
1313 2734 1501 2790 dicunt
1523 2731 1728 2798 omnia,
1750 2744 1871 2800 quae
1895 2738 2042 2797 sunt,

437 2831 734 2886 exstitisse.
763 2830 924 2886 Vides
953 2829 1081 2899 quia
1118 2827 1222 2883 nisi
1249 2824 1642 2882 crediderimus
1678 2823 1746 2878 de
1768 2819 2043 2887 omnibus,

440 2938 546 2978 non
575 2929 784 2977 tantum
808 2920 1242 2983 retributionem,
1259 2918 1355 2974 sed
1379 2917 1546 2973 etiam
1569 2915 1636 2972 de
1655 2930 1721 2971 eo
1747 2914 1866 2986 ipso
1910 2913 2045 2984 quid

443 3013 514 3068 sit
546 3012 712 3077 Deus,
743 3011 999 3066 labuntur
1039 3010 1196 3067 nobis
1227 3008 1411 3065 omnia
1439 3017 1497 3064 et
1523 3021 1632 3062 non
1658 3005 1842 3062 stant?
1887 3002 2045 3059 Multi

443 3112 626 3158 autem
665 3111 915 3173 quaerunt
962 3117 1070 3172 quo
1100 3099 1396 3156 translatus
1422 3099 1495 3154 sit
1547 3097 1754 3162 Enoch,
1791 3104 1847 3151 et
1872 3110 2042 3166 quare

445 3193 744 3249 translatus
786 3195 891 3259 sit,
939 3200 996 3248 et
1023 3207 1195 3264 quare
1221 3205 1331 3246 non
1361 3190 1526 3246 fuerit
1553 3197 1823 3255 mortuus,
1867 3202 2048 3260 neque

446 3286 583 3358 ipse,
614 3299 790 3356 neque
819 3285 1006 3350 Elias;
1038 3293 1096 3340 et
1120 3285 1166 3340 si
1194 3283 1372 3339 adhuc
1407 3282 1615 3349 vivunt,
1670 3279 1940 3351 quomodo
1963 3280 2048 3336 vi-

446 3386 601 3444 vunt,
652 3386 708 3433 et
745 3377 800 3432 in
851 3375 999 3446 quali
1038 3375 1245 3430 habitu.
1296 3373 1773 3444 Supervacaneum
1816 3381 1902 3428 est
1946 3373 2052 3430 ista

445 3471 746 3539 requirere.
785 3469 923 3538 Quia
961 3483 1090 3525 vero
1123 3467 1416 3524 translatus
1442 3474 1524 3522 est
1539 3466 1671 3533 iste,
1713 3474 1769 3522 et
1796 3466 1924 3537 quia
1957 3482 2050 3523 as-

450 3567 702 3630 sumptus
752 3567 839 3615 est
893 3557 1006 3626 ille,
1039 3556 1334 3628 Scriptum
1385 3556 1670 3621 dixerunt;
1722 3555 1815 3610 ubi
1867 3564 2051 3610 autem

451 3659 580 3706 sunt
623 3660 679 3706 et
706 3651 1008 3721 quomodo,
1040 3665 1148 3704 non
1179 3647 1521 3704 addiderunt.
1560 3645 1706 3702 Nihil
1749 3647 1896 3703 enim
1929 3661 2048 3700 am-

453 3741 616 3812 plius,
648 3756 810 3811 quam
843 3756 963 3810 qua:
991 3748 1119 3796 sunt
1142 3738 1468 3803 necessaria,
1503 3738 1711 3794 dicunt.
1743 3737 1858 3794 Hoc
1903 3738 2052 3794 enim

455 3831 660 3889 factum
703 3842 810 3900 est,
836 3834 980 3904 quod
1008 3834 1074 3890 de
1105 3832 1457 3887 translatione
1487 3829 1703 3886 dicitur.
1733 3830 2052 3890 Translatus

453 3934 538 3980 est
565 3932 770 3992 autem,
803 3941 910 3980 non
935 3933 1203 3990 mortuus,
1228 3921 1323 3979 sed
1345 3931 1406 3977 ut
1430 3937 1538 3978 non
1560 3922 1770 3978 videret
1792 3932 2046 3979 mortem.

447 4019 743 4090 Propterea
776 4021 1002 4088 addidit,
1034 4020 1232 4077 «Vivus
1260 4017 1555 4074 translatus
1577 4025 1680 4085 est,
1695 4017 1822 4088 quia
1845 4017 2052 4087 placuit

449 4113 579 4168 Deo.
613 4134 632 4166 ι
672 4113 737 4168 Et
764 4114 1002 4184 primum
1025 4111 1277 4184 permisit
1299 4111 1416 4166 ﬁeri
1440 4119 1692 4176 mortem,
1719 4118 1924 4165 terrere
1948 4125 2048 4165 vo-

448 4205 565 4261 lens
594 4221 692 4276 per
735 4205 904 4260 ﬁlium
959 4214 1192 4276 patrem.
1241 4204 1443 4262 Volens
1487 4203 1686 4275 quippe
1733 4203 2048 4271 ostendere,

446 4297 574 4366 quia
606 4311 798 4351 revera
846 4303 1128 4365 permanet
1175 4294 1332 4350 ﬁrma
1362 4295 1672 4360 sententia,
1720 4309 1827 4349 non
1877 4295 2050 4352 malos

447 4389 656 4455 statim,
707 4387 800 4443 sed
832 4389 996 4444 etiam
1028 4403 1174 4455 eum,
1205 4388 1296 4459 qui
1318 4387 1619 4458 placuerat,
1662 4385 1894 4456 subjecit
1923 4404 2051 4460 sup-

449 4483 632 4554 plicio,
665 4483 881 4538 beatum
919 4481 1069 4537 illum
1097 4481 1232 4538 Abel
1277 4482 1434 4548 dico;
1471 4491 1527 4538 et
1568 4496 1707 4553 pene
1733 4491 1854 4553 post
1884 4482 2048 4538 istum

448 4573 736 4630 confestim
761 4573 1040 4630 transtulit
1067 4573 1273 4639 Enoch,
1291 4581 1344 4629 et
1371 4590 1479 4630 non
1509 4574 1853 4631 resuscitavit
1874 4574 2045 4642 illum,

451 4681 516 4722 ne
562 4675 989 4738 praasumerent,
1034 4681 1136 4722 nec
1160 4665 1494 4722 conﬁdentes
1532 4664 1902 4732 efﬁcerentur,
1953 4666 2049 4722 sed

449 4758 725 4813 transtulit
749 4760 914 4814 istum
941 4758 1122 4814 vivum
1149 4773 1164 4825 ;
1194 4772 1293 4828 per
1314 4757 1447 4814 Abel
1475 4759 1692 4828 quidem
1713 4767 2047 4829 perterrens,

447 4865 548 4921 per
575 4851 738 4905 istum
785 4859 967 4908 autem
995 4851 1242 4908 excitans
1277 4851 1346 4906 ad
1374 4850 1776 4906 mmulationem
1803 4849 2049 4920 placendi

449 4940 572 4996 sibi.
609 4938 813 5014 (Greg.)
851 4939 969 4998 Non
1013 4943 1158 5000 enim
1185 4943 1479 4998 virtutibus
1502 4942 1724 4997 venitur
1746 4943 1814 4998 ad
1845 4943 2004 4998 ﬁdem
2031 4959 2048 5011 ;

449 5034 544 5088 sed
575 5032 679 5088 ﬁde
706 5034 1032 5105 pertingitur
1055 5035 1124 5091 ad
1151 5035 1400 5090 virtutes.
1433 5032 1716 5090 Cornelius
1744 5033 1890 5089 enim
1921 5048 2048 5088 cen-

451 5126 613 5193 turio,
656 5128 812 5198 cujus
838 5125 1196 5199 eleemosyna:
1220 5135 1276 5182 et
1304 5135 1430 5182 ante
1455 5126 1807 5197 baptismum,
1855 5125 2050 5198 angelo

449 5227 607 5286 teste,
641 5219 874 5276 laudatae.
903 5229 1031 5275 sunt
1074 5221 1211 5293 (Act.
1245 5221 1336 5292 x),
1383 5236 1490 5277 non
1519 5222 1772 5291 operibus
1803 5221 1951 5276 venit
1979 5222 2050 5278 ad

452 5312 638 5380 ﬁdem,
679 5315 773 5370 sed
801 5313 906 5369 ﬁde
935 5312 1082 5368 venit
1111 5314 1178 5368 ad
1207 5328 1392 5385 opera.
1427 5313 1562 5369 Nam
1589 5315 1637 5370 ei
1669 5330 1768 5386 per
1795 5316 2048 5387 angelum

450 5403 696 5462 dicitur:
747 5427 764 5458 ε
800 5405 1088 5463 Orationes
1137 5415 1242 5461 tua:
1287 5417 1344 5462 et
1391 5408 1747 5480 eleemosynze
1787 5407 2046 5464 ascende-

451 5507 580 5553 runt
623 5499 676 5552 in
728 5506 1019 5569 conspectu
1051 5499 1165 5554 Dei.
1200 5520 1217 5550 ι
1267 5499 1323 5553 Si
1354 5501 1496 5556 enim
1528 5502 1636 5556 Deo
1667 5517 1795 5556 vero
1842 5510 1898 5556 et
1924 5510 2048 5555 ante

451 5584 780 5657 baptismum
819 5603 930 5643 non
955 5587 1280 5655 crediderat,
1309 5605 1469 5659 quem
1499 5593 1737 5647 orabat?
1783 5592 1868 5647 vel
1911 5605 2050 5662 quo-

454 5680 616 5737 modo
659 5681 803 5738 hunc
830 5682 1172 5753 omnipotens
1214 5683 1357 5739 Deus
1389 5684 1726 5752 exaudierat,
1775 5685 1820 5742 si
1847 5701 1951 5742 non
1981 5685 2051 5741 ab

457 5771 577 5843 ipso
621 5787 679 5828 se
706 5773 759 5828 in
789 5773 945 5829 bonis
970 5774 1153 5847 perﬁci
1180 5775 1444 5847 petebat?
1473 5773 1692 5835 Sciebat
1712 5777 1876 5847 igitur
1899 5790 2054 5832 crea-

2129 514 2298 570 Filius
2324 515 2638 570 incarnatus
2667 522 2813 569 esset
2838 511 3140 584 ignorabat.
3167 510 3352 578 Neque
3389 509 3533 563 enim
3571 515 3743 579 pote-

2128 615 2214 662 rat
2231 606 2371 662 bona
2384 621 2546 679 agere
2555 648 2568 671 ,
2583 606 2686 661 nisi
2701 614 2828 661 ante
2840 604 3165 660 credidisset
3186 620 3198 658 :
3215 602 3474 671 scriptum
3487 607 3746 670 namque

2129 709 2211 756 est
2227 715 2270 754 ει
2283 699 2413 756 Sine
2427 699 2532 755 ﬁde
2545 699 2879 771 impossibile
2891 707 2975 756 est
2984 697 3200 770 placere
3214 697 3344 753 Deo.
3357 717 3376 749 ›
3391 695 3584 752 Fidem
3597 709 3750 768 ergo

2130 792 2339 857 habuit,
2372 789 2525 860 cujus
2557 792 2831 847 orationes
2869 800 2926 847 et
2958 789 3316 861 eleemosynaa
3347 789 3561 860 placere
3581 797 3755 860 pote-

2132 891 2254 938 rant
2271 899 2285 949 ;
2304 885 2446 938 bona
2469 893 2651 938 autem
2668 883 2882 938 actione
2896 882 3212 953 promeruit,
3229 891 3288 935 ut
3305 879 3471 936 Deum
3484 879 3756 950 perfecte

2133 982 2506 1046 cognosceret,
2521 984 2577 1030 et
2590 973 2982 1030 incarnationis
2995 974 3112 1044 ejus
3127 973 3440 1046 mysterium
3452 973 3757 1036 crederet,

2132 1073 2398 1134 quatenus
2426 1065 2496 1120 ad
2528 1074 2870 1121 sacramenta
2904 1063 3245 1134 baptismatis
3276 1061 3613 1133 perveniret.
3640 1058 3764 1116 Per

2133 1156 2294 1212 tidem
2317 1171 2446 1228 ergo
2468 1157 2616 1212 venit
2638 1155 2708 1211 ad
2731 1170 2920 1226 opera,
2942 1153 3037 1210 sed
3050 1168 3150 1226 per
3171 1167 3339 1224 opera
3365 1160 3447 1208 est
3468 1151 3766 1207 solidatas

2135 1247 2190 1301 in
2226 1247 2409 1302 ﬁdem.

2210 1357 2228 1390 ι
2277 1338 2409 1393 Fide
2451 1336 2565 1394 Noe
2611 1352 2874 1409 responso
2904 1344 3130 1408 accepto
3177 1335 3245 1392 de
3285 1335 3372 1391 his
3397 1349 3515 1406 quae
3555 1334 3770 1390 adhuc

2141 1451 2160 1484 ‹
2208 1447 2314 1486 non
2341 1431 2690 1497 videbantur,
2737 1439 2986 1486 metuens
3016 1429 3221 1500 aptavit
3271 1442 3453 1484 arcam
3497 1427 3550 1482 in
3594 1425 3768 1482 salu-

2142 1542 2160 1575 1
2207 1533 2315 1579 tem
2343 1524 2536 1580 domus
2564 1537 2695 1590 suae,
2722 1539 2821 1593 per
2846 1537 3009 1593 quam
3049 1521 3619 1578 damnavitmundum
3659 1540 3676 1574 :
3712 1528 3774 1576 et

2145 1635 2164 1668 ι
2200 1616 2428 1687 justitiae
2457 1631 2578 1686 quae
2609 1629 2708 1685 per
2734 1615 2896 1671 ﬁdem
2927 1623 3032 1680 est,
3065 1615 3240 1670 haeres
3273 1621 3357 1669 est
3383 1613 3707 1668 institutus.
3742 1631 3770 1666 ι

2142 1708 2352 1781 (Joan.)
2402 1710 2725 1779 Exemplum
2762 1709 2910 1766 enim
2953 1709 3140 1765 Enoch
3189 1707 3312 1764 ﬁdei
3347 1716 3554 1763 tantum
3615 1706 3772 1774 fuit,

2143 1806 2451 1877 exemplum
2476 1807 2579 1860 hoc
2597 1813 2778 1860 autem
2801 1803 2912 1860 Noe
2927 1813 2981 1858 et
2999 1803 3353 1859 inﬁdelitatis.
3373 1801 3496 1858 Haec
3516 1813 3612 1858 est
3637 1816 3773 1872 per-

2142 1897 2287 1954 fecta
2315 1897 2616 1954 consolatio
2643 1907 2698 1952 et
2717 1897 3046 1963 exhortatio,
3068 1896 3287 1967 quando
3314 1910 3420 1950 non
3443 1894 3630 1950 solum
3667 1893 3774 1964 qui

2143 1990 2490 2045 crediderunt
2541 1989 2895 2045 inveniuntur
2921 1987 3206 2059 approbati
3254 2002 3393 2051 esse,
3450 1987 3544 2042 sed
3581 1986 3774 2041 etiam

2144 2083 2392 2140 inﬁdeles
2445 2084 2718 2139 contraria
2749 2083 2916 2153 passi.
2948 2102 2967 2133 ι
3001 2081 3141 2149 Quid
3176 2096 3306 2154 ergo
3328 2080 3535 2151 inquit?
3569 2097 3594 2130 ‹
3621 2078 3774 2134 Fide

2143 2173 2258 2230 Noe
2301 2174 2524 2231 oraculo
2575 2184 2818 2245 accepto.
2859 2194 2877 2228 ι
2914 2173 3054 2242 Quid
3089 2182 3194 2240 est,
3229 2172 3449 2229 oraculo
3479 2171 3775 2242 accepto?

2143 2269 2261 2324 Hoc
2288 2277 2392 2334 est,
2415 2267 2730 2338 praedictum
2765 2277 2850 2324 est
2877 2268 2950 2324 ei.
2985 2266 3279 2324 Oraculum
3314 2273 3491 2321 autem
3519 2280 3633 2335 pro
3655 2279 3774 2334 qua

2145 2377 2310 2418 causa
2357 2361 2590 2417 dicitur?
2619 2361 2835 2416 Etenim
2885 2359 3014 2416 alibi
3065 2359 3248 2415 dixit:
3287 2379 3306 2411 ε
3339 2355 3648 2413 Oraculum
3693 2354 3776 2410 illi

2146 2453 2330 2508 datum
2388 2461 2506 2508 erat
2572 2468 2603 2506 a
2675 2449 3070 2524 spiritu(Luc.
3139 2449 3244 2521 ιι).
3303 2468 3324 2503 ι
3382 2448 3450 2504 Et
3506 2447 3772 2502 iterum:

2153 2564 2171 2596 ι
2210 2545 2278 2600 Ει
2325 2545 2456 2616 quid
2503 2546 2641 2600 dixit
2695 2544 2977 2600 oraculum
3028 2543 3315 2600 divinum?
3348 2563 3366 2595 ι
3403 2541 3776 2611 Contempla-

2146 2637 2223 2693 ris
2267 2636 2632 2707 aequalitatem
2685 2635 2909 2692 honoris
2961 2635 3019 2691 in
3074 2633 3282 2706 Spiritu
3327 2633 3549 2690 sancto?
3604 2632 3778 2690 Sicut

2149 2731 2296 2787 enim
2324 2733 2470 2788 Deus
2494 2731 2586 2788 dat
2612 2729 2865 2798 oracula,
2919 2729 3001 2785 sic
3028 2729 3192 2785 etiam
3223 2727 3455 2800 Spiritus
3504 2735 3772 2782 sanctus.

2149 2822 2332 2891 Quare
2361 2833 2540 2879 autem
2569 2823 2650 2878 sic
2695 2823 2867 2878 dixit?
2896 2820 3190 2892 Prophetia
3228 2821 3375 2876 enim
3399 2817 3605 2874 dicitur
3638 2834 3779 2874 ora-

2148 2915 2351 2972 culum.
2384 2935 2403 2968 ι
2434 2916 2511 2971 De
2537 2914 2623 2970 his
2648 2929 2768 2985 qua:
2808 2913 2986 2970 adhuc
3009 2928 3120 2969 non
3143 2911 3519 2976 videbantur,»
3552 2910 3776 2980 inqit,

2149 3010 2254 3068 hoc
2296 3017 2400 3075 est,
2429 3009 2498 3064 de
2526 3006 2793 3063 imbribus
2824 3020 2840 3060 :
2875 3024 2895 3058 ι
2923 3006 3123 3061 timens
3157 3004 3474 3076 construxit,
3489 3019 3714 3060 arcam.
3747 3023 3770 3057 ι

2150 3100 2514 3156 Ratiocinatio
2541 3098 2741 3171 quippe
2765 3097 2900 3154 nihil
2930 3098 2986 3153 in
3011 3097 3117 3154 hac
3145 3111 3310 3154 causa
3339 3097 3638 3168 suggessit.
3659 3095 3780 3152 Nu-

2151 3193 2355 3250 bebant
2373 3191 2522 3248 enim
2545 3199 2602 3249 et
2627 3189 2820 3261 nuptni
2844 3188 3079 3256 dabant;
3109 3203 3204 3245 aer
3224 3188 3458 3246 mundus
3481 3197 3660 3260 atque
3683 3202 3778 3246 se-

2151 3301 2340 3354 renus,
2391 3287 2546 3358 signa
2589 3283 2736 3340 nulla
2765 3291 2964 3350 erant;
2994 3292 3373 3359 verumtamen
3418 3281 3603 3337 timuit
3653 3283 3774 3339 ille.

2158 3397 2179 3433 ε
2212 3378 2366 3446 Fide,
2399 3378 2608 3448 inquit,
2655 3375 2879 3435 oracqu
2908 3383 3134 3447 accepto
3165 3375 3234 3432 de
3271 3375 3377 3442 his,
3428 3388 3551 3445 qua:
3573 3374 3776 3432 adhuc

2152 3489 2262 3529 non
2309 3472 2667 3538 videbantur,
2717 3470 2916 3526 timens
2958 3468 3264 3526 construxit
3297 3482 3482 3523 arcam
3543 3467 3616 3522 ad
3673 3483 3772 3524 sa-

2151 3566 2319 3622 lutem
2346 3564 2540 3620 domus
2568 3577 2699 3630 suae,
2756 3577 2854 3632 per
2879 3575 3044 3632 quam
3081 3559 3358 3616 damnavit
3405 3557 3706 3614 mundum.
3746 3577 3770 3612 ι

2153 3655 2475 3726 Quomodo?
2521 3653 2771 3712 Ostendit
2807 3653 2955 3708 enim
2984 3667 3079 3708 eos
3106 3651 3300 3722 dignos
3328 3650 3433 3706 hoc
3481 3650 3774 3722 supplicio

2092 3816 2094 3818 τ
2153 3750 2246 3822 qui
2277 3764 2454 3820 neque
2501 3763 2600 3818 per
2647 3747 2796 3802 illam
2821 3745 3283 3802 constructionem
3314 3743 3770 3816 corrigebantur.

2159 3843 2258 3898 «Et
2279 3842 2527 3914 justitiae,
2551 3857 2672 3912 quae
2696 3856 2794 3913 per
2823 3838 2983 3896 ﬁdem
3009 3847 3097 3895 est
3115 3837 3291 3894 factus
3314 3847 3395 3894 est
3421 3837 3624 3892 haeres.
3639 3857 3662 3890 ι
3684 3837 3773 3893 Ex

2154 3936 2259 3991 hoc
2286 3935 2432 3991 enim
2459 3932 2710 4005 apparuit
2737 3930 2940 4002 justus,
2969 3945 3040 3986 ex
3067 3945 3133 3986 eo
3183 3929 3330 4002 quod
3356 3928 3592 3984 credidit
3625 3929 3772 3986 Dm.

2153 4028 2314 4085 Fides
2359 4037 2540 4084 autem
2593 4036 2801 4082 certum
2842 4031 2928 4080 est
2976 4023 3104 4096 quia
3150 4021 3424 4094 justitiam
3469 4033 3767 4092 operatur.

2155 4119 2308 4177 Sicut
2333 4119 2478 4176 enim
2515 4132 2614 4174 nos
2639 4114 2918 4173 oraculum
2945 4115 3255 4186 accepimus
3283 4114 3350 4170 de
3372 4113 3655 4184 gehenna,
3687 4113 3772 4170 sic

2153 4222 2208 4268 et
2237 4211 2347 4267 ille.
2376 4211 2616 4266 Tametsi
2647 4208 2978 4264 irridebatur
2999 4248 3014 4274 ,
3049 4205 3266 4262 tametsi
3293 4204 3769 4278 exprobrabatnr,

2153 4304 2248 4360 sed
2279 4313 2460 4358 tamen
2490 4301 2557 4358 ad
2585 4301 2719 4357 nihil
2745 4300 2852 4356 tale
2879 4299 3130 4356 attendit.
3169 4318 3187 4352 ι
3224 4297 3360 4354 Fide
3388 4297 3481 4368 qui
3528 4307 3770 4354 vocatur

2159 4415 2178 4448 ι
2223 4395 2501 4472 Abraham
2540 4394 2780 4450 obedivit
2811 4394 2864 4449 in
2893 4392 3074 4450 locum
3103 4391 3275 4459 exire,
3309 4405 3473 4464 quem
3504 4402 3772 4462 acceptu-

2159 4505 2178 4539 ‹
2221 4501 2315 4542 rus
2343 4493 2463 4541 erat
2503 4485 2559 4540 in
2603 4484 3010 4551 haereditatem;
3053 4492 3108 4540 et
3157 4483 3295 4540 exiit
3343 4483 3604 4540 nesciens
3655 4499 3766 4555 quo

2159 4596 2176 4629 ι
2222 4575 2346 4631 iret.
2379 4595 2397 4627 ι
2429 4574 2604 4643 Quem
2629 4575 2774 4630 enim
2803 4573 2957 4640 vidit,
2983 4573 3071 4630 dic
3097 4573 3251 4635 mihi.
3276 4581 3338 4628 ut
3362 4572 3724 4630 aemularetur
3741 4575 3768 4628 ἲ

2154 4666 2290 4776 Nam
2331 4663 2568 4738 patriam
2600 4680 2865 4776 paganam
2908 4664 3101 4721 habuit
3124 4663 3586 4776 ettidololatram,
3631 4679 3800 4776 ραι-ἰ

2153 4759 2348 4832 phetas
2400 4773 2508 4814 non
2536 4758 2825 4824 audierat,
2857 4772 3034 4828 neque
3076 4756 3282 4813 sciebat
3328 4772 3440 4829 quo
3471 4756 3798 4829 pergebat.”

2154 4855 2424 4923 Quoniam
2451 4853 2598 4910 enim
2623 4852 2759 4908 istos
2784 4851 3134 4908 intuebantur
3174 4850 3268 4923 qui
3313 4849 3668 4907 crediderant
3694 4867 3765 4911 ex

2155 4943 2397 5001 Hebraeis
2424 4943 2594 5000 veluti
2623 4943 2810 5000 decem
2841 4942 3007 4998 millia
3036 4943 3194 4999 bonis
3234 4943 3439 5014 potitos
3469 4961 3483 4998 :
3517 4945 3768 5001 ostendit

2153 5038 2410 5111 quoniam
2437 5035 2616 5092 nullus
2656 5036 2835 5091 adhuc
2868 5035 3070 5107 aliquid
3101 5036 3339 5107 recepit,
3387 5051 3585 5093 omnes
3629 5044 3766 5093 sunt

2154 5131 2272 5188 sine
2293 5129 2536 5200 praemio,
2584 5127 2761 5184 nullus
2802 5127 2979 5183 adhuc
3002 5128 3406 5184 vicissitudines
3446 5129 3682 5200 accepit.
3714 5129 3761 5188 Α

2151 5225 2330 5296 patria
2382 5237 2477 5279 sua
2526 5221 2615 5278 ille
2657 5230 2714 5276 et
2759 5237 2791 5277 a
2821 5221 2983 5277 domo
3013 5222 3248 5287 excedit,
3288 5232 3344 5276 et
3384 5237 3644 5293 egressus
3677 5231 3762 5278 est

2154 5316 2406 5372 nesciens
2454 5330 2562 5385 quo
2608 5315 2732 5370 iret.
2787 5334 2807 5366 ‹
2843 5313 2976 5370 Fide
3006 5323 3248 5369 moratus
3275 5315 3443 5370 estin
3478 5325 3625 5369 terra
3665 5329 3758 5369 re-

2161 5427 2179 5461 ι
2223 5407 2618 5478 promissionis,
2670 5416 2927 5478 tanquam
2958 5407 3010 5461 in
3048 5407 3244 5472 aliena,
3284 5407 3340 5461 in
3371 5407 3572 5487 casulis
3603 5406 3760 5462 habi—

2161 5521 2180 5552 ι
2231 5500 2391 5554 tando
2432 5516 2553 5553 cum
2583 5498 2734 5553 lsaac
2774 5507 2822 5553 et
2859 5496 3028 5553 Jacob
3059 5499 3432 5554 cohteredihus
3463 5498 3764 5568 repromis-

2163 5611 2182 5643 ι
2229 5590 2394 5646 sionis
2441 5589 2702 5659 ejusdem.
2739 5609 2758 5641 ι
2819 5590 2956 5657 Quid
3012 5591 3209 5644 mirum
3256 5591 3300 5646 si
3338 5591 3453 5662 ipse
3483 5591 3584 5656 ita,
3630 5605 3762 5647 cum

2158 5681 2324 5738 etiam
2353 5697 2539 5737 semen
2574 5681 2693 5752 ejus
2719 5681 2800 5737 sic
2827 5681 3136 5736 habitaret?
3173 5683 3372 5739 Videns
3399 5697 3534 5756 ergo
3565 5682 3758 5738 redar-

2161 5773 2252 5846 gui
2282 5775 2824 5846 repromissionem...
2855 5772 3060 5830 dictum
3083 5775 3228 5832 enim
3247 5782 3390 5838 erat.
3423 5792 3444 5829 ι
3463 5773 3589 5832 Tibi
3615 5773 3760 5838 dabo
