3972 6336
206 332 320 392 793

677 321 1230 383 ENARRA’I‘IONUM
1269 321 1337 382 IN
1377 324 1528 382 EPP.
1573 325 1778 382 PAULI
1818 327 1948 384 LIB.
1993 324 2186 382 XXIX.
2227 357 2297 368 —
2333 325 2403 384 IN
2440 325 2660 384 EPIST.
2702 328 2796 384 AD
2831 327 3037 384 HEBR.

3401 326 3504 383 794

206 460 422 508 terram
454 448 595 502 banc
623 454 678 501 et
705 446 900 502 semini
929 454 1040 502 tuo.
1074 466 1091 498 ι
1139 444 1287 502 Vidit
1313 444 1480 499 ﬁlium
1513 444 1585 499 ibi
1613 452 1672 498 ut
1717 459 1810 514 pe-
1835 450 1892 510 Α
1913 443 2057 498 enim
2088 450 2224 496 erat.
2267 459 2284 492 ‹
2316 441 2524 496 Idcirco
2548 442 2712 506 etiam
2740 456 2807 496 ex
2837 457 2944 497 uno
2971 439 3139 511 geniti
3159 445 3285 496 suit
3309 455 3504 497 omnes

210 543 496 614 regrinum
518 539 860 594 habitantem
888 555 903 604 ;
954 553 1122 608 nepos
1155 539 1284 594 item
1313 537 1436 612 ejus
1457 537 1591 592 vidit
1617 546 1815 592 semct-

210 634 396 706 ipsum
427 633 483 688 in
507 640 654 687 terra
693 630 868 685 aliena
899 631 1362 701 peregrinantem,
1387 637 1442 683 et
1473 629 1599 682 nihil
1627 630 1813 684 turba-

210 735 308 782 tus
326 733 431 780 est.
457 722 524 778 Et
543 722 688 779 circa
711 721 987 776 Abraham
1015 721 1266 777 fortassis
1294 721 1486 775 merito
1506 720 1586 775 sic
1611 718 1815 775 factum

207 825 324 882 est,
358 823 420 871 ut
448 823 574 886 pote
599 813 742 884 quod
770 821 957 884 postea
981 813 1048 868 ad
1073 811 1323 868 effectum
1354 813 1706 882 repromissio
1733 828 1817 869 es-

208 916 303 962 set
319 905 682 976 perducenda.
711 903 766 958 In
780 903 930 974 prole
954 913 1135 957 autem
1161 903 1278 973 ejus
1293 903 1428 957 satis
1450 912 1572 957 erat
1593 904 1808 966 mirum,

208 1013 533 1070 quanquam
563 998 730 1052 etiam
763 995 831 1050 ad
861 996 1040 1066 ipsum
1071 996 1272 1051 dictum
1313 1003 1483 1062 esset,
1509 997 1634 1066 quia
1668 1016 1686 1047 ‹
1719 997 1815 1054 tibi

207 1090 360 1146 dabo
386 1097 444 1145 et
467 1088 662 1144 semini
685 1099 828 1153 tuo,»
855 1103 958 1143 non
987 1089 1094 1142 Per
1120 1102 1306 1144 semen
1335 1087 1455 1153 tibi,
1479 1089 1575 1145 sed
1595 1106 1612 1139 ι
1636 1087 1732 1144 tibi
1761 1096 1818 1143 et

211 1183 416 1238 semini
443 1191 557 1247 tuo,
571 1201 589 1234 ι
609 1189 666 1236 ει
685 1189 865 1236 tamen
895 1195 1072 1251 neque
1095 1181 1232 1251 ipse,
1257 1195 1432 1250 neque
1451 1181 1624 1246 Isaac,
1641 1195 1818 1250 neque

209 1272 386 1330 Iacob
412 1275 568 1343 potiti
592 1281 720 1328 sunt
762 1273 867 1329 hoc
891 1274 1177 1342 promisso.
1225 1273 1318 1328 Ille
1347 1274 1565 1344 quidem
1595 1272 1818 1329 servivit

215 1367 562 1422 mercenaria
592 1366 872 1428 servitute,
918 1365 1008 1421 hic
1057 1374 1240 1420 autem
1287 1365 1687 1435 exagitabatur,
1719 1363 1820 1418 iste

214 1471 350 1512 vero
365 1471 503 1526 pene
519 1455 795 1510 exciderat
827 1455 1024 1510 timens
1041 1472 1054 1507 :
1069 1463 1119 1509 e:
1148 1453 1282 1509 alias
1303 1455 1520 1524 quidem
1543 1451 1819 1508 interemit

217 1549 410 1604 hostes
434 1547 487 1602 in
509 1547 824 1612 bello,alias
849 1556 1055 1613 autem,
1086 1547 1189 1602 nisi
1216 1545 1359 1601 Deus
1384 1546 1618 1610 adesset,
1653 1544 1819 1598 etiam

217 1641 492 1712 periisset.
522 1639 815 1711 Propterea
839 1638 975 1694 dixit
998 1638 1124 1709 quia
1144 1657 1161 1689 ‹
1183 1647 1307 1692 cum
1331 1635 1708 1692 cohaeredibus
1730 1648 1818 1690 re-

219 1733 601 1804 promissionis
625 1731 888 1812 ejusdem:
931 1751 950 1782 ι
986 1729 1101 1784 Νοη
1141 1728 1256 1797 ipse
1283 1727 1449 1793 solus,
1481 1728 1678 1796 inquit,
1726 1724 1821 1780 sed

1917 533 2056 588 sicut
2087 532 2254 588 stellae
2283 533 2431 597 coeli,
2477 541 2532 588 et
2581 533 2720 589 sicut
2745 548 2930 597 arena,
2983 548 3102 603 quae
3149 541 3231 603 est
3260 533 3326 588 ad
3351 547 3505 588 oram
3556 532 3563 603 ἓ

1916 626 2135 681 maris.»
2170 626 2374 682 Idcirco
2398 641 2550 697 ergo,
2577 627 2776 696 inquit,
2801 641 2866 681 ex
2902 640 3010 680 uno
3040 625 3207 694 geniti
3237 634 3361 681 sunt
3391 641 3507 682 om-

1916 733 2033 785 nes,
2065 734 2173 774 non
2219 719 2322 775 hoc
2349 719 2522 774 solum
2552 719 2738 774 volens
2769 716 3096 790 signiﬁcare,
3123 717 3252 788 quia
3297 717 3505 788 genuit,
3554 701 3566 776 Ῑ.

1915 814 2010 868 sed
2057 814 2222 870 etiam
2258 815 2384 884 quia
2419 823 2690 869 tantorum
2740 822 2915 869 mater
2942 812 3137 869 effecta
3183 822 3286 880 est,
3339 829 3511 884 quan-

1917 914 2094 962 torum
2119 922 2294 976 neque
2334 905 2592 962 fecundae.
2643 927 2661 958 ι
2693 905 2846 962 Sicut
2873 905 3045 961 stellae
3074 905 3220 970 cmli,
3249 924 3276 982 ¹›
3311 906 3507 977 inquit.

1917 997 2194 1066 Quomodo
2242 1015 2371 1070 ergo
2424 999 2618 1069 saepius
2668 1013 2762 1053 eos
2789 1005 3063 1062 numerat,
3095 1013 3219 1053 cum
3269 996 3508 1052 dixerit:

1917 1093 2380 1160 Quemadmodum
2413 1109 2518 1148 non
2555 1101 2913 1147 numerantur
2935 1090 3104 1148 stellae
3134 1089 3281 1157 cceli,
3314 1090 3393 1146 sic
3421 1103 3515 1146 ne‘

1919 1201 2023 1256 que
2061 1201 2245 1242 semen
2296 1193 2557 1242 vestrum.
2611 1186 2720 1241 Aut
2750 1185 2918 1258 igitur
2963 1185 3311 1258 hyperbolice
3355 1183 3511 1249 dixit,

1919 1285 2014 1330 aut
2039 1286 2187 1332 certe
2216 1291 2405 1331 omnes
2433 1275 2777 1348 signiﬁcavit,
2812 1276 2904 1346 qui
2943 1290 3160 1346 semper
3189 1290 3259 1331 ex
3290 1274 3379 1329 illa
3403 1273 3516 1331 ori-

1921 1369 2042 1440 gine
2071 1379 2449 1439 procreantur.
2508 1390 2526 1422 ‹
2556 1369 2715 1425 Juxta
2757 1369 2916 1424 ﬁdem
2948 1369 3188 1425 defuncti
3236 1379 3364 1426 sunt
3390 1384 3512 1424 om-

1929 1481 1948 1514 (
1987 1479 2084 1518 nes
2144 1463 2256 1528 isti,
2287 1479 2394 1518 non
2444 1463 2681 1532 acceptis
2725 1461 3259 1532 repromissionibus.
3316 1479 3334 1514 ›
3395 1461 3514 1516 Duo

1922 1555 2165 1624 quaedam
2189 1553 2278 1609 hic
2307 1554 2525 1626 dignum
2557 1562 2640 1609 est
2665 1567 2930 1624 quaerere,
2981 1553 3251 1622 quomodo
3272 1568 3395 1608 cum
3423 1568 3514 1607 su-

1923 1663 2018 1718 pra
2049 1647 2294 1712 dixisset,
2323 1666 2340 1697 ‹
2367 1646 2683 1702 Translatus
2716 1654 2800 1701 est
2830 1646 3012 1701 Enoch
3041 1652 3096 1700 et
3133 1660 3240 1700 non
3272 1644 3516 1700 invenie-

1923 1737 2102 1801 batur,
2155 1752 2223 1792 ne
2268 1737 2478 1792 videret
2533 1745 2800 1800 mortem;
2842 1755 2860 1788 ι
2910 1736 2998 1790 hic
3038 1735 3169 1790 dicit
3218 1735 3513 1790 secundum

221 1824 390 1879 etiam
417 1823 674 1878 haeredes.
705 1842 723 1873 ι
745 1821 1146 1890 Exspectabam
1167 1820 1311 1874 enim
1343 1817 1690 1871 fundamenta
1724 1816 1821 1870 113-
1850 1817 1898 1878 B
1930 1846 1948 1878 ι
1987 1828 2144 1884 ﬁdem
2189 1829 2389 1884 monui
2416 1838 2544 1884 sunt
2653 1843 2878 1892 omnes;
2919 1848 2936 1879 ι
2971 1834 3026 1882 et
3051 1828 3245 1882 iterum
3272 1843 3396 1883 cum

227 1935 251 1967 ι
293 1917 513 1972 bentem
583 1915 900 1979 civitatem,
965 1911 1118 1980 cujus
1183 1909 1382 1967 artifex
1452 1917 1507 1965 et
1571 1909 1820 1964 conditor

227 2028 247 2060 ι
297 2008 461 2064 Deus.
498 2028 517 2061 ι
572 2005 970 2076 Coutemplaris
1040 2006 1166 2074 quia
1218 2004 1322 2058 hac
1381 2018 1439 2057 re
1490 2008 1820 2070 acceperunt

225 2089 703 2170 repromissiones,
741 2097 846 2152 hoc
872 2103 972 2161 est,
1005 2095 1372 2165 exspectando
1404 2101 1458 2148 et
1497 2091 1820 2147 conﬁdendo

224 2193 372 2263 quod
422 2191 744 2262 acciperent.
802 2187 857 2243 Si
892 2188 1056 2259 igitur
1101 2185 1373 2242 conlidere
1425 2183 1670 2253 accipere
1715 2192 1816 2246 est,

227 2299 520 2356 possumus
559 2283 638 2338 sic
684 2281 954 2352 accipere.
998 2279 1092 2334 Isti
1143 2279 1286 2333 enim
1327 2278 1430 2331 etsi
1469 2275 1597 2330 nihil
1626 2276 1820 2330 horum

225 2374 388 2445 potiti
439 2381 596 2437 sunt,
624 2382 806 2427 tamen
846 2371 1116 2426 desiderio
1148 2367 1495 2423 intuebantur
1528 2383 1610 2422 ea.
1642 2365 1822 2432 Quare

228 2470 334 2524 hoc
378 2467 583 2523 ﬁebat?
619 2466 689 2522 Ut
727 2481 825 2521 nos
866 2465 1272 2526 erubescamus,
1319 2462 1444 2532 quia
1474 2461 1549 2516 illi
1600 2459 1822 2529 quidem

225 2561 744 2631 repromissionibus
790 2559 846 2612 in
902 2566 1046 2612 terra
1099 2556 1259 2612 factis
1294 2571 1402 2610 non
1451 2553 1819 2620 attendebant,

225 2650 325 2707 sed
379 2649 618 2705 futuram
665 2648 941 2703 Civitatem
995 2647 1367 2717 requirebant.
1422 2643 1587 2700 Nobis
1639 2651 1822 2698 autem

227 2761 447 2802 sursum
474 2753 636 2816 atque
669 2743 922 2798 deorsum
953 2741 1096 2796 Deus
1136 2742 1201 2796 de
1230 2755 1462 2810 superna
1491 2739 1710 2795 civitate
1744 2737 1824 2793 lo-

227 2838 433 2909 quitur,
486 2850 584 2891 nos
627 2843 806 2888 tamen
857 2843 1126 2888 terrenam
1177 2833 1491 2903 quaerimus.
1536 2831 1680 2886 Dixit
1717 2830 1820 2896 eis,

236 2946 256 2980 ι
284 2927 414 2998 quia
440 2925 761 2982 dabo‘vobis
793 2923 1133 2996 praesentia,»
1161 2922 1416 2994 quoniam
1443 2920 1658 2975 videbat
1684 2934 1778 2975 eos
1805 2937 1817 2973 :

231 3020 408 3092 magis
435 3027 613 3074 autem
664 3017 789 3088 quia
825 3015 1181 3072 ostenderunt
1218 3014 1268 3069 ei
1299 3013 1620 3083 semetipsos
1649 3010 1820 3081 majo-

235 3113 388 3169 ribus
411 3126 533 3167 esse
561 3111 772 3183 dignos,
812 3123 920 3164 non
967 3122 1060 3164 eos
1088 3106 1337 3178 permisit
1385 3105 1631 3175 accipere
1682 3104 1818 3168 hac,

235 3207 334 3263 sed
361 3204 452 3260 illa
484 3179 690 3276 majora
717 3203 798 3260 eis
827 3200 1018 3257 tribuit
1051 3217 1066 3255 :
1102 3199 1288 3256 volens
1321 3197 1476 3253 nobis
1510 3195 1820 3261 ostendere,
1850 3179 1898 3246 C

233 3306 364 3378 quia
395 3302 691 3373 majoribus
714 3299 861 3372 digni
891 3307 1036 3363 sunt,
1065 3295 1309 3352 nolentes
1357 3293 1566 3365 alligari
1616 3291 1684 3347 ad
1723 3291 1828 3346 ista

231 3408 450 3453 terrena
477 3414 494 3451 :
524 3395 667 3451 sicut
706 3391 936 3464 quisque
977 3388 1204 3461 puerulo
1229 3386 1460 3456 sapienti
1487 3383 1830 3456 repromittat

230 3488 486 3560 puerilia,
534 3501 642 3542 non
685 3491 747 3539 ut
777 3483 1026 3552 accipiat,
1059 3479 1153 3536 sed
1182 3476 1518 3534 ut'ostendat
1558 3474 1674 3545 ejus
1701 3473 1826 3544 phi-

232 3579 560 3651 losophiam,
587 3577 714 3632 dum
745 3573 834 3631 ille
862 3571 1068 3644 majora
1096 3569 1354 3642 postulat.
1408 3568 1524 3625 Hoc
1552 3569 1699 3624 enim
1744 3574 1828 3623 est

231 3670 574 3728 ostendentis
617 3668 745 3738 quia
788 3681 910 3722 cum
940 3673 1090 3720 tanto
1125 3662 1304 3719 studio
1331 3660 1670 3717 adducebant
1706 3659 1826 3713 ani-

232 3780 356 3820 mos
385 3777 513 3820 suos
539 3779 570 3816 a
600 3747 764 3825 terra,
791 3757 916 3830 quia
949 3771 1124 3827 neque
1157 3770 1276 3825 quae
1301 3755 1571 3809 dabantur
1599 3752 1830 3822 accipie-

233 3859 388 3914 bant.
424 3854 637 3910 Etenim
687 3833 971 3923 propterea
1028 3855 1251 3919 nepotes
1291 3861 1478 3902 eorum
1509 3844 1781 3913 accipiunt
1812 3861 1826 3898 :

233 3947 314 4008 illi
341 3946 543 4018 quippe
566 3950 723 3999 erant
745 3949 888 3996 terra
912 3939 1081 4010 digni.
1105 3937 1243 4004 Quid
1267 3945 1352 3992 est
1374 3957 1391 3988 ‹
1416 3937 1689 3991 civitatem
1711 3933 1832 3989 fun-

234 4039 555 4096 damentum
585 4031 909 4090 habentem?
937 4050 956 4082 ι
993 4029 1081 4085 isti
1112 4037 1292 4084 autem
1320 4044 1426 4084 non
1457 4036 1612 4083 erant
1642 4025 1834 4080 funda-

238 4130 473 4187 menta?
503 4127 606 4197 Qui
637 4123 821 4200 [Quia]
855 4124 922 4180 ad
962 4122 1422 4192 comparationem
1471 4120 1685 4175 illorum
1724 4133 1832 4174 non

240 4233 393 4282 sunt.
428 4241 446 4274 ι
483 4219 651 4290 Cujus
675 4216 871 4273 artifex
909 4223 963 4271 et
996 4213 1176 4286 opifex
1210 4213 1354 4269 Deus
1379 4220 1481 4268 est.
1516 4230 1534 4263 ›

317 4333 338 4369 ι
367 4313 501 4370 Fide
519 4321 575 4368 et
602 4311 719 4382 ipsa
746 4307 884 4365 Sara
907 4306 1108 4363 sterilis
1133 4306 1385 4360 virtutem
1409 4304 1462 4358 in
1485 4302 1836 4373 conceptione

246 4426 266 4460 ι
310 4405 535 4462 seminis
564 4401 774 4472 accepit
799 4399 963 4456 etiam
987 4405 1188 4468 praeter
1223 4405 1438 4466 tempus
1458 4395 1634 4450 aetatis
1661 4413 1673 4448 :
1700 4409 1837 4463 quo-

247 4510 272 4550 ‹’
316 4498 467 4551 niam
499 4492 714 4549 ﬁdelem
745 4489 978 4547 credidit
1016 4504 1136 4545 esse
1185 4504 1308 4545 eum
1359 4487 1451 4558 qui
1490 4487 1830 4558 promiserat.

249 4610 268 4642 ι
315 4589 545 4660 Propter
571 4585 714 4657 quod
761 4591 816 4639 et
843 4585 912 4638 ab
942 4598 1048 4637 uno
1093 4582 1199 4638 orti
1244 4550 1420 4652 sunt-(
1445 4550 1507 4634 et
1526 4580 1629 4635 hoc
1657 4594 1836 4633 emor-
1859 4550 1912 4610 Ῑ)

248 4703 268 4736 ι
314 4681 429 4754 tuo)
455 4690 709 4751 tanquam
735 4677 914 4733 sidera
941 4674 1064 4731 caeli
1089 4675 1142 4729 in
1171 4672 1591 4737 multitudinem,
1614 4680 1670 4727 et
1695 4671 1837 4728 sicut

250 4793 270 4828 ι
317 4789 508 4839 arena,
538 4786 658 4843 quae
705 4779 790 4825 est
835 4768 902 4823 ad
934 4782 1087 4822 oram
1128 4767 1314 4830 maris,
1340 4763 1772 4820 innumerabilis.
1811 4781 1829 4817 ν

243 4869 402 4934 Fide,
430 4865 625 4936 inquit,
656 4871 712 4918 et
739 4863 854 4933 ipsa
897 4860 1054 4916 Sara.
1083 4859 1140 4914 In
1171 4860 1275 4915 hoc
1304 4859 1424 4914 loco
1455 4857 1837 4914 verecundiam

243 4963 326 5018 eis
349 4960 597 5016 excitans
627 4956 781 5021 dicit,
829 4953 1095 5024 siquidem
1126 4967 1287 5024 super
1314 4951 1593 5006 mulierem
1619 4948 1840 5020 pusilla-

246 5054 428 5109 nimes
457 5054 847 5120 apparuerunt.
881 5045 986 5100 Sed
1014 5043 1263 5100 fortassis
1286 5044 1430 5100 dicat
1454 5043 1668 5113 aliquis,
1695 5042 1839 5110 Quo-

247 5141 414 5198 modo
455 5139 584 5205 ﬁde,
613 5152 735 5208 quae
760 5135 924 5192 risit?
954 5134 1117 5190 Risus
1153 5136 1370 5206 quidem
1400 5149 1466 5190 ex
1499 5133 1833 5200 inﬁdelitate,

247 5236 418 5292 timor
442 5241 625 5288 autem
643 5246 722 5287 .ex
745 5229 871 5284 ﬁde.
893 5228 1048 5296 Quod
1072 5227 1214 5284 enim
1241 5227 1394 5293 dixit,
1416 5245 1434 5278 ι
1455 5224 1572 5282 Non
1602 5225 1750 5291 risi,»
1769 5241 1838 5281 ex

248 5328 357 5384 ﬁde
383 5325 584 5382 factum
610 5333 716 5379 est.
767 5321 998 5377 Proinde
1022 5329 1285 5376 evacuata
1325 5319 1644 5376 inﬁdelitate
1668 5319 1840 5375 intro-

247 5420 415 5476 ducta
445 5427 530 5474 est
566 5416 716 5473 ﬁdes.
747 5435 764 5468 ι
785 5413 944 5481 Fide,
1003 5414 1209 5485 inquit,
1257 5422 1311 5470 et
1349 5413 1464 5485 ipsa
1495 5412 1630 5469 Sara
1662 5413 1836 5468 virtu-

252 5523 364 5568 tem
401 5509 469 5566 ad
505 5505 905 5578 suscipiendum
950 5525 968 5558 ι
1011 5521 1074 5560 ac
1114 5503 1457 5561 retinendum
1502 5518 1686 5559 semen
1719 5518 1840 5559 sus-

249 5602 420 5672 cepit.
453 5601 722 5657 Virtutem
747 5599 958 5668 accepit
985 5613 1105 5668 quae
1135 5595 1251 5665 jam
1296 5595 1617 5670 mortificata
1643 5602 1763 5650 erat
1787 5603 1843 5650 et

252 5692 479 5749 sterilis.
506 5690 711 5760 Duplex
733 5690 880 5744 enim
901 5697 1017 5745 erat
1046 5688 1348 5760 praeclusio,
1365 5701 1470 5741 una
1491 5701 1559 5741 ex
1579 5695 1842 5756 tempore,

255 5789 520 5843 senuerat
545 5781 744 5849 quippe
769 5777 877 5850 iam
901 5795 916 5836 :
941 5780 1047 5837 alia
1068 5795 1198 5837 vero
1219 5794 1287 5836 ex
1307 5787 1519 5848 natura,
1545 5777 1746 5836 sterilis
1764 5786 1846 5835 et-

1919 1925 2089 1980 xisset
2137 1940 2322 1993 supra,
2388 1940 2410 1976 ε
2445 1939 2553 1978 non
2593 1930 2935 1994 reportantes
2983 1921 3454 1991 repromissiones,
3491 1939 3510 1973 ι

1922 2016 2052 2071 dicit
2088 2014 2200 2070 Noe
2249 2015 2524 2085 recepisse
2585 2013 2889 2068 mercedem
2939 2011 3005 2066 ad
3041 2012 3270 2068 salutem
3324 2011 3518 2068 domus

1922 2120 2060 2169 suae,
2104 2114 2157 2159 et
2185 2103 2368 2158 Enoch
2397 2103 2721 2158 translatum
2766 2117 2910 2167 esse,
2951 2111 3007 2157 et
3050 2101 3183 2156 Abel
3230 2102 3407 2158 adhuc
3443 2101 3521 2156 lo-

1923 2199 2036 2268 qui,
2069 2207 2127 2254 et
2152 2197 2425 2252 Abraham
2458 2197 2734 2266 accepisse
2776 2204 3001 2260 terram,
3027 2205 3081 2250 et
3107 2195 3244 2250 dixit
3277 2214 3296 2246 ‹
3327 2209 3521 2250 secun-

1923 2291 2052 2345 dum
2105 2289 2263 2344 ﬁdem
2307 2289 2502 2343 mortui
2544 2296 2671 2343 sunt
2713 2287 2769 2342 hi
2802 2301 2991 2342 omnes
3038 2301 3148 2342 non
3175 2292 3520 2356 reportantes

1923 2380 2421 2450 repromissionem.
2457 2399 2474 2430 ι
2508 2377 2650 2446 Quid
2681 2393 2812 2448 ergo
2835 2378 2962 2432 est?
3007 2376 3387 2432 Necessarium
3413 2377 3519 2431 ita-

1922 2488 2028 2543 que
2053 2472 2268 2526 vidctur
2295 2471 2530 2541 primum
2579 2470 2752 2541 primo
2799 2469 3030 2534 solvere,
3087 2469 3280 2524 deinde
3323 2484 3521 2524 secun-

1924 2564 2071 2619 dum.
2137 2561 2344 2618 (Juxta
2390 2563 2573 2628 fidem,
2616 2561 2814 2631 inquit,
2833 2567 2846 2588 ”
2874 2560 3074 2617 mortui
3123 2568 3248 2616 sunt
3300 2560 3357 2616 hi
3399 2576 3519 2616 om-

1925 2671 2042 2710 nes.
2073 2675 2090 2706 ι
2122 2655 2180 2710 In
2221 2656 2326 2710 hoc
2351 2655 2471 2710 loco
2513 2672 2532 2704 ι
2561 2667 2749 2709 omnes
2782 2672 2800 2703 ι
2839 2651 2990 2717 dicit,
3021 2666 3130 2705 non
3159 2651 3304 2722 quod
3331 2665 3522 2707 omnes

1924 2745 2125 2800 mortui
2153 2753 2300 2811 sunt,
2326 2745 2419 2800 sed
2444 2745 2570 2814 quia
2601 2751 2799 2814 praeter
2841 2743 2994 2798 illum
3022 2741 3198 2798 solum
3247 2742 3302 2798 hi
3333 2758 3524 2798 omnes

1925 2839 2123 2894 mortui
2150 2846 2294 2902 sunt,
2336 2851 2472 2907 quos
2507 2837 2710 2891 scimus
2736 2842 2978 2889 mortuos
3007 2833 3196 2890 fuisse.
3238 2833 3392 2900 Quod
3423 2849 3522 2887 au-

1927 2939 2034 2987 tem
2060 2930 2216 2996 dixit,
2280 2950 2298 2981 ι
2334 2945 2442 2984 non
2470 2935 2811 2999 reportantes
2861 2925 3347 2995 repromissiones,
3385 2944 3403 2975 ι
3433 2941 3526 2980 ve-

1926 3040 2047 3078 rum
2078 3032 2181 3077 est.
2214 3020 2331 3077 Non
2361 3021 2505 3076 enim
2534 3021 2652 3075 haec
2678 3017 3026 3088 repromissio
3068 3025 3188 3072 erat
3209 3013 3342 3070 Noe.
3374 3015 3525 3072 Isaac

1925 3116 2071 3171 enim
2119 3113 2366 3170 fortassis
2404 3110 2652 3168 etJacob
2702 3115 3032 3179 acceperunt
3086 3105 3526 3177 repromissionis
3571 3105 3580 3110 ’

1927 3218 2152 3265 terram.
2186 3206 2299 3263 Noe
2321 3221 2448 3262 vero
2473 3213 2528 3259 et
2557 3203 2691 3259 Abel
2720 3211 2774 3264 et
2815 3201 3022 3267 Enoch,
3052 3216 3188 3273 quas
3213 3200 3528 3282 retributio-

1928 3319 2026 3360 nes
2057 3300 2428 3373 acceperunt?
2451 3299 2558 3354 Aut
2592 3297 2760 3367 igitur
2801 3295 2868 3350 de
2893 3295 3071 3350 tribus
3100 3293 3222 3349 istis
3250 3292 3406 3358 dixit,
3436 3302 3528 3348 aut

1929 3397 1976 3454 si
1999 3397 2162 3453 etiam
2201 3395 2266 3451 de
2292 3393 2422 3460 illis,
2457 3407 2564 3447 non
2594 3397 2715 3445 erat
2743 3385 3114 3458 repromissio,
3156 3393 3220 3441 ut
3269 3385 3322 3441 in
3354 3385 3528 3440 admi-

1929 3488 2140 3545 ratione
2168 3494 2315 3543 esset
2341 3483 2497 3550 Abel,
2543 3489 2602 3537 ut
2629 3479 3022 3536 transferretur
3055 3477 3264 3544 Enoch,
3297 3484 3393 3532 aut
3416 3476 3526 3532 sal-

1929 3588 2150 3636 varetur
2211 3577 2342 3634 Noe.
2404 3577 2472 3632 Et
2523 3576 2748 3647 quidem
2806 3574 2913 3630 illis
2987 3581 3210 3644 propter
3268 3571 3529 3628 virtutem

1928 3680 2312 3746 provenerunt.
2341 3670 2622 3725 Libamina
2662 3684 2790 3724 vero
2811 3667 3060 3738 quaedam
3080 3674 3238 3722 erant
3261 3673 3318 3722 et
3337 3665 3531 3736 primae

1930 3763 2337 3834 degustationes
2362 3760 2688 3815 futurorum.
2721 3759 2866 3814 Deus
2892 3757 3038 3812 enim
3071 3771 3140 3812 ex
3167 3754 3325 3810 initio
3346 3755 3527 3810 sciens

1930 3855 2228 3910 humanum
2287 3867 2456 3922 gems
2510 3848 2675 3904 multa
2729 3847 3036 3904 humilitate
3083 3854 3138 3902 et
3178 3844 3532 3901 descensione

1932 3963 2068 4017 opus
2090 3946 2315 4007 habens,
2342 3959 2447 3998 non
2472 3941 2642 3997 solum
2670 3956 2791 4010 quae
2814 3939 2994 3994 futura
3016 3944 3143 3994 sunt
3170 3937 3328 3992 nobis
3361 3935 3530 4005 largi-

1935 4047 2044 4103 tur,
2075 4036 2181 4098 sed
2212 4035 2397 4100 etiam,
2442 4049 2563 4103 quae
2597 4030 2760 4101 hujus
2805 4031 2932 4086 vitae
2982 4037 3111 4085 sunt
3133 4069 3150 4095 ,
3185 4027 3342 4084 nobis
3393 4041 3532 4097 pra:-

1935 4136 2081 4184 stat:
2135 4127 2278 4182 sicut
2305 4132 2358 4181 et
2385 4122 2663 4194 discipulis
2695 4122 2808 4177 suis
2833 4121 3079 4177 dicebat:
3137 4138 3156 4172 ι
3191 4117 3295 4186 Qui
3317 4118 3537 4194 dimise—

1936 4217 2009 4272 rit
2036 4218 2244 4281 domos,
2279 4223 2368 4270 aut
2392 4213 2609 4280 fratres,
2636 4220 2728 4268 aut
2757 4227 2998 4277 sorores,
3037 4219 3132 4266 aut
3171 4218 3403 4282 patrem,
3437 4217 3531 4265 aut

1936 4317 2189 4374 matrem,
2226 4306 2534 4377 centuplum
2558 4304 2783 4376 recipiet
2807 4312 2864 4360 et
2892 4305 3058 4360 vitam
3080 4311 3340 4359 aternam
3368 4303 3529 4358 here-

1935 4401 2132 4457 ditabit
2155 4399 2369 4473 (Matth.
2403 4399 2540 4470 XIX).
2575 4419 2591 4448 ι
2624 4397 2689 4453 Et
2721 4398 2916 4453 iterum
2945 4415 2956 4451 :
2994 4416 3013 4449 ι
3037 4396 3272 4464 Quaerite
3303 4411 3532 4467 regnum

1938 4493 2054 4558 Dei,
2082 4501 2137 4546 et
2165 4492 2280 4546 haec
2303 4489 2486 4546 omnia
2516 4488 2844 4558 adjicientur
2869 4488 3023 4544 vobis
3053 4486 3270 4560 (Matth.
3300 4487 3399 4557 vn).
3436 4507 3454 4538 ι

2014 4611 2033 4644 ι
2065 4590 2171 4646 Sed
2198 4606 2229 4644 a
2260 4589 2418 4660 longe
2457 4603 2551 4644 eos
2577 4588 2926 4659 aspicientes,
2975 4593 3034 4642 et
3060 4585 3381 4642 salutantes.
3412 4603 3430 4637 ›
3474 4583 3534 4642 In

1938 4685 2042 4739 hoc
2069 4681 2186 4739 loco
2216 4681 2472 4753 quiddam
2502 4681 2790 4753 mysticum
2820 4678 3122 4752 signiﬁcat:
3142 4678 3394 4749 quoniam
3417 4695 3534 4734 om-

1939 4775 2031 4830 nia
2059 4782 2427 4838 accesserunt,
2445 4787 2565 4842 quae
2585 4772 2697 4827 illic
2733 4771 2800 4827 de
2817 4770 3012 4826 futuris
3037 4769 3179 4826 dicta
3194 4777 3338 4830 sunt.
3357 4771 3422 4826 de
3450 4786 3536 4826 rer

1939 4866 2296 4932 surrectione,
2327 4865 2394 4920 de
2418 4879 2585 4935 regno
2611 4863 2894 4927 caelorum,
2918 4862 2986 4918 de
3012 4861 3136 4918 aliis
3160 4877 3281 4933 quae
3309 4863 3534 4922 veniens

1943 4955 2193 5026 Christus
2234 4954 2566 5026 praedicavit.
2615 4952 3083 5023 Repromissiones
3117 4953 3262 5008 enim
3305 4954 3402 5009 has
3438 4952 3533 5024 qui

1943 5043 2208 5119 [quidem]
2235 5045 2385 5100 dicit.
2405 5044 2655 5113 Autergo
2683 5044 2786 5099 hoc
2815 5043 2966 5106 dicit,
2982 5049 3076 5098 aut
3094 5045 3402 5114 certe,quia
3427 5061 3533 5101 non

1943 5138 2162 5209 quidem
2194 5151 2289 5192 eas
2312 5143 2664 5208 acceperunt,
2692 5135 2789 5190 sed
2827 5133 3160 5192 conﬁdentes
3181 5151 3280 5206 pro
3307 5136 3386 5191 eis
3407 5136 3535 5193 hinc

1941 5229 2334 5285 discesserunt.
2361 5227 2718 5285 Conﬁdebant
2746 5229 2890 5283 enim
2917 5227 3030 5283 sola
3054 5227 3177 5284 ﬁde.
3211 5248 3230 5280 ‹
3269 5228 3344 5284 De
3373 5228 3533 5300 longe

1940 5335 2036 5376 eas
2061 5321 2323 5375 videntes.
2351 5340 2368 5372 ι
2400 5320 2477 5390 Ita
2507 5319 2852 5375 conﬁdebant
2880 5319 2946 5373 de
2973 5318 3079 5373 illis
3105 5327 3165 5374 ut
3191 5319 3356 5376 etiam
3388 5318 3535 5374 salu-

1940 5422 2120 5471 tarent
2166 5429 2276 5468 eas.
2324 5413 2404 5468 Ex
2455 5413 2768 5482 metaphora
2817 5412 3185 5484 navigantium
3234 5413 3338 5466 hoc
3372 5410 3530 5476 dixit,

1941 5506 2033 5578 qui
2061 5505 2396 5575 prospiciunt
2421 5505 2576 5575 longe
2601 5503 2935 5559 desideratas
2965 5503 3209 5558 civitates
3237 5511 3532 5569 antequam

1944 5596 2346 5668 ingrediantur,
2388 5595 2710 5650 salutatione
2739 5595 3092 5665 praeveniunt,
3117 5603 3169 5648 et
3203 5609 3295 5647 eas
3317 5591 3418 5646 sibi
3450 5592 3534 5646 fa-

1945 5687 2185 5742 miliares
2235 5685 2489 5743 efficiunt.
2528 5706 2546 5739 ι
2585 5687 2651 5741 Et
2704 5686 3038 5743 conﬁdentes
3084 5683 3210 5753 quia
3259 5680 3530 5752 peregrini

1952 5795 1972 5830 ι
2003 5785 2060 5834 et
2087 5777 2329 5852 hospites
2354 5787 2481 5836 sunt
2509 5793 2672 5850 super
2697 5786 2949 5836 terram.»
2976 5773 3184 5849 (Ιοαη.)
3215 5772 3393 5830 Prima
3419 5772 3543 5845 vir-_
