3972 6336
560 320 667 382 795

1204 320 1266 381 Β.
1310 320 1568 383 RABANI
1606 323 1827 383 MAURI
1859 324 2183 384 ARCHIEP.
2227 320 2537 385 MOGUNT.
2578 324 2865 385 OPERUM
2900 327 3081 386 PARS
3119 329 3206 386 lll.
3655 350 3724 410 795

556 446 648 495 tus
679 446 763 494 est
787 438 843 493 et
868 444 981 495 tota
1024 436 1197 495 virtus
1224 441 1568 512 peregrinum
1611 455 1733 497 esse
1770 440 1955 496 mundi
1984 438 2143 509 hujus
2170 446 2222 506 Α
2246 438 2884 506 bant.Quomodo?Dixit
2905 438 3046 498 Deus
3058 442 3524 509 Abrabazzbimitte
3537 461 3724 529 patriam,

555 542 612 589 et
630 533 923 607 hospitem,
949 540 1005 589 et
1024 533 1159 589 nihil
1184 550 1473 591 commune
1493 535 1697 591 habere
1717 550 1839 591 cum
1863 534 2024 590 rebus
2044 535 2145 590 hu-

549 623 643 695 jus
684 623 886 690 saeculi,
924 624 1020 680 sed
1064 625 1332 682 removeri
1363 626 1433 682 ab
1479 626 1559 682 eis
1606 626 1749 682 sicut
1778 626 2144 698 peregrinum,

555 717 695 773 sicut
718 715 883 771 etiam
914 714 993 771 illi
1034 717 1211 784 beati,
1241 717 1309 774 de
1346 718 1544 787 quibus
1569 717 1698 773 dicit
1728 736 1741 772 :
1776 737 1795 770 ι
1831 717 2149 774 Circuibant

555 808 609 865 in
635 807 882 873 melotis,
921 808 977 863 in
1004 808 1235 879 pellibus
1274 809 1543 880 caprinis,
1577 818 1828 880 egentes,
1878 807 2143 876 tribulati,

553 899 759 967 alllicti,
816 901 1012 972 quibus
1060 901 1254 973 dignus
1296 918 1403 958 non
1435 910 1554 958 erat
1595 903 1824 958 mundus
1860 901 2081 975 (Infra).
2118 921 2137 954 ι

554 991 633 1048 11ιί
663 992 808 1049 enim
836 993 1153 1065 peregrinos
1191 995 1394 1064 seipsos
1429 994 1699 1051 dicebant.
1736 993 1936 1049 Paulus
1961 1001 2142 1049 autem

554 1084 756 1155 aliquid
780 1084 1011 1155 amplius
1040 1085 1178 1142 dixit
1208 1101 1223 1141 :
1257 1103 1362 1143 non
1409 1086 1750 1158 peregrinum
1792 1086 2030 1156 seipsum
2060 1087 2143 1142 di-

553 1177 654 1243 xit,
706 1176 801 1234 sed
830 1186 1104 1233 mortuum
1129 1178 1352 1246 mundo,
1381 1186 1435 1234 et
1466 1179 1725 1234 mundum
1770 1178 1892 1233 sibi.
1933 1197 1950 1229 ‹
1989 1166 2139 1245 Mihi,

554 1267 749 1339 inquit,
802 1267 1036 1325 mundus
1066 1268 1356 1326 cruciﬁxus
1394 1277 1477 1325 est
1518 1278 1575 1326 et
1608 1284 1709 1340 ego
1742 1271 1942 1325 mundo
1996 1266 2139 1341 (Gal.

551 1362 652 1435 vi).
687 1382 706 1415 ι
744 1359 954 1435 [Greg.]
992 1361 1123 1430 Quis
1147 1370 1327 1418 autem
1354 1363 1407 1417 in
1447 1365 1551 1419 hoc
1594 1363 1795 1418 mundo
1823 1364 2140 1433 peregrina-

553 1460 638 1508 tur
670 1453 919 1524 populus,
949 1453 1051 1509 nisi
1079 1454 1170 1524 qui
1198 1455 1267 1511 ad
1318 1464 1520 1511 sortem
1559 1453 1851 1511 electorum
1889 1471 2140 1520 currens,

552 1543 756 1599 habere
788 1559 848 1600 se
878 1544 1107 1616 patriam
1139 1546 1289 1601 novit
1327 1546 1382 1601 in
1410 1546 1749 1613 coelestibus;
1776 1556 1830 1602 et
1857 1554 2007 1604 tanto
2030 1564 2144 1603 ma-

552 1635 633 1706 gis
660 1634 768 1691 illic
786 1644 967 1706 sperat
986 1636 1230 1692 invenire
1251 1653 1310 1693 se
1328 1638 1544 1709 propria
1565 1680 1579 1704 ,
1604 1646 1806 1709 quanto
1835 1640 1923 1695 hic
1949 1647 2141 1695 cuncta

552 1742 670 1796 qum
706 1734 1036 1797 praetereunt
1082 1742 1203 1785 esse
1229 1746 1261 1784 a
1298 1744 1357 1784 se
1392 1729 1600 1786 dubitat
1642 1730 1856 1785 aliena?
1886 1730 2138 1802 Peregri-

549 1911 691 1967 banc
712 1911 878 1968 vitam
898 1912 1166 1982 quoddam
1188 1914 1291 1971 sibi
1313 1915 1566 1971 exsilium
1589 1918 1928 1988 deputantes.
1957 1917 2023 1974 ad
2047 1934 2134 1974 su-

546 2016 769 2073 pernam
789 2004 1021 2076 patriam
1050 2012 1164 2062 tota
1186 2007 1369 2063 cordis
1396 2008 1697 2065 intentione
1726 2010 2016 2081 suspirant.
2061 2011 2137 2066 De

548 2092 745 2162 quibus
785 2094 985 2152 Paulus
1007 2098 1159 2164 dicit,
1205 2116 1225 2149 ι
1252 2097 1584 2156 Conﬁtentes
1620 2102 1745 2171 quia
1775 2102 2043 2174 peregrini
2082 2110 2139 2158 et

546 2182 789 2256 hospites
832 2195 958 2243 sunt
990 2203 1154 2260 super
1182 2197 1404 2246 terram.
1454 2192 1556 2260 Qui
1602 2193 1745 2248 enim
1773 2194 1889 2249 hazc
1929 2194 2134 2263 dicunt,

548 2276 858 2346 signiﬁcant
919 2296 980 2337 se
1029 2284 1262 2353 patriam
1320 2284 1618 2356 inquirere.
1677 2287 1827 2343 llanc
1890 2290 2137 2362 peregri-

548 2368 822 2424 nationem
857 2371 996 2426 idem
1023 2390 1238 2446 quoque
1264 2375 1553 2447 Apostolus
1594 2380 1875 2447 tolerabat,
1907 2398 2029 2438 cum
2058 2384 2138 2440 di-

549 2469 736 2515 ceret:
790 2461 975 2517 «Dum
1021 2480 1207 2522 sumus
1259 2469 1313 2522 in
1365 2485 1613 2541 corpore,
1663 2475 2135 2545 peregrinamura

552 2542 780 2607 Domino
809 2551 897 2624 (11
954 2551 1080 2609 Cor.
1136 2556 1212 2629 v).
1262 2558 1368 2615 Per
1394 2559 1553 2616 ﬁdem
1604 2542 1749 2619 enim
1776 2542 2132 2637 ambulamus,

548 2657 658 2698 non
702 2659 800 2714 per
848 2647 1136 2720 speciem.»
1164 2649 1334 2722 Hujus
1383 2659 1835 2730 peregrinationis
1869 2679 2135 2720 aerumnas

548 2738 829 2807 satagebat
864 2741 1124 2810 devitarc,
1155 2759 1278 2799 cum
1306 2746 1556 2803 dicebat:
1593 2768 1611 2802 ι
1649 2750 1987 2809 Desiderium
2031 2756 2133 2811 ha-

545 2825 682 2882 bens
712 2827 929 2887 dissolvi
972 2840 1028 2886 et
1072 2848 1194 2891 esse
1243 2852 1364 2892 cum
1409 2838 1626 2897 Christo
1675 2842 1842 2916 (Phil.
1889 2845 1951 2917 ι).
1990 2866 2009 2898 ι
2070 2847 2136 2902 Et

546 2934 762 2975 rursum
793 2940 806 2976 :
859 2940 879 2974 ‹
910 2922 1037 2979 Mihi
1066 2926 1247 2984 vivere
1275 2927 1525 2987 Christus
1549 2942 1652 3000 est,
1683 2947 1739 2990 et
1760 2936 1895 2992 mori
1923 2937 2134 2993 lucrum

508 3062 517 3069 ,
547 3007 735 3083 (ιὺὶά.)
767 3030 786 3063 ι
841 3010 1012 3083 Hujus
1041 3018 1495 3089 peregrinationis
1544 3024 1755 3092 pondus
1807 3042 1970 3098 grave
2007 3044 2132 3084 sen-

547 3103 714 3158 tiebat
736 3098 1025 3161 Psalmista
1053 3124 1174 3164 cum
1214 3111 1454 3169 diceret:
1491 3135 1509 3165 ‹
1538 3113 1652 3169 Heu
1692 3118 1823 3172 mihi
1851 3119 1863 3172 ε
1893 3121 2017 3190 quia
2048 3122 2131 3175 in—

2249 545 2371 601 qua:
2394 528 2685 603 putabatur
2730 532 2909 603 patria
2938 548 3075 602 esse,
3107 544 3164 591 et
3203 538 3321 595 veni
3343 541 3405 596 ad
3430 542 3617 605 alienam
3650 528 3722 611 ter.

2249 636 2407 688 ram;
2444 628 2500 676 et
2531 636 2639 678 non
2676 631 2762 678 est
2806 633 3048 681 retentus
3093 642 3277 685 amore
3326 636 3634 708 propriorum,
3664 646 3725 705 sed

2248 712 2389 769 sicut
2434 714 2756 786 peregrinus
2780 731 3099 788 egressurus
3125 720 3190 776 de
3212 720 3377 779 aliena
3399 732 3543 796 terra,
3565 733 3626 790 sic
3647 738 3726 796 sine

2247 802 2428 877 aliqua
2459 808 2834 878 compassione
2874 808 3020 865 illam
3067 814 3296 883 patriam
3344 819 3604 891 dereliquit.
3630 828 3727 888 Dixit

2245 896 2319 963 ei,
2349 895 2497 953 Oﬁ‘er
2553 898 2686 953 mihi
2718 898 2889 955 tilium
2937 909 3087 957 tuum
3118 919 3134 958 :
3160 914 3216 961 et
3262 907 3419 965 veluti
3462 928 3554 970 non
3586 916 3726 978 habens

2244 987 2438 1057 ﬁlium,
2487 990 2568 1046 sic
2596 1007 2721 1046 eum
2762 994 2977 1049 obtulit.
3009 995 3272 1054 Pecunias
3299 1007 3615 1064 communiter
3646 1026 3727 1070 cum

2244 1084 2653 1139 transeuntibus
2675 1085 2999 1155 possidebat,
3024 1103 3124 1160 pro
3145 1091 3308 1147 nihilo
3335 1107 3420 1148 eas
3439 1097 3724 1173 existimabat;

2241 1175 2534 1245 primatum
2561 1176 2683 1232 aliis
2712 1177 2954 1244 cedebat,
2990 1181 3045 1235 in
3089 1184 3326 1253 pericula
3359 1187 3566 1256 seipsum
3601 1194 3724 1261 dabat,

2243 1270 2428 1329 decem
2456 1272 2625 1329 millia
2656 1275 2797 1329 mala
2822 1277 3133 1346 patiebatur
3159 1296 3172 1333 :
3200 1296 3303 1336 non
3333 1283 3502 1341 domos
3526 1297 3727 1347 construe

2241 1362 2335 1416 bat
2365 1358 2559 1430 claras,
2590 1381 2696 1422 non
2726 1367 3098 1435 deliciabatur,
3133 1387 3305 1442 neque
3333 1375 3469 1432 circa
3491 1381 3726 1439 vestimenta

2243 1453 2470 1526 diligens
2517 1467 2657 1527 erat,
2689 1474 2809 1529 qua:
2842 1463 3025 1517 omnia
3065 1463 3121 1519 in
3167 1465 3270 1520 hac
3306 1467 3410 1522 vita
3450 1484 3555 1527 esse
3580 1473 3722 1542 solent;

2243 1544 2337 1600 sed
2375 1557 2587 1615 cuncta,
2619 1566 2742 1620 qua:
2781 1553 2850 1607 ad
2890 1569 3183 1633 supernam
3229 1557 3486 1616 civitatem
3510 1565 3725 1633 pertinent,

2243 1639 2510 1708 gerebat:
2564 1641 2988 1713 hospitalitatem
3043 1630 3467 1719 demonstrabat,
3510 1630 3722 1713 fraternam

2198 1788 2210 1816 ἃ
2243 1728 2605 1798 dilectionem,
2646 1733 3053 1808 elcemosynas,
3090 1740 3418 1811 patientiam,
3451 1756 3733 1816 contemptum

550 1832 652 1873 nus
679 1818 861 1889 itaque
892 1820 1120 1891 populus
1146 1821 1387 1877 omnium
1416 1837 1673 1878 numerus
1694 1821 2011 1889 electorum,
2042 1824 2135 1895 qui
2164 1800 2212 1867 Β

2238 1823 2612 1892 pecuniarum,
2661 1834 3028 1897 contemptum
3076 1832 3356 1900 praesentis
3381 1832 3542 1903 gloriae
3563 1844 3724 1893 etcate-

2240 1928 2422 1968 rarum
2457 1917 2738 1985 omnium,
2780 1933 2901 1989 qua:
2951 1920 3006 1976 in
3063 1921 3170 1978 hoc
3214 1923 3404 1981 mundo
3445 1936 3567 1982 sunt.
3610 1927 3723 1984 Filius

2240 1994 2403 2061 etiam
2431 2006 2480 2061 ei
2512 2006 2636 2063 talis
2665 2018 2814 2065 erat:
2842 2012 3247 2083 exagitabatur,
3270 2017 3639 2092 persecutionem
3658 2033 3721 2088 pa-

2240 2096 2495 2165 tiebatur,
2527 2099 2919 2170 debellabatur,
2950 2111 3005 2160 et
3031 2092 3278 2173 cedebat,
3318 2115 3372 2162 et
3399 2109 3721 2179 obsequebatur,

2238 2189 2367 2243 utin
2381 2191 2682 2260 peregrinis
2696 2194 3043 2250 constitutus.
3065 2194 3343 2267 Peregrini
3363 2199 3535 2269 quippe
3552 2215 3723 2271 quacun-

2238 2296 2344 2353 que
2365 2284 2644 2353 patiuntur
2664 2287 2918 2355 tolerant,
2941 2298 3001 2345 ut
3019 2300 3149 2362 pote
3170 2292 3258 2361 qui
3278 2292 3331 2347 in
3347 2294 3506 2364 patria
3523 2309 3606 2349 non
3625 2304 3721 2349 sunt.

2238 2374 2307 2429 Et
2333 2390 2505 2430 uxore
2531 2376 2731 2445 ablata,
2761 2388 2815 2434 et
2845 2380 2949 2437 hoc
2978 2381 3248 2449 toleravit,
3271 2392 3327 2438 ut
3354 2394 3466 2455 pote
3489 2386 3535 2439 in
3557 2386 3722 2457 peregri-

2238 2468 2342 2525 nis.
2377 2468 2572 2526 Omnia
2619 2488 2749 2529 vero
2786 2490 2906 2544 quae
2934 2478 3161 2548 gerebat
3186 2478 3254 2532 ad
3280 2494 3541 2551 supernam
3561 2479 3721 2550 patriam

2237 2560 2601 2630 pertinebant,
2649 2565 2999 2635 pudicitiam,
3028 2569 3368 2626 honestatem
3417 2571 3721 2626 demonstrem.

2238 2650 2452 2708 Etenim
2482 2652 2770 2728 postquam
2813 2659 3184 2730 desponsam,
3210 2677 3315 2719 non
3351 2671 3429 2719 est
3462 2670 3722 2719 conversatus

2239 2764 2363 2813 cum
2394 2749 2484 2806 illa
2515 2752 2743 2810 muliere
2769 2796 2784 2821 ,
2816 2756 2911 2813 sed
2957 2765 3272 2816 transeunte
3297 2761 3470 2833 vigore
3489 2760 3720 2831 iuventutis,

2239 2849 2367 2897 tunc
2393 2858 2514 2898 eam
2544 2846 2790 2918 accepit:
2823 2850 3143 2917 ostendens,
3164 2852 3411 2922 quoniam
3444 2866 3535 2908 non
3555 2848 3722 2905 libidinis

2239 2946 2401 3010 causa
2448 2934 2551 2990 hoc
2579 2934 2730 3005 fecit,
2777 2939 2872 2994 sed
2904 2940 3225 2997 ntinistrans
3270 2950 3323 2998 et
3364 2942 3623 2999 deserviens
3640 2953 3722 3010 pro-

2236 3008 2486 3082 missioni
2527 3028 2743 3085 divinae.
2802 3031 2941 3099 Quid
2969 3042 3153 3091 autem
3179 3033 3380 3092 Jacob?
3418 3050 3568 3091 nonne
3588 3046 3721 3106 partem

2237 3126 2447 3172 tantum
2479 3122 2759 3189 qn:erebat
2782 3132 2838 3179 et
2884 3125 3287 3195 vestimentum,
3316 3143 3427 3199 qua:
3446 3122 3722 3199 pertineutad

545 3192 753 3250 colatus
783 3208 935 3252 meus
960 3198 1310 3272 prolongatus
1328 3212 1429 3258 est.
1460 3204 1707 3262 Habitavi
1739 3224 1862 3263 cum
1885 3180 2134 3267 habitan-
2158 3180 2206 3244 Ο
2237 3210 2551 3279 peregrinos
2584 3214 2674 3282 qui
2715 3214 2768 3268 in
2799 3224 3177 3287 paupertatem
3222 3220 3492 3276 deveniunt
3534 3215 3721 3275 multam?

543 3282 686 3341 tibus
714 3283 925 3342 Cedar:
956 3286 1182 3345 multum
1224 3292 1400 3349 incola
1440 3292 1543 3349 fuit
1587 3297 1765 3352 anima
1809 3315 1927 3354 mea
1960 3298 2131 3373 (Psal.

541 3373 710 3446 cxrx).
732 3395 752 3429 ι
786 3376 869 3432 Ab
894 3376 997 3433 hac
1023 3380 1159 3451 eripi
1203 3385 1519 3452 quantocies
1546 3386 1860 3456 anhelabat,
1890 3406 2013 3447 cum
2040 3409 2132 3450 su-

540 3468 726 3538 pernis
769 3468 1055 3528 desideriis
1090 3471 1321 3545 ﬁagrans
1372 3476 1614 3534 diceret:
1675 3500 1693 3531 ι
1725 3479 1909 3537 Sitivit
1952 3485 2133 3540 anima

542 3574 663 3616 mea
702 3560 771 3616 ad
818 3561 989 3619 Deum
1017 3562 1199 3621 vivum
1223 3608 1239 3634 ,
1276 3571 1493 3640 quando
1523 3573 1739 3629 veniam
1767 3583 1823 3630 et
1860 3581 2133 3649 apparebo

541 3659 667 3708 ante
690 3651 883 3711 faelem
926 3656 1022 3713 Dei
1044 3658 1193 3715 mei?
1221 3681 1240 3712 ι
1275 3659 1449 3734 (Ρδαι.
1476 3666 1609 3739 xu.)
1643 3666 1751 3724 Sed
1787 3668 1893 3725 hoc
1921 3672 2133 3729 deside-

540 3741 683 3799 rium
710 3744 993 3816 nesciunt,
1042 3750 1135 3833 qui
1166 3767 1260 3809 cor
1287 3753 1343 3808 in
1376 3757 1606 3813 terrenis
1639 3758 2005 3833 voluptatibus
2035 3765 2130 3821 de-

538 3830 728 3907 ﬁgunt.
778 3832 915 3925 Dum
944 3828 1088 3895 enim
1140 3842 1249 3897 sola
1292 3859 1412 3915 quae
1443 3855 1571 3902 sunt
1616 3828 1850 3908 Visibilia
1880 3853 2130 3925 diligunt,

538 3923 783 3996 profecto
805 3922 1115 3999 invisibilia,
1140 3932 1226 3991 vel
1255 3935 1301 3991 si
1323 3938 1548 3994 credunt
1578 3955 1716 4010 esse,
1742 3958 1848 3999 non
1879 3922 2129 4018 diligunt,

539 4017 664 4086 quia
677 4017 801 4074 dum
815 4019 979 4077 nimis
990 4037 1047 4079 se
1059 4025 1301 4083 exterius
1312 4038 1635 4100 sequuntur,
1649 4034 1811 4090 etiam
1826 4017 2131 4094 menté'car-

537 4108 688 4165 nales
710 4108 862 4167 ﬁunt.
882 4110 1087 4190 (Ιοαη.)
1108 4115 1407 4191 Peregrini,
1423 4123 1620 4194 inquit,
1636 4132 1689 4180 et
1709 4126 1952 4199 hospites
1973 4138 2131 4186 erant

538 4201 735 4258 sancti.
764 4202 1015 4271 Qualiter
1038 4216 1093 4263 et
1115 4209 1259 4282 quali
1287 4214 1492 4269 modo?
1514 4214 1615 4270 Ubi
1636 4225 1815 4274 autem
1839 4218 2130 4275 conﬁtetur

536 4291 834 4362 Abraham,
884 4299 1033 4367 quod.
1052 4303 1373 4375 peregrinus
1398 4316 1452 4361 et
1481 4307 1679 4379 hospes
1708 4311 1820 4366 sit?
1856 4310 2128 4370 Fortassis

537 4384 683 4441 enim
712 4386 874 4442 etiam
905 4386 1079 4460 ipsum
1128 4392 1233 4450 hoc
1270 4395 1578 4453 confessum
1604 4415 1726 4457 esse
1765 4402 2122 4474 reperiemus.

536 4473 830 4535 Confessus
857 4484 1038 4536 tamen
1064 4490 1147 4538 est
1172 4482 1379 4542 David:
1412 4490 1538 4558 quia
1573 4510 1591 4544 ‹
1622 4473 1940 4566 peregrinus
1979 4512 2123 4564 sum,

539 4567 732 4637 inquit,
761 4570 903 4628 sicut
930 4586 1120 4630 omnes
1144 4583 1326 4645 patres
1351 4579 1455 4634 mei
1477 4578 1648 4657 (Psal.
1683 4585 1935 4656 xxxvnr).
1965 4607 1985 4640 ι
2017 4587 2118 4656 Qui

537 4658 681 4714 enim
707 4660 761 4715 in
791 4660 1151 4721 tabernaculis
1172 4666 1505 4738 habitabant,
1555 4673 1647 4743 qui
1680 4675 1925 4746 sepulcra
1950 4694 2115 4750 pecu-

538 4749 642 4805 niis
661 4754 1064 4823 comparabant,
1110 4764 1318 4814 certum
1347 4762 1601 4831 quoniam
1642 4768 1912 4838 peregrini
1934 4749 2113 4839 erant,

535 5027 729 5085 cebant
757 5043 815 5085 se
858 5032 1173 5103 peregrinos
1201 5039 1362 5094 esse?
1387 5039 1760 5115 Nequaquam,
1809 5046 1903 5103 sed
1946 5048 2114 5106 totius

535 5118 759 5187 mundi;
791 5128 845 5177 et
871 5123 1102 5180 merito:
1130 5126 1263 5183 nihil
1284 5131 1480 5203 quippe
1522 5136 1929 5206 conspiciebant
1971 5139 2025 5196 in
2049 5156 2116 5197 eo

533 5224 719 5265 eorum
742 5226 863 5282 quae
885 5212 1157 5285 volebant,
1185 5221 1279 5276 sed
1308 5223 1489 5279 omnia
1520 5226 1806 5300 peregrina
1834 5239 1888 5286 et
1916 5230 2111 5289 aliena.

533 5297 639 5371 Ipsi
695 5304 912 5374 quidem
952 5308 1205 5366 virtutem
1249 5310 1428 5369 colere
1468 5297 1884 5377 desiderabant:
1919 5321 1972 5377 in
2008 5324 2115 5380 hoc

532 5401 711 5450 autem
741 5400 942 5456 mundo
980 5413 1098 5457 erat
1125 5403 1383 5474 iniquitas
1410 5407 1597 5476 multa,
1622 5419 1677 5466 et
1713 5415 1997 5486 peregrina
2035 5414 2117 5473 eis

532 5486 714 5542 omnia
758 5498 954 5545 erant:
993 5493 1197 5549 nullum
1245 5497 1496 5563 amicum,
1544 5502 1748 5557 nullum
1789 5503 2110 5563 familiarem

532 5578 804 5657 habebant
841 5593 1039 5654 praeter
1067 5603 1284 5659 paucos.
1311 5589 1425 5647 Non
1455 5602 1573 5649 erat
1605 5596 1881 5669 diligentia
1920 5614 2109 5657 eorum

530 5670 677 5727 circa
707 5687 768 5728 ea
802 5689 921 5745 qua:
948 5677 1107 5749 hujus
1152 5681 1333 5736 mundi
1359 5693 1525 5739 sunt:
1557 5687 1738 5744 ethoc
1785 5707 1892 5747 non
1928 5692 2106 5749 verbis

529 5760 724 5831 solum;
764 5780 861 5826 seu
880 5769 1046 5830 etiam
1064 5775 1228 5836 rebus
1252 5776 1385 5851 ipsis
1401 5787 1458 5837 et
1488 5780 1745 5843 oneribus
1766 5784 2106 5846 demonstra-

2235 3317 2414 3359 nonne
2441 3306 2869 3374 persecutionem
2898 3310 3116 3379 patiens
3148 3313 3388 3369 discessit
3412 3312 3532 3369 sicut
3557 3307 3721 3384 peregri-

2235 3406 2340 3446 nus
2363 3392 2385 3446 ?
2408 3408 2587 3450 nonne
2617 3400 2989 3457 mercenarius
3010 3402 3178 3459 erat?
3203 3420 3376 3463 nonne
3430 3405 3585 3460 decem
3604 3398 3718 3456 milli!

2232 3482 2434 3554 ubique
2461 3487 2603 3542 mala
2635 3490 2944 3560 patiebatur
2971 3492 3116 3549 sicut
3152 3495 3495 3569 peregrinus?

2311 3594 2330 3627 ι
2375 3576 2479 3644 Qui
2514 3579 2662 3635 enim
2692 3581 2808 3639 lnec
2833 3583 3021 3640 dicunt
3064 3586 3370 3659 signiﬁcant
3394 3600 3446 3644 se
3474 3580 3719 3658 patriamin-

2241 3686 2279 3741 v_
2305 3669 2544 3738 quirere.
2588 3672 2658 3727 Et
2685 3674 2731 3730 si
2762 3676 2981 3746 quidem
3030 3678 3179 3736 illius
3216 3679 3715 3746 meminissentqu

2239 3777 2258 3811 ι
2300 3761 2571 3831 exierunt,
2612 3765 2888 3824 habebant
2951 3771 3141 3843 utique
3193 3782 3401 3847 tempus
3447 3768 3712 3831 revertendi:

2239 3867 2259 3901 ‹
2301 3867 2447 3909 nunc
2494 3864 2679 3912 autem
2734 3859 3015 3917 meliorem
3066 3873 3346 3936 appetunt,
3393 3867 3444 3923 id
3484 3874 3570 3931 est,
3601 3860 3714 3918 cale:

2237 3961 2273 4016 cp
2298 3951 2459 4001 stem.
2493 3967 2513 4000 ι
2551 3947 2759 4025 (luam)
2785 3950 2830 4009 Ο
2869 3963 3073 4026 quanta
3105 3958 3435 4016 diﬁ'erentia!
3469 3959 3532 4015 illi
3564 3954 3713 4027 quidem

2229 4038 2608 4106 parturiebant
2633 4059 2733 4114 per
2761 4045 3004 4117 singulos
3046 4048 3186 4117 dies,
3217 4051 3426 4108 liberari
3460 4049 3653 4107 volentes
3671 4043 3714 4098 de

2231 4125 2334 4181 hac
2362 4129 2474 4184 vita
2523 4139 2580 4188 et
2623 4134 2693 4189 ad
2720 4150 2876 4191 suam
2906 4138 3141 4211 patriam
3182 4157 3416 4199 remeare
3447 4161 3459 4197 :
3484 4154 3570 4197 nos
3590 4146 3711 4193 autem

2230 4230 2455 4278 econtra
2483 4221 2712 4282 facimus
2745 4245 2759 4283 :
2788 4230 2833 4285 si
2871 4230 3040 4289 febris
3078 4237 3320 4305 accedat,
3345 4236 3507 4293 omnia
3529 4226 3712 4300 relinqui-

2229 4329 2373 4382 mus,
2411 4315 2552 4374 sicut
2578 4321 2793 4389 pueruli
2816 4326 3028 4394 parvuli
3050 4327 3348 4398 planctuosi
3381 4335 3579 4385 mortem
3605 4322 3709 4377 time-

2228 4422 2369 4463 mus.
2404 4408 2469 4464 Et
2498 4412 2695 4468 merito
2722 4414 2827 4470 hoc
2852 4417 3129 4487 patimur:
3167 4422 3317 4494 quasi
3362 4415 3593 4493 peregrini
3624 4425 3709 4469 ωηο

2227 4515 2513 4559 versamur
2544 4505 2597 4560 in
2635 4507 2738 4563 hac
2774 4509 2885 4564 vita
2914 4520 2970 4566 et
3008 4529 3114 4569 non
3143 4515 3304 4572 veluti
3330 4515 3416 4585 qui
3440 4501 3709 4568 festinantad

2224 4594 2483 4663 patriam,
2497 4597 2592 4653 sed
2614 4598 2778 4655 veluti
2801 4602 2871 4658 ad
2890 4619 3081 4674 pcenas
3098 4607 3245 4662 ituri.
3264 4606 3527 4677 Propterea
3537 4598 3710 4657 dole!!!us

2222 4693 2281 4742 et
2302 4686 2579 4755 timemus,
2602 4692 2860 4761 quoniam
2883 4694 3001 4751 istis
3032 4699 3195 4754 rebus
3216 4714 3319 4754 non
3352 4696 3427 4753 usi
3445 4705 3599 4752 sumus
3615 4688 3708 4744 εἱωῑ

2172 4811 2195 4834 ι
2221 4787 2459 4855 oportet,
2481 4784 2575 4838 sed
2596 4789 2959 4854 pervertimus
2980 4791 3226 4846 ordinem
3253 4810 3265 4846 :
3287 4798 3545 4862 propterea
3561 4783 3706 4837 iam

2221 4884 2421 4943 tamur,
2444 4878 2660 4947 quando
2681 4879 2854 4952 magis
2886 4882 3121 4953 gaudere
3143 4899 3242 4940 nos
3261 4882 3536 4955 oportebat.
3561 4871 3707 4931 Idcirco

2220 4967 2680 5037 pertimescimus,
2705 4971 2869 5026 veluti
2899 4972 3187 5031 homicidze
3215 4975 3424 5047 quidam
3444 4980 3492 5028 et
3511 4969 3639 5025 duces

2215 5067 2456 5128 tronum,
2479 5077 2603 5118 cum
2630 5067 2956 5137 perducendi
2986 5080 3113 5126 sunt
3149 5069 3215 5125 ad
3248 5066 3485 5133 tribunal,
3506 5071 3552 5120 et
3570 5069 3700 5117 omen

2216 5151 2360 5209 mala
2396 5154 2801 5214 considerantes
2844 5172 2965 5228 quae
3020 5168 3328 5232 gesserunt,
3382 5167 3442 5227 et,
3486 5158 3699 5227 ρτορωτα

2216 5241 2408 5298 timent
2439 5252 2496 5298 et
2525 5251 2784 5300 tremunt.
2832 5245 2911 5301 llli
2940 5262 3070 5304 vero
3092 5258 3274 5320 patres
3301 5264 3400 5305 non
3439 5251 3569 5303 erant
3592 5235 3700 5298 ωαι

2217 5334 2313 5389 sed
2348 5332 2675 5393 festinabant
2704 5337 2771 5393 ad
2807 5341 3071 5411 requiem.
3096 5342 3287 5400 Paulus
3306 5349 3469 5397 autem
3493 5344 3541 5393 et
3559 5340 3699 5400 001³8⁸·

2216 5426 2517 5484 miscebat:
2555 5448 2573 5481 ι
2606 5428 2716 5486 Nos
2744 5431 2869 5502 ipsi,
2904 5434 3100 5504 inquit,
3142 5435 3196 5491 in
3223 5436 3322 5492 hoc
3358 5430 3532 5489 mundo
3552 5432 3699 5491 000897

2215 5518 2493 5574 miscimus
2513 5522 2720 5592 gravati
2742 5521 2828 5595 (11
2850 5521 2970 5580 Cor.
3005 5526 3081 5597 v).
3110 5545 3130 5579 ι
3167 5525 3320 5583 Tales
3342 5529 3482 5580 erant
3502 5526 3549 5575 et
3571 5511 3697 5571 Abl?

2211 5607 2337 5665 ham
2390 5618 2445 5667 et
2491 5612 2569 5667 illi
2625 5615 2737 5671 alii.
2791 5616 3071 5689 Peregrini
3131 5620 3322 5691 quippe
3364 5622 3503 5674 erant
3532 5609 3594 5691 in
3625 5603 3739 5658 hoc.

2209 5701 2411 5757 mundo
2433 5703 2688 5761 universo
2717 5715 2773 5763 et
2814 5710 3045 5779 patriam
3089 5711 3408 5781 quaerebant.
3432 5704 3548 5761 Num
3569 5695 3692 5755 illam.

2206 5803 2370 5863 quam
2389 5792 2753 5868 reliquerant?
2771 5797 3121 5873 Nequaquam
3146 5820 3160 5860 :
3184 5801 3306 5876 quid
3330 5798 3460 5859 enim
3492 5791 3589 5851 11105
3601 5792 3691 5858 ΡΝ·
