3972 6336
238 361 348 419 797

700 356 1247 417 ENARRATIONUM
1281 357 1353 415 IN
1390 357 1538 416 EPP.
1580 356 1786 415 PAULI
1826 352 1959 412 LIB.
1998 356 2198 411 XXIX.
2232 386 2307 399 —
2344 356 2410 413 IN
2449 357 2667 416 EPIST.
2709 358 2801 415 AD
2840 358 3046 416 HEBR.

3417 354 3519 416 798

238 472 484 539 bibebat,
512 470 559 527 si
581 470 780 526 vellent
812 472 1011 529 iterum
1038 476 1234 532 reverti
1260 485 1317 531 et
1345 472 1479 531 eﬁici
1500 474 1693 531 cives?
1721 471 1829 529 Sed
1854 476 1904 538 Α
1932 487 2095 542 quam
2142 473 2441 544 perdurare
2482 473 2538 529 in
2569 474 2872 544 animabus,
2900 490 3011 533 non
3056 475 3231 534 solum
3259 476 3525 550 pristinos

237 566 390 624 illam
415 563 733 637 quaerebant
754 581 949 638 quaem
975 567 1128 624 ctelis
1153 577 1268 636 est,
1290 577 1348 625 et
1371 567 1450 625 sic
1475 567 1824 635 festinabant,

235 666 304 718 ut
346 657 477 715 hinc
526 656 893 713 discederent.
951 659 1029 714 sic
1072 659 1392 731 placuerunt
1453 654 1581 717 Deo.
1643 677 1662 711 ι
1701 654 1855 715 Μεθ’

242 770 265 806 ι
310 766 419 807 non
446 738 796 806 confunditur
816 749 958 806 Deus
979 751 1164 807 vocari
1185 753 1328 808 Deus
1355 766 1544 808 eorum
1569 768 1583 806 :
1616 750 1828 822 paravit

240 828 271 898 ι’
309 844 455 900 enim
478 841 584 899 illis
605 842 900 901 civitatem.
938 864 957 897 ι
985 845 1029 903 Ο
1049 854 1251 915 quanta
1273 845 1530 917 dignitas.
1555 854 1615 900 ut
1644 845 1828 919 digna-

235 945 393 991 retur
415 934 600 990 vocari
626 933 768 991 Deus
788 938 1006 992 eorum!
1036 936 1285 1009 Magnum
1316 936 1420 994 hoc
1448 947 1532 993 est
1550 944 1601 993 el
1634 954 1825 994 revera

231 1040 495 1098 magnum
521 1033 577 1080 et
602 1025 785 1081 multa:
810 1025 1160 1081 beatitudinis
1189 1026 1469 1093 indicium,
1507 1028 1634 1099 quia
1666 1039 1826 1086 terra:

235 1117 459 1191 quidem
478 1124 535 1171 et
568 1117 691 1172 caeli
718 1126 942 1172 vocatur
965 1116 1127 1184 Deus,
1154 1118 1295 1173 sicut
1316 1127 1546 1174 vocatur
1573 1129 1629 1175 et
1655 1135 1822 1192 paga-

232 1219 433 1260 norum
460 1206 624 1273 Deus,
653 1206 780 1277 quia
808 1206 922 1278 ipse
950 1208 1193 1263 condidit
1214 1218 1271 1264 et
1296 1211 1601 1265 construxit
1620 1212 1821 1267 omnia.

235 1295 565 1353 Sanctorum
603 1314 733 1355 vero
784 1298 997 1354 illorum
1026 1314 1131 1354 non
1163 1300 1244 1356 sic
1289 1298 1488 1356 dicitur
1531 1303 1693 1367 Deus,
1728 1296 1824 1358 sed

231 1392 610 1449 sicutamicus
637 1392 834 1464 aliquis
869 1407 1181 1462 germanus.
1214 1391 1371 1448 Sicut
1409 1394 1555 1448 enim
1592 1392 1700 1449 dici
1728 1408 1824 1462 po-

232 1492 349 1541 test
371 1483 518 1541 Deus
544 1500 652 1540 non
685 1485 928 1556 gentium
959 1483 1156 1550 solum,
1182 1484 1277 1540 sed
1307 1484 1474 1542 totius
1510 1486 1715 1553 mundi,
1748 1486 1823 1541 ita

229 1583 422 1648 posset
447 1574 556 1632 dici
583 1575 727 1632 Deus
752 1576 1051 1630 Abraham.
1096 1573 1203 1631 Sed
1245 1576 1469 1633 nescitis
1511 1583 1713 1647 quanta
1739 1586 1823 1632 est

230 1666 341 1723 ista
385 1667 644 1739 dignitas,
687 1668 814 1739 quia
854 1682 1031 1737 neque
1071 1667 1421 1737 adipiscimur
1458 1666 1626 1723 illam.
1668 1666 1824 1723 Sicut

228 1758 379 1814 enim
408 1774 553 1815 nunc
582 1758 844 1814 Dominus
868 1758 1011 1813 Deus
1032 1755 1470 1813 Christianorum
1519 1758 1738 1824 dicitur,
1764 1763 1820 1813 et

1929 565 2254 633 intellectus,
2277 567 2372 622 sed
2398 565 2561 623 etiam
2594 568 2972 626 vicissitudine
2998 582 3093 626 eas
3131 584 3370 642 congrua
3392 587 3521 644 pro-

1926 652 2223 730 prietatum
2252 666 2580 731 actuumque
2603 677 2826 717 suorum
2851 661 3058 734 perfrui
3086 663 3369 735 qualitate.
3404 664 3520 725 lloc

1925 750 2071 806 enim
2102 749 2177 805 illi
2206 766 2547 824 nequaquam
2590 752 2850 810 Dominus
2898 755 3258 826 promisisset,
3306 757 3350 813 si
3397 760 3516 831 ejus

1927 844 2164 899 animam
2189 852 2373 900 nosset
2397 852 2521 916 post
2542 847 2938 917 separationem
2964 850 3147 905 carnis
3184 849 3269 905 vel
3296 840 3519 921 privan-

1927 939 2051 995 dam
2079 954 2264 1006 sensu,
2293 940 2381 996 vel
2425 940 2479 995 in
2522 940 2752 996 nihilum
2786 941 3182 997 resolvendam.
3226 940 3344 998 Non
3369 942 3516 999 enim

1925 1044 2056 1085 caro
2102 1029 2218 1100 ejus
2260 1030 2315 1085 in
2355 1031 2641 1101 paradiso,
2688 1031 2784 1088 sed
2821 1031 3003 1087 anima
3041 1041 3164 1089 erat
3204 1033 3519 1106 ingressura

1926 1135 2049 1177 cum
2071 1120 2312 1178 Christo.

2006 1230 2025 1262 ι
2071 1211 2205 1268 Fide
2240 1212 2438 1269 obtulit
2478 1212 2750 1269 Abraham
2776 1213 2927 1271 Isaac
2951 1228 3074 1270 cum
3111 1222 3437 1283 tentaretur,
3464 1202 3523 1271 et

1931 1302 2334 1372 (unigenitum
2385 1303 2667 1372 oﬂ‘erebat,
2715 1306 2806 1375 qui
2860 1314 3177 1377 susceperat
3225 1308 3520 1378 repromis-

1930 1411 1949 1444 ε
1992 1392 2201 1460 siones;
2228 1394 2296 1448 ad
2324 1408 2485 1464 quem
2511 1393 2711 1449 dictum
2734 1402 2818 1449 est
2840 1413 2853 1449 :
2882 1394 3018 1464 Quia
3044 1397 3099 1451 in
3123 1395 3276 1452 lsaac
3297 1395 3519 1453 vocabi-

1929 1501 1949 1534 ι
1994 1493 2084 1537 tur
2112 1484 2210 1539 tibi
2240 1499 2425 1539 semen
2456 1503 2469 1539 :
2500 1486 2776 1541 arbitrans
2801 1486 2929 1546 auia
2956 1494 3010 1543 et
3038 1503 3070 1542 a
3091 1488 3322 1545 mortuis
3345 1487 3518 1544 susci-

1930 1592 1950 1626 ‹
1992 1583 2108 1629 tare
2156 1583 2349 1645 potens
2374 1582 2458 1631 est
2500 1576 2677 1631 Deus:
2718 1577 2861 1633 unde
2900 1592 3025 1633 eum
3073 1586 3129 1634 et
3167 1579 3221 1633 in
3261 1577 3517 1650 parabola
3612 1642 3616 1646 Α

1929 1685 1950 1719 ι
1996 1668 2225 1737 accepit.
2263 1687 2282 1718 ι
2318 1665 2526 1738 (Ιοαη.)
2555 1667 2695 1723 Vere
2721 1683 2915 1738 magna
2947 1677 3068 1725 erat
3098 1668 3232 1725 fides
3260 1668 3514 1725 Abrahae.

1920 1758 2198 1830 Praecepta
2225 1758 2320 1813 Dei
2349 1774 2473 1814 cum
2498 1758 2781 1830 praeceptis
2801 1759 2895 1815 Dei
2922 1759 3139 1832 litigare
3168 1759 3516 1827 videbantur,

229 1852 968 1909 tamenexcedithocnomen
987 1852 1306 1923 dignitatem
1325 1860 1588 1916 nostram,
1615 1861 1820 1922 quanto
1847 1836 1895 1901 Β
1921 1858 1978 1906 et
2018 1850 2153 1906 ﬁdes
2204 1849 2332 1906 ﬁdei
2388 1851 2741 1922 repugnabat,
2786 1857 2842 1906 et
2896 1853 3214 1908 mandatum
3256 1850 3350 1907 Dei
3400 1861 3521 1907 erat

226 1944 409 2018 magis
429 1944 475 2001 si
498 1945 660 2000 unius
680 1951 904 2001 vocatur
916 1943 1095 1998 Deus?
1111 1942 1352 2014 lntellige
1373 1952 1576 2012 quanta
1590 1952 1671 1999 est
1701 1956 1819 1996 ma-

227 2035 474 2108 gnitudo,
492 2035 581 2105 qui
598 2033 743 2107 [cum
757 2032 873 2107 qui]
893 2033 1077 2088 mundi
1089 2041 1317 2089 vocatur
1329 2032 1490 2097 Deus,
1508 2046 1614 2087 non
1628 2031 1822 2086 erube-

226 2125 333 2182 scit
359 2125 524 2181 trium
544 2125 723 2181 vocari
750 2123 912 2180 Deus.
938 2122 1044 2179 Sed
1064 2131 1203 2190 esto,
1235 2123 1326 2178 isti
1348 2122 1578 2178 fortasse
1604 2127 1822 2193 propter

225 2216 722 2290 peregrinationem
769 2216 1022 2272 dicebant
1068 2216 1275 2287 seipsos
1315 2215 1649 2288 peregrinos.
1681 2213 1822 2282 Quid

226 2317 411 2366 autem
459 2307 665 2364 David?
706 2323 887 2364 nonne
932 2321 1027 2363 rex
1081 2305 1237 2362 erat?
1290 2320 1473 2361 nonne
1522 2303 1821 2376 propheta?

226 2417 410 2460 nonne
425 2401 480 2457 in
501 2417 599 2457 sua
620 2402 795 2472 patria
815 2400 1277 2473 degebat?Quare
1296 2414 1427 2471 ergo
1448 2398 1611 2453 dixit:
1634 2396 1822 2453 «Pere-

226 2494 421 2566 grinus
441 2501 496 2549 et
514 2494 711 2564 hospes
731 2493 886 2549 sum?
904 2493 1019 2559 Dic,
1044 2501 1233 2548 sancte
1256 2490 1444 2557 David,
1469 2491 1739 2561 quomodo
1758 2503 1818 2549 es

224 2586 582 2658 peregrinus?
628 2604 648 2637 ι
692 2584 845 2641 Sicut
892 2597 1097 2657 patres,
1134 2585 1326 2656 inquit,
1374 2584 1503 2652 mei,
1544 2604 1564 2638 ι
1599 2584 1723 2654 quia
1764 2588 1821 2639 et

223 2677 304 2734 illi
332 2676 608 2748 peregrini
654 2684 831 2732 erant.
878 2675 1149 2733 Habemus
1182 2676 1437 2747 patriam,
1486 2674 1682 2745 inquit,
1734 2688 1821 2729 re-

225 2783 359 2826 vera
386 2767 641 2842 patriam.
670 2768 949 2836 Quomodo
989 2783 1119 2841 ergo
1156 2775 1217 2822 tu
1259 2767 1581 2839 peregrinus
1623 2766 1719 2821 es?
1758 2766 1817 2821 In

223 2868 399 2927 terra,
426 2859 619 2931 inquit.
646 2858 880 2914 Proinde
922 2858 1090 2915 etiam
1134 2858 1208 2913 illi
1241 2859 1296 2913 in
1335 2867 1500 2914 terra.
1533 2856 1690 2912 Sicut
1717 2855 1815 2922 illi,

224 2951 425 3023 inquit,
456 2950 536 3007 sic
562 2951 727 3006 etiam
757 2965 877 3023 ego.
910 2950 1065 3006 Sicut
1093 2950 1195 3006 iste
1224 2965 1376 3021 ergo,
1407 2949 1488 3006 sic
1523 2949 1687 3005 etiam
1717 2947 1815 3002 illi.

224 3040 540 3100 Eﬂiciamur
565 3026 749 3115 itaque
773 3044 936 3100 etiam
967 3058 1068 3098 nos
1090 3042 1385 3114 peregrini,
1422 3057 1493 3098 ne
1522 3040 1821 3098 confunda-

223 3144 317 3193 tur
349 3137 495 3194 Deus
540 3136 725 3193 vocari
774 3137 917 3193 Deus
957 3145 1162 3192 noster.
1199 3135 1459 3192 Confusio
1496 3136 1694 3206 quippe
1739 3131 1816 3188 illi

1924 1941 2337 2013 repromissioni
2361 1943 2719 2008 contrarium,
2741 1957 2864 1999 cum
2888 1944 3150 2015 scriptum
3177 1942 3248 1999 sit
3276 1960 3290 1996 :
3320 1960 3340 1994 ι
3374 1941 3521 1998 Dixit

1922 2032 2111 2090 Deus:
2143 2035 2242 2090 Exi
2289 2035 2355 2092 de
2399 2042 2547 2091 terra
2593 2042 2684 2091 tua
2730 2042 2786 2091 et
2829 2032 2897 2091 de
2942 2036 3267 2107 cognatione
3309 2042 3431 2101 tua,
3462 2042 3518 2090 et
3584 2042 3599 2053 ‘

1923 2126 2060 2182 dabo
2088 2126 2183 2182 tibi
2209 2134 2412 2182 terram
2443 2127 2617 2194 hanc;
2649 2147 2669 2181 ι
2711 2134 2769 2185 et
2806 2143 2915 2183 non
2956 2128 3007 2183 ei
3040 2128 3190 2184 dedit
3227 2128 3375 2183 illam
3406 2138 3516 2184 ter-

1923 2233 2041 2272 ram
2074 2218 2468 2285 haereditatem,
2500 2233 2600 2275 nec
2625 2235 2869 2292 gressum
2914 2220 3088 2291 pedis.
3121 2219 3351 2277 intueris
3374 2235 3514 2291 qua-

1921 2309 2049 2367 liter
2099 2326 2220 2383 quae
2244 2312 2701 2384 praecipiebantur
2740 2314 3255 2384 repromissionibus
3292 2315 3517 2370 videan-

1921 2409 2012 2456 tur
2039 2417 2158 2458 esse
2189 2403 2500 2458 contraria?
2526 2403 2725 2459 lterum
2748 2405 2904 2473 dixit,
2938 2424 2957 2457 ι
2986 2405 3255 2474 Quoniam
3289 2408 3341 2462 in
3364 2406 3518 2463 Isaac

1920 2493 2205 2548 vocabitur
2234 2492 2331 2549 tibi
2358 2509 2564 2560 semen,
2596 2514 2616 2548 ι
2653 2503 2708 2551 et
2738 2495 3006 2552 credidit:
3042 2506 3098 2552 et
3125 2497 3321 2553 iterum
3353 2497 3509 2565 dicit,

1926 2601 1947 2634 ι
1978 2580 2236 2639 Sacriﬁca
2279 2585 2412 2641 mihi
2449 2585 2619 2652 illum,
2655 2605 2674 2639 ›
2704 2601 2773 2641 ex
2801 2586 2957 2656 cujus
3009 2588 3221 2645 semine
3273 2589 3510 2646 mundus

1922 2682 2066 2731 totus
2087 2688 2207 2732 erat
2241 2678 2549 2749 replendus.
2583 2679 2977 2751 Contemplaris
3014 2680 3167 2738 litem
3208 2692 3513 2754 prmcepto-

1919 2786 2040 2827 rum
2064 2779 2120 2826 et
2148 2772 2661 2843 repromissionum?
2679 2772 2966 2830 Contraria
2989 2775 3190 2847 quippe
3220 2775 3515 2847 repromis-

1920 2862 2161 2918 sionibus
2200 2863 2536 2934 imperabat;
2577 2876 2633 2918 et
2678 2880 2854 2935 neque
2887 2865 2967 2920 sic
3011 2865 3291 2936 obstupuit
3326 2860 3509 2935 justus

1920 2955 2029 3024 ille,
2062 2966 2117 3013 et
2144 2973 2318 3028 neque
2347 2973 2405 3013 se
2435 2957 2716 3028 deceptum
2743 2957 2976 3013 dicebat.
3010 2956 3297 3013 Contraria
3325 2973 3511 3028 repro-

1918 3048 2239 3104 missionum
2268 3047 2520 3103 audiebat
2549 3048 2618 3103 ab
2660 3049 2849 3104 eodem
2889 3049 3006 3119 ipso
3037 3048 3129 3119 qui
3176 3046 3266 3102 illa
3306 3047 3509 3119 promi-

1918 3153 2064 3199 serat
2111 3150 2167 3197 et
2215 3158 2323 3197 non
2355 3140 2697 3209 turbabatur,
2731 3143 2824 3198 sed
2852 3141 3018 3198 veluti
3046 3140 3389 3197 concinentia
3428 3155 3514 3212 ge-

223 3238 329 3297 εει,
354 3229 573 3301 quando
602 3228 960 3301 malignorum
1002 3229 1288 3285 hominum
1325 3234 1571 3294 vocatur.
1608 3233 1664 3282 ει
1688 3239 1817 3282 0οη-
1843 3214 1889 3279 C
1920 3233 2111 3290 rebat:
2140 3241 2195 3288 et
2222 3246 2411 3288 revera
2448 3230 2790 3287 concinentia
2836 3239 3031 3298 erant;
3068 3230 3341 3286 contraria
3386 3229 3512 3301 qui-

224 3318 407 3377 fundit
430 3318 551 3376 illos
570 3320 733 3376 etiam
768 3320 883 3391 ipse
907 3337 920 3373 :
947 3320 1088 3375 sicut
1117 3327 1174 3375 et
1210 3317 1564 3389 glorificatur,
1601 3317 1817 3388 quando

227 3414 586 3485 benignorum
611 3422 667 3469 et
689 3412 1018 3484 optimorum
1058 3410 1337 3467 hominum
1368 3416 1596 3465 vocatur
1630 3415 1688 3463 et
1725 3421 1818 3463 co-

225 3506 458 3562 lentium
488 3504 768 3561 virtutem.
800 3503 860 3560 Si
899 3504 1043 3559 enim
1074 3517 1174 3559 nos
1209 3501 1477 3558 evitamus
1505 3498 1691 3556 vocari
1721 3499 1818 3556 do-

227 3597 364 3655 mini
394 3596 665 3653 malorum
702 3610 1004 3663 servorum,
1031 3603 1086 3651 et
1118 3594 1479 3665 relinquimus
1508 3607 1632 3659 eos;
1679 3599 1734 3647 et
1769 3593 1817 3648 si

227 3704 330 3746 nos
380 3687 655 3760 appellans
696 3685 892 3757 aliquis
939 3686 1102 3753 dicat,
1145 3685 1272 3757 quia
1324 3682 1414 3740 ille
1460 3682 1628 3739 multa
1673 3681 1817 3737 mala

226 3774 510 3853 operatur,
559 3795 689 3835 num
730 3786 858 3835 tuus
904 3793 1091 3835 servus
1131 3776 1261 3832 est?
1289 3776 1483 3832 ‘nonne
1526 3772 1815 3830 confestim

228 3870 465 3928 dicimus
490 3871 616 3943 quia
651 3882 1015 3940 nequaquam,
1057 3866 1381 3939 repellentes
1418 3862 1819 3937 opprobrium?

230 3963 496 4020 habitudo
537 3962 681 4018 enim
727 3970 810 4018 est
845 3960 1090 4031 quaedam
1140 3974 1300 4016 servo
1344 3959 1411 4014 ad
1433 3956 1736 4023 dominum,
1763 3960 1821 4012 et

231 4054 430 4112 transit
457 4053 835 4123 ignominiaab
856 4052 948 4108 illo
968 4052 1036 4108 ad
1066 4049 1309 4106 illum....
1335 4048 1444 4105 Sed
1461 4047 1537 4104 illi
1561 4048 1635 4102 ita
1661 4052 1820 4103 erant

231 4144 389 4210 clari,
414 4144 493 4200 ita
514 4142 840 4199 confidentia
862 4142 1028 4213 pleni,
1043 4149 1104 4196 ut
1126 4155 1233 4196 non
1265 4139 1435 4195 solum
1457 4153 1565 4194 non
1584 4137 1816 4193 confun-

231 4235 475 4301 deretur,
503 4250 627 4291 cum
655 4234 722 4289 ab
747 4234 854 4290 illis
879 4233 1174 4291 vocabatur
1199 4232 1365 4298 Deus,
1395 4232 1492 4287 sed
1519 4230 1684 4287 etiam
1704 4230 1819 4301 ipse

231 4328 299 4384 ad
346 4326 495 4398 ipsos
531 4325 783 4383 dicebat:
809 4344 829 4379 ι
855 4324 966 4398 Ego
1017 4340 1136 4382 sum
1196 4320 1342 4380 Deus
1371 4322 1673 4389 Abraham,
1709 4320 1842 4377 etc.‘

232 4419 469 4493 (Moyses
510 4419 565 4474 in
593 4406 813 4492 Count.)
861 4418 916 4473 ln
949 4417 1241 4488 Evangelio
1267 4432 1483 4488 quoque
1508 4416 1817 4474 evidentius

230 4510 496 4569 Dominus
516 4512 583 4568 ad
609 4512 933 4568 Sadducaeos
967 4528 979 4565 :
1005 4531 1023 4562 ι
1052 4509 1170 4567 Non
1198 4510 1427 4582 legistis,
1456 4510 1651 4580 inquit,
1674 4509 1819 4582 quod

233 4606 439 4663 dictum
468 4613 554 4662 est
573 4604 950 4661 aDeodicente
974 4604 1159 4661 vobis:
1190 4604 1300 4674 Ego
1325 4619 1444 4659 sum
1474 4603 1615 4660 Deus
1637 4604 1815 4660 Abra-

232 4698 387 4763 ham,
402 4705 457 4753 et
469 4695 612 4753 Deus
633 4694 801 4763 Isaac,
817 4694 1224 4761 etDensJacob,
1251 4710 1359 4752 non
1385 4703 1470 4751 est
1495 4695 1639 4752 Deus
1670 4711 1817 4752 mor-

234 4791 589 4857 tuorum,sed
608 4791 904 4847 viventium
921 4788 1174 4862 ?(Hatth.
1190 4789 1354 4861 xxn.)
1393 4809 1411 4843 ι
1444 4789 1647 4846 Omnes
1670 4789 1819 4846 enim

232 4884 313 4942 illi
361 4885 569 4952 vivunt,
598 4880 665 4940 de
689 4884 886 4954 quibus
909 4890 964 4938 et
988 4881 1295 4953 Apostolus,
1333 4899 1352 4935 ι
1389 4889 1611 4952 propter
1651 4883 1816 4953 quod,

234 4978 435 5050 inquit,
460 4994 567 5035 non
592 4976 953 5034 confundetur
973 4978 1113 5033 Deus
1133 4976 1319 5032 vocari
1336 4976 1479 5031 Deus
1494 4992 1704 5041 eorum,
1722 4992 1821 5048 pa-

233 5070 384 5129 ravit
411 5070 557 5127 enim
587 5068 695 5126 illis
721 5069 1013 5126 civitatem.
1038 5089 1057 5122 ι
1078 5066 1211 5123 Nam
1240 5069 1365 5139 quia
1392 5083 1495 5124 nec
1518 5067 1678 5123 otiosi
1707 5068 1817 5123 sint

234 5169 366 5236 post
401 5160 797 5231 separationem
823 5159 984 5230 hujus
1008 5159 1273 5230 corporis,
1314 5175 1490 5230 neque
1535 5158 1668 5215 nihil
1694 5173 1819 5214 sen-

237 5256 404 5315 tiant.
424 5253 592 5309 etiam
604 5250 876 5324 Evangelii
897 5251 1154 5321 parabola
1172 5249 1325 5323 (Luc.
1345 5251 1480 5323 xvi),
1498 5266 1617 5322 quae
1636 5252 1705 5306 de
1725 5250 1818 5306 illo

236 5360 481 5419 paupere
507 5344 712 5400 Lazaro
737 5352 791 5399 et
827 5344 991 5399 divite
1029 5351 1326 5414 purpurato
1353 5341 1627 5413 profertur
1646 5348 1839 5397 osten-'

238 5438 354 5505 dit,
387 5450 618 5507 quorum
647 5450 787 5490 unus
812 5435 1183 5490 beatissimam
1228 5435 1434 5516 sedem,
1463 5433 1515 5489 id
1555 5441 1640 5489 est
1671 5433 1821 5491 sinus

235 5529 479 5586 Abrahae
504 5526 743 5598 requiem
760 5536 1121 5597 promeretur,
1138 5524 1610 5581 aliusintolerabili
1627 5525 1825 5582 ardore
1876 5526 1883 5531 ’

238 5619 437 5679 aeterni
467 5618 607 5690 ignis
635 5618 898 5673 exuritur.
932 5617 990 5673 Si
1017 5626 1196 5674 autem
1222 5624 1276 5675 et
1297 5617 1443 5680 illud,
1469 5618 1612 5688 quod
1628 5619 1825 5675 dicitur

239 5715 314 5772 ad
336 5713 626 5777 latronem,
667 5728 686 5761 ι
714 5710 882 5767 Hodie
908 5725 1116 5765 mecum
1146 5711 1255 5766 eris
1285 5710 1337 5765 in
1367 5709 1642 5780 paradiso,
1676 5732 1694 5765 ι
1728 5727 1824 5768 vo-

240 5806 511 5869 luerimus
537 5804 850 5875 intendere,
876 5804 1004 5879 quid
1028 5802 1175 5861 aliud
1201 5801 1487 5861 manifesto
1532 5803 1822 5876 significat,

1919 3325 2045 3381 dem
2089 3323 2341 3379 humanis
2393 3322 2899 3379 ratiocinationibus
2936 3323 3281 3389 videbantur,
3328 3320 3512 3378 conci-

1916 3414 2103 3472 nentia
2123 3430 2253 3471 vero
2281 3422 2439 3471 erant
2465 3414 2607 3470 fidei.
2634 3412 2770 3470 Cum
2799 3414 2947 3470 enim
2970 3413 3205 3483 dixisset
3222 3411 3513 3484 Apostolus

1921 3506 2292 3581 cExistimans
2314 3505 2457 3578 quod
2483 3514 2540 3563 et
2563 3522 2594 3561 a
2615 3507 2847 3563 mortuis
2869 3495 3196 3562 resuscitare
3219 3514 3411 3578 potens
3430 3508 3516 3560 est

1916 3597 2080 3665 Deus,
2109 3617 2128 3651 ι
2151 3607 2211 3653 ιιι
2230 3597 2543 3654 ostenderet
2567 3613 2634 3653 ex
2656 3599 2844 3655 eadem
2874 3597 3141 3671 ipsaltlde,
3171 3614 3239 3654 ex
3262 3612 3368 3669 qua
3390 3613 3512 3654 cre-

1917 3692 2130 3749 diderat
2158 3694 2417 3765 quoniam
2463 3709 2572 3749 non
2602 3702 2909 3750 exstantem
2935 3694 2986 3750 ei
3024 3695 3271 3761 donaret,
3296 3708 3361 3750 ex
3407 3695 3512 3752 hac

1917 3785 2083 3842 etiam
2133 3787 2358 3842 credere
2400 3787 2545 3858 quod
2584 3795 2640 3844 et
2691 3794 2966 3843 mortuum
2995 3796 3182 3861 posset
3221 3786 3510 3857 suscitare,

1918 3876 2139 3946 adjecit,
2163 3876 2303 3945 Quia
2335 3880 2525 3934 eadem
2554 3879 2673 3949 ipsa
2714 3878 2821 3934 fide
2859 3878 3023 3934 etiam
3054 3878 3295 3935 occisum
3336 3892 3513 3935 resus.

1918 3968 2077 4024 citari
2104 3969 2353 4025 credidit.
2387 3968 2653 4026 Similiter
2675 3970 2873 4042 quippe
2891 3969 3110 4026 dubium
3131 3976 3250 4025 erat
3264 3970 3513 4027 humanas

1917 4056 2343 4127 ratiocinationi,
2374 4068 2436 4115 ut
2462 4074 2529 4115 ex
2553 4058 2712 4116 vulva
2736 4068 2947 4115 mortua
2979 4064 3035 4115 et
3053 4059 3211 4116 senili
3250 4068 3305 4116 et
3326 4060 3510 4131 inepta

1913 4149 2029 4222 jam
2058 4149 2200 4207 facta
2231 4149 2298 4206 ad
2325 4149 2689 4222 generandum
2715 4149 2941 4207 donaret
2969 4147 3162 4216 filium,
3188 4158 3245 4205 et
3265 4149 3515 4206 intercin-

1916 4248 2070 4316 ptum
2109 4242 2303 4300 iterum
2333 4243 2643 4300 suscitaret.
2672 4241 2779 4299 Sed
2808 4240 2916 4301 dux
2946 4252 3002 4300 et
3020 4243 3217 4300 viatrix
3239 4250 3322 4301 est
3355 4242 3509 4311 fides,

1917 4335 2231 4410 praecedens
2257 4337 2325 4392 ad
2368 4335 2570 4391 futura.
2610 4354 2629 4388 ι
2659 4335 2825 4402 Fide,
2860 4334 3070 4406 inquit,
3110 4334 3306 4391 obtulit
3338 4332 3508 4402 Isaac,

1919 4443 2041 4483 cum
2088 4434 2411 4484 tentaretur.
2450 4446 2469 4478 ι
2520 4424 2679 4482 Nulla
2726 4426 2924 4499 quippe
2978 4425 3149 4481 altera
3199 4439 3362 4481 causa
3413 4423 3514 4478 fuit

1882 4572 1891 4590 ι
1920 4522 2206 4581 oblatirmis
2228 4521 2392 4589 illius,
2422 4521 2526 4577 nisi
2552 4522 2684 4578 haec.
2711 4506 2915 4576 Deinde
2942 4519 3259 4590 exsequitur
3291 4531 3510 4575 omnem

1925 4630 2164 4671 sensum.
2222 4613 2300 4670 Ne
2357 4615 2503 4669 enim
2550 4621 2734 4687 posset
2797 4612 3085 4683 quisquam
3132 4611 3315 4667 dicere
3382 4609 3510 4682 quia

1924 4705 2115 4763 habuit
2156 4706 2320 4761 alium
2350 4704 2541 4772 tilium,
2578 4712 2634 4760 et
2670 4720 2738 4762 ex
2769 4704 2859 4760 illo
2897 4700 3151 4774 sperabat
3190 4703 3509 4773 promissio-

1924 4812 2049 4854 nem
2086 4796 2316 4867 impleri,
2350 4804 2405 4852 et
2447 4803 2732 4868 propterea
2758 4790 3037 4851 conlidens
3085 4790 3247 4850 istum
3276 4792 3506 4850 obtulit:
3562 4817 3571 4824 -

1931 4906 1952 4943 ε
1970 4886 2148 4945 Etiam
2177 4888 2533 4960 unigenitum,
2563 4885 2756 4957 inquit,
2784 4870 3067 4951 offerebat,
3098 4883 3191 4956 qui
3215 4884 3508 4955 repromis-

1925 4974 2106 5039 siones
2119 4987 2418 5051 acceperat.
2433 4999 2450 5032 ι
2471 4977 2609 5046 Quid
2625 4976 2759 5034 dicis
2773 4977 3137 5050 unigenitum?
3149 4976 3510 5050 quidllsmael

1920 5089 1988 5131 ex
2002 5088 2109 5145 quo
2121 5072 2272 5128 erat?
2286 5070 2654 5142 Unigenitum,
2671 5069 2863 5141 inquit,
2881 5070 3020 5139 dico,
3037 5076 3295 5142 quantum
3313 5070 3509 5125 attinet

1923 5165 1989 5220 ad
2020 5165 2285 5219 rationem
2314 5161 2771 5234 repromissionis.
2796 5158 3093 5232 Propterea
3128 5174 3251 5218 cum
3283 5160 3509 5217 dixisset

1929 5275 1950 5309 ι
1973 5256 2325 5327 unigenitum,
2346 5252 2569 5322 addidit,
2595 5273 2614 5306 ι
2632 5254 2803 5323 Isaac,
2824 5273 2842 5307 ι
2868 5255 3056 5311 volens
3081 5238 3366 5310 ostendere
3386 5266 3509 5324 pro-

1922 5354 2110 5419 pterea
2130 5346 2463 5418 unigenitum
2483 5359 2625 5412 esse,
2659 5362 2680 5397 ι
2708 5345 2775 5400 ad
2794 5360 2957 5416 quem
2986 5342 3188 5401 dictum
3218 5336 3354 5409 est)
3382 5342 3505 5413 quia

1929 5442 1984 5497 in
2006 5441 2155 5497 lsaac
2193 5441 2474 5496 vocabitur
2518 5439 2621 5496 tibi
2657 5454 2864 5496 semen.
2910 5459 2930 5493 ι
2977 5434 3209 5495 intueris
3238 5434 3509 5508 quomodo

1930 5535 2159 5591 miratur
2202 5533 2332 5589 illud
2381 5533 2524 5603 quod
2568 5548 2599 5589 a
2636 5533 2947 5605 patriarcha
2988 5530 3191 5587 factum
3239 5527 3356 5584 est?
3395 5544 3414 5579 ι
3448 5524 3509 5581 in

1928 5627 2097 5688 Isaac,
2134 5625 2327 5696 inquit,
2365 5624 2646 5679 vocabitur
2670 5624 2767 5679 tibi
2789 5638 2997 5690 semen,
3029 5641 3049 5676 ι
3080 5629 3136 5677 et
3152 5617 3413 5675 offerebat
3438 5616 3507 5672 ad

1929 5717 2280 5777 occidendum
2308 5714 2496 5771 lilium.
2531 5714 2732 5772 Deinde
2765 5731 2834 5770 ne
2862 5715 2983 5786 quis
3008 5720 3225 5785 putaret
3254 5710 3510 5782 quoniam

1931 5813 2224 5885 desperans
2258 5808 2363 5868 hoc
2413 5808 2560 5879 fecit,
2598 5814 2656 5868 et
2694 5822 2795 5883 per
2819 5808 2925 5865 hoc
2972 5810 3303 5882 praeceptum
3346 5800 3511 5864 ﬁdem
3532 5800 3547 5831 ⁵
