3972 6336
526 310 631 370 799

1165 310 1226 367 Β.
1266 308 1523 366 MBAN!
1563 306 1782 364 MAURI
1818 303 2138 361 ARCHIEP.
2182 299 2493 359 MOGUN'I‘.
2535 297 2826 355 OPERUM
2861 296 3041 352 PARS
3081 295 3168 352 Ill.
3625 307 3701 362 δοῦ

522 425 668 482 illius
712 423 1150 495 repromissionis
1199 425 1464 489 amiserit,
1516 427 1810 494 cognoscat
1861 418 2115 490 quoniam
2143 423 2191 481 Α
2220 413 2594 470 adorationem
2625 411 2963 483 signiﬁcans,
2995 426 3114 482 quae
3136 410 3212 465 illi
3235 421 3345 468 erat
3369 413 3537 471 futura.
3559 418 3704 494 Ethoc

523 532 712 575 revera
741 525 797 573 et
823 516 949 582 hoc,
980 517 1175 587 inquit,
1199 515 1324 570 ﬁdei
1357 516 1495 582 fuit;
1531 516 1623 571 sed
1651 513 1816 568 etiam
1844 511 1990 566 illam
2013 511 2112 564 ha-
2205 505 2319 574 jam
2349 503 2582 574 sumpsit
2613 502 2890 568 effectum,
2921 502 3137 573 quando
3159 504 3705 571 eum’adoraveruntlra-

523 610 639 666 buit
664 607 846 674 ﬁdem,
889 606 1018 662 licet
1047 607 1324 662 videretur
1360 607 1489 660 huic
1517 618 1852 676 repugnare;
1883 601 1979 657 sed
2009 615 2115 655 non

523 700 877 772 repugnabat.
933 699 1052 755 Non
1116 699 1263 754 enim
1309 699 1562 754 humanis
1615 693 2118 753 ratiocinationibus

524 793 782 848 virtutem
836 792 933 848 Dei
979 793 1262 862 pensabat,
1316 792 1411 846 sed
1461 790 1568 845 ﬁde
1619 798 1814 846 cuncta
1873 789 2113 858 gerebat.

524 886 821 956 Propterea
841 900 950 942 non
972 895 1194 941 veretur
1213 885 1411 946 dicere,
1425 883 1580 953 «quia
1600 890 1654 937 et
1673 898 1740 937 ex
1769 880 1996 936 mortuis
2022 894 2119 949 po-

527 987 649 1034 tens
693 988 778 1032 est
823 976 1092 1032 suscitare
1123 977 1316 1031 Deus.»
1361 975 1511 1032 Unde
1535 988 1658 1029 eum
1685 982 1740 1029 et
1764 973 1816 1028 in
1846 971 2120 1042 parabolis

527 1070 750 1140 recepit,
788 1070 890 1124 hoc
918 1077 1023 1134 est,
1061 1069 1114 1123 in
1155 1064 1643 1139 exemplo.Aricte
1675 1066 1874 1137 quippe
1912 1064 2115 1126 occiso,

528 1163 629 1219 iste
653 1163 894 1217 salvatus
922 1171 1026 1218 est.
1060 1162 1288 1218 Proinde
1340 1178 1437 1232 per
1469 1162 1691 1216 arietem
1735 1176 1859 1216 eum
1889 1159 2119 1229 accepit,

528 1251 677 1307 illum
704 1267 805 1322 pro
832 1251 936 1306 isto
963 1252 1240 1306 occidens.
1275 1251 1401 1306 Haec
1428 1260 1613 1305 autem
1653 1250 1842 1305 forma:
1874 1251 2142 1328 quaedam

526 1354 684 1400 erant
709 1361 723 1398 :
752 1344 840 1400 hic
859 1343 1002 1399 enim
1039 1342 1209 1397 Filius
1237 1343 1329 1398 Dei
1353 1351 1436 1398 est
1459 1343 1550 1412 qui
1575 1341 1860 1396 occiditur.
1888 1340 1956 1393 Et
1993 1354 2122 1394 con-

529 1435 792 1508 templare
830 1435 1175 1492 clementiam
1202 1436 1294 1490 Dei
1319 1444 1520 1504 quanta
1551 1446 1653 1488 est.
1687 1433 1952 1500 Quoniam
1976 1432 2122 1486 enim

529 1543 725 1600 magna
751 1528 997 1598 quaedam
1015 1527 1191 1583 danda
1219 1536 1338 1582 erat
1358 1527 1669 1582 hominibus
1698 1526 1903 1597 gratia:
1933 1525 2121 1580 volens

527 1617 630 1674 hoc
663 1634 770 1673 non
801 1617 990 1690 gratia:
1032 1618 1293 1680 tribuere,
1324 1615 1417 1671 sed
1445 1616 1610 1672 veluti
1638 1616 1877 1671 debitum
1922 1614 2120 1679 facere,

529 1709 802 1780 persuasit
839 1710 1013 1778 primo
1037 1709 1262 1773 homini,
1293 1717 1351 1762 ut
1381 1708 1549 1763 ﬁlium
1582 1725 1738 1765 suum
1772 1709 2123 1777 traderetpro

533 1811 807 1871 praecepto
837 1800 954 1866 Dei,
983 1808 1044 1855 ut
1071 1800 1205 1856 nihil
1232 1799 1478 1856 videatur
1507 1817 1761 1872 magnum
1791 1802 1906 1870 ipse
1941 1799 2124 1855 facere

529 1889 721 1947 Filium
769 1907 928 1946 suum
971 1892 1255 1957 tradendo,
1305 1891 1573 1961 siquidem
1621 1907 1742 1948 cum
1790 1893 1954 1947 homo
1995 1900 2123 1947 ante

528 1982 703 2052 ipsum
731 1982 834 2037 hoc
853 1980 1070 2038 fecerit:
1098 1992 1157 2036 ut
1177 1983 1278 2038 hoc
1301 1999 1406 2038 non
1437 1984 1614 2054 gratia
1645 1982 1871 2048 faceret,
1899 1983 1993 2040 sed
2025 1984 2124 2039 de-

530 2072 644 2128 bito
671 2083 996 2129 mutaretur.
1028 2093 1046 2126 ί
1077 2072 1227 2130 Unde
1263 2090 1388 2130 eum
1415 2075 1470 2130 in
1511 2075 1790 2146 parabola,
1820 2077 2014 2145 inquit,
2048 2092 2127 2132 re-

527 2165 690 2235 cepit,
727 2184 747 2219 ι
781 2165 885 2220 hoc
913 2175 1018 2232 est,
1049 2166 1194 2222 velut
1233 2167 1285 2221 in
1310 2162 1683 2224 similitudine.
1715 2167 1877 2223 Velut
1900 2169 2044 2223 enim
2071 2169 2124 2222 in

526 2257 787 2326 parabola
825 2265 944 2313 erat
991 2257 1137 2314 aries
1166 2258 1317 2314 Isaac
1343 2268 1402 2313 et
1435 2268 1611 2330 typus.
1645 2258 1782 2326 Quia
1823 2260 2124 2329 perfectum

529 2356 614 2404 est
662 2351 1012 2416 sacriﬁcium,
1061 2361 1117 2407 et
1160 2353 1374 2408 occisus
1411 2362 1495 2406 est
1532 2353 1706 2416 Isaac,
1753 2363 2018 2423 quantum
2058 2352 2128 2407 ad

527 2438 861 2494 voluntatem
892 2439 1036 2495 illius
1063 2442 1280 2507 attinet,
1313 2453 1600 2512 propterea
1641 2443 1796 2498 illum
1828 2445 2116 2499 redonavit

493 2529 877 2600 'patriarchze.
941 2548 959 2580 ι
991 2529 1124 2586 Fide
1165 2540 1220 2586 et
1267 2532 1332 2586 de
1364 2531 1564 2588 futuris
1617 2533 1896 2588 benedixit
1953 2533 2124 2601 Isaac,

530 2618 699 2676 Jacob
749 2631 804 2676 et
847 2621 1012 2677 Esau.
1050 2641 1069 2675 ι
1107 2641 1126 2673 ι
1162 2621 1335 2689 Multi,
1365 2622 1561 2693 inquit,
1602 2625 1880 2695 propheta:
1908 2635 1965 2680 et
1997 2625 2127 2694 justi

531 2713 979 2770 desideraverunt
1024 2715 1207 2771 videre
1253 2732 1374 2786 qua:
1412 2717 1640 2782 videtis,
1667 2726 1850 2773 etnon
1873 2717 2130 2774 viderunt

533 2801 686 2872 (Luc.
719 2804 798 2876 x.)
832 2825 850 2857 ι
877 2804 1133 2876 Nunquid
1159 2807 1339 2862 omnia
1387 2806 1568 2862 futura
1595 2809 1842 2864 sciebant
1864 2810 2043 2880 justi?
2069 2810 2129 2866 Si

531 2899 674 2955 enim
718 2911 1007 2972 propterea
1035 2917 1143 2956 non
1191 2901 1535 2958 revelabatur
1564 2902 1738 2959 Filius
1772 2904 2126 2973 quibusdam,

531 3001 756 3062 propter
779 2993 1154 3050 inﬁrmitatem
1192 3010 1399 3060 eorum,
1439 2997 1566 3064 quia
1605 3011 1730 3052 eum
1769 3013 1876 3052 non
1910 3006 2133 3068 possent

531 3086 814 3154 excipere;
846 3086 944 3141 sed
995 3086 1123 3153 illis,
1157 3087 1249 3157 qui
1290 3087 1509 3142 virtutis
1550 3087 1804 3144 claritate
1855 3086 2133 3158 fulgebant

531 3177 727 3233 merito
759 3179 1121 3235 revelabatur.
1164 3181 1230 3235 Et
1257 3181 1361 3236 hoc
1389 3181 1554 3236 etiam
1593 3179 1796 3236 Paulus
1821 3182 1977 3247 dicit,
2003 3182 2131 3252 quia

532 3267 714 3323 futura
764 3271 1030 3337 sciebant,
1081 3272 1183 3327 hoc
1233 3281 1356 3339 est,
1409 3272 1866 3327 resurrectionem
1904 3271 2128 3328 Christi.

536 3361 643 3416 Sed
669 3361 776 3431 ﬁde
802 3362 870 3418 de
916 3357 1116 3419 futuris
1142 3362 1295 3430 dicit,
1331 3380 1439 3420 non
1475 3363 1721 3420 futurum
1769 3365 2029 3422 saeculum
2058 3366 2133 3422 si-

535 3452 820 3524 gniﬁcans,
847 3454 941 3509 sed
971 3453 1152 3509 futura
1177 3455 1338 3526 hujus
1361 3455 1566 3511 sarculi.
1607 3455 1840 3512 Intueris
1872 3457 2131 3527 quoniam

533 3545 679 3616 quod
718 3544 856 3600 dixit
899 3546 966 3601 de
1010 3546 1318 3612 Abraham,
1363 3555 1419 3603 et
1461 3547 1528 3602 de
1565 3546 1735 3602 Jacob
1774 3547 1880 3602 dici
1915 3547 2134 3617 potest?

535 3638 794 3708 quoniam
821 3654 930 3695 non
968 3649 1295 3710 receperunt
1338 3640 1746 3700 benedictiones
1786 3657 1799 3692 :
1843 3640 1937 3694 sed
1968 3655 2135 3710 nepo-

533 3729 678 3786 tibus
712 3745 900 3786 eorum
939 3730 1166 3787 redditae
1208 3739 1336 3787 sunt
1375 3731 1480 3788 illa;
1529 3720 1968 3798 benedictiones,
2018 3733 2134 3802 ipse

535 3830 716 3876 autem
749 3820 930 3877 futura
969 3824 1199 3893 adeptus
1231 3832 1333 3879 est.
1376 3823 1685 3879 Invenimus
1728 3824 1874 3880 enim
1905 3823 2132 3880 fratrem

535 3913 655 3986 ejus
678 3916 850 3986 magis
873 3915 1107 3986 potitum
1130 3931 1253 3972 esse
1284 3915 1502 3972 saeculo.
1533 3915 1626 3971 Ille
1673 3925 1854 3972 autem
1886 3917 1939 3971 in
1969 3915 2134 3970 servi-

539 4015 651 4062 tute
692 3991 1059 4075 mercenaria,
1101 4018 1158 4064 et
1198 4009 1477 4080 periculis,
1522 4018 1578 4064 et
1618 4010 1852 4076 insidiis,
1887 4019 1942 4065 et
1973 4011 2135 4064 dece-

533 4098 846 4169 ptionibus,
903 4109 958 4157 et
1011 4100 1301 4156 timoribus
1341 4116 1504 4156 omne
1565 4103 1830 4174 transegit
1896 4110 2129 4170 tempus.

534 4188 906 4264 Interrogatus
954 4193 1121 4248 etiam
1159 4208 1191 4247 a
1235 4191 1542 4258 Pharaone,
1589 4212 1608 4245 ι
1663 4192 1880 4259 Modici,
1936 4192 2130 4262 inquit.

538 4279 668 4337 facti
696 4291 826 4337 sunt
849 4282 964 4337 dies
992 4281 1098 4337 mei
1124 4300 1137 4336 :
1166 4303 1185 4334 ι
1227 4282 1315 4336 ille
1343 4291 1526 4337 autem
1557 4283 1611 4336 in
1651 4283 1888 4352 primatu
1916 4291 1973 4338 et
2001 4281 2134 4337 fidu-

541 4373 626 4430 cia
656 4373 757 4428 fuit
808 4374 998 4429 multa.
1033 4375 1136 4430 Ubi
1170 4390 1300 4446 ergo
1325 4375 1374 4430 ei
1407 4385 1776 4444 provenerunt
1819 4376 1985 4441 bona,
2025 4375 2131 4431 nisi

539 4465 593 4520 in
627 4465 846 4522 futuro?
881 4484 899 4516 ι
935 4465 1010 4521 De
1049 4464 1268 4530 futuris,
1300 4465 1497 4534 inquit,
1533 4464 1812 4520 benedixit
1839 4465 2012 4530 Isaac,
2040 4463 2132 4519 Ja-

537 4558 638 4614 cob
665 4568 721 4614 et
746 4559 908 4615 Esau.
941 4581 961 4614 ι
993 4561 1146 4617 Licet
1175 4560 1347 4630 major
1373 4562 1444 4617 sit
1473 4561 1636 4627 Esau,
1660 4570 1839 4616 tamen
1865 4560 2130 4632 praeponit

535 4647 703 4707 Jacob
733 4662 956 4725 propter
992 4655 1266 4711 virtutem.
1327 4655 1558 4710 Intueris
1585 4663 1787 4724 quanta
1816 4664 1935 4710 erat
1969 4653 2124 4719 ﬁdes,

539 4753 594 4799 et
623 4745 767 4802 unde
825 4748 1282 4818 promittebantur
1311 4747 1436 4804 ﬁliis
1485 4763 1672 4804 eorum
1729 4755 1880 4803 tanta
1941 4746 2127 4803 bona?

541 4834 740 4906 Utique
766 4855 832 4894 ex
869 4839 993 4906 ﬁde,
1023 4840 1128 4897 hoc
1157 4849 1259 4905 est,
1283 4840 1554 4897 credendo
1581 4840 1712 4895 Deo.
1742 4859 1760 4890 ε
1797 4838 1928 4893 Fide
1957 4837 2125 4894 Jacob

542 4929 780 4984 moriens
804 4930 1045 5002 singulos
1075 4931 1306 4987 ﬁliorum
1346 4929 1550 5001 Joseph
1586 4930 1881 4994 benedixit,
1911 4937 1966 4983 et
2000 4929 2130 4984 ado-

544 5022 688 5077 ravit
709 5020 984 5095 fastigium
1004 5025 1169 5095 virgae
1191 5023 1330 5094 ejus.
1358 5045 1377 5078 ι
1405 5025 1462 5079 ln
1488 5023 1729 5079 hocloco
1759 5021 2130 5077 necessarium

544 5123 628 5170 est
653 5130 855 5186 ponere
891 5118 1296 5174 benedictiones
1343 5133 1554 5183 omnes,
1596 5125 1657 5171 ut
1705 5117 1868 5171 etiam
1908 5115 2042 5171 ﬁdes
2077 5123 2134 5172 et

543 5205 822 5276 prophetia
848 5208 966 5278 ejus
992 5208 1277 5262 manifesta
1327 5207 1440 5262 ﬁat.
1489 5228 1506 5259 ι
1540 5208 1605 5262 Ει
1635 5207 1901 5272 adoravit,
1933 5207 2129 5277 inquit,

542 5298 820 5370 fastigium
852 5302 1018 5371 virgas
1046 5301 1181 5364 eius.
1221 5321 1238 5352 ι
1275 5299 1374 5356 Hic
1405 5316 1510 5356 non
1553 5301 1748 5364 solum,
1775 5299 1969 5368 inquit.
2007 5314 2133 5369 pro-

540 5395 833 5460 nuntiavit,
870 5394 964 5449 sed
994 5395 1160 5448 etiam
1197 5393 1272 5447 ita
1301 5393 1609 5449 conﬁdebat
1645 5394 1712 5448 de
1753 5393 1974 5457 futuris,
2003 5401 2125 5446 tan-

543 5500 706 5554 quam
730 5486 775 5541 si
802 5500 866 5540 ea
897 5499 1061 5556 opere
1090 5485 1508 5541 demonstraret.
1539 5484 1806 5550 Quoniam
1834 5484 1976 5538 enim
2007 5497 2129 5538 sur-

546 5587 798 5634 recturus
824 5587 944 5635 erat
971 5595 1036 5634 ex
1063 5578 1320 5648 Ephraim
1344 5594 1436 5632 rex
1463 5578 1621 5642 alius,
1642 5587 1925 5649 propterea
1957 5576 2124 5631 dixit:

548 5686 567 5718 ε
597 5668 666 5724 Et
700 5669 947 5725 adoravit
987 5670 1262 5742 fastigium
1303 5670 1468 5739 virga:
1507 5669 1642 5738 ejus.
1681 5690 1698 5722 ι
1744 5669 1882 5724 Ecce
1908 5678 1964 5723 et
2004 5683 2130 5723 cum

539 5773 648 5832 jam
673 5769 819 5819 esset
851 5778 1040 5834 senex,
1066 5764 1366 5822 adorabant
1406 5761 1606 5835 Ioseph
1642 5760 1880 5818 universi
1902 5758 2126 5832 populi:

2160 4512 2210 4572 D

2215 605 2329 653 tres
2357 594 2494 665 ejus.
2542 595 2809 650 Futurum
2858 604 3040 649 autem
3077 604 3198 650 erat
3241 595 3420 650 iterum
3465 610 3707 674 posteaper

2215 689 2401 744 decem
2460 689 2653 744 tribus.
2707 687 2949 743 Intendis
2979 686 3248 758 quomodo
3291 687 3456 744 futura
3493 695 3708 761 praedixit!

2217 781 2380 837 Vides
2402 788 2658 850 quantam
2681 780 2844 836 habet
2873 779 3069 835 ﬁdem?
3089 780 3354 850 quomodo
3375 781 3434 838 de
3455 781 3612 840 futuris
3628 802 3708 844 cre-

2217 871 2703 940 debat?Qu:ndam
2751 872 2898 926 enim
2947 871 2999 926 in
3061 872 3165 926 hac
3212 873 3313 926 vita
3357 874 3590 944 patientiae
3624 889 3711 935 sunt

2219 963 2386 1018 solius
2422 964 2690 1034 exempla,
2730 972 2785 1018 et
2828 962 3059 1033 qualiter
3093 963 3339 1034 patienda
3383 974 3494 1019 sunt
3530 971 3654 1030 mala,
3675 979 3712 1024 et

2219 1056 2344 1125 quia
2372 1072 2477 1111 non
2503 1057 2590 1111 hic
2616 1057 2952 1125 recipiuntur
2972 1055 3134 1118 bona,
3161 1056 3299 1108 sicut
3316 1056 3516 1125 contigit
3535 1057 3576 1109 in
3595 1057 3712 1110 Abra-

2221 1147 2362 1210 ham,
2396 1147 2534 1202 sicut
2564 1147 2616 1200 in
2647 1146 2798 1202 Abel.
2823 1147 3079 1213 Quaadam
3108 1155 3285 1200 autem
3317 1147 3427 1200 ﬁdei
3455 1157 3560 1200 sunt
3581 1164 3712 1203 exem-

2221 1240 2330 1312 pla,
2367 1241 2512 1296 'sicut
2539 1241 2765 1311 contigit
2798 1241 2853 1294 in
2901 1239 3032 1307 Noe,
3064 1239 3315 1308 quoniam
3347 1248 3422 1293 est
3457 1240 3591 1304 Deus,
3621 1257 3713 1310 quo-

2222 1315 2367 1387 niam
2399 1340 2484 1388 est
2535 1331 2846 1386 retributio.
2892 1331 3052 1386 Fides
3093 1331 3288 1400 quippe
3315 1330 3586 1385 multimoda
3604 1335 3716 1388 estin

2223 1424 2325 1478 bac
2354 1425 2486 1490 vita,
2515 1424 2774 1494 quoniam
2807 1431 2891 1478 est
2930 1422 3237 1488 retributio,
3258 1431 3310 1476 et
3331 1423 3448 1492 quia
3473 1439 3562 1477 non
3584 1425 3715 1479 eodem

2224 1519 2384 1571 modo
2406 1518 2724 1572 sustinenda
2751 1527 2856 1582 est,
2873 1525 2927 1572 et
2944 1525 3070 1586 ante
3095 1531 3315 1571 munera
3339 1515 3414 1570 vel
3432 1531 3620 1571 coronas
3640 1533 3718 1573 cer-

2224 1609 2448 1662 tandum
2481 1617 2582 1663 est.
2614 1608 2748 1662 Illud
2772 1617 2975 1674 autem,
3016 1609 3160 1679 quod
3195 1609 3335 1664 circa
3373 1607 3522 1663 Jacob
3542 1611 3716 1681 contigit,

2225 1704 2393 1758 solius
2417 1712 2501 1759 est
2532 1704 2653 1758 ﬁdei
2677 1723 2689 1758 :
2716 1705 2973 1774 quoniam
2998 1705 3250 1775 promisit
3266 1705 3521 1769 Abraham
3539 1705 3634 1774 quia
3652 1689 3716 1760 tibi

2152 1782 2200 1842 Β
2227 1793 2368 1849 dabo
2397 1795 2664 1861 etsemini
2699 1803 2790 1848 tuo
2825 1805 3024 1850 terram
3058 1796 3249 1850 hanc.»
3280 1813 3299 1846 ι
3320 1793 3443 1849 Fide
3457 1792 3621 1863 Ioseph
3643 1809 3717 1848 mo-

2232 1905 2251 1938 ι
2298 1887 2446 1942 riens
2469 1888 2534 1942 de
2558 1887 2896 1955 profectione
2920 1887 3156 1942 ﬁliorum
3171 1886 3331 1942 Israel
3355 1896 3633 1943 memoratus
3649 1895 3716 1949 est,

2231 1998 2250 2030 ι
2295 1989 2351 2034 et
2377 1980 2446 2035 de
2466 1980 2683 2036 ossibus
2706 1980 2819 2036 suis
2846 1979 3146 2034 mandavit.
3161 2000 3179 2031 ι
3200 1980 3408 2034 Audivit
3426 1978 3592 2048 Joseph
3608 1980 3718 2032 etiam

2227 2071 2281 2125 in
2306 2071 2481 2126 aliena
2503 2071 2676 2141 patria
2696 2071 3029 2126 constitutus
3049 2080 3108 2124 et
3129 2071 3354 2124 necdum
3370 2067 3630 2136 vidensjam
3641 2082 3720 2136 pro-

2226 2163 2456 2218 cessisse
2486 2162 2988 2234 repromissionem,
3017 2171 3076 2218 et
3106 2177 3279 2231 neque
3315 2178 3389 2216 src
3416 2160 3615 2215 concidit
3639 2160 3717 2212 ani-

2227 2275 2348 2314 mus
2371 2259 2520 2329 ejus;
2554 2258 2649 2314 sed
2675 2259 2754 2313 sic
2788 2255 3038 2320 credidit,
3075 2266 3136 2310 ut
3172 2257 3334 2310 etiam
3363 2256 3424 2310 de
3448 2255 3572 2309 exitu
3589 2266 3720 2306 eorum

2226 2352 2560 2420 loqueretur,
2590 2358 2646 2405 et
2673 2349 2740 2403 de
2777 2348 2991 2403 ossibus
3029 2346 3144 2402 suis
3188 2345 3486 2400 mandatum
3521 2343 3655 2397 daret.
3677 2339 3721 2394 Et

2227 2461 2335 2500 non
2361 2455 2571 2500 tantum
2603 2443 2750 2499 solus
2771 2442 3022 2508 credidit,
3059 2442 3156 2497 sed
3197 2441 3358 2496 etiam
3397 2440 3516 2494 alios
3549 2438 3721 2493 introdu-

2228 2538 2386 2594 cebat
2415 2537 2483 2590 ad
2510 2536 2691 2600 ﬁdem,
2726 2545 2785 2590 ut
2806 2550 3020 2604 semper
3048 2548 3320 2588 memores
3346 2541 3526 2595 essent,
3553 2531 3648 2599 quia
3665 2543 3725 2583 nc-

2227 2642 2501 2698 quaquam
2533 2626 2599 2680 de
2622 2625 2840 2681 ossibus
2886 2622 3000 2678 suis
3041 2623 3334 2693 delegaret,
3381 2619 3472 2675 nisi
3505 2619 3630 2690 plena
3657 2615 3724 2671 ﬁde

2229 2727 2478 2790 speraret
2501 2718 2734 2774 reditum
2757 2730 2966 2771 eorum.
3003 2733 3021 2765 ι
3059 2713 3193 2769 Fide
3223 2713 3423 2784 Moyses
3446 2719 3579 2765 natus
3596 2705 3724 2764 occul-

2234 2837 2252 2869 ι
2299 2824 2446 2872 tatus
2472 2823 2556 2870 est
2607 2813 2886 2868 mensibus
2927 2811 3104 2865 tribus
3141 2825 3172 2863 a
3217 2799 3724 2880 parentibus,eoquod

2235 2928 2252 2962 ι
2297 2909 2560 2963 vidissent
2596 2905 2901 2976 elegantem
2941 2901 3245 2967 infantem,
3287 2909 3340 2956 et
3376 2915 3472 2953 non
3509 2897 3726 2950 timuerunt

2236 3020 2253 3053 ι
2299 2999 2442 3070 regis
2488 2996 2748 3052 edictum.
2787 3015 2806 3049 ι
2853 2994 2929 3049 De
2975 2992 3298 3065 parentibus
3349 2989 3499 3062 Moysi
3543 2999 3725 3041 necessa-

2235 3091 2377 3145 rium
2412 3096 2497 3144 est
2521 3087 2726 3143 dicere.
2758 3085 2958 3142 Omnes
2992 3083 3197 3155 quippe
3231 3080 3508 3138 infantulos
3535 3073 3726 3132 masculos

2237 3182 2476 3239 interimi
2509 3181 2722 3236 Pharao
2747 3178 3007 3250 jusserat,
3038 3185 3097 3232 et
3133 3176 3311 3231 nullus
3333 3174 3503 3244 effugit
3528 3172 3609 3226 hoc
3627 3166 3726 3237 peri-

2233 3275 2432 3332 culum.
2459 3274 2613 3330 Unde
2636 3274 2801 3345 igitur
2821 3273 2911 3327 isti
2940 3278 3322 3340 speraverunt,
3338 3277 3394 3323 ut
3416 3263 3729 3331 salvarentpve'

2234 3368 2391 3424 rum?
2418 3367 2500 3422 Ex
2523 3367 2652 3432 ﬁde,
2677 3367 2870 3436 inquit.
2889 3363 3044 3432 Quali
3071 3363 3214 3419 ﬁde?
3239 3361 3484 3417 Viderunt
3509 3357 3726 3425 elegaan

2235 3461 2577 3524 infantulum,
2593 3470 2650 3516 et
2665 3461 2778 3532 ipse
2791 3458 2970 3514 vultus
2991 3456 3057 3512 ad
3073 3457 3241 3513 ﬁdem
3254 3471 3347 3512 eos
3358 3446 3727 3516 attraxit.Sicjaut

2234 3556 2360 3610 inde
2379 3556 2447 3610 ab
2474 3552 2632 3609 initio
2654 3567 2720 3608 ex
2761 3551 2892 3622 ipsis
2910 3549 3240 3605 incunahilis
3262 3546 3421 3603 multa
3438 3539 3614 3600 eratilli
3631 3536 3727 3607 justo

2235 3645 2412 3700 infusa
2440 3644 2637 3716 gratia,
2653 3659 2759 3698 non
2784 3650 2980 3696 natura
3001 3641 3106 3696 hoc
3119 3649 3401 3712 Operante,
3417 3637 3500 3693 sed
3524 3632 3656 3706 gratia
3675 3626 3728 3681 di-

2233 3738 2384 3803 vina,
2403 3753 2525 3808 qua:
2546 3735 2711 3791 etiam
2735 3733 3023 3789 barbaram
3046 3732 3196 3788 illam
3215 3731 3482 3787 mulierem
3499 3720 3728 3796 Egyptian!

2233 3830 2511 3894 excitavit,
2542 3837 2602 3882 ut
2631 3835 2856 3890 amaret,
2882 3833 2942 3881 ut
2973 3833 3235 3890 sumeret,
3277 3831 3337 3879 ut
3364 3821 3610 3890 arriperet,
3625 3821 3729 3869 etta-

2235 3937 2356 3976 men
2384 3920 2517 3976 ﬁdes
2549 3920 2602 3973 in
2627 3918 2745 3974 istis
2778 3933 2882 3973 non
2913 3917 3106 3972 habuit
3133 3917 3386 3972 idoneum
3415 3915 3723 3982 argumentum.

2233 4013 2372 4080 Quid
2401 4027 2530 4082 ergo
2570 4018 2624 4066 et
2659 4019 2920 4080 quantum
2949 4017 3089 4074 erat,
3123 4019 3182 4063 ut
3211 4024 3277 4064 ex
3312 4008 3423 4078 ipso
3451 4001 3577 4058 vultu
3600 3994 3730 4053 crede-

2235 4105 2389 4160 rent?
2411 4104 2520 4160 Sed
2549 4119 2666 4169 vos,
2681 4103 2878 4173 inquit,
2904 4117 2972 4156 ex
3000 4101 3164 4156 rebus
3187 4100 3319 4172 ipsis
3339 4096 3600 4158 credite,et
3616 4084 3728 4143 multa

2235 4195 2510 4252 habebitis
2560 4195 2682 4250 ﬁdei
2722 4195 2966 4264 pignora.
3015 4191 3086 4247 Ut
3125 4192 3273 4247 enim
3322 4204 3437 4246 cum
3483 4183 3640 4258 gaudio
3673 4190 3729 4232 n-

2234 4288 2414 4358 pinam
2458 4301 2639 4340 rerum
2677 4293 2982 4340 vestrarum
3011 4283 3356 4354 suscipiatis,
3391 4288 3442 4335 et
3478 4277 3728 4349 quaecunque

2236 4377 2360 4432 talia
2387 4376 2530 4447 passi
2558 4377 2712 4442 estis,
2739 4375 2842 4430 fide
2865 4385 3046 4430 actum
3075 4381 3159 4431 est
3178 4383 3234 4430 et
3259 4371 3522 4444 patientia.
3537 4365 3621 4422 Sed
3641 4373 3730 4432 quo-

2235 4470 2383 4524 niam
2446 4477 2502 4522 et
2564 4469 2654 4524 isti
2715 4468 3114 4533 crediderunt,
3165 4466 3358 4522 deinde
3409 4454 3732 4535 pusillanimiter

2236 4561 2624 4627 adiciebantur,
2653 4561 2888 4617 ostendit
2912 4561 3037 4631 quia
3064 4570 3118 4616 et
3147 4559 3280 4616 ﬁdes
3305 4561 3505 4614 illorum
3519 4567 3598 4626 per
3617 4545 3732 4604 multa

2237 4661 2480 4724 tempora
2537 4652 2888 4716 tendebatur,
2939 4652 3080 4707 sicut
3133 4652 3356 4724 contigit
3403 4651 3453 4705 in
3494 4643 3730 4702 Abraham.

2237 4749 2485 4819 quamvis
2514 4747 2826 4810 viderentur
2857 4746 2959 4801 sibi
2990 4760 3078 4802 res
3105 4746 3235 4816 ipsa:
3261 4754 3541 4816 repugnare
3566 4754 3578 4793 :
3614 4754 3628 4786 ί
3654 4730 3733 4786 NOII

2237 4840 2764 4911 timuerunt,inquit,
2786 4848 3112 4910 praeceptum
3130 4840 3296 4912 regis,
3325 4857 3343 4891 ι
3372 4821 3734 4910 quanquamillud

2236 4935 2453 5006 quidem
2483 4948 2647 5005 opere
2677 4933 3060 4999 exercebatur,
3107 4932 3210 4988 hoc
3251 4939 3424 4986 autem
3467 4921 3734 4995 suspicio!!!"t

2233 5038 2289 5084 et
2336 5029 2497 5083 timor
2543 5027 2717 5082 nudus
2749 5068 2765 5092 ,
2813 5035 2869 5082 et
2917 5027 3023 5082 hoc
3068 5026 3286 5096 quidem
3344 5029 3594 5095 parentum
3635 5017 3732 5068 erat.

2234 5117 2437 5173 Deinde
2480 5116 2748 5172 familiare
2788 5116 2894 5172 illis
2930 5125 2986 5171 et
3009 5116 3363 5173 domesticum
3401 5109 3581 5184 profert
3604 5113 3734 5160 exem-

2234 5209 2402 5280 plum,
2434 5207 2606 5278 magis
2636 5214 2816 5261 autem
2845 5206 2914 5261 ab
2942 5206 3054 5272 illo,
3084 5205 3260 5275 majus
3289 5212 3342 5260 et
3365 5200 3587 5271 amplius.
3606 5212 3620 5244 ε

2239 5277 2257 5352 i
2305 5299 2514 5370 Moyses
2534 5277 2757 5368 grandis
2787 5296 2961 5352 factus
2988 5295 3205 5368 negavit
3242 5310 3300 5350 se
3326 5307 3441 5350 esse
3479 5288 3618 5343 ﬁlium
3650 5277 3734 5370 lilii!

2241 5412 2259 5443 ι
2303 5367 2621 5447 Pharaonis.
2672 5411 2690 5442 ι
2735 5389 3012 5458 Tanquam
3038 5367 3084 5444 si
3117 5388 3321 5443 diceret
3353 5384 3415 5438 ad
3455 5367 3730 5435 eos:Nul|ul

2231 5492 2471 5538 vestrum
2515 5483 2719 5536 dimisit
2755 5481 2933 5536 aulam
2976 5480 3208 5552 regalem
3247 5477 3468 5548 amplam
3494 5478 3539 5526 et
3567 5465 3730 5556 cluiani.

2232 5590 2406 5644 neque
2437 5574 2570 5628 tales
2600 5575 2903 5636 thesauros,
2932 5587 3105 5642 neque
3143 5586 3264 5625 cum
3300 5573 3468 5638 posset
3493 5559 3608 5615 filius
3632 5559 3732 5650 regis

2231 5681 2373 5725 esse.
2397 5666 2740 5734 contempsit,
2760 5664 2899 5719 sicut
2924 5663 3134 5733 Moyses
3155 5661 3300 5716 fecit.
3317 5658 3379 5712 Et
3400 5654 3510 5726 quia
3531 5661 3617 5703 non
3635 5652 3729 5734 sitn-

2234 5756 2449 5828 pliciter
2483 5727 2712 5823 dimisit,
2729 5727 3076 5836 isigniﬁcavit
3096 5753 3278 5810 dicens
3305 5765 3320 5805 :
3347 5738 3626 5814 Abnegavit.
3650 5727 3730 5784 Hoc
