3972 6336
223 366 320 423 8M
685 358 1241 422 ENARRATIONUM
1278 360 1348 420 IN
1387 361 1538 421 EPP.
1577 361 1785 421 PAULI
1821 362 1948 420 LIB.
1987 361 2180 419 XXIX.
2218 348 2292 405 ξ
2328 363 2398 421 ΙΝ
2435 364 2653 424 EPIST.
2692 367 2786 426 AD
2823 365 3030 428 ΗΕΒῆ.
3405 368 3510 426 802

221 489 322 546 est,
353 476 596 544 horruit,
635 488 914 534 aversatus
952 487 1057 535 est.
1093 477 1245 535 Caelo
1281 480 1481 550 quippe
1509 479 1810 549 proposito,
1839 486 1888 544 Α
1915 477 2111 533 liber‘et
2131 478 2422 562 Deus.Hoc
2441 481 2604 536 etiam
2633 483 2850 539 Christo
2874 485 3009 540 dixit
3031 485 3333 545 diabolus“
3357 488 3509 552 Mitte

222 573 553 647 superﬂuum
595 583 710 629 erat
751 576 928 629 aulam
975 576 1234 631 admirari
1282 575 1591 647 Egyptia‘ci
1639 576 1809 647 regni.
1915 582 1968 628 te
1995 573 2269 628 deorsum.
2307 593 2324 624 ι
2360 573 2589 631 Intueris
2615 576 2741 646 quia
2781 577 2884 632 hoc
2918 578 3242 636 diabolicum
3282 592 3402 651 est,
3448 591 3510 643 ut

221 667 288 722 Et
333 666 458 720 vide
494 681 656 736 quam
693 665 1012 721 mirabiliter
1041 666 1171 722 illud
1221 667 1401 736 posuit
1440 666 1655 720 Paulus.
1695 664 1812 721 Non
1913 678 2244 734 supervacue
2297 679 2359 720 ac
2422 665 2690 736 superﬂue
2741 684 2801 724 se
2841 669 3124 738 quisquam
3184 673 3240 729 in
3292 677 3509 747 pericu.

220 760 356 814 dixit
382 777 396 814 :
429 757 663 828 majores
688 759 904 814 divitias
931 759 1262 814 existimavit
1297 759 1566 814 thesauris
1595 758 1810 830 Egypti
1913 753 2022 809 lum
2046 753 2233 823 jactct,
2263 764 2476 812 tentare
2497 757 2666 813 Deum
2705 759 2750 814 si
2775 760 2948 815 salvet
2969 762 2993 816 ?
3018 763 3232 820 Etenim
3256 783 3508 839 Ipraacsse

221 851 443 916 caelum,
477 862 531 905 et
559 866 622 906 ea
652 865 772 922 qua:
804 850 857 905 in
884 851 1037 908 coalis
1064 859 1223 917 sunt;
1257 851 1351 906 sed
1382 851 1521 906 dixit
1553 870 1572 902 ί
1606 851 1812 920 impro-
1904 845 2019 917 jam
2048 847 2155 903 illis
2190 848 2257 903 ad
2290 849 2530 921 regimen
2552 865 2738 906 eorum
2772 863 3146 924 non‘poterat,
3187 859 3262 914 ita
3296 861 3511 933 ingrate

219 944 431 1015 perium
460 941 715 998 Christi.»
741 941 848 998 Pro
871 941 1090 998 Christo
1118 943 1264 998 enim
1288 942 1672 1012 improperium
1695 957 1815 998 sus-

222 1037 394 1092 linere
419 1037 613 1092 melius
645 1033 945 1104 judicavit,
973 1051 1132 1106 quam
1163 1036 1217 1090 in
1247 1034 1459 1090 deliciis
1483 1048 1622 1090 esse.
1655 1053 1673 1086 ο
1709 1033 1814 1088 Ma-

223 1148 243 1181 ‹
289 1128 371 1199 gis
390 1128 595 1198 eligens
613 1126 775 1200 aﬂligi
802 1143 926 1183 cum
947 1127 1142 1200 populo
1169 1127 1286 1195 Dei,
1306 1143 1468 1198 quam
1499 1127 1813 1199 temporalis

224 1240 244 1274 ι
285 1222 494 1292 peccati
522 1222 722 1277 habere
739 1219 1151 1291 jucunditatem.
1183 1242 1204 1275 ι
1232 1223 1342 1279 Vos
1368 1222 1512 1278 enim
1537 1237 1635 1294 pro
1662 1221 1813 1278 vobis

217 1309 350 1382 ipsis
375 1311 645 1382 patimini,
671 1311 759 1367 ille
787 1321 967 1368 autem
988 1329 1087 1385 pro
1112 1313 1232 1370 aliis
1257 1315 1361 1370 hoc
1383 1315 1566 1387 elegit,
1595 1323 1648 1370 et
1670 1315 1812 1370 ultro

216 1401 456 1472 seipsum
484 1401 714 1472 projecit
739 1402 792 1456 in
825 1411 974 1458 tanta
1012 1404 1273 1474 pericula,
1306 1419 1430 1459 eum
1459 1405 1508 1460 ei
1533 1404 1722 1460 liceret
1758 1414 1813 1459 et

214 1493 306 1564 pie
359 1493 557 1557 vivere,
601 1500 657 1548 et
709 1494 1063 1550 saecularibus
1103 1494 1262 1550 bonis
1312 1494 1536 1566 perfmi,
1589 1516 1607 1548 ‹
1648 1511 1811 1566 quam

217 1585 592 1655 temporalem,
637 1586 832 1656 inquit,
874 1587 1075 1643 habere
1104 1588 1312 1658 peccati
1333 1587 1751 1657 jucunditatem.
1785 1608 1805 1642 ι

213 1673 505 1730 Peccatum
532 1675 684 1730 duxit
712 1676 856 1732 nolle
882 1675 1044 1747 aﬂligi
1072 1693 1195 1732 cum
1213 1677 1365 1733 aliis:
1399 1679 1502 1734 hoc
1529 1687 1812 1749 peccatum

213 1780 337 1821 esse
361 1767 590 1836 putavit.
622 1766 679 1821 Si
723 1767 885 1837 igitur
925 1767 1016 1822 ille
1060 1783 1167 1823 non
1197 1769 1454 1824 alacriter
1491 1767 1653 1842 aﬂligi
1687 1786 1811 1826 cum

1913 939 2123 996 alfectis
2154 941 2260 996 illis
2288 942 2486 1013 quibus
2509 951 2660 1000 tanta
2681 948 3030 1016 praestiterat.
3063 949 3300 1008 Stultum
3324 955 3509 1026 itaque

1911 1042 2034 1086 erat
2052 1041 2108 1086 et
2129 1032 2466 1089 insensatum
2488 1050 2805 1106 permanere
2829 1038 2954 1094 illic.
2975 1039 3103 1097 Haec
3123 1053 3304 1100 autem
3325 1047 3509 1103 omnia

1911 1122 2056 1179 facta
2083 1133 2230 1190 sunt,
2252 1127 2378 1196 quia
2400 1126 2564 1182 veluti
2598 1128 2782 1184 videns
2810 1129 3136 1188 invisibilem
3159 1135 3240 1190 sic
3269 1137 3506 1194 sustine-

1912 1212 2024 1268 bat.
2081 1213 2140 1268 In
2189 1215 2493 1272 actionibus
2535 1218 2730 1289 quippe
2779 1220 2892 1275 suis
2936 1232 3192 1278 verentur
3232 1225 3506 1296 homines,

1913 1320 2050 1374 quos
2069 1307 2422 1376 corporaliter
2438 1308 2650 1364 vident:
2669 1319 2724 1366 et
2739 1311 2906 1366 Deum
2931 1312 3032 1368 sibi
3055 1326 3376 1386 prmsentem
3401 1334 3510 1377 non

1912 1398 2183 1453 aestimant
2207 1414 2354 1466 esse,
2385 1415 2545 1471 quem
2568 1417 2676 1458 non
2700 1403 2900 1460 vident.
2919 1403 3038 1472 Quo
3060 1416 3248 1464 contra
3275 1409 3328 1464 in
3351 1410 3511 1468 laude

1913 1487 2082 1559 Moysi
2135 1487 2363 1557 dicitur,
2396 1490 2523 1546 dum
2563 1490 2783 1565 Egypti
2827 1509 3008 1567 regem
3052 1507 3427 1557 contemneret
3455 1510 3513 1559 et

1914 1577 2011 1634 Dei
2046 1580 2314 1637 mandatis
2357 1583 2626 1650 obediret,
2663 1585 2791 1656 quia
2830 1586 3210 1645 invivisibilem
3249 1600 3508 1664 tanquam

1911 1670 2103 1727 videns
2131 1672 2414 1741 sustinuit;
2444 1689 2758 1746 perversum
2794 1679 2991 1748 quippe
3023 1687 3180 1734 terrae
3210 1681 3510 1752 principem

1914 1762 2070 1832 quasi
2099 1778 2206 1818 non
2230 1762 2398 1830 videt,
2427 1780 2590 1836 quem
2618 1768 2688 1823 ab
2723 1769 2896 1824 oculis
2935 1770 3020 1825 sui
3057 1771 3237 1827 cordis
3265 1772 3466 1842 abjecit
3491 1791 3507 1830 :

215 1856 432 1911 caeteris
464 1865 746 1927 peccatum
775 1872 894 1913 esse
921 1858 1208 1929 judicavit,
1269 1875 1519 1932 magnum
1548 1875 1679 1932 ergo
1711 1863 1810 1918 bo-
1835 1857 1884 1917 B
1913 1869 2096 1926 regem
2138 1869 2268 1910 vero
2315 1855 2642 1913 invisibilem
2689 1866 2945 1930 tanquam
2988 1862 3177 1919 videns
3225 1865 3504 1933 sustinuit,

215 1963 346 2002 num
375 1956 459 2003 est
483 1947 722 2015 atllictio,
751 1949 819 2005 ad
847 1966 1010 2019 quam
1039 1967 1106 2006 ex
1131 1950 1346 2022 fastigio
1378 1951 1542 2022 regali
1574 1953 1811 2024 seipsum

213 2040 467 2112 projecit.
497 2040 624 2096 ΙΙωο
649 2041 795 2096 enim
818 2041 1072 2108 faciebat,
1103 2059 1297 2114 magna
1325 2043 1572 2113 quaedam
1618 2045 1811 2115 praevi-

214 2132 370 2188 dens.
411 2151 430 2184 ι
455 2132 686 2204 Majores
716 2133 932 2191 divitias
957 2135 1232 2191 aestimans
1259 2135 1511 2192 thesauro
1532 2138 1814 2209 {Egyptio-

221 2245 241 2278 ί
286 2241 406 2279 rum
433 2225 823 2297 improperium
851 2225 1050 2283 Christi
1076 2241 1091 2282 :
1131 2215 1427 2298 aspiciebat
1461 2229 1606 2284 enim
1637 2229 1691 2283 in
1721 2244 1810 2284 re-

222 2337 242 2369 c
289 2319 744 2374 munerationem.
794 2338 813 2370 ι
854 2317 992 2386 Quid
1029 2328 1114 2375 est
1137 2320 1521 2391 improperium
1571 2320 1813 2375 Christi?

217 2408 336 2466 Hoc
365 2419 468 2477 est,
492 2410 820 2484 improperia
849 2411 979 2466 talia
1008 2412 1282 2468 sustinere
1313 2413 1496 2484 qualia
1522 2429 1667 2468 nunc
1693 2427 1808 2479 vos,

216 2501 380 2572 quale
397 2501 648 2558 Christus
668 2503 834 2559 etiam
861 2503 1117 2559 sustinuit
1139 2505 1547 2576 improperium.
1590 2505 1657 2560 Et
1678 2521 1813 2576 quo-

218 2594 382 2648 modo
407 2609 510 2664 pro
522 2594 740 2651 Christo
762 2594 1020 2651 sustinuit
1041 2595 1289 2668 Moyses?
1308 2595 1497 2652 «Petra
1519 2597 1666 2653 enim
1693 2605 1814 2653 erat

218 2686 491 2742 Christus.
526 2706 546 2739 ι
600 2686 691 2742 Sic
722 2687 866 2742 enim
915 2695 970 2742 et
1005 2687 1094 2742 ille
1143 2689 1532 2759 improperium
1578 2689 1814 2744 sustine-

217 2778 335 2845 bat,
365 2779 507 2834 sicut
554 2779 956 2850 improperium
992 2779 1344 2846 sustinemus,
1398 2780 1523 2851 quia
1574 2783 1814 2850 patimur

219 2871 365 2927 mala
412 2879 801 2928 concurrentes
857 2873 925 2927 ad
977 2871 1169 2928 Deum.
1220 2871 1313 2928 Sic
1361 2872 1526 2928 etiam
1571 2870 1661 2927 ille
1713 2871 1814 2926 im-

216 2965 534 3037 properium
574 2965 894 3032 sustinebat,
939 2966 1153 3036 quando
1199 2966 1493 3021 audiebat:
1525 2984 1544 3017 ‹
1573 2963 1714 3020 Νωι
1754 2972 1814 3019 ιιι

219 3058 535 3113 interimere
555 3073 642 3113 me
661 3059 763 3124 vis,
789 3059 930 3114 sicut
950 3058 1268 3114 interfecisti
1291 3058 1408 3114 beri
1430 3059 1808 3130 IEgyptiuto‘h

217 3152 336 3208 Hoc
358 3161 442 3208 est
463 3151 848 3223 improperium
863 3151 1085 3218 Christi,
1111 3167 1282 3223 usque
1309 3152 1362 3208 in
1377 3151 1539 3206 linem
1561 3160 1616 3207 et
1639 3151 1815 3208 novis-

1911 1948 2037 2018 quia
2072 1949 2140 2003 ab
2165 1947 2282 2018 ejus
2311 1950 2508 2006 timore
2545 1951 2744 2008 intuitu
2801 1955 3000 2011 mentis
3032 1956 3248 2013 oculum
3279 1975 3386 2014 non
3418 1959 3512 2016 de-

1911 2039 2083 2096 ﬂexit.
2140 2039 2196 2097 Si
2247 2043 2413 2114 igitur
2453 2044 2700 2102 videmus
2740 2054 2925 2103 mente
2969 2063 3183 2120 semper
3227 2052 3414 2119 Deum,
3463 2051 3511 2109 si

1913 2147 2128 2204 semper
2143 2133 2197 2188 in
2215 2134 2588 2191 recordatione
2613 2137 2730 2207 ejus
2755 2139 3124 2195 convertimus
3147 2149 3381 2198 mentem
3409 2157 3510 2198 no-

1914 2232 2102 2292 strain,
2146 2227 2327 2280 omnia
2358 2228 2514 2282 nobis
2549 2227 2706 2284 facile
2734 2232 3091 2301 apparebunt,
3119 2233 3302 2288 omnia
3328 2243 3514 2305 porta-

1911 2316 2063 2382 bilia,
2091 2317 2274 2372 omnia
2305 2317 2498 2374 leviter
2536 2321 2888 2388 sustinemus,
2919 2322 3172 2380 omnibus
3199 2325 3512 2396 superiores

1912 2408 2194 2466 efﬁcimur.
2231 2409 2289 2465 Si
2331 2412 2476 2467 enim
2507 2413 2793 2484 quisquam
2830 2415 3084 2470 dilectum
3125 2415 3293 2483 videt,
3339 2417 3516 2490 magis

1914 2511 2096 2559 autem
2123 2505 2438 2561 recordatus
2465 2505 2630 2572 illius,
2660 2508 2822 2578 erigit
2845 2507 3081 2563 animam
3109 2517 3165 2564 et
3199 2518 3382 2566 mente
3422 2525 3515 2567 su-

1911 2595 2096 2651 blimis
2135 2595 2385 2663 ellicitur,
2427 2607 2486 2653 ut
2523 2599 2706 2655 omnia
2731 2599 2889 2656 facile
2917 2601 3128 2670 toleret,
3157 2602 3417 2660 delicians
3443 2617 3513 2660 ex

1913 2688 2175 2744 memoria
2204 2689 2366 2744 illius.
2397 2688 2498 2758 Qui
2527 2691 2674 2746 enim
2697 2691 2753 2746 in
2775 2700 2954 2748 mente
2977 2693 3231 2750 habuerit
3253 2709 3399 2760 eum,
3421 2694 3515 2766 qui

1915 2797 2016 2838 nos
2063 2783 2289 2855 diligere
2325 2799 2453 2840 vere
2501 2785 2752 2858 dignatus
2785 2795 2889 2854 est,
2913 2795 2969 2842 et
2994 2787 3312 2844 recordatus
3353 2787 3519 2845 fuerit

1915 2874 2054 2945 ejus,
2086 2889 2192 2929 non
2215 2876 2414 2946 poterit
2431 2875 2664 2945 aliquam
2691 2877 2893 2932 sentire
2913 2877 3213 2944 tristitiam,
3238 2887 3332 2933 aut
3358 2880 3517 2936 terri-

1915 2968 2023 3023 bile
2055 2967 2276 3039 aliquid,
2293 2977 2386 3023 aut
2406 2969 2766 3038 periculosum
2791 2970 3005 3025 timere.
3029 2988 3048 3021 ‹
3073 2969 3207 3028 Fide
3221 2971 3516 3028 celebravit

1922 3076 1942 3109 ε
1970 3059 2169 3130 pascha
2194 3068 2248 3113 et
2270 3059 2548 3131 sanguinis
2571 3058 2910 3127 effusionem,
2934 3077 3003 3116 ne
3025 3061 3116 3132 qui
3134 3064 3385 3118 vastabat
3403 3063 3517 3135 pri-

1924 3168 1942 3200 ι
1971 3149 2181 3215 mitiva,
2209 3158 2576 3220 tangereteos.
2593 3151 2868 3222 nPIurima
2885 3151 3084 3208 Paulus
3102 3153 3245 3208 inter
3258 3155 3372 3226 ipsa
3394 3171 3517 3226 quas

217 3247 419 3302 simum
448 3245 695 3316 spiritum
725 3245 840 3315 pati
883 3244 1022 3300 mala
1046 3286 1062 3312 ,
1103 3246 1244 3301 sicut
1271 3247 1434 3301 etiam
1472 3246 1587 3317 ipse
1614 3246 1816 3317 impro-
1840 3229 1885 3294 C
1916 3240 2156 3310 loquitur
2175 3241 2716 3314 soletargumentari,
2737 3252 2791 3298 et
2811 3244 3010 3300 densus
3023 3253 3108 3300 est
3128 3244 3182 3300 in
3207 3246 3512 3303 sententiis.

217 3338 373 3408 peria
399 3337 702 3391 sustinebat
731 3343 784 3389 et
814 3335 1066 3392 audiebat
1094 3353 1107 3389 :
1139 3354 1157 3386 ι
1190 3334 1248 3390 Si
1280 3335 1447 3391 Filius
1473 3336 1567 3392 Dei
1597 3352 1680 3404 es,
1709 3357 1727 3389 ι
1761 3345 1818 3392 et

219 3428 294 3483 ab
317 3429 399 3484 eis
426 3428 698 3494 audiebat,
740 3442 839 3498 pro
879 3427 1079 3498 quibus
1108 3427 1546 3500 crucifigebatur,
1577 3429 1630 3483 id
1659 3436 1742 3483 est
1785 3443 1815 3483 a

219 3519 636 3576 contribulibus.
654 3519 768 3575 Hoc
787 3530 874 3575 est
911 3521 1299 3591 imprOperium
1322 3519 1558 3584 Christi,
1599 3519 1817 3589 quando

219 3614 509 3684 quisquam
560 3629 591 3668 a
637 3613 967 3679 domesticis,
1009 3613 1226 3684 quando
1261 3611 1546 3682 quisquam
1581 3611 1650 3665 ab
1694 3612 1816 3677 his,

219 3708 423 3777 quibus
465 3705 787 3763 beneficium
827 3707 1100 3776 praestitit,
1125 3707 1359 3762 sustinet
1388 3705 1773 3774 improperium
1801 3721 1814 3757 :

219 3798 430 3855 etenim
482 3798 572 3854 ille
620 3812 836 3868 quoque
869 3813 968 3867 pro
998 3796 1260 3852 beneﬁcio
1292 3811 1390 3852 suo
1430 3797 1545 3850 haec
1575 3795 1821 3866 patieba-

221 3902 336 3948 tur.
388 3890 487 3946 Hic
533 3906 629 3947 eos
665 3890 950 3954 excitavit,
985 3890 1279 3944 ostendens
1323 3888 1449 3958 quia
1489 3894 1545 3941 et
1572 3885 1822 3941 Christus

221 3983 420 4038 eadem
446 3997 641 4054 passus
676 3991 761 4038 est
780 3990 836 4037 et
879 3979 1118 4053 Moyses,
1143 3981 1262 4036 dua:
1303 3995 1551 4051 personae
1579 3977 1738 4034 clarae
1769 3985 1824 4032 et

222 4075 532 4146 divulgata.
561 4075 793 4130 Proinde
818 4074 1021 4130 Christi
1051 4073 1222 4145 magis
1261 4061 1352 4129 est.
1374 4072 1518 4126 istud
1545 4072 1820 4142 imprope-

223 4167 393 4230 rium,
428 4181 588 4235 quam
633 4165 824 4238 Moysi,
857 4165 1110 4236 quoniam
1137 4163 1177 4218 ‘a
1219 4164 1451 4235 propriis
1495 4164 1596 4218 ista
1630 4178 1822 4232 passus

222 4269 314 4316 est
343 4278 358 4314 :
394 4260 778 4330 improperium
813 4261 1114 4314 sustinebat
1137 4268 1191 4312 et
1222 4258 1491 4329 patienter
1516 4250 1709 4310 cuncta
1741 4257 1824 4310 fe-

223 4357 388 4411 rebat
414 4354 522 4410 illis
544 4355 885 4410 moventibus
905 4354 1084 4424 capita
1108 4369 1224 4408 sua.
1250 4353 1386 4420 Quia
1414 4365 1545 4422 ergo
1572 4358 1825 4421 poterant

223 4446 468 4502 fortasse
501 4447 588 4503 his
622 4446 821 4501 auditis
847 4445 1156 4501 desiderare
1183 4445 1347 4501 etiam
1377 4444 1478 4514 ipsi
1511 4441 1826 4498 retributio-

225 4555 382 4606 nem,
404 4539 673 4610 dicitquia
692 4546 748 4594 et
767 4537 1018 4595 Christus
1041 4547 1098 4593 et
1123 4537 1333 4610 Moyses
1353 4537 1478 4591 talia
1501 4537 1648 4607 passi
1675 4543 1821 4591 sunt.

224 4631 470 4688 Proinde
498 4631 724 4696 deliciae,
753 4630 948 4700 inquit,
970 4638 1022 4685 et
1051 4629 1300 4685 remissio
1329 4629 1393 4683 ad
1423 4637 1632 4699 partem
1659 4627 1826 4698 perti-

225 4735 367 4785 nent
393 4727 624 4799 peccati,
646 4724 972 4797 improperia
996 4739 1130 4780 vero
1151 4724 1418 4779 sustinere
1436 4722 1501 4775 ad
1529 4720 1823 4776 Christum.

311 4839 330 4871 ι
375 4819 508 4874 Fide
539 4817 758 4888 reliquit
785 4816 1101 4888 Egyptum,
1138 4831 1244 4870 non
1273 4814 1478 4871 veritus
1511 4809 1829 4866 animosita-

233 4935 256 4969 ε
301 4922 416 4969 tem
445 4912 604 4982 regis,
627 4909 947 4965 invisibilem
989 4908 1136 4964 enim
1165 4915 1423 4977 tanquam
1444 4903 1634 4958 videns
1661 4903 1826 4958 susti-

234 5025 256 5056 ε
309 5004 482 5060 nuit.»
527 5000 669 5070 Quid
697 5001 832 5055 dicis
856 4999 982 5069 quia
1003 5013 1110 5054 non
1141 4996 1359 5053 timuit?
1384 5002 1438 5050 et
1474 5003 1653 5048 tamen
1683 4991 1832 5048 Scri-

229 5105 400 5167 ptura
434 5095 538 5148 hoc
565 5091 716 5156 dicit,
735 5094 861 5160 quia
891 5090 1116 5146 audiens
1141 5088 1346 5144 veritus
1366 5093 1470 5151 est,
1501 5094 1556 5140 et
1585 5092 1835 5156 propter-

232 5205 303 5246 ea
347 5187 473 5259 fuga
512 5185 741 5242 salutem
784 5185 1072 5255 acquisivit
1108 5193 1166 5240 et
1201 5199 1233 5238 a
1262 5183 1387 5252 fuga
1427 5195 1678 5238 reversus
1716 5187 1834 5245 est;

1917 3331 2063 3386 Talis
2101 3332 2299 3402 quippe
2321 3340 2405 3387 est
2427 3331 2662 3402 Spiritus
2701 3334 2874 3388 sancti
2902 3335 3074 3405 gratia
3095 3375 3110 3402 ,
3134 3349 3240 3390 non
3268 3335 3323 3390 in
3345 3335 3516 3391 abun-

1917 3422 2096 3476 dantia
2123 3422 2406 3476 verborum
2444 3437 2647 3493 paucas
2674 3423 2918 3479 continet
2959 3424 3290 3491 sententias,
3324 3425 3421 3481 sed
3451 3427 3507 3482 in

1917 3515 2181 3570 brevitate
2203 3516 2489 3570 verborum
2517 3531 2771 3586 magnum
2791 3515 2957 3572 habet
2979 3524 3036 3571 et
3050 3515 3340 3586 plurimum
3358 3517 3514 3573 intel-

1919 3607 2138 3662 lectum.
2170 3607 2384 3663 Intuere
2425 3608 2590 3678 igitur
2617 3610 2888 3679 quomodo
2919 3610 3020 3665 sub
3063 3611 3353 3666 occasione
3382 3612 3515 3666 hor-

1921 3699 2141 3754 tationis
2174 3709 2230 3754 et
2252 3700 2318 3754 de
2348 3699 2452 3755 fide
2497 3699 2797 3770 disputans,
2831 3700 2988 3770 cujus
3019 3715 3115 3758 eos
3138 3702 3249 3773 typi
3277 3716 3518 3757 comme-

1921 3799 2120 3856 morat,
2151 3799 2206 3845 et
2230 3792 2416 3860 quanti
2437 3793 2684 3862 mysterii
2701 3833 2715 3859 ,
2741 3794 2895 3864 cujus
2916 3794 3180 3849 habemus
3209 3794 3516 3848 veritatem.

1926 3904 1946 3934 ι
1976 3883 2124 3948 Fide,
2143 3883 2335 3952 inquit,
2354 3883 2650 3938 celebravit
2674 3885 2876 3955 pascha
2893 3883 3278 3940 eteﬂusionem
3297 3885 3517 3956 sangui-

1923 3973 2026 4039 nis,
2063 3988 2132 4028 ne
2157 3972 2247 4043 qui
2271 3974 2522 4028 vastabat
2543 3975 2840 4043 primitiva,
2868 3983 3114 4045 tangeret
3137 3991 3252 4032 eos.
3273 3995 3294 4029 ι
3317 3975 3521 4032 Ell'usio

1925 4065 2206 4136 sanguinis
2237 4065 2360 4136 agni
2409 4066 2822 4121 sacriﬁcabatur
2875 4067 2930 4121 in
2981 4067 3161 4132 domo,
3196 4074 3251 4122 et
3295 4067 3350 4122 in
3394 4083 3523 4122 san-

1924 4159 2086 4230 guine
2110 4160 2550 4230 perungebantur
2576 4153 2780 4231 postes,
2819 4169 2876 4217 et
2911 4161 3012 4217 hoc
3057 4172 3179 4218 erat
3207 4171 3451 4218 tutamen
3487 4179 3518 4218 a

1924 4253 2227 4322 perditione
2253 4252 2528 4324 Egyptia.
2552 4252 2609 4308 Si
2640 4254 2804 4325 igitur
2825 4255 3048 4327 sanguis
3069 4255 3299 4328 agninus
3327 4255 3383 4310 in
3411 4269 3525 4311 me-

1925 4343 2014 4398 dio
2036 4341 2412 4416 Aigyptiorum
2436 4352 2490 4400 et
2518 4345 2570 4400 in
2601 4353 2751 4401 tanta
2775 4346 3148 4403 devastatione
3188 4346 3386 4405 illaesos
3411 4362 3528 4404 ser-

1923 4435 2087 4490 vabat
2105 4435 2338 4500 Judaaos,
2359 4436 2528 4491 multo
2548 4436 2779 4507 amplius
2802 4438 3032 4494 salvabit
3056 4454 3172 4503 nos,
3191 4454 3296 4494 non
3317 4447 3524 4510 postes,

1925 4527 2022 4581 sed
2066 4527 2276 4581 animas
2331 4535 2546 4582 nostras
2591 4525 2793 4582 Christi
2841 4529 3106 4599 sanguine
3141 4537 3525 4599 perungentes.

1849 4594 1904 4655 Ῑ)
1931 4617 2145 4672 Etenim
2170 4617 2284 4688 jam
2325 4634 2470 4674 nunc
2494 4618 2585 4688 qui
2630 4620 2876 4675 devastat
2905 4594 2972 4674 in.
2987 4594 3254 4689 profunda
3278 4594 3342 4676 ac
3368 4629 3528 4678 nocte

1933 4709 2147 4774 circuit,
2185 4709 2279 4764 sed
2308 4709 2599 4763 induantur
2623 4724 2773 4764 arma
2793 4708 3040 4778 justitiae,
3067 4709 3170 4764 hoc
3207 4719 3292 4766 est
3322 4709 3412 4764 illo
3442 4727 3529 4766 sa-

1932 4798 2158 4853 criﬁcio.
2175 4798 2504 4854 Etlusionem
2527 4799 2807 4872 sanguinis
2837 4801 3247 4870 perunctioncm
3273 4801 3526 4872 appellat.

1935 4890 2014 4944 Ex
2040 4888 2275 4961 {Egypto
2305 4891 2450 4945 enim
2475 4892 2663 4945 eduxit
2706 4907 2806 4947 nos
2832 4892 2994 4959 Deus,
3026 4893 3130 4948 hoc
3151 4902 3258 4960 est,
3286 4907 3352 4948 ex
3375 4904 3528 4950 tene-

1935 4981 2050 5036 bris
2071 4991 2126 5037 et
2154 4980 2478 5036 idololatria.
2519 4980 2780 5048 Quamvis
2821 4983 2964 5053 quod
3001 4983 3168 5039 ﬁebat
3201 4983 3336 5040 nihil
3361 4991 3527 5051 esset,

1935 5071 2030 5126 sed
2051 5072 2196 5140 quod
2221 5084 2320 5140 per
2340 5069 2472 5124 illud
2503 5068 2892 5139 perficiebatur
2915 5087 3169 5144 magnum
3194 5081 3334 5128 erat.
3371 5072 3527 5141 Quod

1935 5163 2081 5218 enim
2111 5160 2296 5226 ﬂebat,
2318 5161 2598 5232 sanguinis
2624 5169 2743 5216 erat
2769 5161 2997 5218 effusio:
3023 5164 3169 5232 quod
3199 5175 3380 5218 autem
3407 5179 3532 5233 per-

237 5283 340 5341 sed
370 5252 554 5352 tamen
591 5279 734 5352 quod
765 5252 1017 5334 reversus
1039 5286 1123 5333 est
1148 5278 1366 5342 iterum,
1393 5275 1557 5330 animi
1579 5281 1699 5330 erat
1724 5271 1817 5328 Det

1939 5254 2260 5318 ficiebatur,
2308 5253 2454 5309 salus
2501 5262 2557 5308 et
2599 5252 2877 5310 conclusio
2913 5261 2970 5309 et
3003 5253 3300 5324 prohibitio
3351 5252 3536 5325 perdi-

234 5347 742 5432 εεεοπιιίιὶιιεῖιιὶε.
765 5369 881 5424 Non
907 5368 1053 5423 enim
1075 5367 1382 5434 dixit,Quia
1403 5373 1653 5436 quaerunt
1676 5379 1763 5418 me
1783 5370 1841 5418 ει
1941 5347 2123 5404 tionis.
2178 5347 2382 5402 Timuit
2430 5347 2579 5402 illum
2637 5347 2956 5420 sanguinem
3010 5348 3270 5419 angelus:
3326 5347 3535 5402 sciebat

242 5474 588 5530 scrutantur,
625 5478 732 5518 non
773 5478 860 5517 me
889 5461 1051 5532 igitur
1084 5459 1289 5514 eisdem
1324 5458 1454 5527 ipsis
1483 5455 1838 5511 committam.
1946 5439 2123 5542 enim}
2162 5438 2316 5542 cilius
2343 5450 2463 5494 erat
2507 5448 2684 5512 ιγρυε.
2735 5439 2979 5510 diriguit.
3012 5440 3352 5542 Po'millicam

242 5558 486 5613 Proinde
528 5556 691 5610 etiam
744 5552 886 5624 quod
914 5529 949 5606 ξι
975 5551 1102 5621 fuga
1140 5565 1388 5604 reversus
1418 5556 1518 5607 est.
1561 5545 1682 5602 ﬁdei
1720 5544 1839 5598 fuit.
1951 5542 2056 5587 lem
2087 5531 2437 5603 intelligens:
2466 5541 2754 5604 propterea
2790 5545 2898 5586 non
2943 5531 3127 5602 tetigit
3154 5540 3358 5624 postes.
3390 5529 3536 5584 Dixit

244 5648 359 5716 Qui
390 5648 554 5719 ergo?
582 5646 696 5700 Non
721 5643 1039 5716 permansit,
1073 5641 1264 5711 inquit,
1297 5657 1364 5695 ne
1402 5655 1462 5694 se
1501 5640 1552 5692 in
1597 5649 1842 5708 apertum
1951 5629 2163 5701 Moyses
2206 5645 2219 5680 :

246 5718 621 5813 praecipitaret
651 5736 977 5807 periculum:
1001 5736 1129 5806 quia
1148 5735 1251 5788 hoc
1267 5730 1378 5799 jam
1399 5730 1655 5784 tentantis
1681 5734 1843 5792 esset,
1951 5721 2058 5778 Vos
2088 5731 2268 5776 autem
2299 5722 2466 5791 ipsius
2485 5722 2608 5793 agni
2639 5722 2899 5777 habentes
2927 5718 3242 5813 sanguinem
3270 5732 3378 5771 non
3409 5731 3538 5772 con-

248 5809 468 5888 insilire
491 5829 544 5885 in
575 5830 749 5884 media
777 5827 1013 5897 pericula
1041 5835 1094 5882 et
1119 5826 1298 5880 dicere
1325 5842 1336 5875 :
1369 5821 1658 5877 Videamus
1685 5819 1730 5875 si
1761 5833 1847 5874 me
1879 5819 1919 5832 “·
1952 5814 2162 5871 fiditis?
2191 5831 2208 5866 ι
2249 5813 2382 5869 Fide
2419 5815 2756 5870 transierunt
2785 5825 2934 5866 mare
2982 5809 3252 5870 Rubrum,
3279 5814 3535 5870 tanquam

2273 5627 2498 5698 Ungite,
2547 5637 2603 5682 et
2655 5635 2960 5692 unxerunt,
3008 5633 3064 5680 et
3101 5623 3333 5680 confessi
3385 5631 3530 5678 sunt.
