3972 6336
426 311 538 373 803

1066 309 1134 395 β.
1171 307 1428 369 ΒΔΒΔΝΙ
1463 308 1684 367 MAURI
1718 305 2036 366 ABCBlEP.
2075 304 2389 365 MOGUNT.
2424 304 2713 363 OPERUM
2744 302 2928 365 PARS
2960 304 3051 365 Ill.

433 443 454 507 ε
481 437 582 499 per
607 421 818 483 aridam
844 428 1074 481 terram:
1096 424 1238 497 quod
1269 425 1478 497 experti
1507 422 1748 497 Egyptii
1775 423 2015 479 devorati
2042 423 2097 487 Α
2120 439 2276 481 suum
2302 421 2589 494 protelare.
2616 420 2821 478 Tamen
2866 437 2975 479 non
3018 436 3085 479 ea
3127 420 3413 494 explanat,
3450 424 3550 481 sed
3592 438 3739 497 pel-

434 510 453 567 i
482 521 627 571 sunt.
666 532 686 566 ι
722 512 923 593 lterum
951 516 1209 586 populum
1235 515 1534 587 perfectum
1560 522 1842 587 comparat
1877 515 2019 587 plebi

428 604 740 672 uniusloci,
761 621 830 662 ne
860 606 1047 662 dicant
1089 608 1216 678 quia
1248 624 1354 665 non
1397 623 1685 679 possumus
1724 607 2021 663 secundum

430 695 574 769 quod
607 695 744 767 justi
788 705 1103 769 potuerunt.
1145 719 1163 751 ι
1197 698 1331 755 Fide
1358 739 1372 765 ,
1422 698 1637 771 inquit,
1686 698 2022 756 transierunt

430 803 583 845 mare
611 782 881 853 Rubrum,
914 796 1167 860 tanquam
1212 804 1310 862 per
1338 790 1551 847 aridam
1592 800 1794 847 terram
1826 809 1840 846 :
1878 790 2023 863 quod

431 878 643 949 experti
684 876 926 951 Egyptii
970 880 1211 953 absorpti
1252 890 1397 937 sunt.
1454 902 1473 936 ι
1512 880 1575 937 In
1628 882 1733 938 hoc
1777 881 1897 938 loco
1954 882 2024 938 ad

432 971 867 1030 recordationem
898 988 992 1030 eos
1016 975 1236 1030 adducit
1258 976 1595 1049 passionum,
1620 990 1758 1046 quas
1778 975 1833 1031 in
1855 974 2025 1047 Egy-

431 1070 525 1139 pto
546 1064 693 1135 passi
710 1072 856 1119 sunt.
872 1062 1153 1131 Quomodo
1176 1065 1313 1121 hoc?
1332 1064 1469 1133 Quia
1492 1064 1596 1121 ﬁde
1616 1065 1911 1137 Sperabam
1927 1079 2027 1137 per

431 1170 585 1212 mare
605 1154 851 1211 Rubrum
886 1156 1138 1224 transire,
1167 1167 1393 1228 propter
1416 1159 1519 1213 hoc
1549 1157 1817 1213 orabant:
1851 1156 2024 1227 magis

434 1256 618 1303 autem
666 1246 880 1321 Moyses
919 1256 1041 1304 erat
1071 1249 1165 1319 qui
1191 1250 1403 1305 orabat.
1434 1248 1852 1331 Contemplaris,
1896 1249 2025 1320 quia

432 1339 637 1413 ubique
662 1339 798 1397 ﬁdes
825 1340 1268 1398 ratiocinationes
1298 1342 1564 1398 humanas
1592 1342 1829 1409 excedit,
1857 1349 1914 1397 et
1942 1341 2027 1397 in-

435 1431 752 1487 ﬁrmitatem
774 1440 937 1503 atque
962 1432 1323 1488 humilitatem
1349 1434 1627 1489 hominum
1651 1434 1912 1505 superat?
1935 1434 2023 1489 ln-

438 1522 606 1579 tueris
629 1524 754 1596 quia
770 1522 883 1595 jam
910 1524 1070 1583 simul
1114 1533 1174 1583 ut
1214 1525 1530 1592 credebant,
1555 1525 1719 1580 etiam
1759 1525 2024 1598 supplicia

434 1612 799 1678 declinabant.
826 1631 970 1671 nunc
991 1617 1212 1688 quidem
1236 1617 1291 1673 in
1318 1617 1579 1689 sanguine
1596 1617 1857 1689 pestium,
1882 1632 2026 1673 nunc

436 1714 620 1785 autem
648 1708 704 1763 in
726 1706 912 1765 Rubro
938 1708 1099 1765 mari?
1112 1709 1178 1765 Et
1194 1708 1299 1783 hoc
1319 1708 1701 1765 manifestabat
1721 1724 1919 1779 aquam
1941 1723 2025 1765 es-

2123 517 2318 584 currit,
2351 516 2627 587 sapienter
2646 515 2803 572 valde
2833 524 3128 588 utrumque
3153 515 3384 585 faciens,
3412 524 3471 574 et
3499 524 3741 592 tempus

2120 611 2357 683 fugiens,
2386 618 2444 669 et
2471 610 2797 666 densitatem
2822 609 3218 666 sententiarum
3261 625 3372 666 non
3412 608 3695 668 auferens
3718 629 3737 666 :

2122 718 2299 775 neque
2319 702 2463 759 enim
2483 703 2707 759 omnino
2734 701 2922 766 tacuit,
2946 716 3124 772 neque
3142 701 3331 758 dicens
3347 701 3625 758 molestus
3648 711 3743 760 est

2124 796 2375 854 effectus:
2394 805 2686 864 utrumque
2711 806 2892 851 autem
2916 793 3065 852 fecit.
3093 794 3232 851 Cum
3255 796 3403 851 enim
3427 795 3740 867 quisquam

2122 891 2341 951 fortiter
2356 890 2623 955 decertat,
2636 888 2681 945 si
2700 887 2756 943 in
2776 887 3081 943 certamine
3095 896 3428 959 perseveret,
3448 886 3743 960 defatigat

2124 981 2447 1038 auditorem.
2465 978 2569 1048 Qui
2590 980 2737 1035 enim
2748 976 2865 1048 jam
2884 979 3128 1035 credenti
3155 979 3497 1052 longitudine
3510 994 3745 1036 semo-

2125 1074 2212 1131 nis
2236 1072 2496 1129 molestus
2528 1085 2651 1131 esse
2679 1069 2934 1135 voluerit,
2957 1070 3269 1141 opinionem
3299 1070 3631 1127 ambitionis
3658 1071 3745 1126 in-

2126 1164 2324 1219 currit:
2342 1169 2555 1234 oportet
2583 1159 2730 1219 enim
2760 1159 2980 1221 utilitati
3012 1161 3346 1232 prospicere,
3372 1169 3429 1217 et
3450 1160 3743 1233 coepturi.

2131 1275 2150 1308 ι
2185 1255 2260 1310 De
2294 1253 2544 1319 Gedeon,
2584 1251 2829 1318 Barach,
2870 1251 3134 1317 Samson,
3164 1250 3399 1321 Jephte,
3445 1251 3641 1308 David
3689 1261 3745 1308 et

2133 1367 2152 1401 ι
2189 1346 2406 1405 Samuel
2433 1355 2488 1403 et
2514 1344 2815 1416 prophetis,
2837 1344 2931 1414 qui
2956 1358 3054 1415 per
3094 1343 3257 1401 ﬁdem
3288 1344 3622 1403 devicerunt
3656 1360 3748 1400 re-

2133 1458 2152 1492 c
2184 1454 2310 1509 gna.
2344 1457 2363 1490 ι
2406 1436 2465 1493 ιιι
2493 1437 2596 1499 hoc
2627 1433 2748 1492 loco
2775 1434 3000 1504 culpant
3026 1433 3253 1493 Paulum
3282 1434 3507 1505 quidam
3531 1474 3549 1501 ,
3596 1449 3747 1505 quo-

2124 1532 2274 1591 niam
2308 1529 2519 1585 Barach
2541 1537 2596 1583 et
2622 1526 2853 1583 Samson
2876 1535 2934 1582 et
2963 1524 3235 1597 .lephtben
3264 1525 3408 1582 inter
3433 1526 3574 1583 istos
3604 1541 3751 1582 con-

2126 1622 2323 1679 stituit.
2349 1620 2489 1691 Quid
2513 1619 2685 1675 dicis?
2719 1617 3067 1674 meretricem
3108 1618 3285 1688 ponit,
3316 1617 3451 1674 istos
3478 1635 3593 1675 non
3650 1632 3749 1689 po-

2127 1713 2258 1770 nat?
2285 1712 2395 1769 Nec
2432 1711 2565 1767 mihi
2590 1726 2735 1769 nunc
2762 1711 2915 1768 dicas
2934 1710 3099 1767 aliam
3125 1710 3295 1767 vitam
3316 1725 3533 1779 eorum,
3560 1714 3673 1770 sed
3698 1715 3748 1770 si

435 1814 518 1869 se,
545 1816 653 1872 qua
684 1798 760 1856 illi
785 1803 1066 1859 venientes
1092 1802 1334 1874 absorpti
1365 1812 1490 1861 sunt
1515 1822 1528 1858 :
1552 1818 1620 1859 ex
1642 1805 1750 1860 hoc
1773 1798 2024 1876 apparuit
2051 1808 2100 1871 Β
2125 1821 2235 1862 non
2276 1805 2643 1871 crediderunt,
2680 1803 2785 1861 etsi
2834 1817 2945 1861 non
2990 1802 3307 1858 claruerunt
3353 1804 3411 1858 in
3450 1803 3583 1861 ﬁde.
3622 1822 3647 1857 ι
3678 1804 3751 1862 Et

435 1907 545 1947 non
575 1907 697 1949 esse
730 1893 1102 1963 phantasiam,
1129 1896 1226 1951 sed
1250 1896 1393 1951 sicut
1435 1896 1491 1953 in
1528 1895 1776 1953 leonibus
1805 1896 1911 1954 illis
1932 1897 2026 1967 qui

436 1982 506 2037 ab
541 1982 623 2039 eis
649 1970 893 2039 devorati
925 1993 1075 2051 sunt,
1109 1987 1459 2045 ostentabant
1485 1986 1773 2042 veritatem
1800 2002 2022 2055 rerum;

435 2085 490 2132 et
531 2077 672 2133 sicut
696 2077 753 2133 in
777 2078 995 2134 camino
1033 2079 1127 2149 qui
1169 2078 1379 2137 incensi
1420 2087 1550 2136 sunt
1580 2079 1744 2151 (Dan.
1791 2095 1845 2137 vr
1868 2120 1885 2147 ,
1915 2078 2023 2154 ιιι),

436 2171 517 2228 sic
540 2171 704 2226 etiam
731 2187 875 2229 nunc
908 2171 1131 2245 inspicis
1168 2173 1384 2229 easdem
1436 2189 1547 2241 res,
1568 2172 1689 2229 aliis
1716 2174 1932 2244 quidem
1959 2174 2029 2231 ad

437 2258 667 2335 salutem
707 2268 764 2315 et
803 2261 1053 2333 gratiam,
1085 2261 1206 2318 aliis
1234 2270 1418 2318 autem
1446 2261 1515 2317 ad
1542 2262 1901 2334 perditionem
1928 2280 2026 2320 va-

436 2348 626 2406 luisse.
658 2350 716 2425 ln
742 2359 953 2406 tantum
979 2360 1061 2408 est
1085 2352 1221 2409 ﬁdes
1241 2368 1497 2424 magnum
1517 2354 1740 2420 bonum,
1772 2355 2027 2426 quoniam

438 2440 626 2507 etiam,
658 2442 875 2511 quando
922 2442 990 2497 ad
1043 2443 1474 2513 desperationem
1525 2444 1764 2517 aliquam
1816 2447 2031 2504 veneri-

438 2550 583 2605 mus,
610 2543 742 2591 tunc
767 2551 982 2611 quoque
1007 2537 1326 2603 liberamur,
1374 2556 1439 2596 ac
1466 2542 1514 2598 si
1542 2558 1713 2612 usque
1758 2544 1825 2600 ad
1855 2544 2030 2615 ipsam

439 2635 673 2709 mortem
693 2624 993 2694 veniamus,
1020 2644 1087 2685 ac
1116 2630 1163 2685 si
1192 2630 1258 2687 de
1286 2630 1442 2691 nobis
1468 2633 1536 2689 ab
1564 2635 1815 2692 omnibus
1841 2636 2030 2708 despe-

470 2725 613 2799 etur.
652 2718 783 2787 Quae
812 2734 1048 2797 namque
1086 2720 1200 2795 jam
1229 2735 1353 2797 spes
1404 2732 1524 2779 erat
1551 2725 1574 2781 ?
1601 2724 1741 2803 Hinc
1767 2726 2029 2800 Egyptii,

439 2732 613 2867 retur.
652 2732 783 2787 Quae
812 2734 1048 2797 namque
1086 2735 1200 2795 jam
1229 2735 1353 2797 spes
1404 2732 1524 2779 erat
1551 2732 1574 2781 ’ἰ
1601 2732 1741 2803 uiue
1767 2732 2029 2800 Egyptii,

461 2807 568 2865 nde
594 2824 765 2875 mare,
790 2808 893 2887 ipsi
934 2810 1170 2868 inermes
1220 2830 1233 2867 :
1281 2822 1375 2870 aut
1414 2817 1559 2872 enim
1605 2817 1660 2873 in
1704 2819 1843 2874 mari
1876 2827 2033 2877 erant

430 2894 688 2987 perituri,
712 2904 757 2960 si
778 2905 978 2983 vellent
1005 2906 1212 2981 fugere,
1246 2917 1341 2987 aut
1365 2910 1422 2966 in
1461 2927 1655 2969 manus
1678 2912 2032 2986 Egyptiacas

438 2990 697 3065 incidere.
733 2995 1123 3069 Yerumtamen
1165 3016 1234 3081 ex
1272 3002 1481 3073 majore
1530 3006 1912 3078 desperatione
1939 3023 2034 3065 eos

439 3084 692 3165 liberavit
717 3082 997 3161 {idipsum
1039 3108 1193 3173 mare
1222 3094 1355 3169 ipsis
1395 3104 1481 3152 est
1504 3099 1863 3169 substratum,
1891 3101 2034 3158 sicut

2122 1895 2425 1969 prophetis,
2456 1895 2657 1964 inquit,
2690 1894 2784 1965 qui
2812 1908 2913 1965 per
2950 1890 3115 1950 ﬁdem
3143 1904 3605 1965 expugnaverunt
3654 1910 3751 1951 re-

2126 2005 2254 2062 gna.
2276 2006 2296 2040 ι
2328 2007 2346 2040 ι
2365 1987 2587 2065 Operati
2606 1985 3041 2057 suntjustitiam,
3068 1986 3252 2058 adepti
3275 1996 3405 2043 sunt
3433 1989 3751 2059 repromis-

2135 2100 2157 2134 ‹
2185 2082 2388 2138 siones.
2432 2101 2452 2134 ›
2485 2080 2588 2148 Qui
2612 2087 2741 2137 sunt
2779 2079 2872 2137 isti
2907 2093 3047 2151 quos
3099 2077 3269 2139 dicit?
3292 2077 3744 2139 IiSericordiam

2126 2175 2274 2232 enim
2300 2173 2434 2230 dicit
2457 2173 2514 2229 in
2542 2172 2648 2229 hoc
2670 2171 2822 2238 loco,
2856 2185 3024 2243 quam
3066 2169 3260 2227 habuit
3302 2169 3498 2227 David.
3546 2170 3631 2228 De
3674 2186 3747 2227 eo

2126 2268 2274 2324 enim
2321 2267 2428 2323 hoc
2454 2281 2583 2323 eum
2613 2264 2798 2321 dicere
2825 2263 3111 2319 arbitror:
3146 2280 3171 2315 ί
3219 2262 3421 2333 Adepti
3468 2271 3606 2318 sunt
3652 2276 3749 2319 re-

2126 2360 2540 2435 promissioues.
2581 2378 2600 2412 ι
2635 2346 2877 2426 Quales?
2906 2357 3040 2415 Istas
3076 2357 3145 2413 de
3173 2356 3373 2427 quibus
3421 2356 3746 2423 dicebatur,

2128 2454 2260 2525 quia
2291 2466 2479 2511 semen
2527 2449 2647 2521 ejus
2697 2449 2908 2509 sedebit
2948 2464 3113 2521 super
3149 2448 3344 2505 solium
3384 2447 3527 2519 ejus.
3564 2468 3585 2502 ι
3620 2447 3747 2507 0b-

2137 2566 2157 2601 σ
2200 2552 2520 2601 turaverunt
2562 2557 2663 2601 ora
2724 2542 2976 2607 leonum,
3019 2540 3408 2597 exstinxerunt
3465 2540 3747 2611 impetum

2138 2655 2159 2690 ι
2194 2635 2356 2708 ignis,
2372 2633 2742 2706 elfugaverunt
2767 2634 2938 2691 aciem
2964 2631 3181 2704 gladii.»
3198 2629 3586 2704 Contemplare
3605 2647 3753 2703 quo-

2131 2729 2295 2789 modo
2324 2729 2381 2803 in
2418 2728 2535 2798 ipsa
2565 2734 2743 2783 morte
2778 2738 2973 2782 erant:
3000 2723 3195 2783 Daniel
3233 2739 3268 2780 a
3302 2723 3594 2790 leonibus,
3624 2734 3749 2782 tres

2130 2819 2291 2892 pueri
2324 2818 2381 2875 in
2410 2817 2629 2874 camino
2652 2817 3080 2878 deambulantes,
3115 2815 3399 2883 Israelita,
3425 2815 3743 2884 Abraham.

2128 2912 2287 2975 Isaac
2309 2920 2365 2975 et
2383 2908 2553 2971 Jacob
2583 2910 2640 2966 in
2672 2909 2843 2966 variis
2886 2909 3277 2971 tentationibus
3304 2922 3321 2963 :
3347 2916 3409 2964 et
3444 2924 3633 2980 neque
3658 2910 3745 2969 sic

2133 3004 2578 3075 desperaverunt.
2611 3000 2726 3065 Hoc
2750 3001 2898 3059 enim
2925 3009 3011 3059 est
3031 2998 3190 3068 ﬁdes,
3214 3008 3276 3056 ut
3300 3015 3428 3057 cum
3454 3016 3550 3057 res
3576 3002 3744 3058 nobis

2088 3112 2095 3119 '
2134 3093 2191 3151 in
2237 3093 2572 3149 contrarium
2611 3101 2832 3158 exeunt,
2851 3102 3007 3158 .tunc
3061 3092 3395 3168 credamus:
3426 3095 3561 3166 quia
3596 3095 3744 3151 nihil

440 3190 610 3253 terra,
647 3180 749 3241 hos
774 3195 955 3242 autem
977 3188 1237 3267 demersit
1256 3190 1399 3246 sicut
1428 3206 1581 3249 mare
1611 3209 1626 3248 :
1660 3193 1773 3250 illic
1799 3194 2029 3250 oblitum
2057 3187 2104 3253 α
2134 3186 2476 3244 contrarium
2505 3185 2714 3251 factum
2744 3194 2846 3251 εει,
2877 3185 2975 3253 Sed
3000 3195 3200 3243 θυηειει
3244 3189 3647 3260 consequentia
3682 3199 3741 3247 ει

442 3281 652 3330 naturae
670 3290 803 3342 suas,
819 3274 909 3332 hic
933 3286 1116 3333 autem
1138 3278 1303 3335 etiam
1330 3289 1600 3337 armatum
1623 3282 1884 3340 adversus
1909 3298 2024 3340 eos.

446 3384 467 3437 ς
502 3366 633 3423 Fide
656 3356 797 3425 muri
823 3364 1041 3427 Jericho
1060 3379 1385 3433 corruerunt
1404 3373 1636 3430 circuitu
1666 3375 1876 3433 dierum
1908 3391 2031 3448 sep-

443 3461 575 3511 tem.
597 3473 618 3508 ι
636 3454 755 3525 Non
771 3457 917 3537 enim
940 3460 1194 3516 tubarum
1214 3463 1426 3520 sonitus
1438 3480 1722 3522 murorum
1738 3481 1869 3523 saxa
1883 3466 2030 3537 deje-

443 3542 539 3612 cit,
556 3561 622 3602 ac
640 3545 686 3603 si
706 3562 807 3619 per
828 3548 1015 3607 decem
1038 3552 1205 3630 millia
1217 3570 1389 3611 annos
1403 3556 1671 3626 quistubis
1684 3558 1919 3626 insonet,
1934 3561 2029 3617 sed

432 3636 579 3717 ﬁdes
611 3639 793 3711 omnia
822 3641 983 3721 valet.
1012 3642 1242 3721 intueris
1262 3646 1461 3720 ubique
1483 3663 1661 3718 neque
1697 3651 2029 3707 conscientia

447 3722 879 3806 [consequentia]
900 3733 1007 3788 ulla
1026 3728 1231 3802 rerum,
1265 3751 1441 3808 neque
1465 3747 1674 3797 natura:
1708 3741 1824 3814 lege
1844 3746 2028 3801 omnia

442 3822 768 3895 permutari,
792 3822 886 3878 sed
920 3833 1145 3897 propter
1173 3823 1418 3899 [praeter]
1451 3843 1601 3899 spem
1640 3841 1839 3889 cuncta
1870 3833 2029 3892 ﬁeri?

442 3908 677 3969 Proinde
696 3913 861 3969 etiam
883 3914 971 3971 hic
982 3926 1203 3987 propter
1216 3916 1456 3993 [praeter]
1480 3936 1631 3992 spem
1653 3934 1849 3981 cuncta
1870 3926 2024 3984 ﬁunt.

441 4002 707 4075 Quoniam
736 4006 885 4063 enim
923 4023 1141 4067 sursum
1170 4020 1332 4083 atque
1356 4014 1608 4071 deorsum
1634 4017 1869 4086 dicebat,
1900 4021 2028 4092 quia

440 4103 656 4165 oportet
678 4099 903 4155 credere
933 4108 990 4163 et
1010 4102 1210 4172 spebus
1233 4102 1431 4162 futuris
1460 4108 1598 4179 regi,
1622 4124 1839 4166 omnem
1864 4112 2025 4168 istum

436 4205 748 4247 sermonem
772 4193 963 4261 movit,
994 4197 1286 4253 ostendens
1310 4200 1438 4270 quia
1469 4217 1579 4257 non
1625 4219 1788 4272 nunc,
1818 4206 1916 4262 sed
1957 4221 2027 4263 ex

436 4279 599 4361 initio
637 4283 819 4365 omnia
849 4285 1110 4353 miracula
1134 4303 1235 4365 per
1257 4288 1419 4359 ﬁdem
1466 4291 1757 4363 impetrata
1796 4307 1925 4354 sunt
1971 4307 2028 4355 et

436 4362 701 4449 perfecta.
736 4362 756 4427 ά
788 4372 919 4433 Fide
954 4376 1106 4435 Raab
1134 4362 1394 4438 meretrix
1431 4389 1741 4458 nonperiit
1768 4405 1893 4446 cum
1939 4391 2024 4447 in-

444 4481 464 4545 ς
498 4463 756 4533 credulis,
788 4467 1065 4539 excipiens
1087 4471 1460 4543 exploratores
1502 4490 1625 4532 cum
1654 4494 1807 4548 pace.
1840 4500 1859 4533 ι
1886 4480 2025 4537 Pro-

2131 3279 2387 3336 ordinata
2407 3286 2692 3337 venerunt.
2714 3296 2733 3330 ι
2754 3276 3141 3349 Eﬁ‘ugeverunt
3152 3293 3247 3335 ora
3270 3268 3637 3353 gladiorum.»
3660 3282 3740 3341 De

2132 3370 2307 3427 tribus
2338 3370 2522 3441 pueris
2562 3385 2689 3427 eum
2719 3371 2917 3433 iterum
2940 3380 3072 3442 puto
3106 3372 3310 3430 dicere.
3360 3392 3381 3427 ι
3424 3376 3734 3433 Convalue~

2138 3483 2158 3518 ί
2192 3472 2319 3523 runt
2346 3464 2414 3520 de
2436 3462 2776 3531 inﬁrmitate,
2794 3465 2961 3539 fortes
2988 3463 3119 3522 facti
3144 3474 3271 3522 sunt
3290 3467 3349 3523 in
3368 3466 3534 3533 bello,
3550 3479 3735 3525 astra

2138 3575 2158 3610 ι
2190 3566 2469 3614 verterunt
2510 3566 2848 3625 exterorum,
2892 3570 3221 3630 acceperunt
3247 3562 3507 3620 mulieres
3542 3565 3610 3620 de
3638 3580 3731 3622 rep

2132 3669 2157 3713 ,ι
2190 3650 2529 3709 surrectione
2550 3658 2797 3709 mortuos
2819 3665 2966 3708 suos.
2990 3672 3012 3705 ι
3048 3652 3287 3725 Tempus
3312 3664 3605 3727 postquam
3636 3673 3705 3714 re

2131 3742 2275 3798 versi
2300 3749 2427 3798 sunt
2453 3755 2521 3796 ex
2548 3741 2840 3813 Babylonia
2865 3742 3156 3813 signiﬁcat.
3192 3763 3213 3798 ι
3240 3745 3321 3802 Ex
3356 3746 3679 3805 inﬁrmitate
3704 3768 3725 3801 υ

2130 3834 2277 3890 enim
2315 3834 2420 3891 hoc
2447 3847 2569 3889 esse
2607 3844 2762 3905 puto,
2803 3834 2857 3890 id
2902 3843 3007 3901 est,
3033 3851 3101 3892 ex
3140 3838 3474 3909 captivitate,
3510 3843 3728 3912 quando

2124 3924 2239 3996 jam
2270 3925 2325 3980 in
2354 3926 2732 3996 desperatione
2753 3937 2913 3984 erant
2930 3927 3170 3987 iudaice:
3190 3946 3303 3998 res,
3328 3935 3550 4002 quando
3562 3932 3675 4002 jam
3694 3948 3725 3987 a

2129 4019 2361 4074 mortuis
2380 4017 2513 4074 nihil
2526 4019 2819 4074 distabant.
2845 4020 2977 4087 Quis
3001 4022 3145 4077 enim
3171 4037 3278 4078 non
3310 4023 3641 4095 desperabat
3658 4024 3725 4079 de

2127 4108 2420 4182 Babylonia
2434 4126 2529 4169 eos
2538 4126 2698 4182 posse
2712 4114 2946 4169 reverti?
2965 4122 3021 4170 et
3036 4129 3146 4170 non
3166 4115 3287 4171 dico
3300 4118 3505 4175 reveni
3525 4118 3717 4185 solum

2127 4204 2225 4261 sed
2252 4205 2419 4261 etiam
2449 4205 2704 4263 fortiores
2732 4206 2892 4263 silici.
2930 4225 2950 4258 ι
2980 4208 3171 4265 Castra
3193 4218 3486 4267 verterunt
3504 4222 3721 4268 extero—

2126 4312 2269 4355 rum.
2306 4317 2328 4349 ι
2365 4295 2473 4353 Sed
2497 4299 2651 4355 vobis
2674 4299 2810 4356 nihil
2843 4299 2948 4356 tale
2968 4301 3218 4372 contigit,
3251 4302 3449 4374 inquit.
3475 4302 3586 4360 Sed
3608 4304 3719 4359 hac

2125 4389 2315 4447 formae
2362 4399 2490 4449 sunt
2526 4389 2854 4449 futurorum.
2892 4409 2912 4445 ι
2958 4392 3307 4464 Acceperunt
3344 4394 3608 4453 mulieres
3652 4410 3717 4451 ex

2132 4501 2152 4537 ι
2185 4482 2589 4559 resurrectione
2618 4492 2862 4541 mortuos
2898 4499 3046 4541 suos.
3086 4505 3106 4539 ι
3146 4484 3223 4540 Ea
3252 4500 3375 4556 qua:
3408 4486 3558 4542 circa
3600 4502 3722 4560 pro-

438 4534 579 4651 inde
589 4552 876 4651 admodum
1090 4534 1256 4629 esset,
1285 4564 1331 4620 si
1360 4534 1671 4625 meretrice-
1693 4534 2025 4631 inﬁdeliores
2049 4582 2105 4645 υ
2344 4534 3721 4651 Elia-"mli,Eiéitfsii'ssusieiﬁidﬂigﬁs-

438 4644 813 4723 exstitissent;
846 4657 1027 4707 tamen
1056 4652 1147 4708 illa
1176 4654 1422 4714 homines
1450 4660 1655 4717 audivit
1684 4665 2019 4734 nuntiantes,

439 4745 496 4795 et
532 4738 823 4798 confestim
868 4744 1119 4803 credidit.
1158 4746 1295 4803 Nam
1327 4759 1383 4806 et
1434 4767 1557 4811 eam
1594 4754 1756 4811 ﬁdem
1798 4756 2022 4816 eﬁ‘ectus

439 4842 765 4919 consecutus
776 4844 861 4895 est
877 4855 891 4892 :
909 4839 1160 4898 omnibus
1182 4843 1382 4914 quippe
1399 4848 1772 4917 pereuntibus,
1793 4850 1905 4907 sola
1920 4853 2024 4908 sal-

439 4932 564 4979 vata
593 4934 698 4982 est.
742 4926 860 4985 Non
890 4930 1029 4988 dixit
1054 4934 1123 4991 ad
1148 4934 1406 5005 seipsam,
1437 4936 1575 5005 Quia
1619 4955 1743 4996 cum
1775 4942 2025 5013 plurimis

440 5017 580 5074 meis
601 5033 697 5077 ero
716 5034 735 5076 :
756 5019 875 5078 Non
901 5024 1071 5093 dixit,
1094 5024 1235 5091 Num
1264 5042 1366 5100 ego
1405 5030 1525 5087 istis
1555 5033 1872 5103 prudentior
1903 5053 2024 5095 esse

439 5126 661 5184 possunt
682 5114 1016 5187 sapientibus
1035 5120 1190 5189 viris,
1204 5123 1296 5192 qui
1316 5138 1424 5181 non
1448 5125 1695 5193 credunt,
1715 5135 1771 5183 et
1786 5144 1886 5201 ego
1906 5146 2024 5187 ere.

441 5202 606 5265 dam?
635 5204 780 5273 Nihil
807 5208 1088 5277 talqdixit,
1103 5212 1199 5271 sed
1222 5214 1455 5275 credidit
1473 5215 1633 5273 dictis
1654 5232 1864 5287 eorum,
1879 5223 2022 5291 quod

438 5294 653 5367 possint
678 5296 768 5353 illa
798 5299 1138 5374 contingere.

517 5402 537 5439 ι
566 5385 638 5442 Ει
658 5387 790 5461 quid
824 5390 1005 5447 adhuc
1049 5391 1271 5448 dicam?
1308 5391 1535 5452 Deﬁciet
1571 5397 1718 5453 enim
1755 5413 1845 5456 me
1886 5408 2024 5457 tem-

446 5491 465 5527 ι
502 5489 605 5555 pus
632 5490 1062 5557 enumerantem.
1109 5500 1131 5535 ι
1165 5480 1394 5555 (Ιοαη.)
1434 5482 1553 5540 Jam
1590 5501 1697 5543 non
1732 5490 1883 5560 ponit
1933 5506 2026 5547 no-
2064 5503 2075 5520 '

440 5570 611 5638 mina,
636 5571 731 5629 sed
751 5572 915 5629 ﬁnem
936 5572 1141 5632 faciens
1169 5575 1223 5632 in
1249 5579 1625 5647 meretrice,et
1647 5584 2022 5641 verecundiam

441 5664 521 5719 eis
537 5665 781 5722 excitans
803 5666 1064 5739 qualitate
1088 5683 1356 5740 personae,
1371 5670 1484 5742 jam
1506 5690 1616 5731 non
1639 5675 1829 5733 dilatat
1858 5678 2026 5734 histo-

444 5757 647 5814 riarum
692 5763 1287 5833 commemorationem,
1313 5779 1381 5823 ne
1422 5766 1670 5823 videatur
1716 5784 2022 5827 sermonem

2124 4680 2277 4732 caus,
2302 4665 2396 4736 qui
2426 4677 2672 4723 mortuos
2701 4668 3061 4725 suscitabant.
3098 4689 3117 4722 ι
3149 4668 3257 4725 Alii
3285 4680 3471 4728 autem
3497 4670 3717 4727 distenti

2126 4776 2149 4810 ι
2186 4766 2312 4814 sunt
2336 4773 2443 4815 non
2465 4759 2821 4828 suscipientes
2849 4759 3273 4831 redemptionem
3292 4800 3309 4826 ,
3350 4768 3411 4815 ut
3438 4761 3717 4817 meliorem

2130 4870 2151 4905 ι
2187 4851 2493 4909 invenirent
2517 4854 2990 4911 resurrectionem.
3033 4872 3053 4907 ι
3084 4853 3213 4921 Alii,
3261 4854 3466 4925 inquit,
3499 4855 3716 4911 distenti

2125 4948 2255 4998 sunt
2302 4957 2411 4999 non
2461 4942 2817 5015 suscipientes
2847 4945 3296 5015 redemptionem,
3328 4953 3391 5001 ut
3436 4945 3716 5003 meliorem

2126 5036 2582 5093 resurrectionem
2611 5037 3000 5108 adipiscantur.
3033 5037 3167 5094 Nam
3208 5054 3325 5106 cur,
3357 5038 3446 5094 dic
3472 5039 3633 5104 mihi,
3662 5038 3714 5092 ia

2126 5127 2378 5201 prtesenti
2404 5127 2512 5182 vita
2540 5127 2796 5187 nolebant
2827 5128 3048 5187 vivere?
3075 5144 3255 5189 nonne
3284 5130 3413 5201 quia
3434 5129 3713 5189 meliorem

2125 5220 2563 5290 exspectabant?
2587 5231 2648 5278 ut
2692 5238 2815 5279 cum
2846 5223 2985 5281 alios
3009 5225 3361 5294 suscitarent,
3387 5226 3495 5298 ipsi
3538 5234 3713 5283 tamen

2124 5311 2265 5371 mori
2291 5310 2689 5370 desiderabant.
2719 5314 2935 5372 Clarum
2947 5324 3179 5390 estergo
3204 5318 3329 5387 quia
3358 5326 3421 5374 ut
3438 5317 3715 5376 meliorem

2127 5405 2588 5463 resurrectionem
2613 5407 3065 5479 adipiscerentur,
3081 5425 3187 5467 non
3212 5411 3358 5467 enim
3380 5410 3615 5487 [autem]
3636 5422 3711 5468 ta~

2126 5494 2254 5564 lem,
2283 5497 2501 5567 qualem
2534 5501 2989 5558 resurrectionem
3015 5512 3343 5575 acceperant
3372 5504 3470 5561 ﬁlii
3500 5506 3709 5562 illarum

2128 5585 2436 5655 mulierum,
2490 5588 2546 5643 lu
2589 5590 2692 5646 hoc
2726 5593 2848 5647 loco
2873 5592 3090 5649 videtur
3116 5594 3247 5651 mihi
3275 5595 3405 5667 quia
3450 5594 3709 5654 Joannem

2128 5675 2397 5747 signiﬁcat
2411 5686 2467 5734 et
2478 5676 2739 5736 Iacobum
2771 5700 2783 5734 :
2810 5682 3065 5739 distentio
3083 5685 3284 5755 quippe
3307 5685 3512 5741 dicitur
3536 5685 3711 5743 decol-

2129 5767 2277 5827 latio.
2307 5769 2440 5826 Nam
2472 5780 2693 5843 possent
2720 5773 2903 5830 videre
2924 5774 3113 5844 solem,
3144 5787 3368 5849 possent
3391 5794 3497 5836 non
3522 5779 3705 5837 redar-
