3972 6336
243 283 352 340 805

715 278 1271 336 ENARRATIONUM
1308 278 1378 334 IN
1417 278 1570 334 EPP.
1608 278 1816 336 PAULI
1850 277 1979 334 LIB.
2022 277 2214 336 XXIX.
2253 313 2324 323 —
2362 281 2432 338 IN
2466 282 2687 341 EPIST.
2727 287 2821 344 AD
2859 287 3088 346 ΗιΕΒῐὶ.ς

3413 293 3520 352 806

241 413 431 475 gnere,
452 405 507 454 et
532 397 808 468 elegerunt
832 399 1002 467 magis
1025 395 1182 460 mori,
1207 411 1331 452 cum
1367 395 1468 466 ipsi
1505 395 1636 450 alios
1660 395 1833 450 susci-
1859 400 1908 460 Α
1935 411 2124 465 passer
2157 397 2431 454 solitarius
2463 399 2516 453 in
2567 407 2708 455 tecto
2758 397 2950 473 (Pani.
2998 403 3102 474 CI).
3154 403 3359 481 [Joan.]
3404 408 3523 467 Duo

238 499 445 556 tarent,
484 499 543 544 ut
580 489 858 543 meliorem
901 489 1352 542 resurrectionem
1382 489 1828 559 adipiscerentur.

243 601 267 637 ι
303 583 408 638 Alii
439 597 569 636 vero
603 565 834 633 ludibria
881 588 935 633 et
966 581 1192 634 verbera
1229 581 1458 649 experti,
1510 581 1731 650 insuper
1777 591 1833 636 et

241 695 266 730 ι
302 675 518 731 vincula
537 681 591 729 et
611 687 861 728 carceres
880 687 893 737 ;
913 671 1130 742 lapidati
1149 679 1292 735 sunt,
1313 672 1444 726 secti
1461 679 1606 737 sunt,
1624 673 1675 726 in
1695 672 1832 728 occi-

241 786 262 821 ι
302 768 456 823 sione
485 765 647 838 gladii
674 765 871 818 mortui
907 772 1049 818 sunt.
1081 784 1098 815 ›
1127 763 1183 816 In
1208 763 1325 818 istis
1344 761 1473 817 facit
1505 764 1829 834 linem,quia

236 859 476 915 maxime
524 857 614 911 isti
656 854 910 909 familiari
961 854 1312 908 similitudine
1348 854 1731 924 iungebantur,
1776 863 1833 910 et

233 951 474 1006 maxime
501 948 606 1002 illis
635 948 738 1002 ista
788 945 1087 1001 atferebant
1115 947 1563 1000 consolationem.
1603 947 1829 1015 Quando

232 1043 381 1098 enim
413 1042 535 1110 quis
566 1042 618 1094 in
645 1040 835 1094 eadem
860 1053 1045 1103 causa,
1077 1037 1162 1092 vel
1191 1039 1245 1093 in
1270 1040 1458 1093 eadem
1489 1041 1738 1109 passione
1763 1054 1828 1094 ac

232 1133 460 1189 tristitia
492 1131 787 1196 detinetur,
825 1130 1080 1184 solatium
1108 1145 1176 1183 ex
1222 1129 1574 1185 similitudine
1606 1146 1826 1201 compa-

231 1227 422 1282 tientis
477 1223 721 1293 accipit:
768 1220 1004 1290 alioquin
1067 1236 1132 1274 ac
1184 1221 1230 1274 si
1290 1222 1530 1291 peiorem
1589 1221 1824 1291 aliquam

231 1313 726 1390 passionemdicas,
745 1313 790 1367 si
809 1329 914 1367 non
937 1326 1001 1365 ex
1034 1311 1223 1365 eadem
1249 1319 1558 1366 causa‘orta
1581 1313 1674 1376 sit,
1693 1311 1826 1366 nihil

229 1413 476 1483 prodest.
525 1408 817 1479 Propterea
849 1408 901 1462 in
932 1408 1034 1462 hoc
1086 1421 1391 1461 sermonem
1424 1423 1578 1462 suum
1607 1409 1825 1464 conclu—

233 1505 334 1570 dit,
361 1502 576 1558 vincula
599 1503 887 1557 nominans
923 1509 977 1556 et
1002 1516 1250 1555 carceres
1280 1510 1335 1554 et
1363 1499 1586 1555 verbera
1614 1512 1669 1556 et
1693 1501 1826 1571 lapi-

232 1597 500 1660 dationes,
532 1594 866 1665 Stephanum
896 1593 1213 1662 signiﬁcans
1240 1601 1294 1646 et
1323 1593 1666 1647 Zachariam.
1691 1593 1821 1648 Pro-

227 1698 416 1762 pterea
448 1686 721 1757 adiunxit,
753 1707 769 1738 ‹
803 1686 854 1740 in
885 1687 1155 1750 occisione
1182 1685 1344 1754 gladii
1384 1687 1583 1741 mortui
1619 1695 1761 1741 sunt.
1796 1707 1814 1738 ι

1935 489 2132 558 quippe
2173 497 2298 542 sunt
2343 489 2600 544 miracula
2645 492 2766 546 fidei
2794 534 2808 558 ,
2855 495 2982 562 quia
3009 506 3064 550 et
3106 497 3360 568 impetrat
3405 516 3493 556 ma

1933 596 2037 650 gna
2089 589 2143 634 et
2186 581 2388 650 patitur
2441 598 2658 653 magna,
2697 593 2752 638 et
2808 585 2942 639 nihil
2995 597 3210 658 reputat
3263 592 3395 660 pati.
3454 592 3522 649 Et

1932 688 2037 726 non
2077 673 2305 742 potestis
2344 673 2556 739 dicere,
2610 675 2818 744 inquit,
2871 678 2998 747 quia
3043 690 3358 747 peccatores
3398 684 3519 753 qui-

1932 762 2056 816 dam
2107 773 2266 817 erant
2291 772 2344 818 et
2373 763 2568 818 inﬁmi.
2595 763 2652 818 Si
2693 765 2838 820 enim
2893 783 2960 822 ex
3010 768 3115 823 alia
3144 779 3296 840 parte
3346 781 3522 830 totum

1931 855 2191 908 mundum
2233 871 2554 925 compares,
2604 856 2725 911 illos
2771 858 2988 913 invenio
3032 861 3250 916 virtutis
3277 865 3519 932 pondere

1930 949 2206 1013 meliores,
2247 959 2302 1002 et
2331 949 2592 1003 trutinam
2637 951 2975 1006 attrahentes
3002 961 3058 1006 et
3084 955 3516 1012 honorabiliores

1928 1039 2082 1093 valde
2129 1047 2407 1094 exstantes
2438 1058 2450 1094 :
2484 1040 2612 1109 quid
2658 1041 2822 1108 igitur
2847 1052 3070 1112 possent
3121 1045 3209 1100 hic
3241 1047 3521 1118 recipere?

1931 1132 2112 1204 (ΚΑΒ.)
2144 1133 2200 1187 In
2238 1134 2340 1188 hoc
2369 1133 2484 1188 loco
2513 1135 2718 1190 excitat
2761 1151 2951 1190 eorum
2986 1145 3256 1203 mentem,
3295 1148 3354 1194 ut
3405 1156 3515 1197 non

1929 1225 2240 1279 adhaereant
2261 1225 2639 1294 prtesentibus,
2662 1229 2755 1282 sed
2776 1229 3055 1297 superiora
3082 1230 3297 1300 sapiant
3313 1238 3368 1286 et
3383 1233 3519 1288 emi-

1928 1318 2176 1372 nentiora
2211 1319 2462 1374 omnibus
2513 1335 2632 1389 quae
2663 1329 2787 1376 sunt
2832 1323 2886 1376 in
2940 1324 3043 1379 hac
3075 1325 3206 1392 vita,
3250 1327 3519 1397 siquidem

1927 1409 2103 1464 omnis
2143 1411 2374 1465 mundus
2420 1427 2526 1466 non
2575 1421 2659 1468 est
2685 1413 2880 1484 dignus
2914 1415 2968 1468 in
3017 1431 3205 1472 eorum
3237 1435 3520 1492 compara-

1927 1505 2094 1560 tione.
2142 1506 2283 1573 Quid
2315 1507 2478 1577 igitur
2505 1507 2588 1562 vis
2615 1509 2668 1562 in
2703 1509 2805 1564 hac
2850 1511 2956 1564 vita
3005 1513 3290 1582 recipere?
3319 1513 3517 1583 Iniuria

1926 1600 2122 1668 quippe
2152 1607 2255 1662 est,
2289 1600 2330 1654 si
2374 1601 2428 1654 in
2465 1601 2568 1655 hac
2599 1601 2710 1656 vita
2755 1605 3061 1660 mercedem
3095 1607 3344 1676 recipias.
3395 1607 3513 1664 Non

1927 1691 2109 1759 itaque
2136 1691 2415 1745 srecularia
2444 1693 2737 1761 sapiamus,
2782 1709 2960 1764 neque
2985 1696 3128 1750 enim
3171 1697 3222 1751 in
3258 1699 3360 1753 hac
3404 1699 3516 1754 vita

228 1781 371 1850 Quid
409 1779 586 1834 dicis?
621 1777 710 1830 alii
743 1778 957 1848 quidem
985 1775 1357 1846 elI'ugaverunt
1378 1793 1473 1832 ora
1498 1778 1816 1848 gladiorum,
1850 1765 1896 1826 Β
1923 1798 2231 1852 ῳιωηιῐιιιις
2261 1784 2772 1852 reciprocationem,
2808 1801 2984 1856 neque
3022 1789 3077 1842 in
3109 1796 3319 1844 tantum
3347 1791 3517 1846 simus

226 1872 322 1927 alii
372 1886 502 1926 vero
547 1872 602 1925 in
639 1869 909 1924 occisione
960 1867 1121 1937 gladii
1161 1865 1495 1922 defecerunt.
1541 1867 1680 1934 Quid
1736 1877 1820 1924 est

224 1967 369 2024 hoc?
398 1965 526 2037 quid
561 1967 751 2020 horum
787 1962 994 2026 laudas,
1047 1961 1176 2031 quid
1232 1962 1562 2016 admiraris?
1602 1962 1704 2016 hoc
1749 1978 1818 2016 an

229 2059 512 2125 illud?lta,
529 2057 790 2128 inquit....
824 2075 835 2109 :
869 2057 974 2111 hoc
997 2055 1217 2124 quidem
1235 2054 1386 2126 vobis
1398 2055 1699 2123 proximius
1713 2062 1814 2120 est,

226 2155 358 2211 illud
386 2160 566 2208 autem
596 2149 862 2204 laudabile
878 2156 979 2213 est,
997 2146 1124 2216 quia
1147 2147 1362 2202 etcirca
1387 2147 1561 2218 ipsam
1585 2155 1817 2202 mortem

222 2247 510 2320 praavaluit
555 2243 689 2299 ﬁdes
717 2251 772 2296 et
802 2253 959 2312 typus
988 2239 1314 2293 futurorum.
1355 2257 1374 2288 ‹
1415 2239 1820 2293 Circumiernnt

232 2358 250 2392 ι
289 2337 345 2393 in
375 2336 604 2398 melotis,
641 2337 693 2388 in
722 2333 951 2403 pellibus
975 2330 1232 2400 caprinis.
1269 2350 1286 2380 ι
1327 2330 1553 2400 Semper
1574 2329 1815 2399 quidem,

223 2430 465 2487 maxime
500 2437 678 2482 autem
725 2440 848 2479 cum
888 2429 1199 2477 sanctorum
1233 2421 1475 2490 recogito
1504 2420 1734 2474 virtutes
1763 2426 1819 2473 et

221 2519 576 2576 rectitudines
599 2531 840 2587 operum,
865 2523 991 2568 tunc
1023 2513 1150 2566 mihi
1178 2511 1322 2566 subit
1349 2511 1652 2581 desperatio
1675 2509 1778 2564 mei
1799 2530 1811 2565 :

222 2613 353 2684 quia
384 2625 560 2682 neque
597 2608 680 2664 vel
712 2609 766 2661 in
811 2606 1012 2661 somnis
1046 2604 1478 2674 experimentum
1522 2603 1818 2673 accipimus

219 2707 510 2767 bonorum,
526 2718 646 2772 qua:
672 2701 745 2755 illi
765 2715 859 2770 per
881 2708 1050 2753 totum
1069 2707 1278 2766 tempus
1293 2697 1341 2750 vi
1352 2705 1414 2750 tte
1433 2711 1543 2750 sua:
1557 2696 1820 2766 gerebant

219 2799 358 2864 viri,
383 2796 475 2869 qui
499 2813 604 2852 non
622 2809 719 2865 pro
734 2792 971 2864 peccatis
997 2791 1218 2844 luebant
1248 2788 1532 2858 supplicia,
1559 2789 1653 2844 sed
1669 2804 1815 2842 sem—

221 2905 325 2961 per
357 2890 425 2942 ad
473 2884 854 2941 rectitudinem
878 2882 1227 2952 proﬁcientes
1259 2889 1309 2935 et
1343 2894 1556 2948 semper
1587 2880 1815 2934 tribula-

222 2980 444 3035 bantur.
471 2979 776 3048 Intelligere
797 2976 994 3045 quippe
1010 2974 1141 3028 mihi
1159 2973 1344 3027 videor
1359 2971 1549 3036 Eliam,
1565 2971 1630 3024 ad
1653 2986 1815 3040 quem

1925 1891 2210 1946 pauperes.
2237 1875 2294 1930 Si
2323 1877 2468 1931 enim
2492 1877 2669 1932 omnis
2698 1879 2933 1934 mundus
2958 1896 3063 1935 non
3088 1887 3170 1936 est
3193 1882 3386 1952 dignus
3413 1883 3513 1948 eis,

1919 1981 2017 2021 cur
2041 1975 2250 2036 partem
2276 1966 2510 2036 aliquam
2531 1968 2766 2036 quaeris?
2785 1969 2851 2024 Et
2877 1971 3104 2036 merito;
3129 1972 3289 2026 amici
3315 1973 3516 2044 quippe

1918 2063 2046 2112 sunt
2084 2055 2198 2110 Dei.
2254 2056 2510 2111 Mundam
2550 2057 2604 2111 in
2637 2058 2740 2113 hoc
2786 2058 2904 2115 loco
2959 2067 3054 2114 aut
3108 2059 3514 2117 multitudinem

1918 2146 2195 2201 hominum
2243 2147 2392 2210 dicit,
2423 2156 2518 2201 aut
2547 2148 2717 2217 ipsam
2772 2158 3114 2217 creaturam,
3159 2159 3254 2208 aut
3306 2160 3516 2208 utrum-

1918 2251 2024 2306 que
2059 2253 2072 2290 :
2116 2235 2251 2290 solet
2277 2237 2420 2292 enim
2456 2235 2736 2308 Scriptura
2773 2247 3004 2312 utraque
3030 2242 3290 2297 mundum
3335 2242 3517 2314 appel-

1917 2332 2050 2387 lare.
2083 2330 2142 2386 Si
2164 2342 2360 2388 cuneta
2402 2341 2675 2399 creatura,
2717 2335 2912 2405 inquit,
2959 2351 3080 2391 cum
3133 2337 3386 2391 omnibus
3415 2338 3515 2392 ho-

1917 2426 2158 2481 minibus
2182 2428 2561 2490 constituatur,
2591 2445 2865 2498 nunquam
2897 2429 2952 2484 in
2983 2430 3390 2500 comparatione
3417 2431 3515 2486 ho-

1919 2536 2038 2575 rum
2074 2521 2234 2590 digna
2279 2530 2443 2577 esset.
2476 2521 2540 2575 Et
2570 2522 2785 2576 merito.
2825 2521 2977 2578 Sicut
3001 2523 3148 2578 enim
3187 2523 3374 2578 decem
3399 2522 3516 2579 mil-

1917 2611 1990 2667 lia
2032 2615 2271 2683 pondera
2316 2615 2594 2684 palearum
2651 2615 2732 2669 vel
2780 2615 2889 2670 feni
2933 2616 3332 2685 comparatione
3372 2631 3515 2670 mar—

1918 2706 2216 2777 garitarum
2259 2706 2419 2777 digna
2459 2722 2565 2761 non
2621 2715 2766 2772 sunt,
2799 2707 2877 2761 sic
2941 2723 3116 2778 neque
3167 2708 3266 2762 illi.
3325 2707 3514 2764 Melior

1919 2797 2114 2865 inquit,
2143 2813 2282 2852 unus
2328 2797 2535 2852 faciens
2586 2797 2919 2852 voluntatem
2951 2797 3067 2862 Del,
3103 2813 3266 2868 quam
3321 2799 3509 2854 decem

1917 2888 2085 2943 millia
2115 2888 2308 2957 iniqui.
2341 2887 2537 2942 Decem
2569 2885 2737 2940 millia
2764 2887 2910 2941 enim
2935 2903 3039 2942 non
3071 2888 3331 2956 plurimos
3355 2888 3508 2951 dixit,

1915 2978 2012 3033 sed
2043 2978 2441 3032 multitudinem
2497 2977 2782 3032 inﬁnitam.
2826 2977 3085 3047 lutellige,
3116 2987 3380 3048 quantum
3427 2986 3511 3034 est

223 3088 408 3129 sermo
443 3079 629 3126 noster
669 3070 828 3124 hodie
855 3067 1103 3139 pervenit
1132 3083 1144 3118 :
1177 3066 1350 3134 ipsum
1379 3065 1578 3134 quippe
1607 3065 1661 3117 in
1712 3065 1814 3118 hoc
1853 3133 1884 3139 _
1911 3067 2114 3138 iustus.
2139 3069 2284 3124 Dixit
2312 3068 2472 3124 Jesus
2497 3069 2642 3124 Nave
2670 3087 2682 3122 :
2718 3091 2736 3121 ‹
2769 3068 2887 3123 Stet
2925 3069 3005 3123 sol
3031 3069 3174 3124 circa
3207 3069 3430 3124 Gabaon
3456 3077 3512 3126 et

223 3164 346 3220 loco
399 3161 659 3226 nominat,
705 3167 759 3214 et
789 3159 843 3213 in
897 3159 1014 3228 ipso
1045 3147 1297 3211 desinunt
1341 3133 1586 3225 exempla
1621 3173 1633 3209 :
1669 3155 1812 3225 qu0d
1840 3133 1886 3196 δ
1912 3133 2046 3216 Iuna
2073 3162 2278 3217 circum
2325 3162 2517 3218 vallem
2551 3163 2684 3217 Elon
2712 3179 2725 3216 :
2754 3172 2810 3218 et
2832 3161 3038 3216 factum
3081 3172 3163 3218 est
3193 3161 3332 3234 (los.
3367 3162 3444 3233 x).
3480 3182 3498 3215 ι

223 3267 343 3316 erat
367 3256 635 3311 familiare
662 3254 890 3308 istorum
927 3259 980 3306 et
1003 3250 1304 3321 pr0prium.
1335 3249 1401 3302 Et
1431 3265 1555 3304 cum
1584 3249 1814 3303 dixisset

222 3367 286 3408 ea
323 3357 446 3421 qua:
484 3347 629 3402 circa
673 3343 944 3415 apostolos
1000 3350 1152 3413 gesta
1205 3349 1351 3405 sunt,
1385 3339 1510 3409 quia
1559 3340 1613 3394 in
1668 3341 1813 3394 occi-

223 3445 378 3500 sione
403 3439 565 3512 gladii
589 3438 788 3494 mortui
820 3444 966 3500 sunt,
990 3433 1210 3504 lapidali
1240 3441 1384 3496 sunt,
1411 3440 1540 3498 etc.,
1585 3431 1815 3486 recurrit

216 3535 290 3590 ad
315 3533 490 3588 Eliam
525 3529 617 3600 qui
640 3527 826 3584 eadem
858 3541 1050 3597 passus
1081 3534 1182 3580 est.
1215 3524 1486 3579 Fortassis
1509 3524 1654 3578 enim
1685 3523 1812 3593 quia

215 3627 456 3682 necdum
475 3625 541 3679 de
557 3623 814 3694 apostolis
831 3629 1036 3675 tantam
1059 3617 1370 3688 opinionem
1389 3618 1683 3682 habebant,
1702 3632 1814 3672 me-

213 3721 328 3776 rito
363 3733 430 3773 ex
465 3717 555 3772 illo
580 3757 595 3783 ,
621 3716 712 3786 qui
747 3721 1056 3784 assumptus
1083 3720 1186 3776 est,
1211 3726 1518 3765 sermonem
1541 3709 1689 3774 facit,
1721 3709 1814 3779 qui

214 3814 464 3870 maxime
485 3820 603 3867 erat
627 3811 681 3864 in
711 3810 1090 3864 admiratione.
1114 3808 1190 3862 Ex
1212 3808 1314 3861 hoc
1334 3821 1462 3876 ergo
1484 3804 1667 3858 afferri
1692 3820 1815 3858 ora-

217 3906 427 3960 tionem
455 3898 1370 3976 [hortationem]etconsolationem
1385 3895 1570 3951 voluit.
1595 3915 1612 3946 ι
1636 3895 1814 3965 Egen-

221 4015 244 4048 σ
290 4004 378 4052 tes
409 3994 722 4067 angustiati,
758 3991 961 4056 alllieti,
986 3991 1183 4061 quibus
1197 3989 1386 4060 dignus
1407 4003 1514 4042 non
1528 3996 1815 4041 eratmun-

223 4109 245 4142 ι
287 4089 414 4145 dus.
453 4108 471 4139 ι
506 4086 722 4159 (Greg.)
753 4088 829 4140 De
858 4085 1054 4156 quibus
1090 4084 1255 4138 etiam
1302 4081 1599 4152 figuraliter
1629 4081 1811 4135 Domi-

215 4199 328 4240 nus
352 4182 422 4236 ad
453 4180 554 4236 Job
583 4200 595 4234 :
631 4199 648 4232 ‹
674 4181 804 4248 Quis
839 4189 1018 4235 autem
1055 4187 1140 4234 est
1175 4177 1268 4248 qui
1301 4177 1506 4232 dimisit
1549 4190 1812 4246 onagrum

215 4279 478 4344 liberum,
527 4286 584 4332 et
627 4277 840 4331 vincula
891 4274 1006 4344 eius
1052 4274 1310 4330 resolvit?
1374 4272 1563 4328 Posuit
1610 4272 1814 4326 habita-

217 4373 411 4429 culum
456 4370 570 4442 eius
618 4371 890 4426 desertum
943 4379 997 4423 et
1039 4367 1380 4423 tabernacula
1421 4364 1537 4434 eius
1587 4364 1814 4436 salsugi-

215 4480 373 4523 nem.
405 4463 642 4518 lrridens
694 4461 1095 4516 multitudinem
1144 4458 1379 4514 civitatis
1429 4465 1486 4512 et
1535 4455 1810 4526 querelam
1836 4495 1890 4556 Β

215 4556 498 4615 exactoris
520 4571 624 4610 non
645 4554 958 4618 exaudiens,
973 4551 1338 4608 consideravit
1358 4557 1571 4604 montes
1594 4563 1810 4618 pascua:

215 4665 360 4715 suae,
387 4660 443 4704 et
471 4659 592 4720 post
630 4662 789 4702 omne
817 4646 985 4700 viride
1023 4643 1236 4716 quierit.
1275 4663 1292 4693 ι
1327 4640 1470 4714 (Job.
1513 4639 1727 4711 xxxix.)
1753 4639 1810 4693 ln

215 4741 462 4799 Psalmis
477 4755 718 4811 quoque:
747 4759 764 4790 ‹
776 4737 967 4793 Dieant
979 4752 1121 4790 nunc
1135 4735 1225 4804 qui
1243 4733 1503 4802 redempti
1521 4741 1644 4785 sunt
1658 4746 1689 4784 a
1709 4731 1812 4785 Do—

215 4838 396 4901 mino,
420 4850 556 4906 quos
571 4833 801 4889 redemit
825 4833 890 4887 de
910 4845 1070 4885 manu
1093 4827 1294 4882 inimici
1313 4843 1327 4892 ;
1354 4846 1372 4878 i
1399 4832 1453 4880 et
1468 4832 1590 4895 post
1607 4838 1774 4894 pauca
1795 4842 1806 4876 :

223 4952 246 4984 ι
278 4931 617 4984 Erraverunt
639 4925 692 4980 in
714 4923 1003 4980 solitudine
1035 4921 1088 4975 in
1117 4919 1381 4983 siccitate,
1407 4917 1550 4971 viam
1578 4915 1812 4970 civitatis

214 5019 579 5080 habitationis
610 5031 718 5073 non
750 5017 1088 5071 invenerunt.
1121 5011 1434 5066 Esurientes
1464 5016 1518 5063 et
1545 5009 1806 5072 sitientes,

216 5123 282 5172 et
305 5113 488 5168 anima
512 5125 700 5166 eorum
727 5109 782 5163 in
823 5106 954 5178 ipsis
983 5103 1195 5161 defecit.
1222 5103 1289 5157 Et
1337 5101 1707 5156 clamaverunt
1742 5097 1809 5152 ad

217 5203 520 5262 Dominum
549 5217 672 5258 cum
725 5199 1134 5262 tribularentur,
1180 5203 1234 5250 et
1279 5194 1345 5249 de
1394 5191 1810 5248 necessitatibus

218 5311 418 5354 eorum
442 5293 692 5350 liberavit
721 5307 816 5348 eos
847 5287 1022 5360 (Psnl.
1057 5288 1185 5359 cvi).
1223 5306 1240 5338 ι
1268 5287 1414 5354 Quos
1455 5286 1622 5341 etiam
1661 5283 1811 5338 Jere-

215 5390 369 5447 mias
407 5389 481 5442 ita
511 5386 768 5442 describit
801 5405 812 5440 :
856 5404 874 5436 ι
913 5385 1110 5440 Beatus
1141 5382 1234 5452 qui
1274 5381 1394 5435 tulit
1418 5381 1608 5451 iugum
1659 5395 1688 5433 a
1727 5380 1812 5450 iu-

215 5491 451 5538 ventute
476 5497 574 5536 sua
604 5499 616 5535 :
642 5481 848 5536 sedebit
874 5479 1150 5534 solitarius
1184 5484 1239 5530 et
1270 5475 1488 5539 tacebit,
1520 5474 1644 5542 quia
1677 5473 1814 5526 leva-

216 5574 305 5628 vit
329 5588 495 5644 super
540 5588 598 5628 se
628 5570 843 5642 (Thrcn.
878 5570 982 5641 Ill).
1030 5590 1048 5620 ι
1080 5568 1293 5639 Quique
1333 5566 1462 5620 illud
1513 5565 1814 5620 Psalmistze

220 5665 425 5722 affectu
473 5675 529 5720 et
578 5681 741 5736 Opere
793 5665 1102 5718 concinunt.
1157 5681 1174 5710 ‹
1232 5657 1435 5713 Similis
1480 5656 1651 5710 factus
1695 5673 1811 5710 sum

219 5758 476 5825 pelicano
524 5755 829 5814 solitudinis
884 5775 896 5809 :

944 5753 1161 5824 vigilavi
1191 5760 1245 5808 et
1301 5752 1471 5806 factus
1519 5766 1635 5805 sum
1678 5751 1817 5806 sicut
1859 5740 1865 5747 ’

1916 3255 2111 3310 Veniat
2153 3255 2318 3326 igitur
2350 3255 2529 3311 omnis
2558 3255 2813 3320 mundus,
2843 3255 3016 3326 magis
3064 3263 3244 3310 autem
3280 3255 3384 3310 duo
3415 3263 3509 3314 aut

1917 3355 2050 3413 tres,
2083 3355 2176 3401 aut
2222 3356 2454 3418 quatuor
2482 3357 2537 3402 et
2575 3349 2762 3403 decem
2797 3358 2854 3402 et
2879 3347 3069 3418 viginti
3116 3346 3300 3403 dicant
3329 3357 3384 3402 et
3427 3347 3509 3400 fa-

1915 3441 2063 3497 ciant
2107 3441 2252 3506 hoc,
2311 3441 2404 3496 sed
2447 3455 2554 3498 non
2605 3448 2862 3511 poterunt
2917 3458 2930 3493 :
2973 3439 3181 3494 amicus
3236 3453 3365 3494 vero
3417 3438 3512 3494 Dei

1915 3533 2184 3588 creaturis
2211 3532 2372 3588 amici
2400 3533 2483 3588 sui
2507 3533 2808 3603 imperabat
2831 3548 2846 3597 ;
2872 3534 3046 3603 magis
3067 3541 3247 3588 autem
3277 3531 3511 3586 amicum

1915 3642 2072 3682 suum
2109 3627 2417 3696 postulabat
2447 3635 2502 3680 et
2554 3627 2875 3682 obedierunt
2917 3627 3082 3692 servi,
3137 3633 3192 3681 et
3251 3625 3370 3691 ille,
3418 3627 3510 3696 qui

1915 3728 2033 3773 erat
2061 3718 2314 3773 deorsum
2362 3719 2731 3787 superioribus
2760 3719 3081 3788 imperabat.
3116 3737 3134 3769 ‹
3176 3718 3232 3772 1η
3264 3717 3509 3772 solitudi-

1921 3829 1939 3861 ι
1978 3812 2138 3866 nibus
2167 3819 2436 3875 errantes,
2469 3820 2522 3865 et
2548 3812 2822 3866 montibus
2855 3818 2910 3864 et
2931 3808 3222 3880 Speluncis,
3254 3815 3310 3862 et
3337 3808 3391 3862 in
3419 3823 3504 3863 ca-

1919 3922 1938 3955 (
1977 3904 2158 3958 vernis
2186 3912 2360 3958 terrae.
2395 3924 2411 3953 ι
2461 3902 2669 3973 (leam)
2697 3901 2882 3970 Neque
2925 3901 3307 3955 vestimentum
3347 3898 3512 3954 habe-

1913 3995 2065 4060 bant,
2098 3995 2291 4063 inquit,
2318 3995 2412 4049 sed
2441 4003 2560 4049 erat
2587 3993 2665 4047 eis
2711 3993 2964 4047 nimietas
2987 3991 3378 4056 tribulationis,
3403 4005 3512 4044 non

1915 4087 2211 4151 civitatem,
2259 4101 2363 4140 non
2417 4086 2673 4152 domum,
2726 4099 2835 4139 non
2886 4083 3309 4155 receptaculum.
3357 4081 3513 4151 Quod

1913 4179 2077 4233 etiam
2127 4176 2375 4232 Christus
2421 4175 2666 4241 dicebat,
2700 4194 2718 4226 ι
2766 4175 3023 4246 quoniam
3074 4174 3246 4229 Filius
3275 4171 3512 4228 hominis

1913 4283 2021 4322 non
2055 4269 2236 4334 habet,
2265 4269 2354 4322 ubi
2383 4275 2547 4338 caput
2577 4267 2824 4323 reclinet.
2854 4286 2872 4318 ι
2907 4266 3045 4334 Quid
3086 4267 3230 4332 dico,
3265 4273 3512 4336 recepta-

1914 4361 2093 4418 culum
2155 4379 2262 4417 non
2320 4361 2626 4427 habebant,
2676 4377 2779 4418 nec
2833 4371 2980 4417 stare
3035 4359 3508 4432 permittebantur.

1915 4455 2100 4526 Neque
2131 4455 2275 4511 enim
2311 4455 2396 4511 vel
2423 4472 2546 4511 cum
2575 4455 2641 4510 ad
2671 4456 2816 4527 ipsas
2843 4455 3164 4512 solitudines
3195 4453 3510 4518 veniebant,

1913 4550 2074 4605 otiosi
2090 4558 2262 4605 erant.
2280 4549 2394 4604 Non
2410 4549 2554 4604 enim
2569 4549 2725 4614 dixit,
2743 4550 2801 4604 In
2816 4548 3198 4604 solitudinibus
3219 4547 3506 4612 sedebant,

1913 4643 2008 4699 sed
2029 4643 2193 4697 etiam
2223 4643 2296 4697 ibi
2314 4642 2678 4714 fugiebant,et
2699 4642 2825 4696 inde
2851 4641 3292 4714 exagitabantur,
3311 4654 3416 4694 non
3440 4653 3506 4693 ex

1915 4735 2118 4790 mundo
2142 4743 2374 4799 tantum,
2398 4734 2492 4789 sed
2519 4734 2683 4788 etiam
2712 4748 2777 4787 ex
2809 4727 3254 4786 inhabitabilibus
3283 4729 3508 4784 locns....

1915 4842 2035 4897 quae
2065 4827 2138 4881 ibi
2168 4825 2308 4880 facta
2335 4833 2482 4880 sunt.
2513 4823 2606 4880 Sic
2631 4831 2744 4889 est,
2777 4822 2975 4892 inquit,
2998 4807 3097 4876 nos
3126 4821 3345 4890 culpant
3386 4835 3510 4890 pro-

1911 4927 2036 4990 pter
2055 4917 2328 4972 Christum
2359 4936 2371 4970 :
2401 4917 2571 4971 Eliam
2604 4929 2732 4970 vero
2757 4915 2810 4968 in
2848 4928 2956 4984 quo
2977 4920 3226 4984 poterant
3248 4911 3511 4982 culpare?

1915 5011 2276 5082 Exagitabant
2305 5011 2454 5066 illum
2479 5018 2533 5066 et
2560 5009 3001 5080 insequebantur,
3031 5015 3228 5064 etcum
3253 5007 3393 5063 fame
3413 5023 3511 5078 pu-

1917 5120 2084 5176 gnare
2129 5103 2434 5176 cogebant.
2465 5103 2609 5173 quod
2640 5102 2804 5158 etiam
2841 5103 2928 5158 isti
2965 5110 3093 5158 tunc
3136 5102 3506 5172 patiebantur.

1923 5214 1941 5246 ε
1973 5196 2340 5250 Decreverunt
2363 5195 2580 5250 mittere
2600 5193 2726 5260 illis,
2742 5194 2939 5265 inquit,
2953 5193 3170 5259 fratres,
3187 5194 3267 5250 eis
3287 5193 3379 5265 qui
3405 5192 3508 5248 tri-

1916 5288 2240 5346 b’ulabantur
2293 5289 2590 5360 discipulis.
2649 5287 2958 5345 Secundum
3001 5287 3145 5361 quod
3197 5287 3508 5344 facultatem

1915 5384 2289 5453 unusquisque
2304 5381 2554 5448 habebat,
2575 5381 2820 5440 deﬁnivit
2849 5385 3224 5455 unusquisque
3244 5396 3433 5437 eorum
3453 5379 3509 5434 in

1917 5475 2278 5531 ministerium
2297 5477 2512 5532 mittere
2533 5477 2976 5533 habitantibusin
2993 5475 3177 5532 Judaaa
3197 5473 3501 5529 fratribus.»

1917 5569 2070 5636 Quod
2106 5569 2268 5623 etiam
2312 5567 2378 5623 ad
2420 5569 2553 5624 istos
2596 5568 2921 5640 pertinebat.
2957 5586 2976 5618 ί
3005 5563 3222 5630 Aﬂlicti,
3257 5583 3275 5616 ι
3311 5559 3505 5631 inquit,

1917 5671 1972 5715 et
2013 5660 2151 5714 male
2178 5661 2446 5729 patientes
2473 5661 2525 5715 in
2558 5660 2840 5716 itineribus
2882 5666 2938 5715 et
2989 5657 3044 5712 in
3075 5653 3349 5728 periculis.
3383 5671 3401 5704 ι
3445 5650 3510 5705 Et

1925 5772 1942 5803 (
1979 5752 2032 5807 hi
2064 5765 2254 5806 omnes
2287 5750 2598 5807 testimonio
2628 5749 2751 5805 fidei
2779 5747 2991 5820 probati
3037 5761 3143 5802 non
3175 5749 3504 5813 acceperunt
