3972 6336
481 367 593 434 εδει

1127 373 1192 428 Β.
1229 370 1484 428 RABANI
1521 369 1740 428 MAUR]
1779 366 2100 426 ARCHIEP.
2137 354 2776 423 MOGUNTTOPERUM
2813 363 2998 422 PARS
3035 365 3122 422 Ill.

3683 365 3804 428 808

483 507 503 541 ι
543 487 1058 560 repromissionem,
1107 489 1218 544 Deo
1267 505 1365 559 pro
1411 488 1568 542 nobis
1614 485 1810 543 melius
1861 486 2068 557 aliquid
2095 486 2313 547 Aerat.
2371 481 2604 538 Proinde
2654 483 2708 538 in
2755 483 2950 554 majori
2998 499 3102 539 nos
3157 483 3414 541 ﬁduciam
3469 500 3596 544 esse
3655 485 3808 544 facit

485 598 507 633 ι
540 582 882 652 providente,
912 589 972 636 ut
1010 596 1078 635 ne
1121 581 1240 637 sine
1268 582 1423 637 nobis
1470 590 2001 637 consummarentur.
2047 599 2066 633 ι

481 671 636 730 Sicut
679 672 896 744 profugi
922 681 978 728 et
1004 671 1264 744 perfugae,
1298 673 1492 743 inquit,
1527 673 1670 728 sicut
1695 673 1788 743 qui
1817 673 1869 726 in
1902 671 2074 743 turpi-

480 765 585 822 bus
607 764 996 834 deprehensus,
1011 765 1152 820 sicut
1166 765 1371 836 indigni
1402 764 1577 821 solent
1599 765 1790 821 videri.
1811 763 1996 834 Neque
2018 765 2072 818 in

481 855 865 912 solitudinibus
891 856 1239 914 inveniebant
1255 855 1540 928 refugium,
1557 857 1652 913 sed
1671 871 1885 927 semper
1906 855 2076 926 fugie-

481 949 636 1015 bant,
669 948 1004 1005 diversiones
1033 949 1245 1019 aliquas
1293 950 1642 1020 quaarebant,
1672 949 1826 1004 vivos
1867 948 2074 1018 seipsos

481 1043 715 1098 obruere
758 1041 1035 1109 volebant,
1056 1057 1274 1113 semper
1299 1043 1353 1098 in
1389 1043 1589 1098 timore
1629 1050 1803 1097 erant.
1834 1041 1964 1109 Quae
1991 1047 2076 1096 est

479 1149 611 1206 ergo
640 1132 976 1201 merces,vel
1000 1148 1120 1203 quae
1151 1142 1302 1188 tanta
1327 1133 1615 1189 retributio
1634 1140 1690 1187 et
1721 1131 2075 1188 vicissitudo?

485 1244 506 1279 ι
526 1224 790 1291 Necdum,
815 1225 1016 1296 inquit,
1048 1235 1373 1296 receperunt
1393 1224 1752 1289 mercedem,»
1781 1225 1875 1280 sed
1898 1223 2076 1278 adhuc

479 1323 830 1388 permanent;
849 1323 904 1372 et
921 1315 995 1370 ita
1015 1316 1238 1381 mortui,
1252 1324 1308 1370 et
1329 1315 1381 1370 in
1402 1323 1552 1370 tanta
1569 1315 1938 1381 tribulatione,
1955 1328 2077 1368 nec-

479 1407 611 1462 dum
631 1411 984 1476 receperunt:
1009 1413 1220 1461 tantum
1237 1414 1448 1477 tempus
1469 1405 1701 1462 habent:
1719 1420 1786 1460 ex
1801 1420 1909 1476 quo
1930 1406 2076 1461 vice-

484 1504 632 1561 runt,
655 1503 712 1551 et
738 1495 968 1552 necdum
992 1506 1335 1566 receperunt.
1362 1497 1468 1552 Vos
1491 1505 1672 1553 autem
1695 1499 1747 1551 in
1777 1497 2077 1553 certamine

477 1587 781 1653 constituti,
805 1600 1044 1642 maerore
1069 1585 1364 1643 allicimini.
1396 1587 1682 1660 lntelligite
1709 1590 1894 1659 itaque
1919 1588 2077 1660 quale

475 1690 534 1738 et
547 1689 810 1752 quantum
830 1680 1200 1738 estAbraham
1221 1682 1411 1737 sedere
1434 1691 1490 1737 et
1505 1682 1810 1752 apostolum
1823 1681 2075 1748 Paulum,

481 1780 864 1844 exspectantes
909 1772 1128 1842 quando
1181 1772 1520 1842 perﬁciatur.
1567 1782 1627 1828 ut
1683 1775 1896 1844 possint
1948 1782 2077 1829 tunc

2178 575 2350 630 nubes
2373 575 2591 630 testium
2635 583 2690 630 et
2718 576 2908 632 moles.
2932 576 2998 630 Et
3027 577 3223 632 merito
3253 583 3424 634 testes
3465 595 3564 636 eos
3592 582 3806 652 appel-

2174 667 2351 722 lavit:
2404 683 2512 721 non
2554 682 2650 723 eos
2692 669 2783 737 qui
2845 669 2899 722 in
2954 668 3104 723 Novo
3148 669 3501 726 Testamento
3552 673 3805 729 fuerunt

2173 764 2404 823 tantum,
2440 757 2534 813 sed
2562 758 2728 812 etiam
2757 758 2878 814 illos
2925 759 3020 829 qui
3063 760 3116 814 in
3156 761 3341 816 Veteri
3373 771 3532 816 erant
3561 764 3798 835 signiﬁ-

2174 851 2337 905 cavit.
2356 851 2572 906 Eteuim
2597 851 2724 922 quia
2753 851 2918 906 etiam
2949 851 3027 907 illi
3060 853 3333 908 testificati
3351 863 3477 909 sunt
3502 854 3802 923 majestati

2175 947 2407 1014 divinae,
2458 947 2599 1004 sicut
2631 953 2742 1003 tres
2774 947 2963 1018 pueri,
3013 946 3154 1004 sicut
3180 947 3356 1014 Elias,
3409 949 3552 1005 sicut
3577 965 3801 1006 omnes

2173 1040 2470 1110 prephetaa.
2507 1057 2524 1090 ι
2561 1038 2903 1110 Deponentes
2929 1079 2945 1105 ,
2996 1038 3203 1110 inquit,
3237 1039 3439 1095 omnia.
3487 1059 3508 1092 ι
3551 1039 3799 1108 Omnia,

2175 1144 2296 1198 quae
2325 1129 2494 1184 dicit?
2520 1127 2634 1184 Hoc
2663 1137 2767 1193 est,
2794 1143 3067 1195 somnum,
3103 1129 3454 1196 anxietatem,
3481 1131 3803 1203 cogitatio—

2175 1236 2276 1277 nes
2302 1221 2542 1287 inﬁmas,
2569 1221 2760 1276 omnia
2791 1222 3030 1277 humana
3063 1240 3077 1276 :
3113 1241 3132 1273 ‹
3166 1221 3234 1276 Ει
3252 1222 3615 1278 circumstans
3661 1238 3803 1288 nos,

2177 1313 2378 1383 inquit,
2409 1320 2713 1383 peccatum.
2748 1332 2768 1365 ι
2805 1332 2825 1363 ‹
2857 1312 3232 1368 Circumstans
3253 1331 3270 1363 r
3303 1312 3458 1378 dixit,
3480 1313 3598 1368 sive
3635 1313 3808 1382 quod

2177 1423 2276 1464 nos
2305 1407 2462 1464 facile
2496 1405 2920 1472 circumveniat,
2977 1405 3093 1461 sive
3145 1405 3290 1475 quod
3321 1405 3497 1476 ipsum
3535 1405 3807 1460 circum-

2177 1499 2350 1554 veniri
2403 1497 2563 1552 facile
2620 1497 2793 1568 possit
2841 1515 2854 1549 :
2918 1496 3092 1567 magis
3149 1505 3335 1550 autem
3376 1495 3478 1550 hoc
3534 1495 3808 1550 arbitror

2178 1590 2284 1646 dici
2313 1607 2326 1644 :
2363 1588 2524 1646 facile
2560 1590 2729 1655 enim,
2761 1588 2805 1644 si
2851 1589 3102 1652 velimus,
3131 1589 3489 1658 praevalemus
3524 1595 3804 1658 peccato.

2185 1699 2203 1732 ι
2237 1679 2342 1735 Ρει·
2385 1679 2736 1748 patientiam,
2766 1677 2960 1748 inquit,
2993 1691 3279 1732 curramus
3313 1676 3664 1747 prepositum
3699 1691 3806 1730 no-

2178 1772 2264 1827 bis
2288 1781 2620 1826 certamen.»
2653 1768 2771 1825 Non
2811 1769 2969 1835 dixit,
3008 1768 3248 1824 cestibus
3275 1768 3638 1833 dimicemus,
3697 1782 3806 1823 ne-

475 1863 783 1920 mercedem
813 1863 1080 1934 recipere.
1104 1861 1221 1918 Nisi
1249 1864 1396 1918 enim
1435 1872 1596 1920 etiam
1629 1880 1729 1920 nos
1756 1865 1882 1920 illuc
1909 1879 2069 1921 veue-
2097 1857 2144 1917 B
2172 1880 2279 1936 que
2322 1864 2580 1920 athletico
2629 1877 2781 1919 more
2827 1879 3161 1934 pugnemus,
3193 1877 3372 1934 neque
3421 1862 3571 1918 bella
3627 1879 3804 1936 gera-

478 1955 672 2021 t‘imus,
701 1963 830 2010 tunc
859 1954 1112 2025 praedixit
1139 1954 1220 2010 eis
1249 1955 1410 2010 Pater
1450 1972 1557 2012 non
1580 1957 1711 2011 dare
1734 1957 2064 2022 mercedem,

476 2044 618 2102 sicut
635 2054 793 2118 pater
820 2046 1244 2113 bonus,amator
1271 2046 1526 2113 ﬁliorum,
1549 2049 1922 2118 probabilibus
1943 2049 2068 2105 ﬁliis

475 2145 688 2208 etopus
732 2138 1139 2209 perﬁcientibus
1187 2139 1320 2194 dicit
1353 2153 1460 2194 non
1510 2155 1570 2195 se
1608 2142 1860 2197 daturum
1887 2155 2068 2196 come-

474 2227 642 2293 dere,
688 2229 794 2284 nisi
840 2229 1092 2285 venerint
1130 2230 1297 2284 etiam
1349 2229 1440 2284 alii
1484 2229 1703 2287 fratres.
1759 2231 1838 2286 Tu
1885 2240 2066 2288 autem

473 2323 670 2379 anxius
696 2325 922 2394 es,quia
950 2326 1181 2382 necdum
1211 2327 1517 2382 mercedem
1553 2327 1771 2398 accipis.
1804 2326 1944 2395 Quid
1967 2327 2068 2382 ita-

477 2428 585 2482 que
612 2415 773 2470 faciet
810 2415 958 2480 Abel,
983 2417 1076 2487 qui
1113 2425 1240 2472 ante
1277 2432 1466 2473 omnes
1493 2419 1716 2484 vicit,et
1747 2419 1922 2474 adhuc
1948 2413 2068 2476 Sine

475 2520 677 2560 corona
701 2506 886 2562 sedet?
921 2506 1061 2576 Quid
1087 2508 1232 2564 Noe?
1253 2511 1382 2579 quid
1411 2511 1594 2566 caeteri
1618 2511 1832 2567 illorum
1857 2520 2064 2584 tempo-

474 2598 774 2668 rum?quia
798 2614 927 2655 ecce
947 2599 1130 2674 [quiet
1147 2602 1221 2674 te]
1238 2611 1716 2674 exspectaverunt,
1743 2615 1800 2659 et
1825 2604 2065 2661 aliosex-

473 2699 746 2760 spectant,
762 2692 856 2761 qui
880 2701 1006 2764 post
1027 2701 1078 2748 te
1095 2693 1262 2749 futuri
1279 2703 1424 2750 sunt.
1441 2695 1604 2752 Vides
1615 2696 1743 2766 quia
1761 2711 1859 2751 nos
1881 2695 1935 2751 in
1961 2698 2064 2752 hoc

473 2798 798 2855 superamus
818 2801 943 2841 eos:
966 2787 1035 2842 de
1055 2787 1212 2843 nobis
1235 2789 1378 2844 enim
1400 2788 1539 2844 dixit
1561 2806 1575 2844 :
1603 2807 1621 2839 ι
1644 2788 1835 2844 Melius
1857 2789 2064 2860 aliquid

477 2875 801 2946 providerat
825 2875 1020 2933 Deus.»
1042 2876 1120 2934 Ne
1141 2878 1346 2949 aliquid
1377 2895 1408 2934 a
1425 2881 1583 2936 nobis
1609 2880 1731 2950 plus
1748 2880 1954 2936 habere
1981 2883 2064 2938 vi-

477 2965 758 3032 derentur,
789 2967 836 3022 si
861 2967 1024 3038 primi
1044 2984 1206 3038 quam
1227 2984 1328 3026 nos
1341 2980 1757 3036 coronarentur,
1781 2987 1946 3026 unum
1973 2972 2062 3028 de-

467 3053 644 3111 ﬁnivit
689 3065 901 3128 tempus
927 3058 1169 3114 omnium
1198 3074 1555 3127 coronarum;
1587 3071 1644 3116 et
1667 3062 1761 3132 qui
1791 3070 1916 3118 ante
1943 3073 2062 3118 tan-

472 3157 559 3204 tos
586 3150 716 3206 vicit
746 3165 936 3215 annos,
975 3159 1155 3206 tecum
1192 3153 1423 3224 accipiet
1467 3169 1747 3210 coronam.
1800 3154 2058 3212 Contem-

2171 1973 2316 2023 mus,
2344 1957 2462 2023 sed,
2488 1957 2632 2028 quod
2662 1957 2916 2012 omnibus
2956 1964 3042 2012 est
3073 1957 3259 2021 levius,
3294 1957 3402 2014 hoc
3448 1957 3802 2026 nominavit.

2171 2063 2391 2103 cursum
2439 2049 2739 2118 appellans.
2791 2047 2979 2119 Neque
3031 2047 3199 2113 dixit,
3253 2048 3540 2104 Addamus
3591 2052 3798 2107 cursui

2169 2147 2358 2194 nostro
2382 2179 2397 2205 ,
2439 2140 2533 2194 sed
2565 2138 2618 2193 in
2647 2138 2839 2194 eodem
2869 2139 2987 2208 ipso
3019 2153 3438 2210 permaneamus
3459 2180 3474 2203 ,
3511 2155 3630 2194 non
3683 2141 3799 2198 dis-

2170 2227 2470 2283 solvamur.
2510 2247 2528 2279 ‹
2569 2226 2900 2295 Curramus,
2954 2228 3175 2298 inquit,
3232 2229 3576 2299 propositum
3625 2231 3797 2290 nobis

2169 2330 2470 2375 certamen.
2509 2339 2527 2371 ι
2566 2319 2770 2376 Deinde
2797 2319 3044 2390 adjungit
3080 2335 3348 2376 summam
3379 2330 3435 2376 et
3463 2331 3640 2391 caput
3667 2339 3782 2380 ora

2169 2411 2353 2478 tionis,
2377 2412 2520 2482 quod
2541 2412 2704 2467 etiam
2732 2411 2910 2482 primo
2931 2421 3222 2484 posuerat_,
3263 2413 3369 2470 hoc
3392 2415 3566 2470 etiam
3593 2416 3792 2473 novis-

2168 2503 2305 2559 sime
2368 2505 2561 2575 ponit,
2625 2505 2727 2560 hoc
2776 2514 2860 2560 est
2908 2503 3208 2562 Christum.
3253 2525 3272 2556 ι
3309 2507 3676 2578 Aspicientes
3735 2511 3790 2567 in

2175 2615 2192 2647 ε
2221 2606 2495 2652 auctorem
2515 2597 2637 2654 fidei
2659 2607 2714 2654 et
2737 2609 3234 2656 consummatorem
3248 2600 3456 2668 Iesum,
3470 2605 3576 2674 qui
3585 2619 3788 2676 propo-

2175 2709 2191 2740 ι
2221 2691 2326 2745 sito
2358 2691 2459 2746 sibi
2486 2692 2683 2764 gaudio
2719 2694 2975 2747 sustinuit
3007 2709 3252 2762 crucem,
3285 2695 3614 2752 confusione
3656 2713 3786 2754 eon-

2172 2801 2190 2833 ‹
2221 2789 2444 2853 tempta,
2461 2791 2624 2853 atque
2646 2784 2700 2838 in
2724 2785 2949 2840 dextera
2974 2785 3071 2840 Dei
3101 2787 3246 2842 sedis
3267 2787 3476 2843 sedet.»
3495 2790 3784 2860 Aspicien-

2169 2881 2269 2941 tes,
2300 2874 2493 2944 inquit,
2525 2875 2628 2930 hoc
2651 2885 2754 2943 est,
2787 2886 2847 2932 ut
2880 2878 3155 2934 discamus
3179 2894 3424 2935 currere.
3451 2879 3609 2936 Sicut
3633 2887 3783 2939 enim

2170 2965 2267 3020 filii
2303 2976 2581 3038 parentes,
2613 2978 2667 3025 et
2695 2971 2942 3042 discipuli
2981 2971 3034 3026 in
3060 2973 3454 3030 certaminibus
3485 2975 3782 3046 magistros

2165 3061 2485 3129 attendunt,
2534 3061 2888 3119 informantcs
2931 3075 3172 3120 mentem
3209 3081 3278 3121 ex
3323 3075 3444 3122 arte
3464 3067 3777 3135 doctorum,

2162 3167 2260 3222 per
2293 3153 2465 3209 visum
2497 3155 2712 3227 regulas
2733 3156 2996 3226 quasdam
3027 3170 3324 3226 sumentes,
3356 3160 3438 3216 sic
3463 3161 3636 3217 etiam
3667 3163 3777 3228 hic,

467 3243 637 3315 plaris
665 3258 854 3299 curam
899 3252 958 3299 et
982 3244 1331 3302 dilectionem
1366 3247 1644 3308 divinanu?
1673 3247 1740 3302 Et
1759 3263 1866 3303 non
1899 3248 2056 3315 dixit,
2087 3229 2133 3292 Ο
2165 3243 2212 3298 si
2255 3244 2506 3300 volumus
2535 3262 2758 3303 currere
2788 3258 2842 3303 et
2869 3248 3082 3306 discere
3122 3258 3182 3305 ut
3220 3251 3359 3308 bene
3384 3268 3684 3310 curramus
3709 3256 3775 3310 ad

467 3335 548 3392 Ne
580 3336 698 3392 sine
729 3337 886 3392 nobis
911 3347 1240 3393 coronentur
1258 3378 1274 3404 ,
1303 3339 1400 3395 sed
1442 3357 1461 3390 ς
1491 3338 1569 3393 Νε
1608 3339 1725 3394 sine
1754 3339 1911 3394 nobis
1940 3356 2066 3396 con-

467 3437 826 3482 summentur.
865 3447 884 3480 ι
925 3427 1158 3485 Proinde
1201 3431 1406 3487 etenim
1460 3431 1689 3502 perfecti
1728 3444 1854 3488 tunc
1907 3448 2065 3504 pare-

465 3517 621 3574 bunt.
672 3517 1061 3576 Prevenerunt
1108 3537 1208 3578 nos
1267 3522 1325 3578 in
1366 3523 1780 3590 certaminibus,
1813 3525 1908 3580 sed
1955 3541 2063 3582 non

463 3611 802 3682 praeveniunt
830 3613 886 3668 in
921 3628 1143 3669 corona.
1175 3613 1295 3672 Non
1325 3616 1472 3670 enim
1498 3614 1622 3672 illos
1651 3617 1814 3683 laesit,
1845 3600 1941 3672 sed
1962 3633 2062 3674 nos

465 3703 772 3760 honoravit.
818 3705 956 3762 Nam
982 3714 1037 3763 et
1082 3707 1185 3778 ipsi
1210 3706 1410 3766 fratres
1445 3724 1544 3766 vos
1589 3709 1824 3767 libenter
1867 3725 2063 3781 exspe-

463 3804 633 3852 ctant.
665 3796 722 3852 Si
761 3797 911 3853 enim
951 3813 1120 3854 unum
1169 3815 1368 3871 corpus
1407 3816 1603 3857 omnes
1647 3817 1857 3869 sumus,
1884 3801 2062 3874 major

462 3903 532 3944 ex
572 3889 678 3944 hoc
716 3887 952 3945 efﬁcitur
991 3891 1210 3962 corpori
1250 3893 1601 3964 iucunditas,
1639 3909 1764 3949 cum
1802 3894 1966 3950 simul
2004 3902 2060 3950 et

463 3980 828 4036 communiter
873 3993 1168 4039 coronatur
1218 3993 1274 4039 et
1324 3999 1434 4040 non
1483 3999 1580 4056 per
1606 3997 1810 4057 partes.
1842 3985 2059 4043 Etenim

455 4070 592 4143 justi
617 4071 784 4128 etiam
810 4072 866 4128 in
893 4073 997 4130 hoc
1020 4083 1148 4130 sunt
1191 4076 1494 4143 mirabiles,
1520 4078 1650 4148 quia
1676 4080 1819 4135 sicut
1837 4079 1905 4134 de
1927 4094 2056 4150 pro-

463 4162 599 4233 priis
645 4163 825 4229 bonis,
858 4163 938 4220 sic
980 4167 1220 4236 gaudent
1248 4167 1315 4224 de
1361 4169 1518 4225 bonis
1539 4167 1791 4225 fratrum.
1823 4170 2058 4228 Proinde

461 4254 625 4309 etiam
665 4253 772 4310 illis
803 4253 1078 4324 hocjuxta
1100 4265 1287 4313 votum
1313 4259 1586 4328 procedit,
1612 4268 1672 4316 ut
1698 4277 1824 4317 cum
1871 4260 2057 4318 fratri-

460 4345 564 4403 bus
584 4357 935 4418 coronentur,
958 4357 1020 4404 ut
1036 4351 1199 4406 simul
1227 4353 1623 4424 glorificentur.

1067 4505 1299 4564 CAPUT
1350 4509 1465 4566 XII.

2163 3334 2474 3404 Christum,
2539 3340 2886 3402 attendamus
2933 3362 2952 3393 ι
3010 3353 3323 3411 auctorem,
3383 3345 3592 3417 inquit,-
3649 3347 3773 3404 ﬁdei

2163 3437 2364 3485 nostrae
2408 3440 2463 3485 et
2511 3443 3008 3491 consummatorem
3053 3434 3259 3493 Jesum.
3298 3457 3318 3490 ι
3354 3437 3498 3507 Quid
3525 3447 3611 3495 est
3631 3439 3772 3496 hoc?

2163 3518 2278 3577 Hoc
2305 3529 2410 3587 est,
2443 3523 2568 3594 quia
2600 3525 2713 3594 ipse
2752 3527 2908 3582 nobis
2947 3525 3111 3584 ﬁdem
3159 3529 3396 3586 infundit
3427 3550 3441 3586 :
3470 3533 3674 3588 etenim
3705 3532 3771 3590 ad

2162 3612 2457 3682 discipulos
2482 3630 2612 3671 suos
2640 3617 2858 3674 dicebat
2884 3638 2896 3674 :
2937 3638 2956 3672 ε
2990 3619 3109 3677 Νοη
3135 3636 3232 3678 vos
3257 3639 3345 3679 me
3376 3624 3614 3696 eligistis
3633 3667 3651 3692 ,
3677 3628 3771 3684 sed

2160 3719 2262 3778 ego
2281 3707 2408 3779 eligi
2431 3723 2529 3764 vos
2549 3708 2735 3781 (Joan.
2757 3711 2871 3784 xv).
2897 3713 2992 3770 «Et
3013 3713 3211 3772 Paulus
3231 3716 3374 3773 idem
3399 3719 3540 3775 dixit
3563 3720 3770 3778 :rTnne

2160 3813 2487 3870 cognoscam
2506 3843 2520 3867 ,
2551 3802 2695 3858 sicut
2719 3813 2776 3859 et
2801 3806 3051 3876 cognitus
3075 3823 3195 3863 sum
3226 3807 3281 3880 (Ι
3307 3807 3434 3864 Cor.
3465 3813 3612 3884 xm).
3649 3812 3769 3884 Ipse

2160 3893 2373 3948 initium
2397 3894 2554 3950 nobis
2575 3895 2852 3968 imposuit,
2876 3899 2990 3969 ipse
3013 3900 3180 3956 etiam
3204 3895 3368 3958 ﬁnem
3394 3915 3585 3975 ponet.
3613 3927 3630 3958 ι
3663 3908 3763 3976 Qui

2158 3987 2356 4058 gaudio
2385 3987 2489 4042 sibi
2529 3991 2810 4061 proposito
2848 3993 3106 4049 sustinuit
3157 4010 3412 4063 crucem,
3442 4001 3764 4058 confusione

2159 4085 2518 4148 contempta.»
2547 4078 2660 4136 Hoc
2687 4090 2790 4150 est,
2821 4081 3020 4140 licebat
3050 4085 3150 4153 illi,
3174 4087 3308 4142 nihil
3330 4090 3534 4159 pati,si
3567 4093 3759 4150 vellet:

2164 4187 2182 4220 ι
2218 4184 2325 4224 non
2381 4171 2544 4227 enim-
2582 4173 2711 4230 fecit
2747 4187 3052 4246 peccatum,
3100 4193 3278 4251 neque
3318 4181 3476 4239 dolus
3513 4184 3762 4246 inventus

2157 4268 2242 4315 est
2284 4260 2340 4316 in
2379 4277 2474 4318 ore
2506 4264 2676 4336 ipsius
2703 4266 2755 4338 (Ι
2793 4267 2937 4323 Petr.
2981 4269 3076 4341 1|);
3108 4271 3248 4328 sicut
3279 4281 3338 4328 et
3377 4273 3496 4345 ipse
3538 4279 3676 4333 dixit
3707 4280 3758 4336 in

2157 4350 2453 4423 Evangelio
2483 4373 2496 4410 :
2535 4376 2554 4408 ‹
2584 4356 2747 4413 Venit
2789 4359 2936 4416 enim
2976 4362 3229 4435 princeps
3259 4363 3422 4435 hujus
3460 4370 3681 4437 mundi,
3707 4382 3760 4428 et

2156 4444 2212 4500 in
2241 4461 2330 4502 me
2373 4463 2480 4504 non
2531 4448 2695 4506 habet
2740 4451 3035 4524 quidquam
3063 4453 3248 4526 (Joan.
3277 4457 3417 4530 xiv).
3463 4459 3759 4530 Adjacebat

2164 4537 2329 4610 igitur
2349 4540 2446 4608 illi,
2466 4542 2512 4598 si
2540 4542 2725 4611 vellet,
2755 4561 2862 4601 non
2891 4547 3078 4604 venire
3099 4550 3166 4604 ad
3194 4564 3448 4608 crucem:
3479 4570 3500 4604 ι
3523 4553 3743 4612 Potesta

460 4612 676 4712 ludit-cit
701 4618 1134 4712 θρρεφζξξ-ξιξεε
1163 4621 1426 4712 And-rnatu
1443 4625 1927 4712 ρφιιαξῃςοιεναῃάρ
1945 4668 1960 4692 ,
1997 4644 2061 4683 ac
2085 4590 2141 4651 Β
3561 4590 3756 4712 ἔξιί

534 4687 880 4810 3:132:18:
875 4691 1136 4810 (gi-itanda,
1154 4692 1430 4748 ostendens
1469 4693 1794 4752 conditiones
1823 4697 1952 4769 legis
1974 4715 2060 4754 ve-
2164 4731 2219 4778 ει
2243 4687 2570 4794 ροιὶείεξιεη,
2610 4727 2787 4784 habeo
2813 4687 3011 4786 iam";
3028 4687 3283 4794 guinem“
3310 4748 3432 4791 eam
3461 4687 3754 4810 una":

533 4765 658 4812 “ru
684 4775 746 4813 ac
774 4777 941 4816 πονῶ.
1874 4765 1892 4769 -
2165 4765 2219 4778 ν-
2243 4765 2570 4794 rusum-an...-
2613 4765 2787 4784 ιιαυυυ
2813 4765 2905 4786 ut...
2921 4765 3011 4784 uul
3036 4765 3283 4794 cumcum
3310 4765 3432 4791 casu
3461 4765 3512 4808 μ
3524 4765 3650 4792 uua.
3683 4765 3754 4810 ιι.

599 4889 621 4895 _
645 4892 654 4895 Δ
2163 4814 2221 4870 Si
2248 4817 2413 4887 igitur
2441 4819 2533 4888 qui
2560 4819 2762 4874 nullam
2789 4821 2978 4878 habuit
3012 4824 3394 4884 necessitatem
3412 4868 3430 4895 ,
3461 4837 3522 4884 ut
3547 4830 3754 4888 cruciﬁ-

539 4908 558 4942 ι
599 4889 834 4963 Ideoque
861 4904 916 4952 et
947 4912 1047 4953 nos
1085 4905 1292 4955 tantam
1320 4899 1584 4956 habentes
1621 4899 1926 4971 impositam
1952 4919 2057 4959 nu-
2160 4917 2398 4979 geretur,
2417 4911 2712 4967 cruciﬁxus
2732 4921 2818 4968 est
2835 4923 3058 4985 pr0pter
3076 4931 3176 4972 nos
3193 4935 3206 4971 :
3223 4889 3432 4988 quanto
3457 4923 3636 4994 magis
3662 4937 3754 4978 nos

467 4999 488 5034 ι
524 4982 647 5039 bem
671 4986 914 5055 testium,
947 4989 1284 5059 deponentes
1315 5007 1476 5048 omne
1516 4993 1727 5063 pondus
1756 5002 1811 5049 et
1830 4995 2058 5051 circum-
2151 4996 2362 5068 justum
2394 5009 2478 5056 est
2501 5001 2684 5057 omnia
2709 4982 3388 5078 fortiter—tolerareliQui
3412 4982 3616 5084 gaudio
3655 5013 3751 5070 sibi

465 5090 487 5127 ι
520 5082 673 5130 stans
713 5092 813 5132 nos
850 5089 1154 5150 peccatum,
1191 5099 1291 5152 per
1322 5083 1642 5154 patientiam
1671 5100 1958 5142 curramus
1986 5087 2056 5143 ad
2157 5089 2472 5160 proposito,
2530 5092 2744 5162 inquit,
2801 5096 3061 5153 sustinuit
3120 5113 3338 5156 crucem
3365 5141 3382 5169 ,
3421 5082 3752 5163 confusione

467 5183 486 5215 ι
521 5166 858 5236 propositum
896 5169 1053 5226 nobis
1082 5181 1380 5230 certamen.
1442 5194 1459 5225 ›
1519 5173 1728 5248 (Jama)
1757 5175 1817 5231 In
1870 5177 2056 5232 multis
2158 5188 2487 5251 contempta.
2519 5201 2539 5234 ι
2571 5181 2713 5249 Quid
2743 5192 2831 5240 est
2877 5186 3197 5246 confusione
3235 5166 3593 5267 contempta?
3619 5197 3748 5253 Pro-

462 5257 744 5329 Scriptura
771 5261 1196 5320 consolationem
1235 5269 1530 5338 assumpsit
1560 5270 1826 5340 majorum
1857 5286 1923 5326 ex
1957 5287 2053 5328 ac-
2155 5272 2614 5346 hrosam,inquit,
2645 5277 2902 5334 sustinuit
2926 5289 3178 5340 mortem.
3207 5283 3338 5342 Esto
3361 5257 3532 5359 igitur
3560 5291 3749 5348 morie-

460 5350 778 5408 cedentibus
806 5355 968 5411 rebus
996 5373 1009 5409 :
1043 5357 1186 5412 sicut
1205 5359 1381 5416 solent
1409 5363 1685 5433 propheta:
1707 5381 1725 5414 ι
1747 5379 1815 5419 ex
1845 5375 1976 5421 aestu
1997 5375 2052 5422 et
2155 5364 2318 5420 batur
2343 5383 2355 5420 :
2385 5367 2516 5438 quid
2533 5368 2722 5435 etiam,
2741 5378 2801 5425 ut
2819 5373 3082 5442 probrose
3111 5350 3580 5437 morereturle
3608 5383 3747 5438 nulla

459 5443 656 5547 duritia
684 5487 698 5511 ,
726 5461 794 5502 ex
825 5447 1107 5513 imbribus,
1139 5458 1293 5505 etc...
1329 5471 1347 5502 ι
1371 5452 1485 5509 Ηοε
1519 5455 1686 5526 igitur
1711 5457 1873 5512 etiam
1917 5458 2049 5514 dicit
2155 5457 2261 5512 alia
2283 5474 2474 5525 causa,
2502 5461 2608 5516 nisi
2642 5470 2700 5516 ut
2729 5478 2828 5518 nos
2855 5464 3074 5522 doceret
3119 5468 3254 5524 nihil
3288 5473 3612 5532 existimare
3638 5474 3746 5547 glo-

460 5534 570 5601 hic,
597 5537 726 5606 quia
755 5538 1075 5594 memoriam
1105 5551 1414 5598 sanctorum
1445 5545 1681 5612 illorum,
1707 5549 1847 5604 sicut
1876 5551 2048 5607 nubes
2155 5552 2312 5617 riam,
2356 5569 2476 5622 qua:
2508 5555 2576 5609 ab
2604 5555 2915 5614 hominibus
2939 5558 3203 5616 defertur.
3250 5561 3464 5621 Idcirco
3493 5581 3602 5622 non
3626 5534 3746 5623 sub-

459 5625 804 5684 inflammuns
841 5645 909 5684 ex
938 5631 1089 5686 radio
1115 5631 1340 5704 igneo...
1367 5636 1448 5691 sic
1491 5637 1729 5694 animam
1764 5640 1920 5694 malis
1946 5657 2043 5710 op-
2145 5643 2323 5712 jcctus
2346 5647 2505 5701 morti
2535 5650 2773 5718 suscepit
2803 5652 3275 5716 mortem,docens
3295 5670 3396 5710 nos
3419 5670 3743 5727 praesumere

460 5729 706 5786 pressam
737 5721 944 5776 excitat
969 5731 1024 5777 et
1053 5734 1287 5779 recreat.
1319 5725 1388 5780 Et
1412 5743 1518 5783 non
1551 5729 1706 5796 dixit,
1741 5732 1914 5802 Super
1946 5738 2044 5788 nos
2151 5745 2338 5791 contra
2367 5746 2618 5806 mortem,
2650 5747 2705 5795 et
2731 5756 2849 5795 eam
2889 5743 3087 5800 nullius
3116 5721 3438 5802 existimare
3461 5750 3735 5806 momenti.

463 5819 828 5880 apparentem,
861 5815 955 5872 sed
989 5814 1338 5894 «impositam
1366 5821 1522 5877 nobis
1549 5840 1560 5876 :
1586 5841 1603 5874 ι
1635 5825 1778 5893 quod
1811 5825 2041 5894 amplius
2151 5830 2328 5897 Quare
2355 5847 2461 5888 non
2485 5832 2644 5900 dixit,
2662 5835 2881 5892 tristitia
2903 5848 3233 5907 contempta,
3263 5841 3358 5897 sed
3386 5862 3402 5895 ι
3429 5841 3736 5899 confusione

3933 5767 3935 5849 i

3929 5897 3933 6041 ᾖ
