3972 6336
204 351 304 416 809

659 347 1212 412 ENAR‘RSTIONUM
1245 351 1313 408 iN
1353 349 1502 408 EPP.
1545 350 1749 409 PAULI
1788 346 1915 405 LIB.
1958 344 2148 405 XXIX.
2185 379 2254 390 -—-
2290 343 2356 405 1N
2396 343 2624 438 EPIST.
2653 347 2744 404 AD
2784 345 2984 405 HEBR.

3349 351 3454 408 810

203 478 529 539 contempta,
558 467 812 538 quoniam
835 481 940 520 non
964 481 1086 521 cum
1111 464 1330 519 tristitia
1359 470 1586 517 mortem
1615 460 1776 516 susti»
1802 465 1848 524 Α
1879 456 2175 527 perﬁcitur.
2222 476 2240 510 ι
2282 476 2299 510 ι
2333 455 2650 527 Propterea,
2677 456 2884 527 inquit,
2914 455 3106 527 glorior
3144 457 3198 514 in
3224 457 3454 516 infirmi-

202 561 335 616 nuit.
367 559 671 617 Novissime
695 567 876 613 autem
898 557 1027 627 quid
1054 555 1255 612 factum
1284 555 1434 610 est?r
1453 553 1508 608 in
1535 552 1774 617 dextera,

201 653 392 724 inquit,
438 652 582 706 sedis
608 649 701 706 Dei
743 650 1009 706 consedit.
1041 668 1060 700 ι
1097 647 1260 703 Vides
1290 647 1568 718 praemium
1591 686 1606 711 ,
1635 643 1776 714 quod

200 743 361 798 etiam
385 740 587 796 Paulus
615 740 794 795 sciens
818 739 1024 805 didicit,
1059 757 1078 788 ι
1114 745 1335 808 propter
1359 736 1502 806 quod
1543 743 1599 790 et
1637 735 1778 790 Deus

199 825 345 889 illum
376 831 826 902 superexaltavit,
855 838 909 886 et
938 830 1156 886 donavit
1183 829 1258 882 illi
1282 825 1476 882 nomen
1505 824 1648 896 quod
1695 833 1778 881 est

200 939 360 996 super
386 937 547 978 omne
573 936 790 986 nomen,
826 929 888 974 ut
908 921 959 974 in
991 919 1206 974 nomine
1230 917 1356 973 Jesu
1387 916 1588 973 Christi
1618 932 1778 972 omne

199 1031 332 1088 genu
358 1014 607 1069 ﬂectatur
629 1012 795 1084 (Phil.
825 1013 907 1084 ιι).
935 1031 951 1062 ι
977 1005 1112 1066 Eum
1134 1011 1223 1080 qui
1247 1008 1540 1065 secundum
1559 1025 1776 1065 carnem

198 1119 278 1166 est
301 1109 590 1180 signiﬁcat.
653 1107 884 1162 Maxime
931 1110 1143 1168 autem,
1176 1097 1242 1160 ac
1289 1102 1334 1158 si
1380 1103 1583 1157 nullum
1633 1111 1777 1156 esset

196 1203 494 1273 praemium,
521 1195 700 1272 ipsum
729 1201 900 1258 solum
944 1191 1249 1270 exemplum
1287 1199 1538 1255 idoneum
1563 1205 1678 1254 erat
1708 1200 1776 1252 ad

195 1285 625 1364 persuadendum
660 1293 839 1346 omnia
883 1291 1136 1346 tolerare.
1181 1289 1335 1346 Nune
1384 1299 1563 1345 autem
1611 1290 1774 1345 etiam

193 1385 413 1457 pnemia
461 1394 858 1456 proponuntur,
891 1400 996 1440 non
1039 1378 1315 1455 quaelibet,
1349 1384 1442 1438 sed
1475 1381 1630 1438 valde
1655 1399 1775 1437 ma-

193 1493 296 1552 gna
340 1485 396 1533 et
427 1471 740 1532 ineffabilia.
797 1475 1032 1532 Proinde
1076 1477 1241 1532 etiam
1277 1493 1376 1532 nos
1416 1469 1537 1531 cum
1575 1473 1774 1545 aliquid

196 1568 298 1624 tale
325 1569 469 1640 passi
510 1567 796 1633 fuerimus,
819 1577 944 1624 ante
985 1565 1272 1640 Apostolos
1316 1570 1460 1641 ipsos
1499 1568 1774 1648 Christum

201 1661 519 1730 cogitemus.
548 1659 764 1727 Quare?
790 1659 924 1726 Quia
957 1667 1068 1714 tota
1096 1660 1205 1714 vita
1236 1654 1350 1728 ejus
1380 1655 1650 1716 cumulata
1675 1657 1774 1713 fuit

195 1747 426 1818 injuriis.
445 1748 655 1803 Etenim
678 1741 890 1820 semper
904 1743 1179 1815 audiebat,
1195 1748 1338 1819 quod
1362 1749 1584 1804 insanus
1605 1757 1769 1815 esset,

1879 547 2078 602 tatibus
2109 539 2250 604 meis
2272 546 2356 620 (II
2389 546 2512 603 Cor.
2542 549 2663 619 xu),
2695 547 2748 602 in
2774 546 3240 614 tribulationibus,
3272 548 3325 604 in
3359 565 3453 605 nc-

1878 639 2244 705 cessitatibus,
2279 639 2332 694 in
2363 639 2646 709 angustiis,
2686 639 2740 694 in
2780 637 2975 709 plagis,
3018 637 3070 693 in
3119 639 3432 696 carceribus

1878 732 1937 783 tit
1986 729 2252 784 inhabitet
2302 729 2356 784 in
2409 744 2494 784 me
2546 729 2720 784 virtus
2783 727 3006 783 Christi.
3046 747 3065 780 ι
3124 726 3230 783 Sed
3285 729 3454 785 etiam

1878 819 2151 874 Christum
2186 818 2310 873 andi
2335 818 2606 875 dicentem
2635 837 2648 873 :
2682 837 2700 870 ι
2733 817 2792 872 In
2814 817 3034 883 mundo,
3065 816 3256 887 inquit,
3285 816 3455 872 tribu-

1878 908 2134 965 lationem
2165 908 2432 964 habebitis
2466 908 2648 981 (Joan.
2679 908 2813 979 xvr).
2845 927 2864 962 ι

1891 1007 1896 1012 ·
1952 1019 1970 1051 ι
2011 999 2326 1069 Recogitate
2395 1000 2539 1056 enim
2590 1013 2714 1055 eum
2768 999 2858 1070 qui
2909 997 3067 1054 talem
3122 997 3376 1068 sustinuit
3421 1013 3454 1053 a

1882 1109 1900 1143 ι
1942 1091 2318 1162 peccatoribus
2357 1093 2642 1146 adversum
2685 1091 3030 1160 semetipsum
3074 1088 3456 1146 contradictio-

1883 1200 1900 1233 ι
1946 1194 2090 1247 nem,
2140 1195 2209 1236 ne
2253 1179 2553 1252 fatigemini
2583 1180 2777 1236 animis
2811 1181 3006 1236 vestris
3055 1180 3391 1236 deﬁcientes.
3428 1197 3452 1233 ι

1878 1275 2083 1349 (Ιοαη.)
2118 1277 2175 1333 Si
2203 1277 2346 1332 enim
2375 1268 2744 1348 preximorum
2774 1279 3054 1349 passiones
3085 1279 3301 1350 erigunt
3329 1293 3453 1344 nos,

1875 1378 2132 1438 quantam
2173 1370 2328 1426 nobis
2371 1370 2707 1426 alacritatem
2740 1370 2968 1426 aﬁ'erunt
2997 1372 3210 1426 Domini
3250 1371 3454 1443 passio-

1876 1463 2010 1518 nes?
2067 1462 2196 1533 quid
2246 1477 2344 1519 vos
2391 1479 2499 1518 non
2550 1464 2681 1519 estis
2734 1464 2977 1534 operati‘:
3028 1465 3456 1522 Pnetermittens

1875 1543 2056 1610 omnia
2095 1570 2192 1625 per
2235 1555 2718 1611 contradictionem
2757 1564 2928 1611 totum
2965 1556 3307 1628 signiﬁcavit.
3344 1558 3457 1614 Ad-

1875 1644 2111 1701 dendum
2141 1643 2308 1701 etiam
2339 1647 2466 1713 tale,
2498 1647 2600 1703 hoc
2627 1655 2731 1714 est,
2761 1647 2967 1720 plagas,
2997 1663 3131 1718 quas
3159 1650 3456 1719 accipiebat

1875 1739 1929 1796 in
1959 1742 2156 1812 capite,
2180 1742 2478 1807 irrisiones,
2508 1741 2756 1811 injurias,
2787 1743 3130 1815 improperia,
3161 1743 3455 1800 illusiones.

189 1849 247 1894 et
292 1839 546 1894 seductor
590 1846 644 1894 et
697 1856 887 1912 magus
920 1859 933 1895 :
965 1849 1020 1896 et
1069 1856 1213 1896 nunc
1259 1841 1476 1910 quidem
1526 1840 1774 1897 dicebant
1804 1822 1848 1881 Β
1877 1832 2068 1889 Omnia
2091 1835 2208 1890 haec
2229 1834 2448 1891 nomine
2473 1836 2917 1892 contradictionis
2939 1837 3244 1892 intimavit-
3276 1847 3330 1893 et
3349 1853 3456 1894 non

189 1928 356 1985 Judaei
395 1948 409 1985 :
455 1949 472 1981 ι
517 1929 655 1996 Non,
703 1931 916 2002 inquit,
966 1931 1060 1987 sed
1091 1921 1299 1986 seducit
1342 1928 1627 2004 p0pulum;
1663 1951 1682 1984 ι
1720 1925 1775 1987 et

190 2021 384 2075 iterum
418 2039 430 2075 :
468 2041 485 2074 ι
521 2021 785 2078 Seductor
810 2023 899 2080 ille
924 2025 1138 2080 dixerat
1183 2025 1359 2079 adhuc
1398 2025 1602 2088 vivens,
1647 2016 1773 2094 quia

189 2119 310 2181 post
345 2112 579 2166 triduum
612 2129 889 2186 resurgam
925 2113 1139 2187 (Matth.
1170 2116 1366 2187 xxvu).
1399 2117 1598 2172 lterum
1646 2115 1772 2172 eum

190 2199 257 2257 de
281 2210 399 2258 arte
427 2205 638 2274 magica
671 2205 1104 2262 criminabantur
1130 2208 1370 2264 dicentes
1398 2226 1412 2266 :
1445 2229 1463 2260 ι
1495 2208 1552 2262 In
1583 2209 1772 2265 Belze-

189 2292 298 2349 bub
319 2289 820 2364 expcllitidzcmonia
847 2295 997 2368 (an.
1014 2298 1112 2368 xi);
1130 2320 1146 2351 ›
1165 2307 1217 2353 et
1233 2299 1358 2369 quia
1384 2300 1581 2354 insanit
1597 2308 1651 2355 et
1666 2301 1771 2355 dac-

188 2385 427 2439 monium
455 2387 636 2441 habet.
668 2406 684 2437 ι
707 2386 895 2442 Nonne
916 2385 1062 2444 bene
1078 2390 1328 2455 dicimus,
1353 2389 1622 2460 inquiunt,
1646 2391 1770 2460 quia

188 2475 511 2532 daemonium
527 2478 686 2534 habet
703 2488 758 2534 et
776 2479 1011 2534 insanit?
1027 2481 1204 2553 (Joan.
1222 2479 1342 2552 x.)i
1376 2481 1440 2536 Et
1456 2482 1570 2536 lucc
1592 2482 1773 2538 audio?

185 2573 280 2627 bat
304 2573 370 2627 ab
390 2572 513 2637 illis,
532 2574 644 2644 ipse
665 2574 924 2631 beneﬁcia
951 2587 1234 2648 prmstaus,
1253 2575 1518 2633 mirabilia
1544 2579 1766 2647 faciens,

186 2679 348 2734 opera
363 2665 457 2719 Dei
474 2666 867 2723 demonstrans.
885 2668 950 2722 Et
965 2670 1228 2740 siquidem
1247 2671 1380 2726 nihil
1393 2671 1612 2740 faceret,
1626 2665 1771 2730 etsic

186 2755 290 2811 ista
319 2757 547 2823 audiret,
577 2758 710 2814 nihil
747 2769 891 2832 esset
916 2762 1164 2818 mirabile
1195 2783 1206 2818 :
1239 2779 1360 2819 cum
1393 2781 1524 2819 vero
1572 2767 1771 2822 docens

183 2864 304 2918 quae
319 2848 385 2902 ad
406 2849 690 2906 veritatem
710 2849 1071 2923 pertinebant,
1091 2855 1498 2926 audiebatquod
1521 2851 1772 2913 seductor

184 2947 361 3006 esset;
389 2947 446 2995 et
473 2941 745 2998 daemones
768 2944 1078 3011 excludens,
1107 2946 1431 3002 dmmonium
1462 2937 1664 3004 habere
1685 2951 1768 3005 di-

183 3031 408 3086 cebatur
433 3051 446 3085 :
476 3048 564 3088 res
585 3034 740 3091 valde
771 3035 1067 3106 delugenda
1099 3047 1201 3094 est.
1238 3037 1330 3094 Vis
1361 3041 1522 3095 etiam
1549 3055 1772 3097 accusa-

183 3124 358 3182 tiones
383 3127 608 3194 audire,
649 3129 766 3185 sive
806 3147 941 3200 quas
981 3139 1228 3199 secreto,
1273 3135 1387 3190 sive
1426 3151 1560 3207 quas
1586 3123 1773 3208 palam.

181 3214 294 3270 imo
344 3224 398 3270 et
446 3217 536 3272 ab
567 3219 848 3290 discipulis
895 3222 1244 3284 sustinebat?
1293 3225 1488 3296 quibus
1540 3235 1594 3283 et
1642 3228 1763 3284 ait:

186 3326 205 3358 ι
235 3307 488 3380 Nunquid
513 3319 565 3365 et
593 3327 687 3367 vos
714 3313 873 3369 vultis
906 3315 1055 3371 abire
1079 3315 1260 3389 (Joan.
1283 3318 1356 3389 vr)
1381 3320 1403 3373 ?
1432 3320 1622 3392 inquit.
1665 3321 1770 3378 Sed

183 3399 347 3454 etiam
374 3419 386 3453 :
409 3401 771 3458 «Dmmonium
789 3399 956 3461 habes
977 3424 995 3458 ›
1021 3423 1051 3462 a
1075 3408 1318 3464 ﬁdelibus
1332 3409 1444 3481 jam
1467 3412 1766 3468 dicebatur.

180 3486 372 3544 Nonne
415 3499 470 3546 et
502 3491 615 3561 ipse
647 3509 860 3564 semper
897 3495 1158 3567 fugiebat,
1199 3508 1254 3554 et
1294 3515 1438 3557 nunc
1465 3502 1684 3572 quidem
1717 3505 1770 3558 in

177 3578 484 3647 Galilaeam,
501 3600 642 3638 nunc
665 3595 844 3640 autem
873 3587 925 3640 in
948 3585 1223 3644 Judzeam?
1250 3589 1436 3646 Nonne
1459 3594 1526 3647 ab
1549 3593 1771 3648 incuna—

178 3671 306 3727 bilis
336 3673 466 3746 ipsis
491 3673 734 3744 plurima:
761 3675 834 3730 illi
870 3679 1195 3733 tentationes
1221 3678 1376 3736 facta:
1407 3683 1565 3736 sunt?
1593 3701 1770 3741 nonne

177 3765 359 3822 adhuc
390 3764 712 3822 infantulum
744 3778 918 3825 mater
955 3770 1073 3839 ejus
1116 3773 1387 3842 accipiens
1416 3775 1689 3831 descendit
1715 3765 1770 3832 in

173 3855 519 3929 Egyptum?
544 3857 772 3932 Propter
795 3862 913 3918 haec
942 3863 1106 3934 igitur
1127 3866 1307 3923 omnia
1328 3867 1459 3922 dixit
1486 3883 1500 3922 :
1532 3889 1549 3919 ι
1578 3867 1768 3926 Atten-

183 3968 204 4001 ι
245 3951 440 4008 dentes
461 3953 513 4007 in
535 3961 810 4008 auctorem
837 3956 957 4010 ﬁdei
979 3967 1034 4011 et
1053 3969 1539 4017 consummatorem
1561 3951 1768 4031 Jesum,

183 4060 202 4094 ι
251 4043 346 4111 qui
397 4059 497 4113 pro
543 4046 736 4114 gaudio
777 4047 878 4102 sibi
914 4051 1192 4119 proposito
1236 4052 1497 4108 sustinuit
1527 4070 1765 4122 crucem,

182 4154 200 4187 ι
246 4135 564 4192 confusione
591 4148 918 4209 contempta,
950 4143 1001 4196 in
1034 4145 1253 4200 dextera
1282 4147 1426 4202 sedis
1448 4147 1542 4203 Dei
1573 4164 1766 4206 conse-

181 4245 202 4277 σ
244 4227 345 4282 dit.
386 4246 404 4279 ι
439 4226 592 4284 Nunc
628 4230 793 4300 igitur
818 4232 1160 4291 intendamus
1199 4237 1253 4291 in
1284 4253 1346 4292 ea
1373 4254 1492 4308 quae
1519 4241 1765 4312 discipuli

174 4317 296 4388 ejus
321 4323 565 4392 perpessi
595 4333 740 4390 sunt,
784 4314 1025 4398 legamus
1053 4329 1195 4386 dicta
1226 4329 1376 4388 Pauli
1406 4342 1461 4389 et
1485 4336 1767 4394 audiamus

173 4427 304 4468 eum
352 4414 620 4469 dicentem
653 4435 664 4469 :
695 4434 714 4465 ι
747 4416 802 4471 In
842 4419 1166 4475 sustinentia
1210 4421 1411 4489 multa,
1451 4424 1502 4478 in
1541 4426 1762 4482 tribula-

173 4505 510 4571 tionibus,in
533 4508 812 4578 angustiis,
839 4509 889 4564 in
913 4510 1102 4583 plagis,
1124 4513 1174 4567 in
1197 4516 1506 4572 carceribus
1529 4516 1615 4588 (II
1637 4519 1758 4574 Cor.
1794 4549 1843 4609 Β

171 4597 288 4666 xx);
329 4615 348 4648 ι
375 4605 432 4650 et
471 4597 668 4652 iterum
702 4616 714 4651 :
748 4617 766 4649 ι
801 4599 982 4670 Usque
1010 4603 1076 4657 ad
1104 4603 1244 4660 hanc
1272 4605 1462 4661 horam
1494 4616 1548 4661 et
1595 4610 1764 4664 esuri-

169 4701 318 4751 mus,
346 4696 402 4741 et
427 4687 661 4754 sitimus,
686 4698 740 4744 et
767 4690 896 4744 nudi
926 4708 1129 4759 sumus,
1166 4705 1218 4750 et
1255 4695 1680 4766 colaphizamur,
1710 4709 1764 4755 et

170 4779 572 4849 inquietantur,
594 4790 646 4835 et
671 4781 936 4852 lugcmus,
953 4795 1242 4855 operantes
1267 4789 1513 4844 manibus
1534 4790 1760 4846 nostris:

169 4870 453 4926 maledicti
481 4873 878 4940 benedicimus;
907 4879 1334 4946 persecutionem
1365 4880 1532 4950 passi,
1557 4881 1763 4950 patien-

170 4971 262 5018 ter
302 4961 562 5030 ferimus;
591 4965 965 5038 hlasphemati,
993 4970 1357 5027 obsecramus.
1398 4993 1416 5024 ι
1446 4973 1616 5044 Rogo,
1643 4975 1764 5044 quis

165 5057 256 5112 vel
293 5058 574 5112 minimam
616 5068 825 5128 partem
872 5062 1062 5118 horum
1111 5079 1304 5132 passus
1343 5066 1460 5134 est?
1487 5065 1638 5122 Sicut
1680 5083 1765 5123 se-

165 5148 459 5214 ductores,
488 5149 680 5220 inquit.
705 5153 846 5208 sicut
875 5153 1200 5220 inhonorati,
1233 5155 1372 5210 sicut
1402 5157 1534 5210 nihil
1564 5157 1756 5212 baben-

166 5248 286 5306 tes;
323 5247 379 5295 et
401 5241 594 5294 iterum
626 5261 637 5296 :
675 5263 692 5294 ι
729 5243 1024 5315 Quinquies
1052 5245 1424 5317 quadragenas
1455 5263 1557 5302 una
1583 5249 1763 5303 minus

161 5331 360 5400 accepi
399 5347 427 5385 a
456 5330 672 5396 Iudaeis,
718 5343 801 5390 ter
851 5336 1016 5407 virgis
1043 5353 1214 5394 caesus
1239 5354 1357 5393 sum
1377 5380 1392 5404 ,
1423 5339 1587 5394 semel
1631 5331 1764 5410 lapi¥

159 5422 338 5477 datus
378 5439 495 5478 sum
519 5465 532 5490 ,
562 5424 650 5480 die
691 5442 752 5480 ac
793 5437 951 5482 nocte
988 5427 1040 5482 in
1071 5428 1337 5500 profundo
1365 5429 1533 5484 maris
1563 5430 1636 5484 fui
1657 5469 1672 5495 ,
1708 5430 1760 5484 in

155 5515 464 5571 itineribus
493 5533 664 5588 szepc,
697 5518 1171 5587 tribulationibus,
1210 5521 1507 5591 angustiis,
1540 5521 1702 5586 fame,
1739 5543 1755 5574 ι

151 5615 273 5661 etc.
311 5606 378 5661 Et
407 5608 533 5676 quia
562 5609 678 5663 lucc
701 5609 809 5664 Deo
827 5610 1132 5682 placebant,
1159 5613 1283 5668 audi
1305 5629 1428 5668 eum
1451 5615 1718 5672 dicentem
1747 5636 1759 5672 :

156 5717 181 5751 ε
234 5699 478 5770 Propter
521 5701 622 5756 hoc
667 5702 825 5757 tertio
866 5704 1033 5760 Deum
1081 5707 1300 5779 rogavi,
1331 5717 1387 5763 et
1413 5708 1548 5764 dixit
1591 5711 1761 5768 mihi:

152 5789 386 5847 Sufﬁcit
429 5792 524 5848 tibi
565 5795 734 5864 gratia
772 5808 889 5848 mea
919 5813 932 5848 :
961 5797 1131 5853 virtus
1172 5798 1316 5854 enim
1351 5799 1404 5855 in
1451 5799 1765 5859 infirmitate

498 5888 774 5950 PATBOL.
823 5886 1022 5954 CXii.‘

1349 5987 1430 5994 CAv-.-

1877 1921 1962 1977 illa
1981 1919 2212 1990 tantum,
2224 1925 2316 1980 sed
2339 1935 2392 1980 et
2406 1925 2513 1980 alia
2535 1941 2656 1998 quae
2676 1927 2821 1982 circa
2837 1928 3003 1982 vitam
3021 1936 3165 1992 sunt,
3179 1931 3459 1998 passiones

1874 2011 2075 2070 Christi
2115 2022 2172 2070 et
2213 2017 2494 2086 passiones
2538 2018 2922 2087 apestolorum.
2951 2018 3044 2076 Sic
3083 2022 3225 2077 enim
3253 2023 3459 2079 sciebat

1875 2103 2017 2159 hanc
2044 2105 2188 2159 viam
2223 2105 2505 2161 meliorem
2535 2122 2656 2164 esse
2695 2109 2985 2176 virtutem,
3028 2118 3087 2164 ut
3131 2111 3295 2167 etiam
3345 2113 3460 2182 ipse

1873 2195 1967 2264 qui
2014 2210 2077 2250 ea
2122 2212 2258 2266 opus
2310 2212 2414 2252 non
2461 2197 2727 2266 habebat,
2774 2214 2870 2269 per
2910 2216 3028 2256 eam
3075 2213 3366 2274 pergeret:
3401 2205 3456 2259 iu

1875 2291 2082 2338 tantum
2115 2294 2271 2341 norat
2301 2287 2700 2345 tribulationem
2727 2292 3116 2349 conducibilem
3137 2296 3291 2351 nobis
3313 2312 3457 2364 esse,

1871 2382 1927 2430 et
1953 2376 2125 2448 magis
2152 2392 2372 2434 causam
2405 2367 2524 2436 esse
2553 2381 2770 2452 quietis.
2803 2383 2942 2438 Audi
2980 2385 3124 2440 enim
3165 2387 3341 2456 ipsum
3382 2389 3461 2444 div

1871 2477 2082 2524 centem
2111 2487 2124 2524 :
2153 2489 2172 2522 ‹
2201 2469 2314 2526 Nisi
2363 2472 2508 2528 enim
2554 2474 2676 2544 quis
2717 2475 2898 2530 tulerit
2944 2492 3161 2534 crucem
3211 2495 3362 2536 suam
3404 2489 3462 2536 et

1871 2563 2081 2617 Venerit
2126 2571 2247 2633 post
2290 2580 2399 2631 me,
2436 2580 2544 2621 non
2583 2574 2664 2622 est
2696 2582 2784 2622 me
2830 2567 3026 2639 dignus
3053 2567 3204 2641 (Luc.
3233 2570 3313 2642 ι.)
3347 2591 3364 2624 ι
3399 2570 3476 2628 Si

1871 2654 2197 2724 discipulus,
2253 2655 2484 2727 inquit,
2515 2673 2607 2722 es,
2657 2659 2978 2730 magistrum
3037 2662 3253 2720 imitare
3295 2682 3308 2718 :
3355 2664 3461 2721 hoc

1871 2746 2071 2816 quippe
2105 2756 2189 2800 est
2214 2746 2480 2817 discipuli.
2531 2745 2588 2802 Si
2620 2763 2746 2804 vero
2769 2750 2882 2819 ipse
2918 2751 3132 2820 quidem
3164 2768 3259 2824 per
3291 2755 3460 2810 tribu—

1871 2835 2100 2891 lationes
2119 2837 2382 2906 perrexit,
2408 2845 2463 2892 tu
2489 2846 2671 2896 autem
2715 2839 2784 2894 ad
2827 2842 3069 2910 requiem
3098 2843 3178 2898 vis
3206 2844 3286 2899 ire
3304 2885 3318 2912 ,
3349 2861 3460 2903 non

1872 2927 2118 2982 eamdem
2149 2927 2400 2985 viam‘vis
2438 2944 2693 3002 pergere,
2741 2946 2904 3002 quam
2933 2932 3023 2990 ille
3051 2937 3320 3004 perrexit,
3363 2939 3459 2994 sed

1872 3016 2053 3074 aliam.
2065 3017 2348 3086 Quomodo
2362 3033 2490 3091 ergo
2504 3023 2750 3093 sequeris
2773 3037 2878 3078 non
2897 3027 3163 3094 sequens?
3185 3029 3457 3099 quomodo

1873 3107 1981 3164 eris
2005 3109 2322 3182 discipulus,
2344 3111 2390 3166 si
2425 3127 2530 3169 non
2565 3113 2896 3170 consectaris
2919 3117 3161 3187 magistri
3189 3120 3414 3194 vestigia
3432 3123 3458 3176 ?

1872 3196 1984 3254 Hoc
1995 3199 2157 3255 etiam
2172 3199 2369 3256 Paulus
2385 3201 2539 3257 dixit:
2553 3221 2570 3254 ι
2593 3201 2702 3258 Nos
2715 3203 2936 3271 inﬁrmi,
2953 3221 3047 3262 vos
3060 3215 3242 3264 autem
3256 3210 3422 3268 fortes
3442 3231 3454 3266 :

1871 3308 1970 3348 nos
1993 3293 2275 3362 ignobiles,
2294 3310 2389 3350 vos
2417 3303 2598 3352 autem
2631 3296 2836 3354 nobiles
2865 3297 2914 3370 (I
2930 3297 3052 3354 Cor.
3077 3300 3206 3372 ιν).›
3239 3303 3304 3359 Et
3323 3311 3459 3376 quo-

1871 3385 2050 3450 modo,
2079 3384 2270 3455 inquit,
2296 3386 2400 3441 hoc
2418 3387 2581 3442 habet
2602 3388 2888 3455 rationem,
2913 3389 2959 3444 si
2989 3394 3264 3448 contraria
3289 3411 3461 3452 temu-

1871 3473 2091 3530 lamini?
2139 3484 2197 3530 et
2239 3492 2336 3532 vos
2383 3477 2599 3546 quidem
2645 3479 2776 3534 estis
2811 3479 3092 3550 discipuli,
3137 3499 3237 3539 nos
3278 3493 3460 3542 autem

1871 3565 2157 3622 doctores?
2187 3567 2437 3638 Magnum
2468 3569 2649 3638 itaque
2688 3567 2888 3624 bonum
2910 3579 2994 3626 est
3021 3572 3317 3641 tribulatio,
3347 3575 3458 3631 fra-

1871 3665 1982 3713 tres
2003 3659 2340 3714 dilectissimi
2374 3673 2388 3711 :
2424 3659 2528 3715 duo
2561 3675 2794 3730 namque
2822 3677 3014 3733 magna
3040 3665 3282 3733 perﬁcit,
3325 3676 3380 3722 et
3427 3683 3460 3722 a

1870 3758 2094 3818 peccato
2133 3751 2381 3816 mundat,
2421 3759 2478 3806 et
2514 3751 2769 3808 fortiores
2797 3754 2990 3810 reddit.
3024 3755 3160 3822 Quid
3203 3773 3332 3829 ergo
3353 3769 3457 3823 est,

1869 3842 2016 3897 dicet
2041 3841 2253 3912 aliquis,
2287 3841 2332 3896 si
2369 3839 2647 3898 subvertat
2677 3843 2910 3913 aliquem
2942 3853 2994 3900 et
3029 3847 3253 3916 perdat?
3281 3864 3459 3905 nonne

1871 3932 2145 3988 tribulatio
2181 3933 2283 3988 hoc
2312 3931 2475 3988 facit?
2507 3933 2612 3988 Sed
2643 3935 2686 3988 si
2713 3935 2816 3989 hoc
2838 3936 3084 4006 contigit,
3113 3947 3297 3994 nostra
3351 3940 3456 3996 hoc

1871 4023 2080 4093 ignavia
2122 4022 2267 4078 fecit.
2293 4023 2592 4090 Quomodo,
2626 4024 2842 4094 inquit?
2872 4024 2930 4080 Si
2971 4027 3138 4082 sobrii
3177 4032 3376 4094 simus,
3409 4033 3454 4085 si

1870 4115 2038 4170 Deum
2071 4116 2449 4185 deprecemur,
2490 4129 2550 4171 ut
2591 4132 2691 4172 nos
2719 4133 2826 4172 non
2877 4119 3217 4191 derelinquat
3262 4125 3457 4178 tentari

1870 4219 2029 4275 supra
2059 4221 2219 4274 quam
2265 4221 2574 4275 possumus,
2615 4207 2660 4263 si
2703 4221 2919 4278 semper
2951 4208 3124 4278 ipsum
3155 4219 3454 4279 teneamus,

1869 4295 1915 4351 si
1940 4305 2146 4350 stem-us
2176 4294 2409 4362 fortiter,
2441 4305 2497 4352 et
2523 4297 2694 4353 aciem
2741 4312 3148 4370 componamus,
3177 4318 3459 4376 usquequo

1871 4387 2042 4456 ipsum
2089 4386 2407 4443 habebimus
2437 4388 2811 4444 ausiliatorem
2843 4409 2855 4444 :
2889 4405 2953 4446 ac
2981 4391 3026 4446 si
3047 4395 3300 4450 onmibus
3327 4407 3455 4450 vcn-

1870 4478 1940 4532 tis
1981 4477 2354 4534 vehementius
2405 4479 2617 4535 irruant
2665 4489 3020 4550 tentattones,
3065 4483 3213 4538 velut
3256 4487 3452 4560 stipula

1871 4582 2026 4636 nobis
2073 4589 2233 4636 erunt
2273 4588 2326 4635 et
2374 4580 2594 4649 folium,
2641 4584 2783 4652 quod
2826 4582 2995 4638 fertur
3033 4585 3087 4638 in
3137 4601 3282 4641 aere.
3313 4587 3451 4645 Audi

1870 4680 2094 4738 Paulum
2128 4682 2393 4737 dicentem
2421 4700 2433 4735 :
2468 4704 2484 4734 ι
2516 4684 2572 4739 in
2603 4685 2689 4741 bis
2721 4686 2968 4740 omnibus
2991 4685 3256 4744 vincimus
3280 4689 3430 4763 (Rom

1872 4771 2054 4856 tum.
2077 4793 2128 4838 et
2153 4783 2384 4840 iterum:
2407 4785 2700 4841 «Existimo
2721 4787 2864 4842 enim
2890 4787 3030 4858 quod
3048 4804 3153 4845 non
3179 4800 3306 4847 sunt
3328 4811 3456 4849 cou-

1870 4885 2047 4957 digna)
2074 4887 2356 4958 passiones
2377 4888 2537 4958 hujus
2565 4890 2824 4962 temporis
2847 4891 2914 4946 ad
2937 4890 3174 4949 futuram
3198 4895 3450 4968 gloriam,

1871 4996 1990 5050 qua)
2016 4980 2302 5036 revelanda
2329 4989 2412 5036 est
2438 4983 2489 5036 in
2516 4982 2670 5037 nobis
2692 4981 2743 5052 (I
2749 4982 2878 5055 bid.)
2898 4999 2943 5048 ;›
2965 4992 3020 5038 et
3046 4984 3241 5061 iterum
3267 5007 3279 5042 :
3309 4989 3452 5056 dilo—~

1871 5079 2214 5127 mentaneum
2277 5073 2422 5126 enim
2475 5083 2529 5127 et
2584 5073 2699 5129 leve
2758 5075 3142 5144 tribulationis,
3179 5081 3452 5138 excellens

1869 5163 2078 5234 pondus
2112 5171 2326 5218 :eterum
2371 5163 2553 5233 gloria:
2601 5164 2653 5218 iu
2702 5166 2856 5221 nobis
2905 5179 3160 5238 operatur
3203 5169 3289 5243 (II
3325 5171 3450 5229 Cor.

1870 5253 1966 5324 tv).
2005 5273 2024 5305 ι
2058 5253 2288 5307 Attende
2320 5246 2485 5324 igitur
2525 5255 2705 5324 qualia
2753 5243 3030 5327 pericula,
3070 5271 3270 5330 quanta
3318 5279 3454 5318 nau-

1869 5341 2059 5415 fragia,
2085 5353 2138 5398 et
2163 5344 2446 5399 continuas
2477 5347 2874 5428 tribulationcs,
2911 5359 2965 5405 et
3003 5351 3108 5430 alia
3145 5353 3456 5422 hujusmodi

1866 5435 2002 5491 levia
2047 5425 2366 5492 esse'dicit:
2407 5447 2464 5493 et
2502 5423 2757 5496 tumulare
2789 5441 2932 5496 hunc
2956 5425 3330 5509 adamantem,
3359 5445 3454 5515 qui

1865 5527 2028 5583 veluti
2073 5528 2116 5583 si
2149 5527 2261 5599 jam
2292 5517 2621 5600 supervacue
2651 5532 2964 5588 induerctur
2991 5549 3234 5607 corpore,
3267 5535 3337 5590 ita
3363 5550 3458 5609 ge-

1867 5619 2021 5674 rebat
2063 5620 2202 5674 hanc
2232 5619 2419 5674 vitam.
2464 5620 2521 5676 lu
2557 5632 2876 5693 paupertate
2916 5625 3014 5681 es?
3047 5626 3142 5682 sed
3168 5641 3272 5680 non
3300 5641 3361 5680 es
3395 5628 3450 5683 in

1869 5719 2068 5782 quanta
2099 5709 2200 5766 fuit
2242 5711 2468 5778 Paulus,
2511 5715 2602 5785 qui
2633 5717 2796 5771 etiam
2841 5716 2894 5772 in
2938 5716 3079 5772 fame
3110 5717 3454 5778 examinatus;

1868 5811 1952 5858 est
2013 5812 2070 5858 et
2119 5803 2208 5858 εἰπςὶ
2257 5819 2318 5859 ac
2363 5805 2620 5861 nuditate.
2657 5799 2785 5862 Sed
2832 5823 3006 5878 neque
3051 5823 3156 5863 uno
3202 5807 3287 5864 die
3337 5807 3452 5868 bzec

2895 5902 2971 5962 26
