3972 6336
483 285 582 352 8H

1117 280 1182 338 Β.
1219 279 1473 338 RABANI
1508 277 1726 336 MAURI
1765 274 2080 334 ARCHIEP.

2117 271 2427 331 MOGUNT.
2467 269 2754 331 OPERUM
2788 269 2969 330 PARS
3007 268 3095 326 Ill.
3652 269 3774 327 812

481 413 676 476 passus
693 410 810 468 'est,
845 398 942 458 sed
964 406 1224 470 perpetuo
1259 397 1389 452 talia
1421 393 1737 452 sustinebat.
1767 391 1918 449 Unde
1941 403 2060 445 cer-
2084 397 2136 456 Α
2159 387 2303 444 enim
2331 387 2551 457 cogitat,
2574 386 2828 476 quoniam
2855 383 3100 476 pervenit
3134 380 3203 437 ad
3228 381 3430 450 omnia,
3454 381 3776 476 persuadet

483 502 598 552 tum
624 500 710 547 est
754 489 892 548 hoc?
926 488 1162 545 Adverte
1191 489 1365 560 ipsum
1392 487 1664 544 dicentem
1693 502 1707 538 :
1747 502 1766 536 ι
1796 482 1975 553 Usque
2006 481 2062 536 in

481 586 622 642 hanc
651 585 854 640 horam
881 590 938 639 et
976 581 1268 646 esurimus,
1298 589 1354 636 et
1376 580 1608 643 sitimus,
1643 584 1698 633 et
1718 575 1848 632 nudi
1876 587 2062 631 sumus

482 675 536 748 (I
560 673 681 731 Cor.
699 672 796 745 tv).
821 692 841 726 ι
869 669 912 730 Ο
935 687 1050 728 rem
1077 671 1534 737 mirabilem,cum
1558 675 1760 724 tantam
1784 667 1837 721 in
1864 665 2060 737 przedi-

450 789 453 792 ·
478 767 692 823 eatione
717 764 943 836 gloriam
973 763 1293 835 possideret,
1322 770 1504 816 tamen
1547 757 2058 835 tantapatiebatur,

471 839 816 916 et—Jortassis
843 857 1111 927 reliquum
1138 870 1342 910 annum
1363 853 1488 909 vita:
1510 853 1722 924 agebat,
1752 850 1966 921 quando
1988 848 2060 904 ita

477 950 792 1007 scribebat:
823 966 843 999 ‹
884 947 1012 1004 Scio
1055 947 1201 1002 enim
1239 945 1513 1001 hominem
1559 951 1684 998 ante
1719 957 1888 998 annos
1929 955 2061 1012 qua-

479 1042 781 1098 tuordecim
810 1042 925 1097 sive
943 1041 1009 1095 in
1036 1053 1285 1110 corpore,
1311 1038 1424 1093 sive
1449 1043 1605 1092 extra
1627 1048 1850 1105 corpus,
1875 1031 2059 1088 nescio

479 1133 532 1205 (1
563 1133 686 1190 Cor.
711 1134 846 1206 xu);
878 1152 896 1186 ι
924 1142 980 1189 ει
1000 1132 1196 1187 iterum
1229 1149 1242 1185 :
1275 1130 1460 1186 «Post
1493 1138 1607 1184 tres
1637 1142 1832 1193 annos,
1863 1125 2058 1199 inquit,

477 1223 697 1280 ascendi
727 1221 1153 1293 Hierosolymam
1183 1217 1326 1293 (Gal.
1356 1219 1431 1290 1);
1460 1228 1514 1276 et
1539 1220 1745 1274 iterum
1781 1217 2059 1273 audieum

477 1319 748 1374 dicentem
775 1335 788 1371 :
817 1336 834 1370 ι
867 1316 1072 1372 Bonum
1095 1315 1229 1370 mihi
1254 1323 1338 1370 est
1363 1313 1526 1380 mori,
1555 1327 1720 1383 quam
1745 1321 1803 1368 ut
1828 1311 2060 1383 gloriam

437 1455 442 1460 .
477 1424 654 1465 meam
675 1407 952 1464 exinaniat
971 1406 1256 1478 quisquam
1270 1404 1320 1478 (I
1343 1403 1467 1460 Cor.
1487 1404 1585 1476 ix).
1599 1424 1617 1457 ι
1639 1398 1756 1460 Non
1773 1404 1946 1460 solum
1961 1419 2058 1459 au-

471 1511 589 1557 tem
612 1501 737 1565 hoc,
760 1499 854 1555 sed
874 1499 1037 1554 etiam
1069 1498 1264 1553 iterum
1297 1497 1542 1554 scribens
1571 1496 1822 1552 dicebat:
1854 1513 1872 1548 ι
1907 1494 2061 1551 Sicut

455 1599 829 1664 ppurgamenta
850 1589 1036 1646 mundi
1059 1588 1186 1646 facti
1211 1587 1461 1661 sumus(f
1485 1585 1609 1644 Cor.
1631 1587 1725 1660 ιν).
1750 1607 1767 1640 ι
1791 1586 1930 1654 Quid
1951 1595 2056 1654 est,

476 1685 890 1759 inquam,—fame
913 1693 967 1740 et
1001 1684 1090 1741 siti
1119 1683 1391 1740 deterius?
1415 1682 1545 1754 quid
1573 1681 1804 1753 frigores
1825 1680 2056 1738 suavius?

476 1778 606 1848 quid
628 1776 859 1832 fratrum
893 1773 1112 1830 insidiis
1139 1771 1530 1844 periculosius?
1550 1787 1684 1844 quos
1704 1771 1870 1832 etiam
1890 1770 2059 1827 falsos

475 1869 674 1926 fratres
701 1867 972 1941 appellat?
1019 1865 1209 1922 Nonne
1242 1865 1465 1921 morbus
1510 1864 1697 1920 mundi
1724 1864 2064 1921 vocitabatur

476 1969 642 2031 atque
669 1959 957 2029 deceptor?
987 1972 1164 2014 nonne
1190 1956 1515 2013 subversor?
1543 1970 1723 2013 nonne
1751 1955 2066 2014 verberibus

475 2047 900 2106 concidebatur?
941 2044 1067 2101 Huic
1109 2045 1165 2102 in
1216 2052 1396 2101 mente
1417 2060 1726 2111 sumamus,
1758 2043 1958 2100 fratres
1983 2044 2066 2100 di-

473 2138 792 2205 lectissimi,
838 2138 953 2193 hate
999 2133 1437 2204 consideremus,
1467 2137 1584 2192 haec
1611 2136 1667 2192 in
1695 2136 2066 2194 memoria-te-

474 2249 731 2299 neamus,
788 2240 843 2288 et
892 2245 1170 2301 nunquam
1219 2230 1597 2300 dissolvemur,
1645 2245 1711 2286 ac
1754 2231 1800 2287 si
1840 2229 2066 2301 injurias

448 2325 770 2398 ._patiatnur,
798 2340 862 2382 ac
889 2323 935 2380 si
964 2326 1200 2397 rapinas,
1233 2341 1298 2384 ac
1333 2326 1381 2383 si
1423 2327 1611 2383 decem
1634 2326 1799 2382 millia
1825 2327 2066 2398 pessima

444 2416 767 2487 ,patiamur.
814 2415 1104 2488 Contingat
1142 2432 1242 2473 nos
1284 2420 1341 2473 in
1384 2417 1537 2474 caelis
1570 2418 1876 2490 probabiles
1901 2434 2066 2490 appa-

476 2520 630 2572 rere,
659 2513 716 2563 et
747 2506 931 2562 omnia
966 2507 1057 2562 hic
1105 2506 1396 2578 portabilia
1440 2516 1570 2563 sunt
1599 2527 1612 2563 :
1641 2509 1918 2580 contingat
1963 2524 2065 2566 nos

474 2593 615 2651 bene
650 2595 762 2652 illic
809 2611 992 2668 agere,
1022 2604 1078 2652 et
1113 2613 1201 2653 res
1229 2597 1390 2668 hujus
1418 2599 1542 2655 vita:
1568 2599 1767 2657 nullius
1803 2601 2064 2658 momenti

476 2694 625 2742 sunt.
661 2685 864 2742 Umbra
897 2687 1176 2743 sunt-ista
1219 2696 1276 2744 et
1319 2689 1588 2746 somnium
1621 2709 1634 2746 :
1671 2691 2064 2765 qualiacunque

473 2780 608 2846 sint,
641 2779 733 2835 illa
764 2793 1045 2852 speremus
1066 2787 1120 2836 et
1139 2789 1442 2852 spectemus
1458 2799 1471 2835 :
1487 2781 1592 2838 ista
1612 2783 1767 2839 nobis
1795 2783 1940 2840 nulla
1961 2799 2062 2856 ap-

473 2873 764 2944 parebunt,
794 2870 880 2928 vel
909 2882 1117 2927 natura:
1145 2873 1602 2940 consideratione,
1627 2874 1713 2929 vel
1742 2875 2021 2947 temporis.

551 2981 570 3016 ι
612 2962 858 3020 Nondum
887 2978 1062 3034 usque
1085 2962 1154 3017 ad
1184 2964 1504 3036 sanguinem
1547 2963 1828 3020 restitistis
1871 2965 2063 3022 adver-

459 3074 499 3110 -ι
544 3071 636 3112 sus
661 3063 948 3126 peccatum
979 3064 1363 3129 repugnantes,
1393 3066 1450 3114 et
1471 3057 1623 3113 obliti
1651 3059 2058 3115 estis'consola-

477 3166 498 3200 ι
545 3148 709 3204 tionis
750 3163 870 3219 quae
909 3147 1062 3204 vobis
1090 3155 1348 3218 tanquam
1379 3147 1506 3204 filiis
1548 3147 1790 3219 loquitur
1821 3149 2008 3207 dicens
2041 3167 2056 3206 :

478 3258 498 3290 ε
543 3238 646 3293 Fili
689 3238 785 3305 mi,
820 3237 930 3293 noli
956 3237 1227 3309 negligere
1254 3237 1592 3307 disciplinam
1620 3237 1854 3304 Domini,
1885 3253 2063 3309 neque

459 3348 498 3380 -ι
546 3327 810 3400 fatigeris,
828 3329 954 3384 dum
971 3329 1037 3384 ab
1054 3342 1119 3383 eo
1131 3328 1396 3400 argueris.
1416 3329 1588 3396 Quem
1599 3329 1748 3384 enim
1772 3329 2064 3401 diligitDo-

463 3437 500 3468 1
543 3418 741 3484 minus,
757 3417 1014 3489 castigat;
1031 3416 1264 3489 ﬂagellat
1283 3426 1464 3474 autem
1485 3432 1700 3475 omnem
1724 3419 1892 3474 ﬁlium
1904 3433 2064 3490 quem

481 3527 500 3560 ε
547 3507 758 3579 recipit.
784 3528 803 3562 ι
831 3507 960 3563 Dure
981 3516 1107 3564 sunt
1127 3508 1431 3564 orationum
1457 3509 1686 3578 species,
1710 3526 1830 3581 qua:
1849 3510 2066 3567 sibimet

453 3600 762 3657 contrariae
803 3614 926 3656 esse
953 3610 1251 3673 putantur,
1307 3601 1402 3657 sed
1447 3601 1674 3657 multum
1720 3602 1823 3657 sibi
1876 3611 2065 3660 mutuo

477 3690 710 3747 afferunt
737 3689 1033 3761 adiumenti
1068 3711 1080 3746 :
1113 3709 1250 3764 quas
1293 3693 1382 3751 hic
1435 3704 1694 3765 utrasque
1728 3696 1936 3767 species
1978 3697 2065 3752 in-

457 3783 729 3850 gculcavit.
764 3783 893 3841 Una
934 3784 1132 3860 quippe
1172 3787 1381 3858 species
1423 3796 1529 3855 est,
1572 3789 1787 3858 quando
1832 3789 2063 3861 plurima

473 3875 706 3932 dicimus
746 3875 962 3948 aliquos
999 3892 1119 3933 esse
1143 3893 1485 3950 perpessos:
1519 3880 1701 3936 anima
1742 3881 1886 3936 enim
1929 3897 2066 3953 quo-

474 3967 762 4025 dammodo
783 3969 1098 4040 requiescit,
1121 3971 1337 4041 quando
1364 3987 1585 4028 suarum
1611 3972 1924 4044 passionum
1939 3974 2066 4046 .plu-

474 4058 642 4114 rimos
699 4059 950 4115 habuerit
1002 4067 1169 4116 testes
1209 4075 1226 4116 :
1269 4062 1722 4131 quemadmodum
1786 4062 2066 4119 orationes

463 4165 636 4221 supra
663 4150 843 4222 posuit
867 4149 1053 4208 dicens
1077 4168 1090 4205 :
1129 4171 1146 4204 α
1186 4151 1644 4210 Rememoramini
1673 4164 1854 4210 autem
1882 4155 2066 4228 pristi-

463 4257 576 4298 nos
626 4242 777 4308 dies,
817 4242 871 4298 in
913 4243 1110 4313 quibus
1157 4245 1441 4300 illuminati
1487 4263 1738 4318 magnum
1787 4261 2065 4306 certamen

473 4333 814 4390 sustinuistis
860 4334 1172 4405 passionum
1201 4334 1380 4408 (Supr.
1411 4337 1488 4408 ιι).
1523 4358 1540 4390 ι
1567 4338 1750 4394 Altera
1777 4356 1907 4396 vero
1939 4356 2063 4412 spe-

461 4425 586 4481 «cies
615 4434 732 4492 est,
757 4426 973 4496 quando
1013 4425 1273 4495 dicimus,
1304 4428 1557 4498 quoniam
1596 4430 1730 4485 nihil
1771 4441 1851 4488 est
1883 4432 2064 4502 magni

462 4530 783 4587 .perpessus.
828 4516 917 4571 Illa
947 4516 1144 4588 quippe
1189 4519 1397 4588 species
1443 4520 1781 4590 requiescere
1830 4522 1961 4578 facit
2007 4531 2062 4578 et

470 4606 712 4663 recreari
755 4606 992 4664 animam
1020 4608 1347 4664 mteroribus
1373 4610 1718 4667 subruentem
1754 4630 1767 4668 :
1800 4613 1904 4670 ista
1933 4628 2060 4670 vero

470 4698 832 4771 negligentem
869 4698 1107 4754 animam
1121 4705 1189 4754 «ει
1221 4699 1465 4770 supinam
1491 4715 1566 4755 ex
1600 4704 1907 4774 arrogantia
1933 4717 2061 4759 con-

472 4791 639 4846 vertit
665 4797 720 4847 et
745 4790 991 4846 retrahit.
1023 4789 1100 4846 Ne
1136 4805 1266 4865 ergo
1307 4791 1413 4847 illis
1443 4806 1508 4847 ex
1549 4792 1637 4847 illa
1683 4793 2059 4850 testiﬁcatione

474 4883 727 4956 superbia
769 4896 1083 4957 generetur,
1131 4885 1520 4955 contemplare,
1554 4886 1683 4958 quid
1710 4887 1784 4942 ait
1817 4887 2054 4944 Paulus:

481 4993 500 5027 ι
534 4975 804 5045 Nondum,
853 4977 1057 5050 inquit,
1105 4993 1275 5048 usque
1321 4978 1387 5033 ad
1432 4978 1747 5048 sanguinem
1788 4979 2062 5034 restitistis

475 5081 663 5129 contra
692 5081 997 5144 peccatum.
1031 5092 1049 5124 ι
1087 5071 1154 5128 Et
1185 5088 1290 5128 non
1323 5069 1611 5128 confestim
1659 5071 1837 5127 intulit
1874 5087 2064 5128 conse-

475 5165 730 5236 quentia,
777 5163 872 5220 sed
917 5163 1208 5219 ostendens
1275 5163 1357 5218 eis
1433 5163 1669 5233 primum
1731 5177 1920 5218 omnes
1970 5161 2061 5234 qui

473 5269 648 5326 usque
693 5255 763 5311 ad
811 5255 1127 5325 sanguinem
1171 5253 1522 5319 restiterunt,
1559 5262 1686 5309 tunc
1716 5253 1897 5322 infert,
1931 5269 2065 5324 quo-

473 5347 624 5404 niam
672 5346 921 5420 gloriatio
964 5345 1166 5403 Cbristi
1223 5347 1502 5419 passiones
1545 5354 1672 5403 sunt
1717 5363 1730 5399 :
1780 5356 1906 5403 tunc
1946 5345 2064 5417 jam

474 5439 688 5496 facilius
731 5447 924 5495 ca3tera
963 5438 1258 5510 percurrit.
1298 5437 1411 5494 Hoc
1444 5439 1609 5494 etiam
1667 5440 1912 5496 scribens
1961 5439 2064 5496 Co-

473 5530 690 5587 rinthiis
710 5528 837 5587 fecit
857 5529 1044 5586 dicens
1068 5547 1080 5583 :
1103 5547 1121 5581 ι
1145 5528 1396 5584 Tentatio
1422 5545 1518 5586 vos
1541 5545 1647 5585 non
1672 5531 2061 5602 apprehendat,

474 5625 581 5682 nisi
600 5624 833 5681 humana
857 5621 908 5695 (1
934 5621 1057 5678 Cor.
1080 5621 1159 5693 ι),
1181 5643 1199 5674 ι
1223 5623 1327 5678 hoc
1346 5632 1428 5678 est
1449 5623 1692 5678 minima.
1715 5622 1876 5680 Valde
1899 5624 2059 5694 quip-

475 5731 546 5790 pe
571 5716 677 5774 boc
696 5715 949 5774 idoneum
975 5720 1094 5773 erat
1122 5713 1189 5771 ad
1218 5712 1455 5771 animam
1486 5714 1892 5787 subrigendam.
1920 5714 2057 5770 Dum

2161 476 2263 532 sibi
2295 491 2358 532 ex
2381 473 2823 530 antecedentibus
2847 472 2993 528 nulla
3024 486 3217 543 magna
3240 486 3404 541 opera
3427 471 3773 543 perfecisse.

2161 567 2273 624 Hoc
2288 576 2373 624 est
2391 565 2554 622 veluti
2569 566 2614 622 si
2628 565 2831 621 diceret
2849 583 2862 619 :
2878 563 3117 620 Necdum
3138 575 3367 620 mortem
3387 565 3776 632 sustinuistis,

2160 657 2508 730 pecuniarum
2538 657 2691 714 vobis
2729 665 2936 712 tantum
2971 655 3199 727 contigit
3224 656 3479 712 damnum
3513 657 3606 712 vel
3636 656 3778 726 glo-

2162 749 2257 804 ria:
2280 763 2295 802 :
2319 747 2578 820 exagitati
2616 756 2826 802 tantum
2854 747 2986 802 estis
3008 754 3062 801 et
3087 747 3514 817 persecutionem
3553 745 3772 817 passi;

2161 839 2408 897 Christus
2445 850 2627 895 autem
2664 854 2764 910 pro
2790 839 2943 894 vobis
2970 837 3286 909 sanguinem
3313 835 3483 891 fudit:
3517 853 3622 892 vos
3667 851 3780 891 au-

2162 939 2274 988 tem
2322 946 2421 1002 pro
2475 929 2878 1000 vobismetipsis
2919 929 3148 984 necdum
3199 927 3304 982 tale
3349 927 3552 998 aliquid
3601 928 3780 998 passi

2161 1024 2322 1090 estis;
2365 1023 2455 1078 ille
2493 1037 2664 1094 usque
2713 1023 2781 1078 ad
2830 1030 3059 1077 mortem
3104 1035 3205 1092 pro
3250 1022 3478 1076 veritate
3519 1020 3782 1076 certavit

2160 1130 2406 1188 pugnans
2430 1129 2530 1186 pro
2558 1115 2743 1179 vobis,
2775 1128 2874 1170 vos
2902 1121 3082 1168 autem
3117 1113 3347 1167 necdum
3392 1113 3456 1167 ad
3505 1111 3780 1183 pericula

2160 1207 2524 1279 pervenistis,
2574 1222 2694 1278 qua:
2738 1207 3015 1262 minantur
3071 1205 3368 1261 interitum.
3413 1224 3431 1258 ι
3477 1206 3547 1260 Et
3599 1205 3782 1260 obliti

2147 1303 2324 1370 estis,
2373 1302 2578 1374 inquit,
2623 1301 3026 1357 consolationis.
3065 1319 3083 1352 ι
3119 1299 3233 1356 lloc
3271 1309 3384 1366 est,
3418 1316 3626 1355 manus
3667 1301 3782 1356 de-

2163 1392 2341 1459 distis,
2371 1399 2427 1447 et
2449 1392 2696 1448 dissoluti
2727 1392 2877 1448 estis.
2908 1412 2926 1443 ι
2951 1391 3230 1457 Nondum,
3262 1391 3450 1462 inquit,
3483 1407 3678 1463 usque
3705 1394 3782 1448 ad

2149 1483 2476 1555 sanguinem
2511 1483 2786 1540 restitistis
2829 1484 3087 1540 adversus
3123 1492 3403 1554 peccatum
3434 1498 3780 1556 repugnan-

2162 1585 2264 1633 tes.
2302 1595 2320 1630 ι
2360 1576 2420 1632 1η
2455 1577 2559 1633 hoc
2584 1577 2702 1634 loco
2726 1578 3060 1634 demonstrat
3085 1579 3248 1634 etiam
3275 1587 3562 1649 peccatum
3587 1580 3782 1636 vehe-

2161 1676 2376 1725 menter
2401 1669 2661 1726 adversus
2687 1684 2781 1726 eos
2821 1670 3072 1741 aspirans
3113 1678 3166 1724 et
3209 1669 3436 1726 diversis
3458 1672 3652 1727 modis
3679 1688 3780 1726 ar-

2085 1770 2135 1833 Β
2161 1761 2387 1815 rnatum.
2413 1759 2569 1827 Quod
2594 1759 2740 1814 enim
2767 1759 2969 1815 dictum
2989 1769 3104 1815 est:
3131 1777 3150 1810 ‹
3170 1759 3280 1816 Νεε
3304 1761 3608 1828 restitistis,
3638 1781 3660 1813 ι
3703 1763 3780 1817 ad

2155 1851 2442 1908 adstantes
2469 1850 2687 1906 dicitur.
2720 1850 2827 1906 «Et
2851 1850 3001 1906 obliti
3028 1851 3180 1917 estis,
3207 1851 3400 1922 inquit,
3421 1852 3780 1908 consolatio-

2165 1942 2272 2020 nis,
2299 1955 2397 2014 per
2426 1957 2592 2014 quam
2618 1941 2774 1999 vobis
2801 1942 2962 1998 veluti
2988 1942 3113 2000 ﬁliis
3163 1942 3452 1999 fabulatur.
3500 1944 3546 1998 Ρ
3550 1945 3610 1999 ili
3673 1947 3776 2010 mi,

2164 2035 2370 2108 inquit,
2400 2052 2508 2092 non
2548 2036 2889 2092 contristeris
2919 2035 2987 2091 ad
3013 2035 3353 2108 disciplinam
3383 2036 3646 2102 Domini,
3677 2053 3778 2092 ne—

2163 2142 2270 2200 que
2318 2127 2564 2200 fatigeris
2591 2129 2718 2184 dum
2762 2127 2834 2184 ab
2880 2143 2946 2185 eo
2991 2129 3252 2200 argueris.
3287 2127 3654 2200 )Postquam
3705 2147 3777 2185 ex

2165 2220 2328 2276 rebus
2352 2220 2486 2291 ipsis
2511 2219 2764 2278 hortatus
2791 2229 2894 2289 est,
2929 2229 3058 2277 tunc
3093 2235 3161 2276 ex
3206 2219 3544 2277 abundantia
3566 2237 3675 2277 eos
3705 2237 3776 2278 ex

2164 2312 2488 2370 testimoniis
2509 2313 2845 2370 adhortatur.
2877 2334 2896 2366 ‹
2919 2313 3104 2387 Neque
3131 2314 3374 2384 deﬁcias,
3411 2315 3615 2387 inquit,
3643 2333 3778 2373 cum

2165 2405 2233 2461 ab
2261 2417 2326 2460 eo
2355 2405 2619 2478 argueris.
2644 2405 2845 2462 t-Certe
2865 2406 3100 2462 haec-Dei
3118 2406 3283 2462 verba
3304 2415 3451 2474 sunt,
3475 2409 3628 2464 unde
3661 2425 3778 2466 non

2163 2511 2386 2568 parvam
2402 2496 2482 2554 eis
2494 2498 2696 2568 poterit
2715 2495 2926 2553 adferre
2941 2498 3389 2566 consolationem,
3404 2499 3533 2554 dum
3559 2516 3777 2572 cogno-

2163 2595 2320 2644 scant
2359 2588 2486 2659 quia
2515 2589 2611 2645 Dei
2631 2604 2767 2661 opus
2796 2597 2879 2644 est
2903 2589 3030 2646 talia
3054 2590 3343 2647 sustinere.
3365 2592 3502 2662 ipso
3525 2609 3778 2664 namque

2161 2679 2508 2750 permittente
2531 2677 2666 2750 justi
2694 2695 2978 2750 pressuras
2999 2681 3179 2736 varias
3199 2682 3501 2753 patiuntur,
3539 2683 3696 2738 sicut
3717 2695 3778 2740 et

2162 2771 2328 2828 Paulo
2355 2772 2598 2842 apostolo
2621 2773 2824 2829 dictum
2844 2783 2929 2830 est
2950 2789 2964 2828 :
2995 2793 3012 2827 ι
3046 2773 3254 2831 Sufﬁcit
3278 2775 3374 2831 tibi
3396 2777 3576 2846 gratia
3600 2794 3771 2834 mea:

2163 2879 2288 2918 nam
2325 2864 2499 2920 virtus
2529 2865 2583 2920 in
2622 2864 2935 2922 inﬁrmitate
2979 2866 3278 2938 perﬁcitur.
3316 2885 3334 2918 ι
3367 2867 3460 2922 llle
3494 2882 3632 2940 ergo
3689 2878 3780 2926 est

2162 2951 2255 3026 qui
2294 2956 2577 3026 permittit.
2619 2976 2636 3010 ‹
2669 2955 2840 3024 Quem
2876 2959 3020 3014 enim
3053 2959 3229 3030 diligit
3263 2960 3531 3016 Dominus
3555 2963 3772 3032 arguit,

2162 3045 2397 3120 ﬂagellat
2448 3055 2629 3104 autem
2674 3062 2890 3104 omnem
2930 3049 3099 3104 ﬁlium
3139 3064 3297 3120 quem
3333 3051 3549 3121 recipit.
3585 3071 3605 3102 ι
3647 3051 3774 3108 Non

2087 3134 2132 3198 C
2161 3149 2316 3214 potes
2341 3140 2541 3208 dicere,
2575 3142 2700 3212 quia
2723 3142 2902 3213 justus
2937 3143 3132 3214 aliquis
3159 3158 3354 3214 expers
3388 3144 3774 3202 tribulationis

2165 3231 2386 3298 existat,
2413 3233 2518 3288 etsi
2548 3233 2629 3288 sic
2663 3233 2816 3288 nobis
2846 3234 3129 3301 videatur;
3156 3236 3253 3289 sed
3285 3235 3607 3306 ignoramus
3645 3235 3768 3306 ejus

2149 3330 2365 3378 caetera
2406 3323 2721 3379 calamitosa
2751 3338 2870 3396 qua:
2897 3324 3117 3395 patitur.
3150 3324 3398 3381 Proinde
3422 3343 3654 3384 necesse
3682 3339 3772 3386 est

2164 3427 2378 3470 omnem
2399 3415 2606 3486 justum
2630 3431 2730 3487 per
2754 3432 3037 3488 pressurus
3061 3417 3547 3492 tribulationesque
3565 3431 3768 3480 trans-

2167 3507 2574 3565 ire.‘Scntentia
2607 3510 2804 3581 quippe
2831 3510 3030 3566 Christi
3056 3521 3169 3577 est,
3195 3513 3322 3582 quia
3355 3531 3374 3563 ι
3411 3511 3522 3568 lata
3549 3525 3603 3569 et
3637 3532 3767 3587 spa-
3861 3539 3870 3548 -

2165 3600 2303 3656 tiosa
2332 3609 2415 3657 cst
2449 3601 2536 3656 via
2579 3618 2699 3672 qua:
2729 3603 2875 3657 ducit
2896 3603 2965 3658 ad
2995 3605 3350 3674 perditionem
3378 3624 3391 3659 :
3425 3617 3580 3663 arcta
3628 3625 3766 3666 vero

2166 3697 2220 3746 et
2247 3701 2472 3762 angusta
2509 3707 2628 3762 qua:
2659 3691 2808 3746 ducit
2834 3693 2901 3747 ad
2932 3693 3098 3748 vitam
3126 3693 3482 3768 (illati/avri).
3513 3718 3545 3750 η»
3579 3697 3638 3754 Si
3665 3701 3765 3771 igi—

2167 3787 2255 3836 tur
2282 3797 2378 3852 per
2407 3782 2554 3836 illam
2601 3783 2815 3838 venitur
2843 3783 2910 3839 ad
2952 3784 3153 3852 vitam,
3181 3795 3238 3841 et
3275 3802 3386 3842 non
3419 3797 3612 3860 potest
3651 3791 3764 3847 illic

2167 3873 2322 3930 aliter
2333 3875 2622 3945 perveniri,
2643 3884 2849 3932 certum
2871 3879 3012 3949 quod
3026 3895 3122 3950 per
3136 3896 3294 3952 quem
3314 3895 3602 3954 angustam
3616 3886 3760 3940 hanc

2155 3969 2309 4024 viam
2336 3985 2525 4026 omnes
2553 3971 2628 4026 illi
2656 3970 3022 4039 transierunt,
3046 3983 3314 4044 quotquot
3337 3977 3405 4031 ad
3425 3978 3604 4032 vitam
3633 3994 3758 4048 pcr-

2166 4060 2312 4117 ducti
2341 4068 2466 4116 sunt
2493 4063 2898 4132 sempiternam.
2938 4083 2954 4114 ι
2977 4063 3042 4119 ln
3073 4065 3354 4137 disciplina
3375 4080 3756 4138 perseverate,

2167 4171 2191 4204 τ
2231 4162 2486 4224 tanquam
2535 4153 2658 4211 ﬁliis
2709 4155 2863 4211 vobis
2914 4171 2974 4212 se
3013 4157 3173 4212 oﬂ'crt
3220 4157 3395 4226 Deus;
3446 4161 3574 4230 quis
3613 4163 3758 4216 enim

2165 4262 2190 4292 ‹
2233 4242 2406 4309 ﬁlius,
2451 4259 2610 4313 quem
2653 4260 2760 4300 non
2794 4247 3019 4317 corripit
3047 4249 3237 4318 pater?
3273 4268 3291 4302 ι
3328 4249 3386 4304 In
3432 4251 3754 4323 disciplina,

2165 4332 2374 4403 inquit,
2401 4345 2744 4404 perseverate
2762 4377 2776 4401 ,
2803 4351 2910 4392 non
2939 4338 2990 4392 in
3018 4339 3316 4410 suppliciis,
3355 4356 3536 4413 neque
3563 4344 3614 4397 in
3648 4355 3754 4398 tor-

2167 4423 2383 4479 mentis.
2431 4424 2646 4480 lntucre
2685 4427 2815 4497 quid
2861 4428 2936 4482 ait
2969 4428 3190 4486 Paulus.
3232 4430 3386 4488 Unde
3427 4435 3756 4504 reputabant

2094 4490 2143 4552 D
2169 4528 2227 4570 se
2262 4515 2546 4573 derelictos
2583 4533 2734 4586 esse,
2763 4535 2828 4576 ex
2865 4520 2966 4576 hoc
3011 4536 3104 4578 eos
3141 4521 3276 4579 dicit
3316 4527 3491 4598 magis
3535 4527 3756 4583 credere

2165 4607 2387 4674 debere,
2405 4609 2660 4678 quoniam
2679 4620 2806 4666 sunt
2828 4612 3090 4669 derelicti.
3119 4612 3278 4670 Velut
3297 4617 3340 4672 si
3369 4619 3598 4686 diceret,
3623 4619 3754 4688 Quia

2165 4706 2318 4753 tanta
2361 4699 2504 4768 passi
2547 4701 2698 4766 estis,
2735 4703 2940 4772 putatis
2985 4704 3130 4774 quod
3156 4721 3251 4761 vos
3275 4707 3404 4762 odio
3433 4709 3628 4764 habca'
3675 4710 3752 4766 vel

2168 4791 2516 4862 dereliquerit
2541 4793 2717 4848 Deus?
2739 4792 2798 4849 Si
2822 4795 2962 4850 enim
2985 4796 3106 4852 hanc
3129 4813 3233 4853 non
3257 4801 3606 4870 pateremini,
3632 4812 3755 4858 tunc

2167 4887 2340 4958 magis
2357 4887 2461 4942 hoc
2485 4902 2578 4944 vos
2601 4889 2867 4959 conjicere
2889 4892 3258 4961 competebat;
3285 4892 3330 4947 si
3350 4894 3496 4948 enim
3523 4893 3756 4966 ﬂagellat

2161 4995 2380 5036 omnem
2410 4979 2576 5034 ﬁlium
2603 4995 2763 5050 quem
2780 4981 3000 5051 recipit,
3027 4983 3120 5054 qui
3153 5000 3259 5039 non
3285 4982 3610 5055 ﬂagellatur,
3640 4986 3750 5041 sine

2168 5069 2331 5126 dubio
2361 5085 2464 5125 non
2494 5078 2587 5125 est
2635 5070 2688 5124 in
2730 5085 2957 5126 numero
2997 5073 3251 5128 ﬁliorum.
3294 5073 3438 5142 Quid
3481 5091 3613 5147 ergo
3641 5092 3748 5130 ma-

2162 5161 2296 5234 ligni
2325 5161 2468 5216 nulla
2501 5160 2638 5216 mala
2669 5163 2982 5232 patiuntur?
3029 5163 3333 5231 Quomodo,
3371 5165 3582 5236 inquit,
3622 5167 3748 5222 dicis

2169 5254 2311 5324 quod
2355 5253 2534 5308 omnis
2575 5252 2716 5308 ﬁlius
2755 5251 3093 5325 ﬂagellatur?
3133 5254 3238 5311 Sed
3268 5271 3374 5310 non
3423 5255 3590 5323 dixit,
3628 5257 3748 5326 quia

2169 5342 2345 5400 omnis
2400 5342 2492 5414 qui
2537 5341 2860 5414 ﬂagellatur,
2913 5344 3055 5401 ﬁlius
3105 5353 3218 5413 est,
3252 5346 3346 5402 sed
3390 5347 3572 5402 omnis
3615 5347 3748 5402 ﬁlius

2167 5431 2484 5503 ﬂagellatur.
2529 5431 2755 5504 Semper
2796 5434 2939 5489 enim
2967 5443 3023 5490 et
3053 5435 3250 5505 ubique
3288 5435 3460 5490 ﬁlium
3505 5436 3750 5492 verberat

2165 5535 2221 5581 ct
2249 5524 2481 5595 castigat
2508 5539 2523 5577 :
2553 5525 2656 5579 hoc
2688 5539 2818 5596 ergo
2856 5525 3218 5582 demonstrari
3259 5541 3367 5582 non
3393 5535 3591 5597 potest,
3621 5539 3747 5595 quo—

2164 5616 2309 5671 niam
2337 5615 2430 5686 qui
2463 5614 2605 5669 filius
2633 5624 2742 5683 est,
2766 5632 2872 5671 non
2901 5616 3216 5688 ﬂagellatur.
3238 5617 3378 5673 Sunt
3402 5619 3621 5689 quidem
3637 5615 3746 5687 plu-

2165 5709 2287 5765 rimi
2333 5707 2423 5781 qui
2469 5707 2807 5780 ﬂagellautur
2852 5710 3105 5782 maligni,
3146 5711 3286 5768 sicut
3326 5710 3630 5777 homicidze,
3671 5707 3742 5759 la-
