3972 6336
611 354 617 360 ’
681 363 1240 424 ENARRATIONUM
1274 363 1344 421 ΙΝ
1379 361 1530 420 EPP.
1572 360 1777 420 PAULI
1815 361 1944 417 LIB.
1984 359 2176 418 XXIX.
2217 391 2285 402 —
2322 360 2390 418 IN
2427 358 2647 418 EPlST.
2684 358 2777 416 AD
2795 359 3022 418 ‘HEBB.

3385 361 3493 420 8H

214 498 400 545 trones
419 525 434 554 ,
460 482 714 549 maleﬁci,
749 482 1119 554 sepulcrorum
1157 482 1585 554 depraedatores;
1611 480 1705 536 sed
1731 479 1806 534 illi
1833 483 1885 544 Α
1910 494 2017 550 que
2066 479 2151 535 his
2206 478 2532 536 testimoniis
2579 478 2866 536 manifeste
2917 477 3219 552 colligimus
3270 477 3492 538 Patrem

212 593 313 651 pro
340 592 438 634 sua
481 575 764 645 iniquitate
793 574 1056 646 supplicia
1095 571 1396 644 patiuntur,
1418 581 1473 630 et
1491 588 1600 629 non
1623 579 1806 628 autem

214 672 357 727 sicut
384 668 481 724 ﬁlii
524 667 882 740 ﬁagellantur,
913 667 1012 722 sed
1051 666 1192 722 sicut
1221 667 1442 736 pessimi
1472 665 1804 736 puniuntur;

214 777 314 818 nos
335 769 523 816 autem
551 760 694 816 sicut
719 759 838 814 lilii.
871 758 1075 814 Deinde
1102 772 1168 813 ex
1197 757 1475 814 communi
1502 765 1558 812 et
1593 755 1806 827 publica

215 849 782 921 consuetudineagere
792 863 916 904 cum
925 847 1009 903 eis
1022 847 1276 903 instituit.
1291 847 1524 902 Intueris
1532 847 1808 918 quomodo

212 944 456 1014 undique
483 949 802 1014 argumenta
841 940 1075 1006 deducit,
1097 951 1166 994 ex
1204 938 1387 1006 rebus,
1409 954 1475 995 ex
1501 937 1804 1010 Scriptura,

205 1052 281 1093 ex
310 1036 492 1092 verbis
526 1034 780 1100 diversis,
805 1048 873 1088 ex
902 1031 1409 1088 ratiocinationibus
1433 1031 1700 1102 propriis,
1739 1047 1808 1088 ex

209 1125 656 1184 similitudinibus
695 1133 756 1180 et
797 1124 1093 1195 exemplis,
1131 1137 1200 1180 ex
1225 1124 1640 1180 conversatione
1682 1125 1808 1181 vita:

210 1216 550 1273 communis?
585 1237 604 1269 ι
640 1215 795 1284 Quod
821 1215 866 1271 si
890 1224 1048 1271 extra
1089 1215 1432 1286 disciplinam
1460 1215 1626 1283 estis,
1653 1214 1808 1285 cujus

216 1327 240 1362 σ
279 1309 572 1380 participes
612 1307 739 1364 facti
769 1314 895 1363 sunt
923 1321 1115 1362 omnes
1154 1307 1268 1373 isti,
1314 1321 1446 1378 ergo
1489 1306 1721 1362 adulteri
1752 1316 1809 1362 et

213 1419 238 1453 ‹
282 1416 390 1456 non
421 1400 516 1455 lilii
550 1399 703 1456 estis.
741 1418 759 1452 ›
794 1397 948 1465 Quod
988 1397 1034 1453 si
1073 1404 1230 1454 extra
1268 1396 1612 1468 disciplinam
1649 1399 1806 1464 estis,

208 1490 351 1561 quit,
369 1489 625 1554 attendis,
648 1489 923 1558 quoniam,
951 1487 1093 1544 sicut
1105 1485 1223 1556 jam
1238 1487 1371 1554 dixi,
1397 1487 1500 1543 hoc
1521 1487 1811 1569 configmat

204 1581 338 1650 quia
369 1595 476 1634 non
501 1588 681 1650 potest
713 1577 859 1634 filius
886 1593 1007 1634 esse
1034 1578 1146 1648 qui.
1167 1593 1274 1634 non
1310 1577 1628 1651 castigatur.
1657 1578 1817 1634 Sicut-

206 1673 356 1728 enim
388 1672 443 1727 in
467 1672 716 1727 domibus
740 1670 1196 1742 patrumfamilias
1237 1671 1435 1728 nothos
1466 1671 1606 1727 ﬁlios
1636 1670 1808 1742 negli-

210 1773 343 1834 gunt
377 1772 562 1834 patres
584 1805 602 1831 ,
651 1781 717 1820 ac
755 1765 802 1820 si
845 1764 980 1820 nihil
1017 1765 1344 1832 doceantur,
1371 1780 1437 1822 ac
1458 1767 1504 1822 si
1535 1781 1640 1822 non
1674 1765 1810 1822 ﬁant

1908 576 2198 646 spirituum
2222 576 2330 633 dici
2356 571 2835 648 neminem'posse,
2868 578 2975 634 nisi
3001 571 3171 634 Deum
3199 579 3374 637 solum
3396 581 3492 654 qui

1906 679 2002 722 eos
2043 682 2110 722 ex
2153 667 2360 734 nihilo,
2410 679 2533 724 cum
2556 667 2810 736 voluerit,
2860 667 3033 724 facit:
3068 663 3318 726 homines
3362 685 3496 727 vero

1907 763 2091 817 carnis
2134 769 2332 817 nostra:
2367 769 2550 833 patres
2581 761 2954 818 tantummodo
2981 759 3270 818 nominari.
3301 781 3324 814 ί
3356 761 3493 819 Car-

1907 852 2080 918 nales,
2123 852 2318 925 inquit,
2365 845 2584 910 nostros
2610 860 2795 924 patres
2838 854 3127 910 habuimus
3156 857 3404 911 doctores
3432 864 3490 912 et

1908 948 2229 1004 educatores
2253 955 2309 1004 et
2338 949 2658 1005 verebamur
2685 963 2798 1004 eos.
2824 946 3012 1004 Nonne
3037 947 3210 1004 multo
3256 947 3490 1019 amplius

1909 1038 2101 1110 subjici
2125 1039 2384 1096 debemus
2401 1039 2542 1110 patri
2570 1039 2877 1111 spirituum,
2895 1049 2952 1095 et
2981 1039 3259 1096 vivemus?
3279 1039 3336 1112 (1
3340 1039 3492 1110 oan.)

1908 1128 2063 1196 Quod
2111 1140 2291 1186 autem
2321 1129 2459 1186 dixit
2485 1147 2504 1181 ι
2537 1127 2678 1200 patri
2717 1129 3006 1201 spirituum
3038 1149 3057 1182 ι
3088 1137 3180 1185 aut
3199 1130 3498 1186 charisma-

1909 1224 2025 1273 tum
2063 1217 2214 1285 dicit,
2244 1219 2699 1286 aut'orationum,
2731 1228 2826 1276 aut
2853 1221 3294 1290 incorporearum
3325 1221 3498 1276 virtu-

1910 1315 2023 1363 tum
2055 1326 2069 1362 :
2101 1309 2147 1364 si
2175 1309 2321 1364 enim
2347 1309 2428 1366 sic
2451 1309 2765 1375 moriemur,
2809 1318 2939 1366 tunc
2973 1312 3238 1367 vivemus.
3268 1329 3289 1363 ί
3322 1310 3390 1366 Et
3416 1312 3495 1368 illi

1911 1415 1934 1451 ‹
1978 1397 2195 1469 quidem
2227 1399 2279 1454 in
2321 1407 2562 1470 tempore
2597 1415 2895 1471 paucorum
2941 1401 3152 1458 dierum
3193 1404 3494 1460 secundum

1914 1505 1934 1540 ε
1955 1483 2305 1543 voluntatem
2329 1503 2485 1544 suam
2509 1489 2830 1546 erudiebant
2855 1505 2976 1556 nos,
3008 1491 3098 1548 hic
3123 1499 3304 1547 autem
3328 1493 3396 1549 ad
3421 1493 3495 1559 id,

1913 1598 1932 1633 ε
1975 1581 2120 1651 quod
2147 1581 2278 1636 utile
2301 1589 2416 1649 est,
2449 1582 2758 1654 recipiendo
2788 1583 3270 1640 sanetilicationem
3299 1583 3432 1656 ejus.
3471 1604 3492 1635 ι

1907 1669 2024 1728 Non
2055 1674 2200 1729 enim
2230 1674 2559 1732 discretione
2603 1690 2848 1748 persona:
2878 1677 3020 1732 inter
3041 1691 3139 1732 eos
3167 1682 3377 1731 tantum
3414 1685 3500 1732 est

1908 1757 2234 1834 dilferentia,
2265 1766 2408 1838 quod
2438 1767 2514 1822 illi
2540 1769 2762 1834 terreni,
2789 1769 2876 1824 ille
2899 1769 3168 1835 caelestis,
3206 1767 3300 1825 sed
3329 1769 3495 1825 etiam

205 1854 429 1928 gloriosi
463 1874 476 1909 :
509 1870 610 1925 pro
637 1855 762 1910 ﬁliis
783 1863 964 1910 autem
991 1855 1228 1927 prepriis
1254 1855 1413 1911 valde
1440 1863 1710 1923 verentur,
1736 1870 1804 1910 nc
1834 1845 1880 1904 Β
1905 1871 1973 1912 ex
2015 1857 2132 1928 ipsa
2177 1873 2372 1925 causa,
2401 1869 2459 1915 et
2496 1874 2566 1915 ex
2602 1859 2716 1930 ipsa
2761 1875 2821 1916 re
2853 1879 2865 1914 :
2896 1875 3004 1916 non
3031 1860 3176 1916 enim
3206 1861 3272 1917 de
3304 1863 3496 1917 eadem

206 1962 306 2003 eos
331 1946 534 2002 malum
563 1947 836 2020 opprimat
880 1948 1242 2020 negligentiae.
1274 1947 1336 2004 Si
1380 1949 1566 2020 igitur,
1595 1957 1656 2004 ut
1698 1964 1807 2005 non

205 2038 442 2110 quisque
475 2040 798 2111 castigetur,
844 2041 1137 2097 nothorum
1179 2049 1264 2098 est
1308 2041 1566 2120 ﬁliorum,
1595 2051 1809 2115 oportet

210 2144 312 2185 nos
354 2131 595 2202 gaudere
645 2145 770 2186 cum
817 2131 1167 2202 castigamur,
1223 2133 1490 2204 siquidem
1536 2135 1641 2191 hoc
1679 2133 1805 2192 ﬁliis

208 2221 448 2292 propriis
463 2222 757 2278 adhibetur
773 2239 787 2289 ;
809 2223 1038 2294 proinde
1050 2232 1341 2296 propterea
1357 2225 1640 2282 nobiscum
1667 2227 1806 2284 sicut

207 2329 333 2371 cum
360 2314 486 2370 ﬁliis
518 2315 630 2387 agit
660 2317 822 2372 Deus.

285 2424 307 2458 ‹
351 2407 555 2464 Deinde
585 2417 771 2479 patres
813 2409 1031 2480 quidem
1061 2410 1247 2469 carnis
1276 2421 1475 2470 nostrze
1514 2412 1806 2472 habuimus

213 2517 237 2550 ι
281 2499 585 2555 eruditores
629 2509 684 2556 et
719 2502 1106 2558 reverebamur
1129 2491 1257 2571 eos,
1289 2519 1397 2560 non
1437 2505 1606 2566 multo
1633 2507 1806 2578 magis

215 2609 236 2643 ι
281 2591 780 2662 obtemperabimus
833 2595 977 2665 patri
1027 2596 1315 2666 spirituum
1353 2607 1408 2653 et
1453 2598 1741 2655 vivemus?
1779 2619 1798 2652 ο

210 2683 412 2738 lterum
438 2699 504 2738 ex
532 2685 768 2756 propriis
787 2685 1131 2756 passionibus
1159 2687 1273 2758 agit
1291 2703 1412 2758 qua:
1439 2688 1801 2758 patiebantur.

212 2773 368 2830 Sicut
395 2776 540 2831 enim
585 2791 749 2848 supra
779 2778 951 2834 dicit:
989 2798 1007 2830 ι
1045 2777 1504 2836 Rememoramini
1543 2782 1803 2852 pristinos

212 2865 362 2932 dies;
400 2885 420 2917 ι
452 2867 531 2923 sic
558 2867 724 2922 etiam
755 2868 867 2935 hic,
895 2869 1056 2933 Deus,
1093 2869 1292 2940 inquit,
1321 2871 1464 2926 sicut
1507 2885 1630 2926 cum
1676 2871 1802 2928 ﬁliis

1909 1962 2075 2005 causa
2101 1949 2184 2007 vel
2214 1950 2282 2006 ad
2313 1965 2402 2007 res
2432 1951 2579 2023 ipsas
2606 1951 2860 2008 erudiunt
2888 1971 2904 2007 :
2939 1953 3033 2009 sed
3060 1952 3135 2007 illi
3165 1952 3402 2023 quidem,
3431 1954 3500 2008 ad

1911 2041 2056 2112 quod
2084 2041 2164 2098 eis
2189 2042 2408 2098 videtur
2437 2060 2450 2098 :
2478 2043 2582 2100 hoc
2619 2050 2705 2099 est
2740 2043 3069 2114 v'oluptatem
3105 2059 3259 2100 suam
3290 2042 3502 2100 deside-

1910 2132 2162 2204 riumque
2189 2132 2546 2206 complentes,
2574 2149 2678 2191 nec
2720 2136 2918 2206 ubique
2949 2135 3095 2207 quod
3125 2134 3260 2192 utile
3283 2142 3389 2202 est,
3413 2135 3500 2190 vel

1907 2221 2170 2278 condecet
2198 2223 2524 2278 attendunt:
2551 2222 2643 2280 hic
2666 2211 2847 2279 audam
2875 2239 2982 2280 non
3025 2232 3208 2296 potest
3249 2223 3501 2280 similiter

1907 2309 2034 2377 dici,
2066 2319 2241 2384 neque
2267 2321 2488 2384 pr0pter
2515 2311 2718 2385 aliquid
2744 2329 2857 2370 suae
2881 2314 3177 2386 voluptatis
3203 2313 3308 2370 hoc
3346 2313 3498 2378 facit,

1906 2404 2005 2461 sed
2032 2413 2258 2477 propter
2279 2403 2522 2464 nostram
2553 2407 2989 2463 commoditatem
3023 2425 3036 2462 :
3067 2407 3142 2462 illi
3166 2416 3347 2463 autem
3377 2406 3498 2462 ideo

1906 2510 2003 2552 vos
2042 2497 2399 2564 erudiebant,
2442 2496 2641 2567 inquit,
2683 2505 2743 2552 ut
2781 2498 2914 2568 ipsis
2953 2498 3149 2554 essetis
3187 2497 3369 2564 utiles,
3401 2497 3501 2552 ali-

1907 2587 2122 2656 quando
2149 2585 2399 2643 fortassis
2423 2587 2590 2644 etiam
2617 2587 2736 2644 sine
2771 2603 2932 2645 causa
2964 2607 2978 2644 :
3011 2590 3102 2646 hic
3131 2599 3315 2646 autem
3357 2589 3499 2644 nihil

1906 2677 2015 2735 tale
2043 2683 2146 2735 est.
2175 2678 2596 2751 Contemplaris,
2624 2681 2748 2752 quia
2775 2682 2941 2739 etiam
2987 2682 3094 2740 hoc
3134 2683 3352 2756 dignam
3393 2681 3502 2738 illis

1906 2769 2088 2825 attulit
2117 2770 2546 2827 consolationem
2575 2790 2588 2826 :
2623 2773 2859 2828 maxime
2892 2773 3040 2829 enim
3079 2775 3223 2830 circa
3257 2773 3378 2831 illos
3399 2789 3498 2829 nos

1904 2858 2230 2932 familiarius
2275 2861 2586 2930 habemus,
2607 2877 2743 2934 quos
2775 2863 3150 2934 cognoscimus
3172 2904 3188 2932 ,
3229 2861 3356 2936 quia
3389 2880 3502 2921 non

211 2955 366 3027 agit;
397 2965 454 3013 et
479 2973 585 3013 non
615 2958 842 3028 potestis
867 2959 1047 3016 dicere
1074 2961 1200 3032 quia
1231 2976 1335 3016 non
1358 2976 1648 3032 possumus
1674 2962 1801 3019 talia

1908 2961 2126 3024 propter
2161 2968 2220 3010 se
2249 2953 2520 3025 imperant
2551 2953 2638 3009 vel
2661 2953 2950 3022 erudiunt,
2983 2955 3078 3011 sed
3109 2963 3280 3011 totum
3309 2955 3414 3012 illis
3442 2966 3499 3013 et

214 3050 466 3107 tolerare.
501 3050 560 3107 Si
609 3053 752 3107 enim
799 3062 981 3122 patres
1027 3051 1271 3110 carnales
1317 3054 1796 3123 ﬁlii‘reverentur,

210 3141 484 3211 quomodo
506 3140 724 3198 Patrem
749 3143 1023 3200 caelestem
1051 3145 1282 3216 amplius
1304 3160 1410 3203 non
1437 3147 1798 3204 reveremini?

1899 3040 2118 3112 plenum
2134 3051 2356 3113 propter
2371 3058 2471 3100 nos
2483 3041 2788 3100 celebratur
2804 3045 3040 3100 studium
3055 3062 3073 3112 ;
3091 3044 3195 3101 hoc
3205 3045 3404 3118 quippe
3416 3059 3506 3103 es:

1902 3132 2132 3190 sincera:
2171 3143 2336 3206 atque
2359 3133 2584 3206 integra:
2611 3135 2927 3204 charitatis,
2959 3137 3176 3208 quando
3203 3139 3407 3194 amanti
3439 3139 3495 3194 in

213 3230 450 3305 (εει-επ.)
485 3232 626 3300 Quid
664 3235 768 3292 hac
813 3236 1079 3292 divisione
1111 3237 1311 3294 clarius
1337 3239 1512 3311 Ροωίι
1535 3239 1764 3296 deﬁnire
1781 3282 1798 3309 ,
1829 3217 1873 3282 C
1905 3222 2054 3280 nullo
2066 3239 2254 3280 sumus
2272 3225 2629 3290 accommodi,
2646 3232 2702 3281 et
2716 3227 2892 3281 tamen
2913 3226 3062 3282 abeo
3077 3225 3294 3293 dicitur,
3309 3242 3418 3283 non
3436 3237 3498 3283 ut

211 3333 272 3379 ut
301 3326 485 3382 carnis
523 3327 742 3398 quidem
774 3337 977 3384 nostra:
1004 3339 1190 3401 patres
1219 3332 1464 3388 homines
1485 3335 1806 3404 pronuntia-

211 3426 320 3484 ret,
349 3419 652 3475 animarum
685 3436 815 3476 vero
841 3421 1008 3478 Deum
1057 3422 1231 3479 solum
1275 3439 1394 3480 csse
1424 3434 1636 3496 patrem
1675 3440 1806 3481 con-

213 3518 426 3565 stanter
467 3512 835 3581 exprimeret:
869 3529 1176 3584 quanquam
1207 3522 1264 3570 et
1303 3515 1356 3569 in
1399 3515 1514 3586 ipsa
1559 3516 1804 3587 corporis

213 3604 378 3675 hujus
418 3607 765 3662 concretione
807 3607 1164 3662 ministerium
1199 3609 1570 3664 tantummodo
1603 3610 1674 3665 sit
1703 3611 1806 3665 ho-

214 3695 456 3750 minibus
479 3694 914 3762 adscribendum,
949 3713 1159 3753 summa
1187 3714 1315 3754 vero
1341 3699 1668 3755 conditionis
1695 3701 1807 3756 Deo

209 3786 458 3843 omnium
487 3789 741 3855 creatori,
771 3789 986 3844 dicente
1010 3789 1178 3844 David
1205 3807 1219 3844 :
1258 3811 1274 3842 ι
1314 3789 1503 3846 Manus
1529 3798 1634 3846 tuac
1669 3791 1808 3846 fece-

210 3886 347 3932 runt
395 3894 484 3934 me
531 3888 586 3934 et
633 3880 1039 3952 plasmaverunt
1086 3895 1171 3935 me
1219 3879 1390 3952 (Psal.
1422 3881 1632 3954 cxvm).
1675 3902 1694 3936 ι
1742 3882 1809 3938 Et

206 3967 406 4024 beatus
432 3967 532 4025 Job
567 3988 580 4024 :
621 3988 640 4021 ι
675 3968 864 4025 Nonne
889 3971 1032 4025 sicut
1069 3969 1172 4037 lac,
1201 3971 1393 4040 inquit,
1419 3971 1648 4026 mulsisti
1677 3987 1762 4027 me
1789 3987 1805 4026 :

206 4059 514 4131 coagulasti
543 4076 628 4116 me
651 4069 712 4116 ut
738 4077 980 4128 caseum,
1005 4061 1219 4117 ossibus
1241 4069 1296 4116 et
1326 4063 1508 4117 nervis
1537 4062 1808 4118 inscrvisti

210 4166 303 4206 me
319 4155 344 4204 ἲ
368 4150 490 4223 (Job
513 4153 592 4224 ι.)
615 4173 632 4205 ι
653 4154 721 4209 Et
740 4154 1001 4210 Dominus
1017 4153 1084 4208 ad
1103 4151 1422 4209 Jcremiam:
1447 4172 1465 4205 ‹
1485 4153 1809 4224 Priusquam

209 4250 268 4295 te
319 4241 376 4295 in
425 4252 579 4298 utero
607 4242 919 4310 formarem,
953 4243 1078 4298 novi
1111 4252 1163 4299 te
1189 4242 1322 4314 (Jer.
1363 4242 1424 4316 ι).
1467 4262 1484 4294 ι
1517 4241 1584 4299 Et
1625 4241 1811 4299 Eccle-

208 4334 416 4390 siastes
466 4350 598 4390 vero
643 4336 930 4407 utriusque
981 4327 1296 4390 subatantiae
1347 4343 1597 4390 naturam
1649 4342 1810 4404 atque

204 4424 482 4495 originem
511 4439 576 4480 ex
606 4425 934 4480 animatione
954 4432 1105 4480 ortus
1131 4433 1294 4496 atque
1322 4423 1480 4491 initii,
1509 4439 1574 4480 ex
1598 4439 1704 4495 quo
1731 4425 1811 4479 vi-

205 4514 416 4571 delicet
473 4531 811 4587 unaquaeque
889 4518 1196 4587 processit,
1250 4525 1308 4572 et
1374 4517 1811 4572 consideratione

1904 3313 2110 3386 aliquid
2128 3315 2380 3386 accipiat,
2395 3315 2490 3371 sed
2505 3316 2679 3387 magis
2698 3325 2759 3372 ut
2780 3317 3002 3383 tribuat,
3018 3318 3221 3385 erudit,
3239 3318 3497 3385 instituit,

1905 3408 2157 3464 universa
2171 3408 2301 3464 facit
2315 3409 2462 3465 circa
2476 3417 2694 3476 cuncta,
2713 3409 2954 3477 festinat,
2970 3420 3030 3467 ut
3049 3427 3152 3468 non
3168 3411 3366 3468 elliciat
3378 3428 3503 3469 suo-

1907 3515 2029 3555 rum
2051 3501 2392 3571 receptibiles
2413 3517 2717 3558 munerum.
2741 3523 2757 3556 ι
2780 3501 2857 3558 llli
2885 3503 3052 3570 enim,
3069 3504 3265 3576 inquit,
3285 3505 3341 3560 in
3364 3512 3497 3561 tem-

1906 3607 2036 3662 pore
2074 3605 2369 3663 paucorum
2399 3593 2606 3649 dierum
2639 3593 2934 3650 secundum
2960 3595 3297 3651 voluntatem
3335 3611 3491 3653 suam

1908 3683 2232 3739 erudiebant
2270 3699 2388 3750 nos,
2437 3684 2525 3740 hic
2567 3693 2768 3751 autem,
2817 3685 2886 3741 ad
2932 3686 3006 3752 id,
3034 3685 3180 3756 quod
3227 3687 3358 3742 utile
3389 3695 3496 3752 est,

1906 3782 1967 3829 ut
1990 3775 2311 3846 recipiamus
2333 3776 2816 3832 sanctiﬁcationem
2840 3775 2977 3845 ejus.
3005 3797 3024 3830 ›
3046 3777 3185 3844 Quid
3211 3785 3297 3833 est
3328 3797 3346 3830 ι
3375 3794 3503 3834 san-

1907 3867 2291 3922 ctiﬁcationem
2317 3866 2481 3937 ejus?
2516 3888 2534 3920 ι
2566 3869 2668 3924 hoc
2693 3878 2777 3924 cst
2815 3869 3136 3924 munditiam
3168 3867 3306 3938 ejus,
3337 3879 3396 3925 ut
3420 3871 3498 3926 di-

1908 3975 2043 4030 gnos
2072 3958 2267 4016 elliciat
2295 3960 2590 4016 secundum
2617 3961 2762 4032 quod
2792 3969 2969 4032 potest
2993 3978 3007 4027 ;
3039 3961 3263 4016 festinat
3293 3961 3499 4033 itaque,

1908 4059 1967 4106 ut
1986 4052 2290 4123 accipiatis,
2315 4059 2371 4108 et
2397 4061 2592 4107 cuncta
2622 4052 2772 4119 facit,
2795 4063 2855 4109 ut
2882 4053 3036 4110 vobis
3066 4053 3374 4124 impertiat;
3403 4069 3504 4109 vos

1909 4153 2090 4199 autem
2121 4143 2325 4198 nullum
2352 4144 2540 4215 geritis
2573 4143 2810 4200 studium
2831 4185 2846 4210 ,
2890 4153 2952 4200 ut
2982 4141 3207 4202 valeatis
3233 4146 3500 4218 accipere.

1916 4254 1934 4288 ι
1972 4236 2116 4302 Dixi,
2146 4237 2342 4307 inquit,
2386 4236 2647 4292 Dominus
2676 4251 2830 4292 meus
2856 4251 2916 4294 es
2942 4246 3018 4304 tu,
3049 4238 3305 4308 quoniam
3334 4237 3506 4295 bono-

1909 4343 2030 4382 rum
2060 4342 2302 4382 meorum
2327 4342 2436 4384 non
2458 4343 2586 4398 eges
2611 4326 2786 4399 (Psal.
2815 4329 2904 4400 xv)
2931 4346 2946 4395 ;
2987 4348 3007 4382 ι
3050 4328 3124 4384 illi
3151 4328 3387 4399 quidem,
3421 4329 3505 4383 in-

1909 4417 2047 4488 quit,
2075 4417 2142 4472 ad
2186 4425 2396 4488 tempus
2442 4418 2737 4490 paucorum
2783 4418 2992 4474 dierum
3038 4417 3363 4475 erudiebant
3405 4435 3505 4475 nos

1910 4509 2205 4566 secundum
2233 4509 2569 4566 voluntatcm'
2607 4509 2799 4576 suam,
2838 4525 2946 4567 non
2974 4510 3118 4565 enim
3161 4509 3216 4567 in
3251 4510 3503 4565 omnibus

207 4605 364 4671 linis,
394 4606 460 4660 ad
491 4621 650 4676 quem
682 4622 1019 4678 unaqumque
1047 4607 1344 4673 contendit,
1371 4607 1503 4662 satis
1527 4608 1806 4663 evidenter
1835 4594 1884 4655 D
1909 4602 2160 4658 voluntas
2181 4602 2393 4657 illorum
2421 4602 2572 4658 utilis
2596 4600 2751 4659 erat:
2784 4603 2885 4658 istc
2907 4609 3086 4657 autem
3113 4601 3182 4656 ad
3223 4601 3376 4656 utilia
3401 4617 3503 4658 nos

205 4710 279 4751 ac
328 4698 548 4767 proprie
592 4697 848 4770 colligens
889 4699 1201 4770 pariterque
1248 4698 1315 4754 de
1359 4699 1518 4769 hujus
1561 4701 1803 4771 corporis

203 4795 382 4858 aulue
415 4788 610 4843 animze
654 4788 996 4860 separatione
1037 4787 1364 4859 disceptans,
1397 4790 1470 4844 ita
1511 4789 1798 4846 disseruit:

211 4898 236 4932 ι
261 4877 587 4948 Priusquam
614 4888 963 4935 convertatur
986 4879 1161 4951 pulvis
1181 4881 1237 4935 in
1266 4889 1488 4947 terram,
1516 4881 1656 4936 sicut
1683 4880 1800 4948 fuit,

205 4980 264 5028 et
294 4972 521 5042 spiritus
541 4982 844 5029 revertatur
865 4973 933 5028 ad
959 4973 1148 5039 Deum,
1175 4973 1268 5043 qui
1288 4971 1434 5028 dedit
1455 4988 1632 5028 eum.»
1665 4973 1803 5042 Quid

205 5065 461 5136 apertius
504 5066 686 5122 dicere
733 5066 936 5137 potuit,
971 5081 1133 5136 quam
1173 5077 1231 5122 ut
1269 5069 1554 5136 materiam
1591 5070 1804 5137 carnis,

203 5171 383 5229 quam
417 5157 695 5228 pulverem
738 5159 1055 5225 nominavit,
1091 5159 1215 5230 quia
1243 5160 1310 5216 de
1339 5161 1572 5218 hominis
1598 5163 1805 5218 semine

205 5252 385 5308 sumit
430 5253 712 5308 exordium
755 5255 982 5325 ejusque
1028 5253 1274 5310 videmur
1305 5257 1606 5312 ministerio
1643 5257 1805 5312 semi-

206 5347 364 5413 nari,
391 5347 538 5402 velut
562 5364 594 5404 e
625 5356 768 5404 terra
799 5356 1092 5418 sumptam,
1118 5347 1314 5403 iterum
1343 5350 1537 5404 reverti
1567 5365 1806 5420 pronun-

207 5437 382 5492 tiaret
408 5437 475 5491 ad
509 5447 745 5504 terram;
771 5438 1018 5507 spiritum
1041 5452 1192 5504 vero,
1220 5438 1314 5510 qui
1340 5453 1446 5493 non
1475 5453 1572 5508 per
1596 5439 1806 5495 mixtio-

205 5544 345 5586 nem
377 5545 540 5584 sexus
579 5529 860 5602 utriusque
903 5539 1213 5600 generatur,
1254 5530 1348 5586 sed
1392 5531 1739 5600 peculiariter
1768 5547 1799 5586 a

205 5617 332 5674 Deo
378 5619 494 5674 solo
525 5621 803 5687 tribuitur,
831 5622 898 5677 ad
922 5630 1200 5677 auctorem
1234 5637 1392 5677 suum
1420 5621 1598 5677 redire
1623 5623 1803 5694 signa-

206 5711 339 5766 ret?
361 5713 505 5782 quod
527 5715 689 5769 etiam
714 5730 812 5786 per
833 5714 978 5770 illam
1003 5713 1214 5769 Domini
1239 5711 1673 5779 insulllationem,
1696 5730 1802 5785 qua

205 5799 392 5859 Adam
424 5805 676 5874 primitus
700 5807 980 5870 animavit,
1027 5806 1302 5863 evidenter
1333 5804 1670 5876 exprimitur.
1703 5805 1804 5862 Ita-

1911 4692 2166 4748 instituit.
2211 4692 2503 4764 Disciplina
2539 4707 2672 4766 ergo
2715 4689 3058 4764 participatio
3097 4692 3420 4760 sanctitatis,
3447 4704 3506 4749 et

1911 4787 2148 4842 maxime
2177 4787 2224 4843 si
2271 4785 2658 4859 negligentiam
2686 4787 2856 4858 pellit,
2881 4787 3206 4858 cupiditates
3229 4786 3500 4851 excludit,

1912 4879 2249 4935 szecularium
2282 4894 2460 4934 rerum
2488 4893 2703 4935 amores
2729 4878 3001 4944 amolitur,
3018 4878 3253 4933 animam
3279 4892 3504 4934 convcr-

1913 4969 1998 5036 tit,
2025 4968 2157 5026 facit
2183 4985 2304 5026 eam
2331 4968 2512 5024 omnia
2547 4968 2708 5039 hujus
2737 4969 2864 5024 vitm
2889 4968 3139 5040 culpare,
3171 4969 3276 5027 hoc
3301 4969 3502 5042 quippe

1912 5071 1996 5119 est
2019 5063 2312 5128 tribulatio,
2346 5079 2469 5118 cum
2491 5063 2608 5118 haec
2631 5064 2790 5130 fiunt,
2817 5078 2995 5119 nonne
3018 5073 3264 5120 sanctum
3286 5065 3505 5135 perﬁci-

1912 5157 2047 5212 tur?
2095 5173 2272 5213 nonne
2323 5155 2624 5228 spiritalem
2679 5159 2747 5214 ad
2799 5173 2858 5215 se
2908 5160 3138 5231 gratiam
3187 5161 3504 5232 pertrahit?

1917 5267 1934 5300 ι
1969 5247 2157 5304 Omnis
2186 5256 2365 5303 autem
2387 5247 2666 5319 disciplina
2689 5249 2741 5304 in
2769 5251 3024 5320 praesenti
3047 5251 3268 5322 quidem
3289 5251 3503 5308 videtur

1909 5359 2018 5398 non
2049 5357 2169 5398 esse
2197 5343 2410 5414 gaudii,
2456 5341 2550 5398 sed
2595 5345 2868 5400 maeroris.
2909 5365 2927 5397 ι
2959 5344 3061 5413 Qui
3091 5360 3277 5400 amara
3308 5343 3502 5399 bibunt

1909 5435 2148 5491 antidota
2169 5437 2437 5507 patienter
2456 5435 2638 5493 ferunt
2656 5437 2874 5509 quidem
2895 5439 3132 5509 primum
3170 5437 3497 5501 molestiam,

1909 5536 1963 5583 et
1997 5536 2124 5584 tunc
2161 5542 2379 5584 sensum
2410 5529 2715 5600 percipiunt
2744 5531 3060 5601 sospitatis:
3097 5529 3202 5585 tale
3239 5527 3500 5600 quiddam

1906 5629 1990 5676 est
2011 5621 2173 5676 etiam
2199 5620 2389 5686 virtus,
2418 5620 2524 5676 tale
2548 5637 2762 5692 quoque
2785 5623 3010 5678 malitia.
3044 5619 3100 5676 In
3137 5622 3238 5676 ista
3262 5619 3498 5690 primum

1909 5723 1992 5770 est
2015 5713 2259 5784 voluptas
2276 5719 2330 5768 et
2353 5713 2870 5785 sequiturtegritudo
2887 5733 2898 5768 :
2918 5714 2971 5768 in
2993 5711 3080 5767 illa
3108 5725 3238 5766 vero
3259 5710 3497 5781 primum

1911 5813 1996 5864 est
2015 5805 2296 5870 maestitia,
2319 5813 2372 5862 et
2395 5814 2519 5862 tunc
2539 5804 2851 5880 jucunditas
2874 5813 3224 5884 procreatur:
3252 5801 3345 5860 scd
3362 5799 3495 5858 nihil

2895 5963 2920 5994 ὃ
