3972 6336
489 328 594 384 815

1130 329 1221 386 ΤΒ.
1265 329 1520 386 RABANI
1543 330 1777 388 .MAUBI
1813 329 2053 386 ABCIIH

2177 328 2485 387 MOGUNT.
2527 330 2812 389 OPERUM
2848 332 3027 392 PARS
3064 337 3152 392 Ill.

3663 344 3763 406 8l6

481 441 656 500 simile
685 449 792 508 est,
821 456 956 504 cum.
977 443 1372 515 primo‘allqnis
1391 444 1774 508 contristatur;
1800 451 2069 515 et'postea
2097 444 2146 505 Α
2173 440 2229 494 ln
2270 441 2469 512 praeliis
2507 443 2670 514 igitur
2714 445 2892 518 omnis
2939 447 3063 504 talis
3099 457 3180 504 est
3220 449 3536 523 disciplina,
3567 464 3626 512 et
3653 457 3765 516 hac

481 535 677 608 gaudio
703 533 1017 606 perfruitur,
1036 543 1092 592 et
1121 551 1242 592 cum
1274 537 1450 608 primo
1471 533 1757 607 gaudetur,
1791 547 1978 607 postea
2013 535 2070 590 in

481 639 773 682 mmrorem
811 625 1020 681 incidit.
1071 625 1184 698 llic
1212 628 1357 682 enim
1405 628 1568 682 timor
1606 625 1799 682 futura:
1840 625 2070 681 tristitiae

480 731 724 788 praesens
744 717 998 787 gaudium
1021 717 1358 785 devenustat,
1389 718 1496 775 illic
1522 729 1701 797 autem
1725 733 1848 790 spes
1875 717 2070 784 futura:

475 809 833 882 iucunditatis
859 810 1093 867 detrahit
1125 810 1379 881 praesenti
1420 810 1684 876 tristitiae;
1717 825 1782 866 ex
1815 811 1916 866 hoc
1942 825 2069 866 con-

481 901 620 972 tigit,
640 910 700 956 ut
722 901 831 958 illic
862 912 1382 972 nunquam‘prorsus
1411 901 1709 972 gaudeatur
1733 919 1745 954 :
1773 901 1860 956 hic
1887 912 2066 957 autem

479 1007 756 1063 nunquam
787 992 1003 1048 tristitia
1029 991 1356 1048 dominetur.
1388 991 1636 1063 (Theod.)
1659 991 1770 1048 Nec
1798 1007 1938 1062 equo
1958 992 2067 1047 cal-

477 1097 600 1148 car,
651 1096 751 1137 nec
793 1083 1102 1137 emendatio
1131 1083 1312 1138 suavis
1347 1091 1432 1138 est
1475 1082 1844 1153 delinquenti,
1875 1098 2064 1138 omnes

477 1171 642 1226 etiam
674 1170 970 1242 disciplina:
1010 1171 1132 1238 bis,
1179 1171 1271 1242 qui
1289 1171 1652 1248 (erudiuntur,
1692 1187 1893 1227 amarae
1935 1187 2064 1228 sen-

475 1265 686 1319 tiuntur
716 1263 784 1318 ad
811 1279 1070 1334 prtesens,
1109 1266 1251 1337 sicut
1284 1265 1573 1338 Apostolus
1598 1268 1768 1325 dicit:
1814 1287 1831 1320 ι
1863 1267 2065 1324 .Omnis

479 1373 498 1406 «
534 1363 717 1411 autem
753 1356 1035 1428 disciplina
1061 1357 1110 1412 in
1139 1359 1389 1429 praesenti
1412 1375 1518 1415 non
1546 1359 1762 1416 videtur
1784 1375 1906 1418 esse
1934 1376 2064 1430 gau-

480 1462 497 1495 ι
533 1443 627 1511 dii,
660 1444 752 1502 sed
777 1445 1058 1514 moeroris,
1079 1454 1269 1517 postea
1306 1457 1483 1504 autem
1520 1447 1753 1506 fructum
1781 1449 2062 1520 pacatissi-

481 1551 500 1586 «
536 1550 684 1589 nium
705 1536 791 1592 bis
828 1537 922 1607 qui
943 1551 1040 1607 per
1059 1553 1116 1592 se
1138 1539 1422 1594 exercitati
1441 1549 1568 1595 sunt
1592 1541 1777 1596 reddet
1800 1540 2054 1610 iustitiae:

479 1643 496 1676 ι
533 1633 588 1681 et
613 1641 772 1697 quem
801 1627 972 1699 diligit
1013 1627 1276 1685 Dominus
1307 1630 1558 1702 corripit,
1602 1630 1836 1703 ﬂagellat
1879 1639 2058 1686 autem

476 1738 494 1770 «
530 1733 746 1774 omnem
777 1719 968 1788 lilium,
997 1737 1160 1791 quem
1187 1723 1407 1793 recipit:
1451 1724 1573 1792 quis
1602 1724 1746 1778 enim
1789 1732 1872 1780 est
1915 1723 2058 1778 ﬁlius

2174 547 2448 603 pra:sens,
2489 545 2548 590 ut
2591 535 2715 591 talis
2747 537 2818 592 sit
2859 553 3082 596 necesse
3121 551 3224 598 est.
3265 541 3503 601 Proinde
3551 559 3764 617 oportet

2174 624 2388 692 operari
2414 624 2634 681 meliora
2656 634 2710 681 et
2733 626 2892 682 linem
2911 629 3127 698 plenum
3143 630 3500 700 jucunditatis
3520 645 3580 692 et
3595 641 3758 709 pacis.

2171 713 2240 769 Et
2267 715 2603 793 nolimirari,
2634 718 2680 774 si
2709 733 2832 774 cum
2859 720 2973 790 ipsa
3001 737 3185 779 amara
3214 725 3314 794 sit,
3340 727 3556 783 fructus
3588 739 3760 787 tamen

2130 853 2135 864 ,
2171 803 2412 876 proferat
2438 805 2728 862 dulciores.
2760 805 2895 862 Nam
2917 817 2972 864 et
3000 811 3055 866 in
3096 813 3382 872 arboribus
3411 829 3608 872 cortex
3634 834 3764 888 pene

2172 909 2386 966 semper
2413 911 2631 972 amarus
2653 906 2708 954 et
2731 913 2890 970 asper
2916 909 3029 967 est,
3062 900 3269 961 fructus
3298 916 3481 963 tamen
3509 907 3615 980 ipsi
3644 926 3762 967 sua-

2169 984 2338 1041 vitate
2357 985 2586 1056 jueundi
2614 997 2758 1044 sunt.
2795 988 3034 1061 Sumpsit
3062 1005 3240 1051 autem
3267 997 3370 1054 hoc
3390 1014 3462 1056 ex
3489 1005 3756 1058 communi

2166 1077 2390 1148 notitia.
2407 1077 2461 1132 Si
2493 1079 2659 1151 igitur
2685 1081 2812 1136 talia
2828 1099 3046 1153 sperare
3070 1089 3346 1158 competit,
3373 1091 3507 1162 quid
3538 1093 3758 1151 doletis?

2165 1165 2294 1235 quid
2314 1174 2599 1237 postquam
2628 1169 2903 1225 tristitiam
2922 1174 3210 1243 tolerastis,
3236 1180 3384 1234 circa
3413 1182 3645 1238 meliora
3667 1185 3755 1240 de-

2165 1251 2349 1319 ﬁcitis,
2388 1271 2507 1325 quae
2544 1261 2920 1317 vosconvenit
2951 1264 3261 1321 sustinere?
3288 1267 3345 1323 Si
3377 1280 3566 1326 autem
3599 1274 3756 1328 susti-

2165 1345 2498 1410 nuistis,uon
2522 1358 2736 1419 oportet
2753 1351 2897 1406 circa
2921 1354 3328 1412 retributionem
3352 1359 3554 1415 iterum
3581 1363 3756 1418 molle-

2162 1449 2338 1514 scere.
2370 1437 2651 1507 Tanquam
2694 1454 2790 1496 eos
2818 1441 2910 1511 qui
2942 1458 3104 1499 cursu
3149 1457 3447 1514 certavere,
3477 1450 3564 1504 vel
3599 1453 3752 1506 caedi-

2161 1505 2398 1588 bus,.vel.
2415 1505 2523 1597 qui
2543 1529 2684 1585 bello
2709 1505 3130 1614 desuZdaverunt,
3152 1505 3468 1607 alloquitur.

2235 1636 2257 1670 «
2292 1618 2524 1692 Propter
2553 1625 2696 1693 quod
2739 1627 2995 1683 remissas
3031 1645 3224 1687 manus
3267 1643 3322 1688 et
3363 1635 3545 1690 soluta
3585 1653 3750 1708 genua

2166 1728 2185 1763 ι
2224 1711 2436 1783 erigite,
2460 1724 2515 1769 et
2549 1732 2768 1785 gressus
2793 1727 2970 1775 rectos
2999 1721 3160 1778 facite
3183 1725 3414 1795 pedibus
3437 1729 3667 1792 vestris,
3698 1740 3750 1784 ut

476 1827 494 1862 «
525 1824 687 1879 quem
703 1827 808 1865 non
829 1795 1285 1883 corripitpater?»
1305 1812 1490 1883 Itaque
1506 1815 1646 1868 mala
1670 1825 2057 1892 nonnunquam
2091 1809 2132 1868 Β
2168 1822 2186 1855 ι
2227 1821 2333 1861 n0n
2361 1805 2674 1864 Claudicans
2717 1811 2840 1880 ιιυῖε
2873 1821 3040 1878 ετνθῑν
3067 1817 3238 1887 magis
3259 1826 3440 1873 autem
3465 1832 3742 1894 sanetur.»

467 1905 592 1974 poni
619 1919 716 1975 pro
744 1903 1123 1971 afﬂictionibus
1160 1906 1364 1973 solent,
1406 1909 1702 1963 secundum
1733 1907 1900 1967 illud:
1939 1907 2060 1963 «Et

469 1996 720 2064 paenituit
751 1997 920 2051 Deum
946 2011 1108 2067 super
1137 1997 1396 2053 malitiam
1423 2013 1584 2067 quam
1625 1997 1835 2054 locutus
1855 2006 1968 2064 est,
1997 2006 2059 2053 ut

467 2087 672 2145 faceret
695 2090 775 2146 eis
797 2098 852 2147 et
877 2107 985 2148 non
1007 2091 1136 2149 fecit
1157 2091 1290 2164 (Jer.
1316 2091 1462 2165 xxvi)
1484 2109 1529 2158 ;»
1549 2100 1598 2148 et
1622 2092 1815 2148 iterum
1839 2111 1852 2148 :
1877 2092 2054 2171 «Quia

467 2189 550 2246 tu,
567 2181 813 2247 Domine,
833 2183 1144 2238 misericors
1169 2179 1226 2237 et
1253 2183 1558 2250 miserator,
1595 2184 1807 2256 patiens
1835 2194 1891 2240 et
1918 2183 2056 2240 mul-

467 2281 581 2327 tum
609 2273 944 2340 misericors,
965 2285 1019 2332 et
1040 2277 1309 2346 pmnitens
1338 2277 1392 2332 in
1419 2277 1641 2334 malitiis
1673 2277 1830 2350 (laet.
1849 2287 1964 2351 11),:
2001 2277 2054 2334 id

465 2371 570 2428 ost,
595 2379 758 2433 super
789 2365 1230 2422 tribulationibus
1257 2375 1311 2423 et
1338 2369 1594 2423 aerumnis
1623 2384 1742 2439 qua:
1771 2370 1928 2425 nobis
1953 2385 2054 2440 pro

463 2464 813 2526 peccatorum
847 2467 1168 2514 nostrorum
1195 2461 1404 2516 meritis
1443 2459 1645 2518 inferre
1671 2461 2011 2532 compelleris
2036 2481 2048 2516 :

462 2562 600 2618 quas
620 2549 797 2605 sciens
817 2549 949 2606 utile
964 2567 1084 2607 esse
1099 2551 1391 2619 nonnullis,
1409 2552 1481 2607 ita
1501 2553 1638 2608 alius
1651 2555 1934 2625 propheta,
1953 2555 2054 2610 uti-

465 2657 572 2712 que
584 2657 691 2698 non
711 2643 959 2700 invidens
981 2644 1142 2700 saluti
1171 2658 1380 2711 eorum,
1398 2645 1491 2701 sed
1515 2647 1820 2713 consulens,
1853 2649 2050 2720 impre-

461 2742 618 2791 catur
642 2751 656 2788 :
691 2735 870 2791 «Adde
899 2735 1004 2791 illis
1029 2735 1190 2802 mala,
1215 2738 1458 2801 Domine,
1477 2738 1614 2794 adde
1639 2740 1777 2794 mala
1799 2739 2049 2812 gloriosis

459 2832 624 2882 terra:
653 2827 933 2900 (Jan—xx);
970 2847 988 2880 ι
1025 2837 1082 2884 et
1107 2829 1222 2900 ipse
1251 2830 1547 2886 Dominus:
1583 2832 2064 2906 «".-Ecce,‘inquit,‘

460 2915 712 2974 inducam
743 2935 907 2990 super
943 2934 1041 2976 eos
1074 2919 1236 2985 mala,
1277 2940 1297 2972 ι
1331 2921 1384 2977 id
1415 2930 1518 2988 est,
1550 2922 1863 2980 dolores-ac
1877 2927 2049 2981 vasti-

459 3018 621 3078 tates,
651 3011 846 3084 quibus
870 3013 924 3068 in
941 3014 1203 3085 prteseuti
1229 3013 1521 3072 salubriter
1543 3017 1812 3088 castigati,
1837 3019 1908 3072 ad
1937 3033 2043 3083 me,

459 3119 620 3176 quem
649 3105 703 3160 in
729 3105 892 3162 rebus
914 3107 1186 3178 prosperis
1212 3116 1674 3179 contempserunt,
1705 3109 1904 3165 reverti
1932 3117 2048 3164 tan-

2157 1895 2392 1953 lntueris
2422 1900 2694 1970 quomodo
2718 1917 2812 1957 eos
2840 1903 3226 1972 facit-armari,
3258 1911 3535 1979 quomodo
3577 1927 3671 1968 eos
3698 1915 3747 1970 in

2157 1987 2387 2044 sublime
2413 1991 2668 2046 sustolli?
2695 1992 2910 2050 «Recte
2934 1997 3226 2064 ambulate,
3248 2019 3266 2051 ι
3302 2001 3481 2070 inquit
3507 2021 3521 2055 :
3567 2003 3620 2058 in
3653 2005 3746 2059 hoc

2155 2077 2276 2134 loco
2301 2081 2472 2152 tangit
2499 2083 2854 2155 cogitationes
2894 2101 3108 2154 eorum,
3137 2089 3239 2145 hoc
3264 2101 3364 2156 est,
3393 2102 3456 2148 ut
3481 2094 3605 2150 sine
3632 2095 3746 2152 ullis

2118 2202 2120 2204 -
2156 2167 2590 2228 btcsitationibus
2631 2185 3022 2243 perseverent:
3067 2177 3110 2233 si
3139 2180 3282 2235 enim
3308 2183 3374 2236 ad
3405 2183 3744 2242 dilectionem

2154 2261 2389 2332 pertinet
2417 2263 2722 2334 disciplina,
2749 2268 2794 2322 si
2819 2257 2876 2322 in
2909 2266 3069 2324 finem
3107 2271 3317 2338 desinet
3347 2274 3632 2332 meliorem
3655 2318 3669 2340 ,
3693 2288 3746 2333 et

2115 2387 2117 2390 -
2155 2354 2257 2410 hoc
2285 2366 2390 2410 tam
2415 2371 2481 2411 ex
2513 2357 2694 2424 rebus,
2720 2374 2879 2430 quam
2917 2376 2982 2416 cx
3009 2362 3185 2418 verbis
3210 2368 3555 2434 ostenditur,
3583 2387 3744 2442 quare

2153 2445 2552 2502 dissolvimini?
2583 2447 2694 2505 [Ioc
2727 2467 2960 2524 namque
3001 2456 3309 2524 patiuntur,
3355 2460 3448 2529 qui
3493 2462 3746 2532 despera-

2153 2534 2300 2591 tione
2327 2536 2616 2605 deliciunt,
2659 2541 2748 2610 qui
2769 2557 2873 2613 ,spe
2903 2543 3206 2602 futurorum
3246 2549 3389 2604 nulla
3421 2552 3738 2609 solidantur.

2155 2625 2370 2693 «Recte,
2393 2627 2586 2698 inquit,
2604 2631 2898 2700 ambulate,
2914 2655 2931 2686 ι
2952 2651 3062 2692 nee
3081 2638 3405 2696 claudicatio
3420 2643 3545 2713 plus
3559 2660 3739 2702 accre-

2150 2725 2285 2783 scat,
2315 2719 2408 2774 sed
2442 2721 2620 2790 potius
2641 2723 2708 2778 ad
2739 2733 2936 2780 statum
2977 2729 3262 2798 pristinum
3292 2743 3620 2803 revocetur;
3653 2739 3736 2806 qui

2147 2806 2293 2861 enim
2317 2823 2438 2864 cum
2464 2811 2858 2871 claudicatione
2877 2820 3135 2886 currit,in
3161 2823 3365 2878 malitia
3395 2825 3733 2892 demoratur;

2149 2901 2407 2967 attendis,
2440 2904 2565 2974 quia
2598 2905 2650 2960 in
2681 2909 2836 2965 vobis
2865 2920 2981 2976 est,
3015 2921 3073 2967 ut
3109 2917 3360 2973 omnibus
3402 2920 3580 2974 modis
3609 2937 3734 2976 con-
3823 2977 3828 2984 ,

2149 3003 2443 3060 sequamur
2465 2995 2809 3055 medicinam.
2841 3020 2859 3054 «
2880 3002 3078 3060 Pacem
3103 3009 3391 3079 sequimini
3421 3029 3547 3068 cum
3571 3016 3734 3070 omni-

2148 3083 2250 3139 bus
2285 3095 2340 3142 et
2368 3089 2806 3162 sanctimoniam,
2834 3097 2949 3152 sine
2972 3114 3076 3168 qua
3099 3117 3259 3158 nemo
3279 3103 3484 3160 videbit
3515 3106 3694 3164 Deum.
3710 3129 3727 3161 ι

409 3196 414 3201 ’
456 3168 582 3253 dem
627 3213 693 3254 ac
738 3168 994 3254 festinare
1036 3168 1316 3271 cogantur.
1362 3168 1583 3271 (σιτ-ες.)
1621 3168 1878 3267 Quamvis
1919 3215 2048 3272 ergo

2155 3175 2379 3272 (altera)
2412 3178 2654 3238 Plurima
2685 3187 2902 3256 quidem
2925 3199 3075 3258 sunt,
3114 3209 3235 3263 qua;
3262 3194 3519 3264 formam,
3541 3201 3733 3256 descri-

457 3290 748 3346 eonvenire
775 3290 936 3347 simul
977 3299 1246 3360 nequeant
1281 3291 1433 3346 dolor
1460 3300 1516 3346 et
1543 3293 1852 3359 beatitudo,
1893 3300 2049 3348 recte

457 3391 644 3438 tamen
673 3398 816 3437 nunc
840 3382 1064 3448 dicitur,
1099 3401 1117 3434 «
1151 3381 1349 3437 Beatus
1378 3383 1540 3438 homo
1571 3383 1662 3453 qui
1700 3383 1992 3454 corripitur
2016 3398 2046 3437 a

457 3473 688 3530 Domino
715 3473 869 3546 (Job.
897 3472 998 3546 v),
1047 3493 1066 3526 ι
1103 3474 1226 3543 quia
1257 3490 1356 3545 per
1382 3475 1526 3544 quod
1568 3483 1822 3544 peccator
1865 3473 2050 3530 dolore

458 3563 817 3634 correptionis
860 3564 1156 3635 premitur,
1186 3564 1511 3635 quandoque
1551 3565 1617 3619 ad
1659 3563 2047 3620 beatitudinem

461 3671 582 3726 qua:
607 3655 1056 3712 sine-interventu
1085 3663 1171 3712 est
1198 3655 1401 3712 doloris
1433 3655 1699 3712 eruditur.
1732 3655 1936 3729 (Joan.)
1970 3656 2049 3711 Ex

459 3743 549 3799 bis
576 3742 742 3812 igitur
766 3743 1524 3815 argumentis-consolationes
1551 3743 1752 3801 Paulus
1785 3745 2044 3811 assumit,

458 3842 516 3890 et
543 3835 715 3890 utitur
755 3834 951 3890 iterum
984 3836 1256 3891 communi
1278 3835 1504 3907 judicio,
1537 3836 1758 3892 cuinon
1792 3837 1932 3893 valet
1957 3837 2049 3892 ali-

457 3926 582 3998 quis
611 3925 889 3993 reluctari,
905 3927 1033 3998 quia
1055 3926 1232 3982 nullus
1251 3936 1433 3998 potest
1451 3928 1724 3983 communi
1747 3943 2045 4000 repugnare

459 4018 713 4082 decreto,
762 4017 980 4088 quando
1028 4017 1084 4072 in
1136 4017 1338 4089 aliquid
1391 4017 1629 4074 universi
1678 4020 2042 4075 consentiunt.

461 4126 482 4160 «
516 4105 943 4174 Contristamini,
975 4128 994 4160 ι
1029 4108 1240 4178 inquit:
1273 4108 1396 4163 talis
1427 4123 1662 4180 namque
1690 4109 1891 4164 assolet
1928 4123 2047 4165 esse

459 4198 762 4270 disciplina,
786 4199 892 4254 tale
912 4199 1234 4270 principium
1261 4199 1524 4271 possedit,
1557 4218 1575 4251 «
1611 4200 1788 4256 omnis
1814 4215 2047 4271 namque

458 4289 740 4362 disciplina
761 4330 778 4356 ,
823 4290 1026 4360 inquit,
1068 4291 1122 4345 in
1167 4292 1421 4361 praesenti
1451 4291 1667 4362 quidem
1697 4291 1910 4348 videtur
1940 4306 2044 4346 non

385 4435 396 4444 ,
456 4395 577 4438 esse
610 4381 816 4453 gaudii,
859 4381 955 4437 sed
999 4382 1249 4437 mmroris
1282 4399 1294 4434 :
1327 4401 1345 4433 ι
1389 4381 1666 4437 benedixit
1694 4400 1712 4433 «
1765 4383 2040 4447 videtur,»

457 4473 584 4544 quia
622 4489 730 4529 non
759 4482 864 4539 est,
897 4473 1086 4544 inquit,
1122 4489 1210 4529 res
1238 4473 1468 4530 tristitiae
1501 4474 1780 4546 disciplina
1800 4517 1816 4542 ,
1847 4475 1941 4531 sed
1962 4476 2043 4531 vi-

2148 3267 2493 3360 ptionemque
2523 3272 2946 3336 Christianitatis
2985 3285 3295 3354 ostendunt,
3329 3289 3587 3360 sedzplus
3626 3309 3733 3348 om-

2148 3358 2310 3415 nibus
2351 3376 2416 3417 ac
2456 3363 2649 3422 melius
2695 3378 2895 3425 mutua:
2939 3373 3225 3432 charitatis
3265 3358 3491 3438 affectus
3519 3391 3571 3438 et
3599 3401 3727 3454 pax,

2149 3465 2269 3519 qua:
2318 3453 2598 3510 hominum
2647 3461 2810 3515 corda
2857 3467 3178 3522 consociat:
3220 3481 3517 3542 propterea
3575 3453 3726 3530 etiam

2148 3541 2396 3640 Christus
2415 3548 2572 3605 dicit:
2603 3571 2620 3603 «
2651 3551 2846 3610 Pacem
2870 3573 3044 3615 meum
3067 3561 3136 3617 do
3156 3563 3306 3621 vobis
3330 3550 3516 3638 (John.
3537 3571 3681 3640 xm);
3705 3590 3723 3620 ι

2149 3644 2200 3692 et
2232 3637 2424 3733 iterum
2452 3660 2464 3696 :
2502 3661 2518 3694 «
2549 3643 2604 3698 ln
2633 3644 2734 3701 hoc
2761 3663 3092 3720 cognoscent
3122 3670 3311 3714 omnes
3341 3637 3469 3730 quia
3495 3637 3726 3733 discipuli

2151 3729 2254 3822 mei
2297 3731 2452 3799 estis,
2493 3733 2539 3789 si
2571 3735 2868 3794 dilexeritis
2895 3740 3125 3799 invicem
3154 3729 3364 3818 (Ibid.).
3402 3729 3726 3822 iPropterea

2148 3818 2313 3873 etiam
2349 3820 2547 3879 Paulus
2573 3827 2886 3897 apostolus:
2926 3831 3198 3900 «Pacem,
3232 3836 3429 3908 inquit,
3456 3818 3730 3896 sectamini

2148 3927 2271 3966 cum
2306 3915 2555 3972 omnibus
2581 3927 2635 3973 et
2674 3923 3123 3980 sanctimoniam:
3165 3945 3183 3979 ι
3217 3927 3320 3982 hoc
3348 3938 3458 3995 est,
3487 3931 3728 3988 honesta-

2150 4011 2257 4060 tem
2290 4006 2404 4064 sive
2430 4009 2744 4078 pudicitiam
2771 4034 2790 4066 «
2823 4016 2940 4072 sine
2961 4032 3065 4086 qua
3085 4034 3242 4074 nemo
3260 4020 3460 4077 videbit
3485 4023 3684 4079 Deum:
3706 4044 3722 4077 ι

2151 4095 2357 4167 (Joan.)
2396 4099 2535 4154 sicut
2558 4109 2614 4155 et
2642 4119 2802 4174 supra
2831 4106 3082 4161 dicebat:
3113 4127 3132 4159 «
3161 4108 3278 4164 Non
3300 4111 3728 4184 denellnquentes

2150 4190 2622 4258 congregationem
2649 4203 2919 4261 nostram;
2945 4217 2962 4248 ι
2991 4199 3094 4254 hoc
3113 4200 3278 4255 etiam
3309 4201 3399 4257 hic
3421 4208 3602 4276 tangit
3625 4225 3636 4259 :
3659 4207 3729 4260 ni-

2150 4275 2226 4331 hil
2248 4278 2320 4332 ita
2343 4288 2396 4334 et
2421 4283 2658 4338 maxime
2687 4284 2741 4339 in
2767 4289 3154 4358 tentationibus
3173 4294 3514 4361 superabiles
3533 4275 3664 4352 facit
3681 4306 3730 4350 et

2151 4368 2310 4425 facile
2333 4370 2446 4442 subj
2457 4374 2714 4444 iciendos,
2733 4380 2872 4434 sicut
2897 4383 3140 4452 separari
3159 4398 3222 4440 ac
3243 4384 3478 4458 scjungi.
3501 4407 3520 4439 «
3545 4389 3728 4445 Pacem

2153 4465 2432 4522 sectamini
2462 4482 2583 4523 cum
2609 4470 2912 4536 omnibus”
2949 4472 3144 4544 inquit.
3171 4473 3308 4531 Num
3327 4485 3531 4532 etcum
3578 4478 3729 4533 male-

459 4537 617 4621 detur
643 4579 780 4622 esse.
813 4585 831 4618 «
851 4537 1080 4632 :Onmis,
1104 4564 1306 4636 inquit,
1328 4537 1691 4636 disciplina,-i
1726 4575 1781 4623 et
1803 4537 2044 4623 humana

2155 4553 2519 4614 facientibus?
2550 4579 2568 4611 «
2603 4558 2658 4615 Si
2687 4561 2941 4630 possibile
2966 4537 3072 4629 est,
3102 4565 3294 4634 inquit,
3324 4568 3472 4637 quod
3496 4585 3564 4623 ex
3590 4569 3730 4624 vobis

455 4664 511 4711 et
537 4656 828 4726 spiritalis:
868 4656 1252 4727 contemplaris
1277 4671 1408 4712 cam,
1431 4671 1500 4713 ex
1531 4659 1909 4714 communibus
1943 4674 2042 4714 no-

459 4747 594 4802 titiis
621 4749 918 4803 decertare.
949 4769 966 4800 r
990 4747 1234 4816 Videtur,
1250 4748 1443 4820 inquit,
1459 4764 1579 4807 esse
1608 4751 1879 4817 mroris,
1902 4769 1919 4802 ι
1942 4766 2048 4806 non

454 4847 539 4894 est
567 4839 748 4912 igitur.
780 4839 964 4906 Qualis
995 4856 1226 4912 namque
1255 4857 1458 4897 maeror
1501 4852 1618 4908 est,
1645 4851 1705 4896 ut
1732 4843 1930 4897 cxistat
1957 4857 2060 4900 oc-.

456 4929 607 4986 casio
638 4930 980 4999 gaudiorum,
1005 4934 1161 4990 sicuti
1202 4950 1378 5005 neque
1409 4934 1652 5006 voluptas
1677 4943 1794 4999 cst,
1827 4949 1948 5005 qua:
1989 4935 2050 4990 fit

455 5034 623 5076 causa
650 5020 942 5077 tristitiae?«
963 5021 1155 5080 Postea
1175 5033 1357 5080 autem
1382 5024 2048 5094 fructum-pacatissimum

454 5113 892 5186 exercitatisper
919 5133 1038 5173 eam
1076 5117 1531 5191 reddetjustitiw.
1576 5138 1594 5171 ι
1634 5117 1750 5174 Non
1781 5117 2043 5182 fructum,

453 5206 548 5262 sed
586 5207 856 5264 fructuum
897 5210 1306 5266 abundantiam.
1355 5229 1374 5263 «
1405 5211 1506 5280 Qui
1548 5227 1643 5282 per
1688 5226 1828 5276 eam,
1875 5211 2051 5281 inquit

451 5297 876 5354 exercitantur.»
907 5300 1050 5356 Bene
1079 5301 1239 5368 dixit,
1275 5321 1294 5353 «
1323 5302 1537 5372 quiper
1577 5317 1697 5358 eam
1739 5301 2048 5357 exercitan-

455 5397 566 5454 tur,
599 5407 616 5440 ι
643 5389 744 5447 hoc
772 5399 878 5458 est,
908 5393 998 5464 qui
1030 5393 1266 5447 tolerant
1294 5391 1526 5464 plurimo
1561 5402 1804 5464 tempore
1839 5394 2048 5466 patien-

453 5488 554 5534 ter.
590 5479 657 5535 Et
681 5483 992 5553 quomodo?
1011 5481 1153 5536 Bene
1174 5483 1458 5539 sonantius
1484 5493 1567 5540 est
1594 5485 1812 5538 nomine
1840 5485 2048 5538 exerci-

455 5570 713 5640 tationem
742 5572 1068 5627 nominans?
1096 5571 1388 5643 Disciplina
1431 5588 1560 5645 ergo
1597 5573 1916 5630 exercitatio
1941 5583 2067 5630 cst.-

454 5658 587 5715 Nam
646 5662 902 5718 athletam
948 5662 1161 5733 perlicit
1206 5661 1487 5720 fortiorem
1531 5673 1586 5718 et
1631 5663 2045 5734 insuperabilem

454 5754 632 5811 reddit
668 5757 720 5812 in
751 5755 1136 5815 certaminibus
1179 5767 1232 5816 et
1273 5757 1740 5830 inexpugnabilem
1787 5758 2042 5815 declarat.

1039 5927 1088 5964 Ο

2152 4656 2258 4712 est,
2273 4663 2397 4703 cum
2419 4650 2872 4722 omnibuspacem
2887 4653 3082 4709 habete
3099 4654 3270 4726 (Rom.
3289 4658 3408 4728 xu).
3425 4677 3442 4708 ι
3467 4657 3729 4726 Quantum

2152 4741 2368 4808 attinet,
2394 4743 2586 4812 inquit,
2616 4758 2800 4815 pacem
2835 4746 3054 4811 habete,
3078 4748 3210 4802 nihil
3235 4748 3439 4805 laedens
3462 4752 3728 4822 pietatem,

2151 4837 2247 4892 sed
2283 4837 2337 4891 in
2376 4837 2571 4907 quibus
2612 4837 2752 4892 mala
2782 4838 3008 4908 pateris,
3039 4837 3249 4894 fortiter
3281 4841 3494 4906 tolera;
3539 4841 3730 4911 majora

2153 4929 2352 5000 quippe
2370 4945 2521 4983 arma
2539 4939 2664 4985 sunt
2681 4929 2735 4985 in
2757 4931 3144 4986 tentationibus
3160 4932 3419 5002 patientia
3442 4951 3455 4998 ;
3485 4935 3561 4990 sic
3577 4935 3728 4990 etiam

2155 5022 2406 5077 Christus
2420 5037 2546 5078 suos
2559 5022 2848 5094 discipulos
2861 5023 3096 5078 reddidit
3108 5023 3378 5088 fortiores,
3395 5025 3512 5081 hare
3526 5027 3727 5082 dicens:

2161 5132 2179 5164 «
2194 5113 2345 5169 Mitto
2367 5129 2482 5179 vos,
2501 5115 2692 5184 inquit,
2709 5114 2986 5171 sicutoves
3001 5114 3054 5169 in
3070 5115 3246 5172 medio
3267 5116 3518 5187 luporum
3536 5135 3550 5184 ;
3570 5126 3728 5174 estote

2155 5224 2286 5279 ergo
2305 5207 2598 5278 prudentes
2631 5208 2771 5264 sicut
2787 5215 3086 5278 serpentes,
3111 5217 3168 5264 et
3186 5208 3462 5279 simplices
3488 5211 3628 5265 sicut
3647 5225 3725 5265 co-

2157 5299 2354 5354 lumbzn
2380 5299 2594 5370 (Matth.
2629 5297 2725 5370 x);
2765 5317 2784 5350 ι
2817 5297 2947 5368 quid
2976 5297 3145 5353 dicis?
3187 5297 3240 5352 in
3284 5299 3465 5353 medio
3493 5299 3722 5369 luporum

2156 5405 2345 5447 sumus
2364 5399 2419 5445 et
2441 5390 2582 5444 sicut
2607 5404 2738 5446 oves
2759 5405 2857 5445 nos
2877 5390 3167 5461 essejubes
3187 5398 3242 5444 et
3265 5390 3408 5445 sicut
3428 5388 3725 5446 columbas?

2157 5482 2555 5552 Etiam,inquit,
2573 5482 2706 5537 nihil
2723 5483 2866 5538 enim
2888 5482 2960 5536 ita
2975 5482 3344 5537 confusionem
3360 5482 3488 5538 facit
3505 5480 3723 5554 gerentis

2156 5575 2468 5639 mala,situt
2491 5573 2646 5630 fortis
2674 5573 2957 5628 tolerantia
2974 5574 3320 5645 patientis,et
3342 5589 3517 5644 neque
3545 5574 3595 5626 in
3620 5587 3722 5626 vcr-

2155 5663 2225 5719 bo
2265 5679 2438 5734 neque
2469 5665 2521 5720 in
2549 5680 2712 5736 opere
2743 5664 2966 5720 reddere
2989 5664 3304 5720 vindictam.
3336 5665 3405 5720 Et
3429 5664 3640 5719 attende
3663 5675 3720 5714 cx

2155 5757 2256 5812 hoc
2275 5765 2475 5827 quanta
2499 5755 2741 5812 lucratus
2765 5756 2856 5822 sis,
2875 5754 3077 5811 malum
3101 5753 3719 5828 cxstinguis,mercedcm
