3972 6336
282 399 389 458 817

752 392 1300 454 ENARRATIONUM
1335 395 1402 452 IN
1442 394 1590 452 EPP.
1633 392 1840 452 PAULI
1875 391 2018 448 LIB.
2049 389 2237 448 ΧΧῑΧέ
2277 389 2349 434 -4-
2380 391 2448 449 I'N
2490 393 2707 451 EPIST.
2754 395 2840 450 AD
2879 395 3083 452 HEBR.

3443 398 3546 454 818

284 509 386 566 tibi
399 520 686 578 comparas
701 504 1534 576 ampliorem.Sanctilicationem
1550 514 1728 560 autem
1745 504 1876 560 dicit
1895 506 1946 566 ιΑ
1975 510 2250 572 postremo
2285 515 2406 570 quae.
2444 517 2654 558 summa
2685 503 2756 559 sit
2791 503 3015 573 perfecti
3043 504 3249 574 praemii
3283 519 3348 562 ac
3376 504 3550 562 beatit-

283 597 601 669 pudicitiam
627 604 787 666 atque
815 597 1226 668 temperantiam
1251 595 1605 667 coniugalem,
1621 595 1734 651 sive
1753 595 1874 666 quis

283 703 483 758 expers
534 694 619 742 est
666 684 1078 758 conjugii,cum
1128 687 1378 742 castitate
1425 686 1610 751 nubat,
1657 686 1771 741 sive
1817 685 1871 740 in

283 776 540 847 conjugio
574 775 899 831 constitutus
927 783 1032 838 est,
1057 790 1161 830 non
1193 775 1512 840 fornicetur,
1551 775 1646 830 sed
1687 783 1873 830 utatur

282 866 505 937 propria
531 863 758 936 conjuge
783 865 1392 934 temperanter,.etenim
1420 864 1584 919 etiam
1617 866 1720 920 hoc
1750 880 1872 920 san-

282 957 545 1014 ctificatio
568 965 672 1013 est.
703 956 1112 1033 Quomodo-hoc
1163 954 1520 1010 sanctiﬁcatio
1566 957 1750 1011 est?...
1777 955 1872 1010 sed

282 1049 488 1121 nuptite
509 1056 831 1108 conservant
852 1047 1354 1111 sanctificationem,
1383 1062 1504 1116 quae
1532 1061 1598 1126 ex
1623 1047 1728 1102 fide
1748 1056 1830 1102 est
1855 1065 1867 1101 :

281 1139 578 1211 prohibent
603 1139 843 1194 animum
872 1137 1248 1194 meretricibus
1271 1137 1723 1209 applicariuSine
1743 1153 1870 1210 qua,

284 1231 482 1300 inquit,
515 1245 677 1306 nemo
698 1229 899 1284 videbit
922 1228 1130 1284 Deum:
1165 1248 1183 1280 ι
1216 1229 1360 1299 quod
1393 1230 1557 1285 etiam
1585 1231 1651 1286 ad
1675 1227 1869 1288 Corin-

284 1323 432 1379 thios
462 1323 630 1377 dicit:
679 1341 698 1374 ι
730 1320 905 1377 Nolite
923 1336 1128 1388 errare,
1160 1337 1333 1392 neque
1363 1321 1737 1391 fornicatores,
1779 1339 1874 1380 ne-

282 1429 393 1487 que
423 1414 677 1490 adulteri,
705 1429 882 1484 neque
906 1415 1221 1482 idololatrte,
1253 1431 1432 1488 neque
1461 1417 1674 1483 molles,
1697 1433 1874 1488 neque

282 1505 652 1562 masculorum
681 1507 1078 1572 concubitores,
1107 1523 1279 1578 neque
1306 1509 1476 1574 avari,
1507 1523 1682 1578 neque
1701 1508 1869 1576 fures,

281 1611 464 1668 neque
492 1597 714 1664 ebriosi,
747 1613 924 1670 neque
951 1598 1288 1655 detracturos
1323 1614 1547 1670 regnum
1581 1599 1671 1654 Dei
1696 1599 1872 1676 possi-

282 1688 492 1745 debunt
522 1688 575 1761 (Ι
602 1687 727 1744 Cor.
757 1690 854 1761 vr).
893 1711 910 1743 ι
937 1691 1479 1762 ρυοωοὰοέηθηπιυο
1517 1693 1746 1762 poterit,
1779 1693 1872 1763 qui

282 1797 484 1853 corpus
503 1779 1076 1848 etIicitur.meretricis,
1096 1798 1219 1838 eum
1233 1782 1452 1838 Christo
1476 1784 1736 1838 unitatem
1753 1799 1874 1839 eor-

1975 593 2175 648 tudinis
2216 594 2599 650 remuneratio.
2622 609 2720 664 per
2758 595 2898 651 hanc
2934 594 3288 652 habitatorem
3317 600 3554 668 pectoris

1971 683 2142 738 nostri
2167 692 2410 738 sanctum
2453 683 2568 740 fore
2603 684 2864 756 Spiritum
2899 686 3274 757 designavitJ
3302 688 3554 745 Contem-

1968 774 2180 846 plantes
2199 791 2268 832 ne
2288 776 2417 846 quid
2441 777 2578 832 desit
2599 779 2787 846 gratiae
2807 777 2924 834 Dei.
2947 799 2966 832 ›
2986 778 3192 851 (Ιοαη.)
3215 781 3306 836 Sic
3330 797 3453 837 cum
3474 783 3555 838 eis

1971 864 2228 935 loquitur,
2253 875 2511 938 tanquam
2539 883 2661 922 cum
2687 868 2793 931 his,
2817 869 2909 938 qui
2935 883 3058 924 eum
3079 883 3369 925 numeroso
3391 872 3554 926 comi-

1971 961 2085 1010 tatu
2107 955 2375 1010 viatorum
2405 955 2565 1029 longa
2591 957 2786 1035 itinera
2813 966 3176 1028 permearent,
3203 959 3370 1014 veluti
3399 961 3444 1015 si
3474 959 3556 1016 di-

1969 1053 2139 1112 ceret,
2169 1045 2446 1103 Attendite
2490 1049 2674 1115 vobis,
2720 1063 2790 1106 ne
2832 1049 2955 1120 quis
2985 1058 3224 1105 vestrum
3254 1061 3550 1108 remaneat.

1971 1138 2088 1194 Non
2112 1140 2218 1195 hoc
2245 1148 2454 1196 tantum
2479 1142 2719 1211 requiro,
2747 1150 2807 1197 ut
2841 1157 2937 1198 vos
2957 1143 3056 1198 soli
3081 1144 3429 1214 perveniatis,
3461 1145 3557 1202 sed

1970 1230 2136 1286 etiam
2164 1241 2225 1286 ut
2246 1231 2542 1302 inspiciatis
2565 1241 2619 1288 et
2642 1248 2886 1290 caeteros.
2919 1254 2936 1286 ‹
2964 1233 3043 1290 Ne
3066 1235 3214 1305 quis,
3237 1235 3430 1306 inquit,
3457 1251 3554 1292 ve-

1973 1329 2154 1376 strum
2176 1322 2336 1392 desit
2357 1324 2544 1394 gratias
2582 1324 2706 1380 Dei:
2744 1344 2764 1376 ι
2807 1324 2938 1394 quid
2979 1325 3112 1381 dicit
3151 1325 3382 1398 gratiam
3415 1327 3557 1382 Dei/2

1972 1411 2113 1469 bona
2131 1411 2344 1480 futura,
2373 1415 2740 1486 evangelicam
2772 1414 2955 1482 fidem,
2973 1416 3254 1487 Optimam
3277 1431 3558 1474 conversa-
3597 1455 3606 1460 -

1975 1506 2173 1560 tionem
2199 1523 2213 1560 :
2240 1505 2356 1562 haec
2380 1507 2578 1578 quippe
2608 1508 2702 1564 Dei
2727 1517 2851 1564 sunt
2873 1509 3078 1580 gratiae.
3101 1509 3211 1566 Nec
3232 1511 3363 1566 mihi
3387 1512 3559 1579 dicas,

1972 1595 2100 1665 quia
2125 1611 2266 1650 unus
2285 1605 2392 1673 est,
2413 1597 2504 1667 qui
2531 1598 2750 1668 peribit,
2774 1600 2972 1656 etenim
2997 1599 3244 1657 Christus
3265 1610 3320 1657 et
3342 1614 3562 1674 propter

1971 1703 2139 1742 unum
2173 1696 2424 1760 mortuus
2459 1696 2582 1744 est:
2622 1697 2679 1744 tu
2719 1705 2850 1746 vero
2885 1691 3114 1762 negligis
3150 1702 3372 1763 propter
3400 1709 3561 1764 quem

1959 1777 2221 1834 Christus
2250 1779 2500 1852 dignatus
2532 1789 2617 1836 est
2655 1782 2814 1837 mori.
2862 1800 2881 1834 ι
2910 1781 3382 1854 Contemplantes,
3423 1805 3441 1837 ι
3474 1786 3560 1841 in-

263 1874 443 1946 .poris
458 1873 768 1943 possidere?
800 1873 1022 1944 (Maura)
1044 1873 1335 1929 Evidenter
1361 1874 1504 1948 enim
1537 1874 1655 1930 sine
1677 1875 1875 1942 sancti—
1907 1875 1949 1934 Β
1976 1871 2114 1941 quit,
2151 1871 2255 1926 hoc
2283 1879 2396 1936 est,
2441 1872 2729 1944 diligenter
2756 1882 3064 1931 scrutantes
3100 1886 3156 1931 et
3195 1876 3479 1934 visitantes
3507 1889 3564 1936 et

282 1968 491 2033 monia,
521 1982 692 2037 quam
706 1967 841 2022 solet
868 1967 1229 2038 integritatem
1255 1966 1453 2021 mentis
1479 1965 1576 2021 vel
1586 1966 1877 2036 puritatem

281 2057 841 2130 corporisappellare,
879 2057 1248 2132 pronuntiavit
1276 2056 1452 2134 ‘Dcnm
1474 2056 1688 2126 penitus
1706 2055 1880 2112 videri

279 2165 394 2207 non
422 2164 602 2220 posse.
623 2149 821 2221 tCass.)
837 2149 902 2203 Et
919 2156 1182 2203 utcuncta
1200 2156 1518 2219 praeteream
1544 2163 1664 2218 quae
1689 2148 1743 2203 in
1762 2163 1878 2204 san-

282 2245 392 2299 ctis
431 2242 732 2314 Scripturis
758 2243 828 2297 ob
849 2241 1062 2314 laudem
1082 2240 1296 2296 virtutis
1319 2241 1480 2312 hujus
1503 2240 1710 2296 inserta
1754 2248 1881 2296 sunt

283 2337 415 2404 (non
437 2336 580 2392 enim
604 2336 938 2407 propositum
962 2334 1093 2388 mihi
1117 2341 1200 2389 est
1220 2332 1434 2407 laudem
1457 2341 1642 2388 texere
1662 2333 1881 2410 castita-

283 2429 375 2496 tis,
391 2429 486 2485 sed
497 2428 819 2499 qualitatem
841 2426 1032 2497 ipsius,
1047 2425 1138 2481 .vel
1165 2425 1618 2496 quemadmodum
1651 2424 1875 2495 acquiri,

284 2520 372 2575 vei
387 2519 656 2575 custodiri
679 2518 895 2582 debeat,
910 2517 1072 2588 quive
1092 2516 1164 2572 sit
1188 2515 1310 2571 finis
1327 2515 1445 2586 ejus
1467 2514 1688 2570 Patrum
1713 2515 1882 2570 tradi-

285 2612 526 2680 tionibus
557 2609 886 2681 explicare),
915 2623 1078 2663 unam
1108 2607 1480 2663 tantummodo
1509 2622 1704 2678 ponam
1734 2607 1881 2665 beati

285 2702 528 2774 Apostoli
551 2701 896 2768 sententiam,
913 2715 1015 2771 qua
1032 2709 1216 2771 pateat
1240 2698 1474 2770 qualiter
1488 2699 1630 2756 illam
1646 2700 1886 2765 Thessa-

285 2796 658 2854 lonicensibus
677 2797 922 2852 scribens
951 2795 1246 2852 virtutibus
1265 2797 1571 2870 praetulerit
1589 2799 1881 2864 universis,

287 2890 383 2946 tali
411 2905 533 2946 eam
554 2889 704 2945 verbi
742 2889 1024 2945 nobilitate
1047 2893 1456 2959 commendans,
1489 2912 1507 2946 ι
1535 2895 1653 2950 ιιωο
1675 2902 1779 2960 est,
1802 2895 1887 2949 in-

283 2981 767 3054 quiens,voluntas
782 2979 877 3036 Dei
901 2981 1262 3039 sanctificatio
1287 2993 1467 3040 vestra
1484 2983 1536 3056 (I
1553 2983 1731 3040 Thess.
1752 2984 1880 3056 IV),I

282 3085 344 3132 et
375 3090 442 3130 ne
468 3073 607 3138 forte
631 3073 851 3129 dubium
891 3075 1048 3131 nobis
1071 3076 1433 3146 relinqueret,
1459 3076 1545 3132 vel
1571 3076 1884 3141 obscurum,

1980 1973 2363 2040 agnoscentes,
2400 1965 2540 2022 sicut
2567 1965 2686 2022 ﬁeri
2718 1967 2856 2024 solet
2895 1968 2962 2023 in
2988 1969 3241 2026 infirmis.
3288 1989 3307 2023 ι
3352 1970 3430 2028 Ne
3457 1986 3564 2042 qua

1959 2055 2143 2117 radix,
2181 2057 2558 2124 amaritudinis
2599 2073 2814 2115 sursum
2843 2061 3154 2132 germinans
3188 2058 3478 2135 impediat,
3509 2077 3564 2120 et

1979 2161 2075 2217 per
2100 2145 2245 2202 illam
2273 2147 2636 2216 inquinentur
2649 2150 2826 2208 multi.
2860 2171 2879 2205 ι
2910 2151 3024 2209 Hoc
3053 2153 3108 2208 in
3145 2153 3564 2210 Deuteronomio

1958 2237 2242 2310 scriptum
2285 2247 2402 2314 est.
2435 2237 2679 2312 Sumpsit
2720 2251 2899 2300 autem
2947 2244 3081 2301 illud
3123 2259 3190 2300 ex
3220 2243 3564 2301 arbustorum

1980 2331 2316 2402 metaphora,
2351 2353 2370 2385 ι
2407 2350 2476 2390 ne
2503 2349 2610 2406 qua
2639 2336 3234 2404 radix'amaritudinis,
3279 2357 3297 2390 ι
3332 2336 3474 2407 quod
3514 2343 3565 2391 ot

1959 2423 2102 2486 aliis
2148 2425 2393 2484 scribens
2438 2428 2609 2486 dixit:
2666 2451 2684 2483 ‹
2727 2429 2993 2487 Modicum
3032 2430 3358 2486 fermentum
3395 2437 3566 2484 totam

1981 2532 2225 2595 massam.
2266 2523 2565 2595 corrumpit
2607 2521 2760 2596 (Gal.
2808 2522 2873 2592 v)
2897 2541 2918 2589 ;Δ
2955 2543 2974 2578 ι
3010 2539 3118 2578 non
3151 2531 3378 2594 propter
3419 2522 3568 2576 illum

1959 2599 2176 2669 solum
2199 2615 2304 2672 hoc
2339 2615 2486 2682 volo,
2515 2617 2588 2672 ‘in
2638 2632 2746 2686 quo
2790 2616 3046 2687 iniquitas
3076 2616 3276 2689 poterit
3316 2615 3567 2682 inveniri,

1987 2707 2079 2761 sed
2097 2706 2260 2762 etiam
2284 2716 2505 2778 propter
2525 2707 2796 2763 lazsionem
2829 2723 2947 2777 quae
2976 2710 3259 2778 poteritex
3287 2708 3427 2764 illius
3448 2721 3572 2778 pro-

1985 2799 2183 2869 pagine
2230 2798 2516 2868 pullulare,
2561 2799 2663 2856 hoc
2703 2807 2804 2864 est,
2849 2809 2910 2855 ut
2949 2801 2994 2855 si
3029 2800 3209 2870 aliqua
3251 2797 3376 2855 talis
3412 2799 3575 2854 fuerit

1961 2890 2162 2956 radix,
2193 2889 2398 2945 nullum
2427 2905 2489 2946 ex
2528 2905 2590 2946 ea
2627 2890 2954 2962 permittatis
2993 2905 3213 2961 germen
3249 2905 3572 2961 exsurgere,

1989 2982 2084 3038 sed
2126 2983 2400 3038 recidatur
2442 2993 2732 3054 antequam
2777 2983 2912 3038 alios
2956 2983 3160 3054 polluat
3212 2993 3268 3040 et
3319 2983 3575 3039 scelestos

1989 3073 2205 3130 efficiat.
2243 3093 2262 3126 ι
2297 3074 2375 3131 Ne
2399 3092 2503 3146 qua
2535 3075 2711 3140 radix,
2741 3074 2932 3144 inquit,
2955 3072 3332 3135 amaritudinis
3359 3090 3574 3132 sursum

285 3166 551 3237 quidnam
575 3163 1067 3222 sanctificationem
1098 3167 1335 3223 voluerit
1363 3167 1664 3239 appellare,
1705 3163 1887 3222 utrum
1991 3167 2673 3240 g'ermina'ns'impediat,et
2694 3183 2793 3239 per
2811 3167 2931 3223 eam
2957 3167 3170 3238 plurimi
3197 3167 3570 3238 polluantur»

286 3256 559 3327 inStitiam
591 3271 664 3312 an
683 3252 1032 3324 charitatem,
1073 3272 1140 3314 an
1181 3259 1555 3324 humilitatem,
1587 3273 1654 3314 an
1679 3241 1896 3330 patienJ
1916 3265 1960 3330 ρ
1993 3259 2094 3316 Hic
2117 3259 2358 3314 amarum
2388 3259 2524 3315 dixit
2555 3274 2676 3315 esse
2703 3266 2981 3329 peccaturo
3004 3298 3018 3324 ,
3053 3255 3328 3314 enimvero
3349 3264 3579 3330 peccato

286 3353 450 3418 tiam,
473 3385 479 3390 ρ
505 3351 561 3407 in
586 3352 838 3408 omnibus
875 3354 1020 3408 enim
1056 3353 1179 3409 istis
1202 3353 1493 3409 virtutibus
1521 3354 1762 3409 creditur
1791 3369 1884 3410 ac-
1965 3350 2126 3405 .nihil
2149 3358 2234 3406 est
2267 3351 2527 3416 amarius,
2577 3359 2633 3407 et
2677 3352 3030 3406 hoc.norunt
3076 3350 3170 3421 qui
3201 3357 3348 3420 post
3363 3348 3578 3405 admis-

290 3446 436 3519 quiri
457 3443 813 3502 sanctificatio
836 3485 851 3511 ,
884 3443 1046 3500 infert
1065 3455 1119 3500 et
1143 3444 1430 3501 manifeste
1457 3437 1714 3517 designat
1757 3445 1887 3515 quid
1989 3447 2126 3498 sum'
2159 3451 2442 3513 peccatum
2495 3443 2864 3499 conscientire'
2904 3458 3148 3499 maerore:
3179 3441 3577 3506 macerantur,

291 3541 515 3613 proprie
566 3540 1050 3598 sanctificationem
1098 3539 1333 3594 voluerit
1372 3539 1662 3609 appellare.
1709 3527 1727 3591 ἀ
1761 3538 1888 3595 Ηωο
1959 3542 2046 3589 et
2073 3533 2194 3589 dira
2240 3535 2374 3591 satis
2416 3535 2778 3591 amaritudine
2807 3545 3219 3591 consumuntur.
3261 3533 3578 3588 Amaritudo

269 3640 380 3690 est
405 3632 652 3688 voluntas
674 3631 796 3697 Dei,
844 3626 1215 3686 sanetiIiCatio-
1240 3636 1419 3684 vestra
1439 3669 1452 3694 ,
1482 3637 1540 3682 ut
1568 3628 1888 3684 abstineatis

293 3721 414 3790 vos,
449 3724 646 3794 inquit,
677 3739 707 3778 a
746 3711 1118 3784 lbrnicatiOne,
1147 3728 1206 3773 ut
1232 3711 1371 3775 Sciat
1404 3719 1772 3788 unusquisque
1802 3733 1890 3772 ve-

293 3813 474 3876 strum
501 3834 597 3873 vas
642 3803 818 3874 suum.
841 3816 1118 3887 possidere
1160 3815 1212 3868 in
1247 3814 1450 3869 honore
1489 3821 1546 3868 et
1587 3813 1895 3870 sanctifica-

267 3914 270 3916 ⁷
294 3912 472 3978 tione,
495 3911 684 3966 non-in
709 3911 960 3980 passione
989 3906 1266 3973 desiderii,
1295 3905 1436 3961 sicut
1460 3913 1516 3962 et
1542 3915 1750 3977 gentes,
1773 3897 1893 3974 qua:

295 4005 555 4076 ignorant
581 4001 770 4056 Deum.
809 4021 828 4054 ›
866 3987 1005 4056 Vide
1030 3998 1259 4070 quibus,
1292 4011 1410 4052 eam
1437 3995 1686 4052 laudibus
1710 4011 1896 4067 prose-

295 4105 531 4169 quatur,
563 4095 825 4150 honorem
854 4093 1033 4158 vasis,
1080 4091 1135 4147 id
1179 4099 1293 4158 est,
1338 4077 1585 4174 clurporis
1623 4089 1802 4144 nostri
1841 4095 1899 4143 et

296 4186 790 4244 sanctificationem
836 4184 1111 4254 appellans
1155 4198 1295 4238 eam.
1334 4173 1500 4252 Igitur
1541 4195 1572 4238 e
1616 4173 1895 4237 contrario

296 4277 396 4349 qui
421 4278 474 4332 in
497 4263 747 4347 passione
767 4273 1022 4330 desiderii
1049 4281 1151 4339 est,
1169 4261 1539 4344 inignominia
1570 4281 1625 4328 et
1654 4272 1893 4327 immun-

1992 3627 2190 3697 quippe
2233 3626 2413 3682 delicti
2457 3627 2628 3698 ipsum
2671 3627 3001 3682 intellectum
3045 3627 3416 3696 rationemque
3455 3624 3580 3680 sub-

1960 3717 2178 3772 'verlit.
2226 3717 2517 3772 Enimvero
2577 3716 2954 3772 amaritudinis
3021 3715 3162 3771 illius
3213 3723 3407 3782 natura
3459 3713 3580 3769 talis

1994 3809 2202 3875 existit,
2225 3808 2291 3864 ἰιι
2335 3808 2498 3866 noxia
2549 3816 2880 3878 perseveret.
2931 3807 2997 3862 Et
3037 3808 3174 3863 bene
3219 3805 3358 3862 dixit
3386 3805 3580 3862 «radix

1987 3901 2395 3966 amaritudinis,
2433 3921 2451 3953 ι
2484 3915 2593 3956 non
2625 3901 2761 3956 dixit
2791 3899 2942 3955 radix
2975 3915 3178 3966 amara,
3201 3901 3294 3955 sed
3323 3899 3584 3954 amaritu-

1961 4023 1966 4027 -
1997 3991 2159 4048 dinis.
2209 3990 2382 4046 Radix
2409 3991 2553 4047 enim
2585 4006 2769 4046 amara
2806 3999 2982 4062 potest
3013 3990 3221 4046 fruetus
3258 3990 3439 4046 dulces
3471 3988 3584 4046 ciii-

1998 4099 2146 4149 cere,
2171 4082 2546 4138 amaritudinis
2576 4089 2754 4137 autem
2783 4082 2934 4137 radix
2961 4082 3046 4137 vel
3076 4081 3195 4137 fons
3220 4079 3304 4135 vel
3335 4079 3585 4151 proposi-

2001 4177 2114 4230 tum
2143 4190 2417 4245 nunquam
2448 4183 2630 4244 potest
2657 4173 2860 4244 aliquid
2897 4173 3413 4244 dulce’propagare,
3459 4171 3585 4242 quia

1999 4269 2182 4325 omnia
2211 4268 2284 4324 ibi
2312 4283 2519 4332 amara,
2548 4265 2731 4322 omnia
2767 4263 3027 4330 molesta,
3071 4264 3252 4318 omnia
3294 4263 3498 4320 scelere
3533 4270 3590 4318 et

299 4368 438 4424 ditia
465 4366 736 4432 consistit,
769 4372 824 4420 et
853 4365 1062 4420 alienus
1095 4380 1127 4419 a
1152 4362 1581 4420 sanctificatione
1619 4371 1894 4418 versatur.
1929 4367 1934 4370 ’
2002 4363 2404 4420 abominatione
2424 4359 2735 4432 plenissima
2760 4369 2916 4425 sunt,
2931 4360 3064 4415 nihil
3092 4359 3372 4415 suavitatis
3396 4358 3478 4414 vel
3501 4359 3589 4431 ju-

299 4457 492 4514 ‘l'ertio
514 4471 728 4527 quoque
767 4463 888 4525 post
926 4469 1100 4525 pauca
1137 4453 1302 4508 infert
1325 4468 1512 4509 rursus
1539 4468 1660 4509 eam
1691 4452 1898 4508 sancli-
2003 4448 2296 4510 c'unditatis
2317 4448 2635 4524 appertant;
2666 4473 2683 4505 ‹
2706 4461 2878 4522 etper
2897 4453 3066 4518 illam,
3086 4451 3584 4523 inquit,inquinen-

299 4545 548 4608 maniam
587 4549 981 4622 pronuntians:
1011 4567 1029 4600 ι
1059 4547 1173 4603 Νοη
1206 4548 1349 4603 enim
1380 4547 1592 4603 vocavit
1621 4560 1721 4600 nos
1757 4547 1902 4601 Deus
2004 4554 2093 4601 tur
2116 4545 2447 4611 multiplico
2461 4541 2545 4602 est
2567 4543 2950 4616 in‘tempcratos
2973 4544 3308 4614 lascivosque
3340 4543 3584 4600 recidito.
3671 4531 3676 4538 ’

301 4645 361 4700 in
387 4643 758 4714 ignominiam,
791 4641 887 4696 sed
914 4641 967 4695 in
998 4639 1434 4695 sanctimoniam.
1461 4637 1648 4707 Itaque
1669 4636 1760 4708 qui
1783 4636 1897 4691 hzec
1925 4634 1976 4693 Ι)
2009 4655 2026 4687 ‹
2061 4635 2139 4691 Ne
2167 4637 2288 4707 quis
2319 4635 2614 4692 fornicator
2641 4645 2734 4691 aut
2759 4636 3036 4706 profanus,
3069 4645 3130 4691 ut
3155 4635 3316 4703 Esau,
3345 4637 3436 4706 qni
3463 4651 3590 4710 pro-

301 4734 519 4806 spernit
544 4749 651 4788 non
684 4733 958 4788 hominem
985 4719 1214 4802 spernit,
1241 4731 1337 4786 sed
1367 4729 1534 4786 Deum
1555 4770 1568 4795 ,
1599 4728 1691 4799 qui
1733 4728 1896 4782 etiam
2011 4765 2028 4783 .
2060 4737 2182 4801 pter
2223 4745 2386 4785 unam
2433 4745 2611 4786 escam
2658 4729 2898 4784 vendidit
2932 4728 3204 4799 primitiva
3247 4743 3364 4784 sua.
3400 4745 3419 4782 ι
3450 4728 3589 4798 Quid

305 4825 458 4882 dedit
489 4823 750 4896 Spiritum
775 4816 1023 4879 sanetum
1055 4838 1210 4879 suum
1243 4823 1296 4877 in
1327 4822 1516 4888 nobis;
1559 4841 1578 4874 ι
1612 4820 1903 4876 auctorita-
2001 4820 2169 4892 ergo?
2193 4835 2335 4876 num.
2358 4819 2658 4876 fornicator
2678 4833 2796 4876 erat
2834 4821 3011 4876 Esau?
3042 4817 3154 4876 non
3174 4821 3263 4877 hic
3289 4821 3439 4889 dicit,
3461 4820 3588 4892 quia

305 4925 420 4973 tem
457 4925 725 4989 prazcepto
769 4931 866 4971 suo
893 4915 1256 4970 inviolabilem
1283 4913 1464 4985 junxit
1493 4912 1711 4980 dicens,
1753 4931 1770 4964 ι
1808 4913 1900 4984 qui
1965 4935 1968 4940 ·
2004 4911 2299 4968 fornicator
2325 4921 2464 4980 erat,
2494 4913 2588 4970 sed
2616 4909 2760 4982 quod
2784 4909 2996 4968 dixerat
3022 4907 3181 4984 supra
3202 4955 3215 4980 ,
3255 4932 3272 4967 ‹
3305 4911 3590 4988 sectamini

303 5009 429 5064 haec
452 5007 679 5079 spernit,
716 5027 734 5060 ι
771 5007 822 5062 id
852 5015 965 5075 est,
994 5021 1114 5076 quae
1155 5006 1222 5062 de
1260 5004 1620 5076 sanctimonia
1644 5002 1904 5074 przefatus

306 5113 456 5162 sum,
493 5117 511 5149 ι
551 5112 656 5152 non
680 5097 956 5153 hominem
979 5097 1224 5168 spernit,
1243 5116 1265 5148 ν
1293 5096 1396 5152 h'ee
1421 5103 1524 5163 est,
1550 5111 1657 5151 non
1677 5111 1784 5163 me,
1808 5095 1900 5166 qui

303 5187 427 5242 hate
450 5186 729 5258 praecipio,
770 5205 789 5238 ‹
822 5187 916 5242 sed
945 5187 1134 5252 Deum,
1171 5186 1314 5257 inqui
1338 5187 1394 5242 in
1420 5199 1506 5241 me
1525 5185 1782 5257 loquitur,
1810 5187 1902 5258 qui

309 5279 479 5335 etiam
507 5278 872 5351 Spiritui'suo
900 5288 1088 5336 sancto
1130 5295 1225 5335 cor
1261 5287 1506 5335 nostrum
1536 5277 1902 5336 habitaculum

306 5370 610 5442 deputavit.
633 5369 822 5426 Cernis
848 5369 1178 5442 simplicibus
1207 5370 1388 5425 verbis
1415 5386 1478 5425 ac
1506 5371 1676 5440 puris,
1708 5369 1905 5440 quibus

307 5477 434 5517 eam
456 5461 744 5533 prteconiis
762 5463 1089 5533 quantisque
1109 5461 1363 5518 extulerit
1384 5462 1650 5528 laudibus,
1667 5463 1904 5534 primum

309 5553 503 5608 virtuti
533 5553 660 5608 huic
693 5553 1176 5609 sanetificationem
1208 5555 1424 5624 proprie
1460 5553 1781 5620 tribuendo;
1813 5554 1907 5611 de-

311 5643 440 5701 inde
465 5660 564 5716 per
587 5647 727 5702 hanc
744 5663 994 5704 asserens
1008 5663 1103 5704 vas
1125 5649 1294 5704 nostri
1319 5651 1562 5720 corporis
1583 5651 1649 5706 ab
1675 5651 1906 5708 immun-

313 5736 450 5792 ditia
491 5736 872 5805 liberandum;
903 5740 1062 5796 tertio
1085 5741 1248 5810 quod,
1282 5739 1488 5809 abjecta
1515 5741 1808 5813 ignominia
1853 5750 1909 5798 et
1959 5773 1962 5778 -

318 5829 665 5896 ctmtumelia,
687 5831 738 5885 in
756 5832 960 5890 honore
974 5833 1045 5890 sit
1060 5841 1111 5888 et.
1127 5831 1554 5889 sanctificatione
1570 5850 1904 5900 mansurum;

2005 5009 2418 5065 sanctimoniam
2439 5050 2452 5076 ,
2493 5028 2512 5062 ι
2542 5009 2644 5064 hoc
2671 5007 2832 5064 etiam
2861 5008 2948 5063 hic
2978 5006 3274 5080 significat,
3319 5027 3338 5061 ι
3371 5022 3440 5064 ne
3470 5008 3592 5077 quis

2009 5099 2286 5170 profanus,
2320 5100 2460 5156 sicut
2492 5101 2632 5156 Esau
2652 5142 2666 5166 ,
2715 5119 2732 5152 ι
2764 5100 2867 5156 hoc
2890 5099 2974 5155 est
3001 5093 3388 5173 gastrimargus
3416 5093 3470 5158 et
3504 5099 3590 5155 in-

2008 5199 2316 5261 temperans
2335 5199 2388 5247 et
2406 5191 2698 5257 saecularis,
2715 5192 2838 5262 quia
2855 5192 2980 5262 ’spiri
2991 5186 3112 5247 talia
3136 5187 3590 5264 repellebatzrqui
3657 5245 3662 5249 .

2007 5293 2230 5352 propter
2249 5299 2412 5338 unam
2435 5299 2643 5350 escam,
2659 5284 3108 5355 inquit,vendidit
3130 5279 3411 5356 primitiva
3424 5301 3541 5341 sua.
3568 5305 3586 5336 ›
3655 5335 3668 5344 .

2007 5369 2109 5437 Qui
2139 5371 2416 5438 honorem,
2448 5386 2606 5443 quem
2635 5389 2663 5427 a
2695 5369 2803 5429 Deo
2831 5371 3173 5446 perceperat,
3198 5373 3295 5447 per
3317 5375 3590 5446 propriam

2009 5463 2393 5535 negligentiam
2422 5474 2476 5521 et
2501 5461 2850 5538 cupiditatem
2886 5468 3144 5534 vendidit,
3174 5467 3266 5538 qui
3303 5463 3402 5538 pro
3425 5481 3590 5536 parva

2010 5553 2234 5611 libidine
2263 5571 2516 5629 magnum
2555 5558 2812 5614 honorem
2845 5557 3152 5631 ctgitiriam
3185 5556 3421 5630 perdidit
3453 5567 3596 5612 selu-

2008 5644 2300 5714 piternam,
2328 5647 2432 5703 hoc
2455 5649 2763 5720 propriead
2793 5665 2887 5705 eos
2914 5649 3180 5720 pertinet,
3214 5647 3306 5717 qui
3331 5647 3595 5703 immundi

2011 5744 2139 5792 sunt
2186 5745 2242 5791 et
2284 5735 2516 5808 profani.
2555 5739 2794 5796 Proinde
2838 5738 3141 5795 non‘solus
3175 5735 3472 5792 fornicator
3499 5735 3597 5790 im-

2015 5828 2372 5897 nnmdt‘tsest,
2395 5830 2488 5888 sed
2511 5832 2674 5894 etiam
2703 5833 3118 5903 gastrimargus,
3136 5829 3228 5900 qui
3253 5827 3456 5886 ventris
3483 5843 3596 5885 ser”
