  <div class='ocr_page' id='page_1' title='image "/cluster/home/n/w/nwhite01/storage/ocr_20150623/112/hvd.32044015685407/415.png"; bbox 0 0 3972 6336; ppageno 0'>
   <div class='ocr_carea' id='block_1_1' title="bbox 421 376 530 432">
    <p class='ocr_par' dir='ltr' id='par_1_1' title="bbox 421 376 530 432">
     <span class='ocr_line' id='line_1_1' title="bbox 421 376 530 432; baseline 0 0"><span class='ocrx_word' id='word_1_1' title='bbox 421 376 530 432; x_wconf 77' lang='lat'><strong>819</strong></span> 
     </span>
    </p>
   </div>
   <div class='ocr_carea' id='block_1_2' title="bbox 1061 341 3057 428">
    <p class='ocr_par' dir='ltr' id='par_1_2' title="bbox 1061 341 3057 428">
     <span class='ocr_line' id='line_1_2' title="bbox 1061 341 3057 428; baseline -0.002 -1"><span class='ocrx_word' id='word_1_2' title='bbox 1061 369 1125 427; x_wconf 85' lang='grc' dir='ltr'><strong>Β.</strong></span> <span class='ocrx_word' id='word_1_3' title='bbox 1164 366 1420 425; x_wconf 71' lang='lat' dir='ltr'><strong>RABANI</strong></span> <span class='ocrx_word' id='word_1_4' title='bbox 1457 367 1678 426; x_wconf 81' lang='lat' dir='ltr'><strong>MAURI</strong></span> <span class='ocrx_word' id='word_1_5' title='bbox 1713 365 2031 424; x_wconf 71' lang='lat' dir='ltr'><strong>AMHIEP.</strong></span> <span class='ocrx_word' id='word_1_6' title='bbox 2072 367 2383 428; x_wconf 73' lang='lat' dir='ltr'><strong>MOGUNT.</strong></span> <span class='ocrx_word' id='word_1_7' title='bbox 2425 366 2714 427; x_wconf 76' lang='lat' dir='ltr'><strong>OPERUM</strong></span> <span class='ocrx_word' id='word_1_8' title='bbox 2751 341 2940 427; x_wconf 72' lang='lat' dir='ltr'><strong>PARS</strong></span> <span class='ocrx_word' id='word_1_9' title='bbox 2969 369 3057 426; x_wconf 82' lang='grc'><strong>111.</strong></span> 
     </span>
    </p>
   </div>
   <div class='ocr_carea' id='block_1_3' title="bbox 423 485 3728 569">
    <p class='ocr_par' dir='ltr' id='par_1_3' title="bbox 423 485 3728 569">
     <span class='ocr_line' id='line_1_3' title="bbox 423 485 3728 569; baseline 0.001 -27"><span class='ocrx_word' id='word_1_10' title='bbox 423 501 528 544; x_wconf 85' lang='lat' dir='ltr'><strong>vus</strong></span> <span class='ocrx_word' id='word_1_11' title='bbox 553 485 775 543; x_wconf 90' lang='lat' dir='ltr'><strong>existit:</strong></span> <span class='ocrx_word' id='word_1_12' title='bbox 812 499 941 541; x_wconf 79' lang='lat' dir='ltr'><strong>nam</strong></span> <span class='ocrx_word' id='word_1_13' title='bbox 961 493 1016 542; x_wconf 90' lang='lat' dir='ltr'><strong>et</strong></span> <span class='ocrx_word' id='word_1_14' title='bbox 1045 485 1167 553; x_wconf 88' lang='lat' dir='ltr'><strong>iste,</strong></span> <span class='ocrx_word' id='word_1_15' title='bbox 1191 487 1284 556; x_wconf 81' lang='lat' dir='ltr'><strong>qui</strong></span> <span class='ocrx_word' id='word_1_16' title='bbox 1313 485 1532 543; x_wconf 86' lang='lat' dir='ltr'><strong>alterius</strong></span> <span class='ocrx_word' id='word_1_17' title='bbox 1557 485 1798 543; x_wconf 77' lang='lat' dir='ltr'><strong>libidinis</strong></span> <span class='ocrx_word' id='word_1_18' title='bbox 1826 501 2020 544; x_wconf 88' lang='lat' dir='ltr'><strong>servus</strong></span> <span class='ocrx_word' id='word_1_19' title='bbox 2039 510 2089 569; x_wconf 70' lang='grc' dir='ltr'><strong>Α</strong></span> <span class='ocrx_word' id='word_1_20' title='bbox 2121 495 2225 550; x_wconf 88' lang='lat' dir='ltr'><strong>tur,</strong></span> <span class='ocrx_word' id='word_1_21' title='bbox 2255 501 2324 542; x_wconf 90' lang='lat' dir='ltr'><strong>ne</strong></span> <span class='ocrx_word' id='word_1_22' title='bbox 2345 487 2400 542; x_wconf 89' lang='lat' dir='ltr'><strong>in</strong></span> <span class='ocrx_word' id='word_1_23' title='bbox 2431 487 2864 558; x_wconf 75' lang='lat' dir='ltr'><strong>desperationem</strong></span> <span class='ocrx_word' id='word_1_24' title='bbox 2891 487 3199 546; x_wconf 80' lang='lat' dir='ltr'><strong>deciderent</strong></span> <span class='ocrx_word' id='word_1_25' title='bbox 3229 489 3504 545; x_wconf 87' lang='lat' dir='ltr'><strong>contraria</strong></span> <span class='ocrx_word' id='word_1_26' title='bbox 3529 489 3684 547; x_wconf 81' lang='lat' dir='ltr'><strong>dicit</strong></span> <span class='ocrx_word' id='word_1_27' title='bbox 3710 510 3728 545; x_wconf 90' lang='lat'><strong>:</strong></span> 
     </span>
    </p>
   </div>
   <div class='ocr_carea' id='block_1_4' title="bbox 423 577 2012 651">
    <p class='ocr_par' dir='ltr' id='par_1_4' title="bbox 423 577 2012 651">
     <span class='ocr_line' id='line_1_4' title="bbox 423 577 2012 651; baseline -0.001 -15"><span class='ocrx_word' id='word_1_28' title='bbox 423 588 541 646; x_wconf 82' lang='lat' dir='ltr'><strong>est,</strong></span> <span class='ocrx_word' id='word_1_29' title='bbox 585 577 800 651; x_wconf 87' lang='lat' dir='ltr'><strong>cogitur</strong></span> <span class='ocrx_word' id='word_1_30' title='bbox 826 584 1079 649; x_wconf 86' lang='lat' dir='ltr'><strong>appetere</strong></span> <span class='ocrx_word' id='word_1_31' title='bbox 1109 577 1372 649; x_wconf 83' lang='lat' dir='ltr'><strong>plurima,</strong></span> <span class='ocrx_word' id='word_1_32' title='bbox 1405 578 1618 650; x_wconf 89' lang='lat' dir='ltr'><strong>cogitur</strong></span> <span class='ocrx_word' id='word_1_33' title='bbox 1659 579 1836 634; x_wconf 84' lang='lat' dir='ltr'><strong>aliena</strong></span> <span class='ocrx_word' id='word_1_34' title='bbox 1881 579 2012 634; x_wconf 88' lang='lat' dir='ltr'><strong>diri-</strong></span> 
     </span>
    </p>
   </div>
   <div class='ocr_carea' id='block_1_5' title="bbox 423 669 2013 744">
    <p class='ocr_par' dir='ltr' id='par_1_5' title="bbox 423 669 2013 744">
     <span class='ocr_line' id='line_1_5' title="bbox 423 669 2013 744; baseline 0.001 -18"><span class='ocrx_word' id='word_1_35' title='bbox 423 685 588 743; x_wconf 83' lang='lat' dir='ltr'><strong>pere,</strong></span> <span class='ocrx_word' id='word_1_36' title='bbox 625 671 801 741; x_wconf 78' lang='lat' dir='ltr'><strong>turpis</strong></span> <span class='ocrx_word' id='word_1_37' title='bbox 826 678 882 726; x_wconf 91' lang='lat' dir='ltr'><strong>et</strong></span> <span class='ocrx_word' id='word_1_38' title='bbox 920 669 1240 727; x_wconf 86' lang='lat' dir='ltr'><strong>inhonestus</strong></span> <span class='ocrx_word' id='word_1_39' title='bbox 1275 679 1532 738; x_wconf 82' lang='lat' dir='ltr'><strong>exstare,</strong></span> <span class='ocrx_word' id='word_1_40' title='bbox 1553 680 1616 727; x_wconf 88' lang='lat' dir='ltr'><strong>ut</strong></span> <span class='ocrx_word' id='word_1_41' title='bbox 1632 680 1758 744; x_wconf 90' lang='lat' dir='ltr'><strong>pote</strong></span> <span class='ocrx_word' id='word_1_42' title='bbox 1796 673 1898 728; x_wconf 83' lang='lat' dir='ltr'><strong>sub</strong></span> <span class='ocrx_word' id='word_1_43' title='bbox 1923 672 2013 728; x_wconf 78' lang='lat' dir='ltr'><strong>illo</strong></span> 
     </span>
    </p>
   </div>
   <div class='ocr_carea' id='block_1_6' title="bbox 424 759 2014 832">
    <p class='ocr_par' dir='ltr' id='par_1_6' title="bbox 424 759 2014 832">
     <span class='ocr_line' id='line_1_6' title="bbox 424 759 2014 832; baseline 0 -16"><span class='ocrx_word' id='word_1_44' title='bbox 424 760 712 816; x_wconf 85' lang='lat' dir='ltr'><strong>mortifero</strong></span> <span class='ocrx_word' id='word_1_45' title='bbox 733 775 930 832; x_wconf 79' lang='lat' dir='ltr'><strong>gerens</strong></span> <span class='ocrx_word' id='word_1_46' title='bbox 955 759 1300 816; x_wconf 89' lang='lat' dir='ltr'><strong>durissimam</strong></span> <span class='ocrx_word' id='word_1_47' title='bbox 1326 761 1664 818; x_wconf 83' lang='lat' dir='ltr'><strong>servitutem.</strong></span> <span class='ocrx_word' id='word_1_48' title='bbox 1694 759 2014 830; x_wconf 75' lang='lat' dir='ltr'><strong>Huiusmodi</strong></span> 
     </span>
    </p>
   </div>
   <div class='ocr_carea' id='block_1_7' title="bbox 421 849 2012 927">
    <p class='ocr_par' dir='ltr' id='par_1_7' title="bbox 421 849 2012 927">
     <span class='ocr_line' id='line_1_7' title="bbox 421 849 2012 927; baseline 0.003 -23"><span class='ocrx_word' id='word_1_49' title='bbox 421 850 624 921; x_wconf 80' lang='lat' dir='ltr'><strong>quippe</strong></span> <span class='ocrx_word' id='word_1_50' title='bbox 651 849 833 916; x_wconf 87' lang='lat' dir='ltr'><strong>homo,</strong></span> <span class='ocrx_word' id='word_1_51' title='bbox 865 849 1064 920; x_wconf 68' lang='lat' dir='ltr'><strong>saepius</strong></span> <span class='ocrx_word' id='word_1_52' title='bbox 1090 851 1256 907; x_wconf 86' lang='lat' dir='ltr'><strong>etiam</strong></span> <span class='ocrx_word' id='word_1_53' title='bbox 1281 850 1659 922; x_wconf 84' lang='lat' dir='ltr'><strong>blasphemare</strong></span> <span class='ocrx_word' id='word_1_54' title='bbox 1700 867 1810 927; x_wconf 1' lang='lat' dir='ltr'><strong>pro,</strong></span> <span class='ocrx_word' id='word_1_55' title='bbox 1841 852 2012 909; x_wconf 84' lang='lat' dir='ltr'><strong>nihilo</strong></span> 
     </span>
    </p>
   </div>
   <div class='ocr_carea' id='block_1_8' title="bbox 419 945 2012 1019">
    <p class='ocr_par' dir='ltr' id='par_1_8' title="bbox 419 945 2012 1019">
     <span class='ocr_line' id='line_1_8' title="bbox 419 945 2012 1019; baseline 0.003 -19"><span class='ocrx_word' id='word_1_56' title='bbox 419 954 598 1017; x_wconf 81' lang='lat' dir='ltr'><strong>putat,</strong></span> <span class='ocrx_word' id='word_1_57' title='bbox 623 945 824 1002; x_wconf 83' lang='lat' dir='ltr'><strong>nullius</strong></span> <span class='ocrx_word' id='word_1_58' title='bbox 853 947 1114 1002; x_wconf 88' lang='lat' dir='ltr'><strong>momenti</strong></span> <span class='ocrx_word' id='word_1_59' title='bbox 1139 957 1334 1018; x_wconf 78' lang='lat' dir='ltr'><strong>pensat</strong></span> <span class='ocrx_word' id='word_1_60' title='bbox 1353 947 1626 1019; x_wconf 80' lang='lat' dir='ltr'><strong>primiti‘va</strong></span> <span class='ocrx_word' id='word_1_61' title='bbox 1649 963 1774 1015; x_wconf 89' lang='lat' dir='ltr'><strong>sua,</strong></span> <span class='ocrx_word' id='word_1_62' title='bbox 1793 947 2012 1004; x_wconf 83' lang='lat' dir='ltr'><strong>nullius-</strong></span> 
     </span>
    </p>
   </div>
   <div class='ocr_carea' id='block_1_9' title="bbox 419 1036 2012 1108">
    <p class='ocr_par' dir='ltr' id='par_1_9' title="bbox 419 1036 2012 1108">
     <span class='ocr_line' id='line_1_9' title="bbox 419 1036 2012 1108; baseline 0.001 -17"><span class='ocrx_word' id='word_1_63' title='bbox 419 1051 528 1106; x_wconf 85' lang='lat' dir='ltr'><strong>que</strong></span> <span class='ocrx_word' id='word_1_64' title='bbox 557 1036 864 1108; x_wconf 87' lang='lat' dir='ltr'><strong>dignitatis,</strong></span> <span class='ocrx_word' id='word_1_65' title='bbox 886 1038 1127 1104; x_wconf 84' lang='lat' dir='ltr'><strong>hocest,</strong></span> <span class='ocrx_word' id='word_1_66' title='bbox 1173 1037 1270 1107; x_wconf 90' lang='lat' dir='ltr'><strong>qui.</strong></span> <span class='ocrx_word' id='word_1_67' title='bbox 1295 1051 1395 1107; x_wconf 85' lang='lat' dir='ltr'><strong>pro</strong></span> <span class='ocrx_word' id='word_1_68' title='bbox 1424 1037 1779 1093; x_wconf 73' lang='lat' dir='ltr'><strong>delectatione</strong></span> <span class='ocrx_word' id='word_1_69' title='bbox 1807 1044 2012 1108; x_wconf 83' lang='lat' dir='ltr'><strong>tempo-</strong></span> 
     </span>
    </p>
   </div>
   <div class='ocr_carea' id='block_1_10' title="bbox 421 1127 2009 1200">
    <p class='ocr_par' dir='ltr' id='par_1_10' title="bbox 421 1127 2009 1200">
     <span class='ocr_line' id='line_1_10' title="bbox 421 1127 2009 1200; baseline 0.001 -18"><span class='ocrx_word' id='word_1_70' title='bbox 421 1127 618 1184; x_wconf 86' lang='lat' dir='ltr'><strong>ralium</strong></span> <span class='ocrx_word' id='word_1_71' title='bbox 643 1142 826 1184; x_wconf 88' lang='lat' dir='ltr'><strong>rerum</strong></span> <span class='ocrx_word' id='word_1_72' title='bbox 855 1142 1029 1199; x_wconf 59' lang='lat' dir='ltr'><strong>usrpte</strong></span> <span class='ocrx_word' id='word_1_73' title='bbox 1062 1128 1132 1184; x_wconf 88' lang='lat' dir='ltr'><strong>ad</strong></span> <span class='ocrx_word' id='word_1_74' title='bbox 1161 1128 1440 1184; x_wconf 87' lang='lat' dir='ltr'><strong>vendenda</strong></span> <span class='ocrx_word' id='word_1_75' title='bbox 1463 1128 1736 1200; x_wconf 84' lang='lat' dir='ltr'><strong>primitiva</strong></span> <span class='ocrx_word' id='word_1_76' title='bbox 1765 1142 1861 1183; x_wconf 88' lang='lat' dir='ltr'><strong>sua</strong></span> <span class='ocrx_word' id='word_1_77' title='bbox 1885 1144 2009 1198; x_wconf 90' lang='lat' dir='ltr'><strong>per-</strong></span> 
     </span>
    </p>
   </div>
   <div class='ocr_carea' id='block_1_11' title="bbox 419 1217 2006 1290">
    <p class='ocr_par' dir='ltr' id='par_1_11' title="bbox 419 1217 2006 1290">
     <span class='ocr_line' id='line_1_11' title="bbox 419 1217 2006 1290; baseline 0 -15"><span class='ocrx_word' id='word_1_78' title='bbox 419 1218 590 1275; x_wconf 77' lang='lat' dir='ltr'><strong>venit.</strong></span> <span class='ocrx_word' id='word_1_79' title='bbox 634 1217 866 1276; x_wconf 84' lang='lat' dir='ltr'><strong>Proinde</strong></span> <span class='ocrx_word' id='word_1_80' title='bbox 894 1233 1004 1274; x_wconf 83' lang='lat' dir='ltr'><strong>non</strong></span> <span class='ocrx_word' id='word_1_81' title='bbox 1039 1225 1166 1276; x_wconf 86' lang='lat' dir='ltr'><strong>sunt</strong></span> <span class='ocrx_word' id='word_1_82' title='bbox 1203 1217 1520 1277; x_wconf 71' lang='lat' dir='ltr'><strong>Judreorum-</strong></span> <span class='ocrx_word' id='word_1_83' title='bbox 1559 1217 1874 1290; x_wconf 85' lang='lat' dir='ltr'><strong>primitiva,</strong></span> <span class='ocrx_word' id='word_1_84' title='bbox 1911 1219 2006 1275; x_wconf 90' lang='lat' dir='ltr'><strong>sed</strong></span> 
     </span>
    </p>
   </div>
   <div class='ocr_carea' id='block_1_12' title="bbox 417 1308 2004 1380">
    <p class='ocr_par' dir='ltr' id='par_1_12' title="bbox 417 1308 2004 1380">
     <span class='ocr_line' id='line_1_12' title="bbox 417 1308 2004 1380; baseline 0.002 -18"><span class='ocrx_word' id='word_1_85' title='bbox 417 1315 626 1366; x_wconf 85' lang='lat' dir='ltr'><strong>nostra.</strong></span> <span class='ocrx_word' id='word_1_86' title='bbox 649 1308 777 1365; x_wconf 64' lang='lat' dir='ltr'><strong>Haec</strong></span> <span class='ocrx_word' id='word_1_87' title='bbox 802 1315 987 1365; x_wconf 86' lang='lat' dir='ltr'><strong>autem</strong></span> <span class='ocrx_word' id='word_1_88' title='bbox 1007 1324 1129 1380; x_wconf 81' lang='lat' dir='ltr'><strong>quae</strong></span> <span class='ocrx_word' id='word_1_89' title='bbox 1156 1309 1410 1366; x_wconf 74' lang='lat' dir='ltr'><strong>dicuntur</strong></span> <span class='ocrx_word' id='word_1_90' title='bbox 1431 1309 1598 1366; x_wconf 89' lang='lat' dir='ltr'><strong>etiam</strong></span> <span class='ocrx_word' id='word_1_91' title='bbox 1623 1310 1692 1366; x_wconf 91' lang='lat' dir='ltr'><strong>ad</strong></span> <span class='ocrx_word' id='word_1_92' title='bbox 1722 1309 2004 1376; x_wconf 68' lang='lat' dir='ltr'><strong>[cvandam</strong></span> 
     </span>
    </p>
   </div>
   <div class='ocr_carea' id='block_1_13' title="bbox 417 1400 2004 1474">
    <p class='ocr_par' dir='ltr' id='par_1_13' title="bbox 417 1400 2004 1474">
     <span class='ocr_line' id='line_1_13' title="bbox 417 1400 2004 1474; baseline 0.001 -18"><span class='ocrx_word' id='word_1_93' title='bbox 417 1400 732 1468; x_wconf 77' lang='lat' dir='ltr'><strong>passionem</strong></span> <span class='ocrx_word' id='word_1_94' title='bbox 779 1402 1031 1458; x_wconf 64' lang='lat' dir='ltr'><strong>maeroris</strong></span> <span class='ocrx_word' id='word_1_95' title='bbox 1096 1417 1287 1458; x_wconf 86' lang='lat' dir='ltr'><strong>eorum</strong></span> <span class='ocrx_word' id='word_1_96' title='bbox 1334 1402 1490 1460; x_wconf 80' lang='lat' dir='ltr'><strong>valde</strong></span> <span class='ocrx_word' id='word_1_97' title='bbox 1553 1403 1870 1474; x_wconf 80' lang='lat' dir='ltr'><strong>proﬁciunt,</strong></span> <span class='ocrx_word' id='word_1_98' title='bbox 1913 1403 2004 1474; x_wconf 87' lang='lat' dir='ltr'><strong>qui</strong></span> 
     </span>
    </p>
   </div>
   <div class='ocr_carea' id='block_1_14' title="bbox 409 1489 2013 1560">
    <p class='ocr_par' dir='ltr' id='par_1_14' title="bbox 409 1489 2013 1560">
     <span class='ocr_line' id='line_1_14' title="bbox 409 1489 2013 1560; baseline 0.002 -16"><span class='ocrx_word' id='word_1_99' title='bbox 409 1490 645 1558; x_wconf 75' lang='lat' dir='ltr'><strong>primus,</strong></span> <span class='ocrx_word' id='word_1_100' title='bbox 676 1498 984 1560; x_wconf 86' lang='lat' dir='ltr'><strong>postremus</strong></span> <span class='ocrx_word' id='word_1_101' title='bbox 1014 1489 1238 1550; x_wconf 79' lang='lat' dir='ltr'><strong>eﬁ‘ectus</strong></span> <span class='ocrx_word' id='word_1_102' title='bbox 1263 1501 1370 1557; x_wconf 86' lang='lat' dir='ltr'><strong>est,</strong></span> <span class='ocrx_word' id='word_1_103' title='bbox 1415 1501 1472 1550; x_wconf 90' lang='lat' dir='ltr'><strong>et</strong></span> <span class='ocrx_word' id='word_1_104' title='bbox 1503 1493 1770 1550; x_wconf 87' lang='lat' dir='ltr'><strong>secundus</strong></span> <span class='ocrx_word' id='word_1_105' title='bbox 1797 1493 2013 1549; x_wconf 80' lang='lat' dir='ltr'><strong>exstitit</strong></span> 
     </span>
    </p>
   </div>
   <div class='ocr_carea' id='block_1_15' title="bbox 415 1581 2013 1657">
    <p class='ocr_par' dir='ltr' id='par_1_15' title="bbox 415 1581 2013 1657">
     <span class='ocr_line' id='line_1_15' title="bbox 415 1581 2013 1657; baseline 0.001 -19"><span class='ocrx_word' id='word_1_106' title='bbox 415 1581 649 1651; x_wconf 79' lang='lat' dir='ltr'><strong>primus,</strong></span> <span class='ocrx_word' id='word_1_107' title='bbox 689 1582 792 1638; x_wconf 88' lang='lat' dir='ltr'><strong>iste</strong></span> <span class='ocrx_word' id='word_1_108' title='bbox 831 1596 929 1652; x_wconf 87' lang='lat' dir='ltr'><strong>per</strong></span> <span class='ocrx_word' id='word_1_109' title='bbox 968 1584 1306 1653; x_wconf 84' lang='lat' dir='ltr'><strong>patientiam,</strong></span> <span class='ocrx_word' id='word_1_110' title='bbox 1338 1585 1427 1641; x_wconf 90' lang='lat' dir='ltr'><strong>ille</strong></span> <span class='ocrx_word' id='word_1_111' title='bbox 1451 1599 1584 1642; x_wconf 91' lang='lat' dir='ltr'><strong>vero</strong></span> <span class='ocrx_word' id='word_1_112' title='bbox 1609 1601 1708 1657; x_wconf 90' lang='lat' dir='ltr'><strong>per</strong></span> <span class='ocrx_word' id='word_1_113' title='bbox 1736 1585 2013 1657; x_wconf 82' lang='lat' dir='ltr'><strong>negligen-</strong></span> 
     </span>
    </p>
   </div>
   <div class='ocr_carea' id='block_1_16' title="bbox 417 1671 2010 1749">
    <p class='ocr_par' dir='ltr' id='par_1_16' title="bbox 417 1671 2010 1749">
     <span class='ocr_line' id='line_1_16' title="bbox 417 1671 2010 1749; baseline 0.006 -23"><span class='ocrx_word' id='word_1_114' title='bbox 417 1672 570 1727; x_wconf 83' lang='lat' dir='ltr'><strong>tiam.</strong></span> <span class='ocrx_word' id='word_1_115' title='bbox 601 1671 892 1745; x_wconf 65' lang='lat' dir='ltr'><strong>(Caesiam)</strong></span> <span class='ocrx_word' id='word_1_116' title='bbox 927 1673 1036 1731; x_wconf 69' lang='lat' dir='ltr'><strong>sNe</strong></span> <span class='ocrx_word' id='word_1_117' title='bbox 1056 1676 1177 1745; x_wconf 84' lang='lat' dir='ltr'><strong>quis</strong></span> <span class='ocrx_word' id='word_1_118' title='bbox 1196 1675 1519 1744; x_wconf 84' lang='lat' dir='ltr'><strong>fornicator,</strong></span> <span class='ocrx_word' id='word_1_119' title='bbox 1539 1677 1736 1748; x_wconf 80' lang='lat' dir='ltr'><strong>inquit,</strong></span> <span class='ocrx_word' id='word_1_120' title='bbox 1763 1686 1862 1734; x_wconf 85' lang='lat' dir='ltr'><strong>aut</strong></span> <span class='ocrx_word' id='word_1_121' title='bbox 1881 1693 2010 1749; x_wconf 81' lang='lat' dir='ltr'><strong>pro-</strong></span> 
     </span>
    </p>
   </div>
   <div class='ocr_carea' id='block_1_17' title="bbox 416 1763 2015 1839">
    <p class='ocr_par' dir='ltr' id='par_1_17' title="bbox 416 1763 2015 1839">
     <span class='ocr_line' id='line_1_17' title="bbox 416 1763 2015 1839; baseline 0.007 -22"><span class='ocrx_word' id='word_1_122' title='bbox 416 1763 598 1829; x_wconf 79' lang='lat' dir='ltr'><strong>fanus,</strong></span> <span class='ocrx_word' id='word_1_123' title='bbox 632 1771 694 1819; x_wconf 77' lang='lat' dir='ltr'><strong>ut</strong></span> <span class='ocrx_word' id='word_1_124' title='bbox 738 1765 899 1820; x_wconf 92' lang='lat' dir='ltr'><strong>Esau.</strong></span> <span class='ocrx_word' id='word_1_125' title='bbox 922 1783 944 1818; x_wconf 71' lang='grc' dir='ltr'><strong><em>ι</em></strong></span> <span class='ocrx_word' id='word_1_126' title='bbox 983 1766 1170 1837; x_wconf 77' lang='lat' dir='ltr'><strong>itaque</strong></span> <span class='ocrx_word' id='word_1_127' title='bbox 1213 1777 1472 1839; x_wconf 87' lang='lat' dir='ltr'><strong>quantum</strong></span> <span class='ocrx_word' id='word_1_128' title='bbox 1503 1770 1732 1827; x_wconf 85' lang='lat' dir='ltr'><strong>sublime</strong></span> <span class='ocrx_word' id='word_1_129' title='bbox 1760 1770 2015 1828; x_wconf 78' lang='lat' dir='ltr'><strong>caeleste-</strong></span> 
     </span>
    </p>
   </div>
   <div class='ocr_carea' id='block_1_18' title="bbox 2122 576 3734 650">
    <p class='ocr_par' dir='ltr' id='par_1_18' title="bbox 2122 576 3734 650">
     <span class='ocr_line' id='line_1_18' title="bbox 2122 576 3734 650; baseline 0.006 -21"><span class='ocrx_word' id='word_1_130' title='bbox 2122 596 2140 629; x_wconf 76' lang='grc' dir='ltr'>ι</span> <span class='ocrx_word' id='word_1_131' title='bbox 2172 576 2350 632; x_wconf 85' lang='lat' dir='ltr'><strong>Fi—lioli</strong></span> <span class='ocrx_word' id='word_1_132' title='bbox 2377 576 2504 644; x_wconf 91' lang='lat' dir='ltr'><strong>mei,</strong></span> <span class='ocrx_word' id='word_1_133' title='bbox 2543 592 2714 648; x_wconf 86' lang='lat' dir='ltr'><strong>quos,</strong></span> <span class='ocrx_word' id='word_1_134' title='bbox 2742 576 2950 648; x_wconf 80' lang='lat' dir='ltr'><strong>inquit,</strong></span> <span class='ocrx_word' id='word_1_135' title='bbox 2995 577 3190 634; x_wconf 83' lang='lat' dir='ltr'><strong>iterum</strong></span> <span class='ocrx_word' id='word_1_136' title='bbox 3231 580 3506 650; x_wconf 88' lang='lat' dir='ltr'><strong>parturio,</strong></span> <span class='ocrx_word' id='word_1_137' title='bbox 3532 582 3734 638; x_wconf 78' lang='lat' dir='ltr'><strong>donec</strong></span> 
     </span>
    </p>
   </div>
   <div class='ocr_carea' id='block_1_19' title="bbox 2113 671 3736 744">
    <p class='ocr_par' dir='ltr' id='par_1_19' title="bbox 2113 671 3736 744">
     <span class='ocr_line' id='line_1_19' title="bbox 2113 671 3736 744; baseline 0.001 -17"><span class='ocrx_word' id='word_1_138' title='bbox 2113 672 2377 728; x_wconf 79' lang='lat' dir='ltr'><strong>formetur</strong></span> <span class='ocrx_word' id='word_1_139' title='bbox 2417 671 2664 728; x_wconf 83' lang='lat' dir='ltr'><strong>Christus</strong></span> <span class='ocrx_word' id='word_1_140' title='bbox 2701 671 2757 726; x_wconf 85' lang='lat' dir='ltr'><strong>in</strong></span> <span class='ocrx_word' id='word_1_141' title='bbox 2798 672 2951 728; x_wconf 90' lang='lat' dir='ltr'><strong>vobis</strong></span> <span class='ocrx_word' id='word_1_142' title='bbox 2998 671 3142 743; x_wconf 86' lang='lat' dir='ltr'><strong>(Gal.</strong></span> <span class='ocrx_word' id='word_1_143' title='bbox 3170 673 3266 744; x_wconf 83' lang='lat' dir='ltr'><strong>tv),</strong></span> <span class='ocrx_word' id='word_1_144' title='bbox 3297 691 3318 724; x_wconf 73' lang='grc' dir='ltr'>ι</span> <span class='ocrx_word' id='word_1_145' title='bbox 3352 673 3548 743; x_wconf 85' lang='lat' dir='ltr'><strong>quibus</strong></span> <span class='ocrx_word' id='word_1_146' title='bbox 3577 672 3736 728; x_wconf 79' lang='lat' dir='ltr'><strong>alibi</strong></span> 
     </span>
    </p>
   </div>
   <div class='ocr_carea' id='block_1_20' title="bbox 2111 765 3739 837">
    <p class='ocr_par' dir='ltr' id='par_1_20' title="bbox 2111 765 3739 837">
     <span class='ocr_line' id='line_1_20' title="bbox 2111 765 3739 837; baseline 0 -15"><span class='ocrx_word' id='word_1_147' title='bbox 2111 767 2324 823; x_wconf 76' lang='lat' dir='ltr'><strong>dicebat</strong></span> <span class='ocrx_word' id='word_1_148' title='bbox 2347 783 2366 820; x_wconf 90' lang='lat'><strong>:</strong></span> <span class='ocrx_word' id='word_1_149' title='bbox 2393 784 2410 818; x_wconf 73' lang='grc' dir='ltr'>ι</span> <span class='ocrx_word' id='word_1_150' title='bbox 2433 765 2534 833; x_wconf 95' lang='lat' dir='ltr'><strong>Qui</strong></span> <span class='ocrx_word' id='word_1_151' title='bbox 2561 765 2616 820; x_wconf 89' lang='lat' dir='ltr'><strong>in</strong></span> <span class='ocrx_word' id='word_1_152' title='bbox 2641 765 2760 837; x_wconf 89' lang='lat' dir='ltr'><strong>lege</strong></span> <span class='ocrx_word' id='word_1_153' title='bbox 2773 765 3144 837; x_wconf 69' lang='lat' dir='ltr'><strong>iustiﬁcamini</strong></span> <span class='ocrx_word' id='word_1_154' title='bbox 3173 780 3203 820; x_wconf 92' lang='lat' dir='ltr'><strong>a</strong></span> <span class='ocrx_word' id='word_1_155' title='bbox 3225 765 3398 836; x_wconf 86' lang='lat' dir='ltr'><strong>gratia</strong></span> <span class='ocrx_word' id='word_1_156' title='bbox 3423 765 3739 822; x_wconf 80' lang='lat' dir='ltr'><strong>excidistis</strong></span> 
     </span>
    </p>
   </div>
   <div class='ocr_carea' id='block_1_21' title="bbox 2112 855 3734 930">
    <p class='ocr_par' dir='ltr' id='par_1_21' title="bbox 2112 855 3734 930">
     <span class='ocr_line' id='line_1_21' title="bbox 2112 855 3734 930; baseline 0 -18"><span class='ocrx_word' id='word_1_157' title='bbox 2112 855 2256 930; x_wconf 83' lang='lat' dir='ltr'><strong>(Gal.</strong></span> <span class='ocrx_word' id='word_1_158' title='bbox 2283 857 2363 928; x_wconf 86' lang='lat' dir='ltr'><strong>v).</strong></span> <span class='ocrx_word' id='word_1_159' title='bbox 2394 876 2420 910; x_wconf 67' lang='grc' dir='ltr'><em>ι</em></span> <span class='ocrx_word' id='word_1_160' title='bbox 2443 856 2582 913; x_wconf 87' lang='lat' dir='ltr'><strong>Ecce</strong></span> <span class='ocrx_word' id='word_1_161' title='bbox 2611 856 2728 926; x_wconf 88' lang='lat' dir='ltr'><strong>ipse</strong></span> <span class='ocrx_word' id='word_1_162' title='bbox 2761 862 3024 923; x_wconf 78' lang='lat' dir='ltr'><strong>testatur,</strong></span> <span class='ocrx_word' id='word_1_163' title='bbox 3061 856 3188 926; x_wconf 85' lang='lat' dir='ltr'><strong>quia</strong></span> <span class='ocrx_word' id='word_1_164' title='bbox 3227 855 3562 912; x_wconf 79' lang='lat' dir='ltr'><strong>ceciderant.</strong></span> <span class='ocrx_word' id='word_1_165' title='bbox 3607 856 3734 924; x_wconf 82' lang='lat' dir='ltr'><strong>Qui</strong></span> 
     </span>
    </p>
   </div>
   <div class='ocr_carea' id='block_1_22' title="bbox 2111 946 3736 1018">
    <p class='ocr_par' dir='ltr' id='par_1_22' title="bbox 2111 946 3736 1018">
     <span class='ocr_line' id='line_1_22' title="bbox 2111 946 3736 1018; baseline -0.001 -16"><span class='ocrx_word' id='word_1_166' title='bbox 2111 961 2240 1018; x_wconf 85' lang='lat' dir='ltr'><strong>ergo</strong></span> <span class='ocrx_word' id='word_1_167' title='bbox 2269 953 2375 1003; x_wconf 85' lang='lat' dir='ltr'><strong>stat</strong></span> <span class='ocrx_word' id='word_1_168' title='bbox 2404 956 2458 1002; x_wconf 86' lang='lat' dir='ltr'><strong>et</strong></span> <span class='ocrx_word' id='word_1_169' title='bbox 2487 946 2637 1002; x_wconf 88' lang='lat' dir='ltr'><strong>audit</strong></span> <span class='ocrx_word' id='word_1_170' title='bbox 2662 947 2917 1018; x_wconf 83' lang='lat' dir='ltr'><strong>quoniam</strong></span> <span class='ocrx_word' id='word_1_171' title='bbox 2945 947 3328 1017; x_wconf 85' lang='lat' dir='ltr'><strong>quiceciderit,</strong></span> <span class='ocrx_word' id='word_1_172' title='bbox 3348 948 3567 1003; x_wconf 85' lang='lat' dir='ltr'><strong>veniam</strong></span> <span class='ocrx_word' id='word_1_173' title='bbox 3601 963 3736 1002; x_wconf 80' lang='lat' dir='ltr'><strong>non</strong></span> 
     </span>
    </p>
   </div>
   <div class='ocr_carea' id='block_1_23' title="bbox 2109 1039 3738 1110">
    <p class='ocr_par' dir='ltr' id='par_1_23' title="bbox 2109 1039 3738 1110">
     <span class='ocr_line' id='line_1_23' title="bbox 2109 1039 3738 1110; baseline 0.002 -16"><span class='ocrx_word' id='word_1_174' title='bbox 2109 1039 2253 1095; x_wconf 85' lang='lat' dir='ltr'><strong>valet</strong></span> <span class='ocrx_word' id='word_1_175' title='bbox 2295 1039 2619 1110; x_wconf 80' lang='lat' dir='ltr'><strong>impetrare,</strong></span> <span class='ocrx_word' id='word_1_176' title='bbox 2646 1040 2880 1096; x_wconf 75' lang='lat' dir='ltr'><strong>validius</strong></span> <span class='ocrx_word' id='word_1_177' title='bbox 2909 1040 3077 1096; x_wconf 83' lang='lat' dir='ltr'><strong>stabit</strong></span> <span class='ocrx_word' id='word_1_178' title='bbox 3115 1049 3171 1096; x_wconf 91' lang='lat' dir='ltr'><strong>et</strong></span> <span class='ocrx_word' id='word_1_179' title='bbox 3201 1041 3448 1096; x_wconf 86' lang='lat' dir='ltr'><strong>cautius:</strong></span> <span class='ocrx_word' id='word_1_180' title='bbox 3487 1041 3535 1096; x_wconf 89' lang='lat' dir='ltr'><strong>si</strong></span> <span class='ocrx_word' id='word_1_181' title='bbox 3575 1055 3738 1097; x_wconf 77' lang='lat' dir='ltr'><strong>vero</strong></span> 
     </span>
    </p>
   </div>
   <div class='ocr_carea' id='block_1_24' title="bbox 2109 1129 3732 1201">
    <p class='ocr_par' dir='ltr' id='par_1_24' title="bbox 2109 1129 3732 1201">
     <span class='ocr_line' id='line_1_24' title="bbox 2109 1129 3732 1201; baseline -0.001 -15"><span class='ocrx_word' id='word_1_182' title='bbox 2109 1137 2164 1186; x_wconf 90' lang='lat' dir='ltr'><strong>et</strong></span> <span class='ocrx_word' id='word_1_183' title='bbox 2191 1131 2335 1186; x_wconf 87' lang='lat' dir='ltr'><strong>circa</strong></span> <span class='ocrx_word' id='word_1_184' title='bbox 2365 1144 2490 1185; x_wconf 89' lang='lat' dir='ltr'><strong>eum</strong></span> <span class='ocrx_word' id='word_1_185' title='bbox 2513 1129 2604 1201; x_wconf 87' lang='lat' dir='ltr'><strong>qui</strong></span> <span class='ocrx_word' id='word_1_186' title='bbox 2627 1131 2847 1197; x_wconf 88' lang='lat' dir='ltr'><strong>cecidit,</strong></span> <span class='ocrx_word' id='word_1_187' title='bbox 2869 1129 3030 1186; x_wconf 89' lang='lat' dir='ltr'><strong>simili</strong></span> <span class='ocrx_word' id='word_1_188' title='bbox 3054 1129 3291 1187; x_wconf 87' lang='lat' dir='ltr'><strong>volueris</strong></span> <span class='ocrx_word' id='word_1_189' title='bbox 3310 1129 3390 1185; x_wconf 86' lang='lat' dir='ltr'><strong>uti</strong></span> <span class='ocrx_word' id='word_1_190' title='bbox 3411 1131 3732 1186; x_wconf 62' lang='lat' dir='ltr'><strong>vehemcno</strong></span> 
     </span>
    </p>
   </div>
   <div class='ocr_carea' id='block_1_25' title="bbox 2113 1221 3736 1294">
    <p class='ocr_par' dir='ltr' id='par_1_25' title="bbox 2113 1221 3736 1294">
     <span class='ocr_line' id='line_1_25' title="bbox 2113 1221 3736 1294; baseline -0.001 -17"><span class='ocrx_word' id='word_1_191' title='bbox 2113 1221 2211 1289; x_wconf 89' lang='lat' dir='ltr'><strong>tia,</strong></span> <span class='ocrx_word' id='word_1_192' title='bbox 2243 1221 2310 1278; x_wconf 91' lang='lat' dir='ltr'><strong>ad</strong></span> <span class='ocrx_word' id='word_1_193' title='bbox 2339 1222 2394 1278; x_wconf 87' lang='lat' dir='ltr'><strong>id</strong></span> <span class='ocrx_word' id='word_1_194' title='bbox 2428 1223 2703 1292; x_wconf 79' lang='lat' dir='ltr'><strong>redigatur</strong></span> <span class='ocrx_word' id='word_1_195' title='bbox 2730 1237 2958 1280; x_wconf 87' lang='lat' dir='ltr'><strong>necesse</strong></span> <span class='ocrx_word' id='word_1_196' title='bbox 2991 1230 3094 1289; x_wconf 89' lang='lat' dir='ltr'><strong>est,</strong></span> <span class='ocrx_word' id='word_1_197' title='bbox 3124 1229 3186 1278; x_wconf 89' lang='lat' dir='ltr'><strong>ut</strong></span> <span class='ocrx_word' id='word_1_198' title='bbox 3226 1237 3503 1294; x_wconf 85' lang='lat' dir='ltr'><strong>nunquam</strong></span> <span class='ocrx_word' id='word_1_199' title='bbox 3529 1221 3736 1294; x_wconf 80' lang='lat' dir='ltr'><strong>possit</strong></span> 
     </span>
    </p>
   </div>
   <div class='ocr_carea' id='block_1_26' title="bbox 2117 1312 3754 1386">
    <p class='ocr_par' dir='ltr' id='par_1_26' title="bbox 2117 1312 3754 1386">
     <span class='ocr_line' id='line_1_26' title="bbox 2117 1312 3754 1386; baseline 0 -18"><span class='ocrx_word' id='word_1_200' title='bbox 2117 1328 2422 1386; x_wconf 79' lang='lat' dir='ltr'><strong>assurgere.</strong></span> <span class='ocrx_word' id='word_1_201' title='bbox 2466 1313 2621 1382; x_wconf 84' lang='lat' dir='ltr'><strong>Quali</strong></span> <span class='ocrx_word' id='word_1_202' title='bbox 2662 1314 2808 1370; x_wconf 90' lang='lat' dir='ltr'><strong>enim</strong></span> <span class='ocrx_word' id='word_1_203' title='bbox 2853 1330 2950 1386; x_wconf 91' lang='lat' dir='ltr'><strong>spe</strong></span> <span class='ocrx_word' id='word_1_204' title='bbox 2987 1315 3397 1371; x_wconf 84' lang='lat' dir='ltr'><strong>conversionem</strong></span> <span class='ocrx_word' id='word_1_205' title='bbox 3425 1314 3512 1369; x_wconf 88' lang='lat' dir='ltr'><strong>vel</strong></span> <span class='ocrx_word' id='word_1_206' title='bbox 3553 1312 3754 1384; x_wconf 78' lang='lat' dir='ltr'><strong>quali‘</strong></span> 
     </span>
    </p>
   </div>
   <div class='ocr_carea' id='block_1_27' title="bbox 2114 1402 3732 1476">
    <p class='ocr_par' dir='ltr' id='par_1_27' title="bbox 2114 1402 3732 1476">
     <span class='ocr_line' id='line_1_27' title="bbox 2114 1402 3732 1476; baseline -0.001 -17"><span class='ocrx_word' id='word_1_207' title='bbox 2114 1402 2296 1461; x_wconf 88' lang='lat' dir='ltr'><strong>fructu</strong></span> <span class='ocrx_word' id='word_1_208' title='bbox 2331 1404 2632 1475; x_wconf 88' lang='lat' dir='ltr'><strong>suscipiat?</strong></span> <span class='ocrx_word' id='word_1_209' title='bbox 2659 1419 2765 1460; x_wconf 91' lang='lat' dir='ltr'><strong>non</strong></span> <span class='ocrx_word' id='word_1_210' title='bbox 2797 1404 2992 1471; x_wconf 91' lang='lat' dir='ltr'><strong>solum,</strong></span> <span class='ocrx_word' id='word_1_211' title='bbox 3021 1405 3212 1476; x_wconf 79' lang='lat' dir='ltr'><strong>in’quit,</strong></span> <span class='ocrx_word' id='word_1_212' title='bbox 3242 1404 3510 1475; x_wconf 83' lang='lat' dir='ltr'><strong>lacrymas</strong></span> <span class='ocrx_word' id='word_1_213' title='bbox 3536 1403 3732 1470; x_wconf 79' lang='lat' dir='ltr'><strong>fudit,</strong></span> 
     </span>
    </p>
   </div>
   <div class='ocr_carea' id='block_1_28' title="bbox 2112 1494 3742 1566">
    <p class='ocr_par' dir='ltr' id='par_1_28' title="bbox 2112 1494 3742 1566">
     <span class='ocr_line' id='line_1_28' title="bbox 2112 1494 3742 1566; baseline -0.001 -13"><span class='ocrx_word' id='word_1_214' title='bbox 2112 1497 2207 1553; x_wconf 89' lang='lat' dir='ltr'><strong>sed</strong></span> <span class='ocrx_word' id='word_1_215' title='bbox 2227 1496 2394 1552; x_wconf 87' lang='lat' dir='ltr'><strong>etiam</strong></span> <span class='ocrx_word' id='word_1_216' title='bbox 2409 1495 2723 1566; x_wconf 86' lang='lat' dir='ltr'><strong>exquisivit.</strong></span> <span class='ocrx_word' id='word_1_217' title='bbox 2741 1495 2808 1550; x_wconf 86' lang='lat' dir='ltr'><strong>Et</strong></span> <span class='ocrx_word' id='word_1_218' title='bbox 2827 1496 3040 1552; x_wconf 91' lang='lat' dir='ltr'><strong>videtur</strong></span> <span class='ocrx_word' id='word_1_219' title='bbox 3059 1495 3278 1566; x_wconf 83' lang='lat' dir='ltr'><strong>quidem</strong></span> <span class='ocrx_word' id='word_1_220' title='bbox 3292 1510 3398 1550; x_wconf 90' lang='lat' dir='ltr'><strong>non</strong></span> <span class='ocrx_word' id='word_1_221' title='bbox 3413 1494 3742 1551; x_wconf 70' lang='lat' dir='ltr'><strong>excludere</strong></span> 
     </span>
    </p>
   </div>
   <div class='ocr_carea' id='block_1_29' title="bbox 2111 1585 3734 1661">
    <p class='ocr_par' dir='ltr' id='par_1_29' title="bbox 2111 1585 3734 1661">
     <span class='ocr_line' id='line_1_29' title="bbox 2111 1585 3734 1661; baseline -0.002 -18"><span class='ocrx_word' id='word_1_222' title='bbox 2111 1587 2512 1661; x_wconf 71' lang='lat' dir='ltr'><strong>paenitentiam,</strong></span> <span class='ocrx_word' id='word_1_223' title='bbox 2537 1587 2632 1644; x_wconf 88' lang='lat' dir='ltr'><strong>sed</strong></span> <span class='ocrx_word' id='word_1_224' title='bbox 2654 1588 2925 1644; x_wconf 86' lang='lat' dir='ltr'><strong>cautiores</strong></span> <span class='ocrx_word' id='word_1_225' title='bbox 2947 1602 3044 1644; x_wconf 88' lang='lat' dir='ltr'><strong>eos</strong></span> <span class='ocrx_word' id='word_1_226' title='bbox 3075 1595 3133 1644; x_wconf 87' lang='lat' dir='ltr'><strong>et</strong></span> <span class='ocrx_word' id='word_1_227' title='bbox 3157 1587 3478 1642; x_wconf 88' lang='lat' dir='ltr'><strong>munitiores</strong></span> <span class='ocrx_word' id='word_1_228' title='bbox 3499 1585 3734 1652; x_wconf 86' lang='lat' dir='ltr'><strong>reddit,</strong></span> 
     </span>
    </p>
   </div>
   <div class='ocr_carea' id='block_1_30' title="bbox 2113 1678 3740 1752">
    <p class='ocr_par' dir='ltr' id='par_1_30' title="bbox 2113 1678 3740 1752">
     <span class='ocr_line' id='line_1_30' title="bbox 2113 1678 3740 1752; baseline -0.001 -17"><span class='ocrx_word' id='word_1_229' title='bbox 2113 1694 2183 1736; x_wconf 89' lang='lat' dir='ltr'><strong>ne</strong></span> <span class='ocrx_word' id='word_1_230' title='bbox 2208 1680 2453 1737; x_wconf 89' lang='lat' dir='ltr'><strong>ferantur</strong></span> <span class='ocrx_word' id='word_1_231' title='bbox 2476 1680 2707 1752; x_wconf 83' lang='lat' dir='ltr'><strong>pronius</strong></span> <span class='ocrx_word' id='word_1_232' title='bbox 2725 1681 2794 1736; x_wconf 90' lang='lat' dir='ltr'><strong>ad</strong></span> <span class='ocrx_word' id='word_1_233' title='bbox 2813 1680 3046 1735; x_wconf 87' lang='lat' dir='ltr'><strong>ruinam.</strong></span> <span class='ocrx_word' id='word_1_234' title='bbox 3073 1679 3510 1750; x_wconf 80' lang='lat' dir='ltr'><strong>Quotiescunque</strong></span> <span class='ocrx_word' id='word_1_235' title='bbox 3535 1678 3740 1750; x_wconf 75' lang='lat' dir='ltr'><strong>igitur</strong></span> 
     </span>
    </p>
   </div>
   <div class='ocr_carea' id='block_1_31' title="bbox 2115 1769 3736 1841">
    <p class='ocr_par' dir='ltr' id='par_1_31' title="bbox 2115 1769 3736 1841">
     <span class='ocr_line' id='line_1_31' title="bbox 2115 1769 3736 1841; baseline -0.001 -15"><span class='ocrx_word' id='word_1_236' title='bbox 2115 1786 2223 1828; x_wconf 82' lang='lat' dir='ltr'><strong>non</strong></span> <span class='ocrx_word' id='word_1_237' title='bbox 2255 1771 2486 1827; x_wconf 88' lang='lat' dir='ltr'><strong>credunt</strong></span> <span class='ocrx_word' id='word_1_238' title='bbox 2511 1785 2631 1827; x_wconf 89' lang='lat' dir='ltr'><strong>esse</strong></span> <span class='ocrx_word' id='word_1_239' title='bbox 2656 1771 2963 1841; x_wconf 79' lang='lat' dir='ltr'><strong>gehennam</strong></span> <span class='ocrx_word' id='word_1_240' title='bbox 2985 1811 3002 1835; x_wconf 95' lang='lat'><strong>,</strong></span> <span class='ocrx_word' id='word_1_241' title='bbox 3041 1770 3156 1824; x_wconf 55' lang='lat' dir='ltr'><strong>hare</strong></span> <span class='ocrx_word' id='word_1_242' title='bbox 3184 1769 3239 1824; x_wconf 93' lang='lat' dir='ltr'><strong>in</strong></span> <span class='ocrx_word' id='word_1_243' title='bbox 3281 1776 3518 1824; x_wconf 81' lang='lat' dir='ltr'><strong>mentem</strong></span> <span class='ocrx_word' id='word_1_244' title='bbox 3545 1783 3736 1824; x_wconf 78' lang='lat' dir='ltr'><strong>revo-</strong></span> 
     </span>
    </p>
   </div>
   <div class='ocr_carea' id='block_1_32' title="bbox 415 1856 3738 1933">
    <p class='ocr_par' dir='ltr' id='par_1_32' title="bbox 415 1856 3738 1933">
     <span class='ocr_line' id='line_1_32' title="bbox 415 1856 3738 1933; baseline 0.002 -24"><span class='ocrx_word' id='word_1_245' title='bbox 415 1867 526 1923; x_wconf 85' lang='lat' dir='ltr'><strong>que</strong></span> <span class='ocrx_word' id='word_1_246' title='bbox 553 1862 638 1910; x_wconf 87' lang='lat' dir='ltr'><strong>est</strong></span> <span class='ocrx_word' id='word_1_247' title='bbox 662 1856 944 1925; x_wconf 62' lang='lat' dir='ltr'><strong>praemium</strong></span> <span class='ocrx_word' id='word_1_248' title='bbox 973 1857 1264 1926; x_wconf 83' lang='lat' dir='ltr'><strong>castitatis,</strong></span> <span class='ocrx_word' id='word_1_249' title='bbox 1286 1867 1438 1916; x_wconf 87' lang='lat' dir='ltr'><strong>tanto</strong></span> <span class='ocrx_word' id='word_1_250' title='bbox 1459 1861 1796 1933; x_wconf 78' lang='lat' dir='ltr'><strong>gravioribus</strong></span> <span class='ocrx_word' id='word_1_251' title='bbox 1817 1863 2022 1919; x_wconf 86' lang='lat' dir='ltr'><strong>adver—.</strong></span> <span class='ocrx_word' id='word_1_252' title='bbox 2039 1857 2088 1918; x_wconf 90' lang='lat' dir='ltr'><strong>B</strong></span> <span class='ocrx_word' id='word_1_253' title='bbox 2113 1867 2336 1929; x_wconf 79' lang='lat' dir='ltr'><strong>cent,‘et</strong></span> <span class='ocrx_word' id='word_1_254' title='bbox 2363 1869 2628 1932; x_wconf 90' lang='lat' dir='ltr'><strong>quotquot</strong></span> <span class='ocrx_word' id='word_1_255' title='bbox 2653 1861 2966 1917; x_wconf 86' lang='lat' dir='ltr'><strong>existimant</strong></span> <span class='ocrx_word' id='word_1_256' title='bbox 2987 1859 3248 1930; x_wconf 87' lang='lat' dir='ltr'><strong>impunita</strong></span> <span class='ocrx_word' id='word_1_257' title='bbox 3269 1873 3551 1914; x_wconf 85' lang='lat' dir='ltr'><strong>remanere</strong></span> <span class='ocrx_word' id='word_1_258' title='bbox 3573 1873 3738 1930; x_wconf 76' lang='lat' dir='ltr'><strong>pec—</strong></span> 
     </span>
    </p>
   </div>
   <div class='ocr_carea' id='block_1_33' title="bbox 416 1945 2010 2025">
    <p class='ocr_par' dir='ltr' id='par_1_33' title="bbox 416 1945 2010 2025">
     <span class='ocr_line' id='line_1_33' title="bbox 416 1945 2010 2025; baseline 0.006 -25"><span class='ocrx_word' id='word_1_259' title='bbox 416 1945 690 2001; x_wconf 85' lang='lat' dir='ltr'><strong>sariorum</strong></span> <span class='ocrx_word' id='word_1_260' title='bbox 739 1948 960 2004; x_wconf 86' lang='lat' dir='ltr'><strong>insidiis</strong></span> <span class='ocrx_word' id='word_1_261' title='bbox 997 1949 1314 2006; x_wconf 81' lang='lat' dir='ltr'><strong>lacessetur.</strong></span> <span class='ocrx_word' id='word_1_262' title='bbox 1361 1951 1428 2007; x_wconf 87' lang='lat' dir='ltr'><strong>Et</strong></span> <span class='ocrx_word' id='word_1_263' title='bbox 1456 1953 1662 2010; x_wconf 83' lang='lat' dir='ltr'><strong>idcirco</strong></span> <span class='ocrx_word' id='word_1_264' title='bbox 1690 1955 2010 2025; x_wconf 90' lang='lat' dir='ltr'><strong>propensius</strong></span> 
     </span>
    </p>
   </div>
   <div class='ocr_carea' id='block_1_34' title="bbox 413 2036 2010 2116">
    <p class='ocr_par' dir='ltr' id='par_1_34' title="bbox 413 2036 2010 2116">
     <span class='ocr_line' id='line_1_34' title="bbox 413 2036 2010 2116; baseline 0.007 -25"><span class='ocrx_word' id='word_1_265' title='bbox 413 2036 574 2094; x_wconf 88' lang='lat' dir='ltr'><strong>nobis</strong></span> <span class='ocrx_word' id='word_1_266' title='bbox 621 2046 704 2094; x_wconf 89' lang='lat' dir='ltr'><strong>est</strong></span> <span class='ocrx_word' id='word_1_267' title='bbox 743 2055 850 2095; x_wconf 92' lang='lat' dir='ltr'><strong>non</strong></span> <span class='ocrx_word' id='word_1_268' title='bbox 900 2041 1082 2096; x_wconf 85' lang='lat' dir='ltr'><strong>solum</strong></span> <span class='ocrx_word' id='word_1_269' title='bbox 1120 2043 1454 2100; x_wconf 85' lang='lat' dir='ltr'><strong>continentia</strong></span> <span class='ocrx_word' id='word_1_270' title='bbox 1492 2046 1738 2116; x_wconf 89' lang='lat' dir='ltr'><strong>corporis</strong></span> <span class='ocrx_word' id='word_1_271' title='bbox 1759 2087 1773 2113; x_wconf 90' lang='lat'><strong>,</strong></span> <span class='ocrx_word' id='word_1_272' title='bbox 1818 2062 2010 2103; x_wconf 87' lang='lat' dir='ltr'><strong>verum</strong></span> 
     </span>
    </p>
   </div>
   <div class='ocr_carea' id='block_1_35' title="bbox 417 2128 2011 2210">
    <p class='ocr_par' dir='ltr' id='par_1_35' title="bbox 417 2128 2011 2210">
     <span class='ocr_line' id='line_1_35' title="bbox 417 2128 2011 2210; baseline 0.008 -28"><span class='ocrx_word' id='word_1_273' title='bbox 417 2128 584 2190; x_wconf 86' lang='lat' dir='ltr'><strong>etiam</strong></span> <span class='ocrx_word' id='word_1_274' title='bbox 615 2131 879 2187; x_wconf 87' lang='lat' dir='ltr'><strong>contritio</strong></span> <span class='ocrx_word' id='word_1_275' title='bbox 896 2134 1075 2189; x_wconf 86' lang='lat' dir='ltr'><strong>cordis</strong></span> <span class='ocrx_word' id='word_1_276' title='bbox 1115 2135 1347 2191; x_wconf 86' lang='lat' dir='ltr'><strong>assiduis</strong></span> <span class='ocrx_word' id='word_1_277' title='bbox 1385 2137 1691 2194; x_wconf 89' lang='lat' dir='ltr'><strong>orationum</strong></span> <span class='ocrx_word' id='word_1_278' title='bbox 1721 2139 2011 2210; x_wconf 85' lang='lat' dir='ltr'><strong>gemitibus</strong></span> 
     </span>
    </p>
   </div>
   <div class='ocr_carea' id='block_1_36' title="bbox 415 2219 2012 2301">
    <p class='ocr_par' dir='ltr' id='par_1_36' title="bbox 415 2219 2012 2301">
     <span class='ocr_line' id='line_1_36' title="bbox 415 2219 2012 2301; baseline 0.007 -28"><span class='ocrx_word' id='word_1_279' title='bbox 415 2219 742 2286; x_wconf 86' lang='lat' dir='ltr'><strong>adhibenda,</strong></span> <span class='ocrx_word' id='word_1_280' title='bbox 768 2231 828 2278; x_wconf 91' lang='lat' dir='ltr'><strong>ut</strong></span> <span class='ocrx_word' id='word_1_281' title='bbox 853 2222 1099 2281; x_wconf 87' lang='lat' dir='ltr'><strong>clibanus</strong></span> <span class='ocrx_word' id='word_1_282' title='bbox 1119 2225 1298 2282; x_wconf 86' lang='lat' dir='ltr'><strong>carnis</strong></span> <span class='ocrx_word' id='word_1_283' title='bbox 1318 2235 1519 2283; x_wconf 66' lang='lat' dir='ltr'><strong>nostra:</strong></span> <span class='ocrx_word' id='word_1_284' title='bbox 1539 2241 1700 2298; x_wconf 90' lang='lat' dir='ltr'><strong>quem</strong></span> <span class='ocrx_word' id='word_1_285' title='bbox 1721 2243 1817 2284; x_wconf 88' lang='lat' dir='ltr'><strong>rex</strong></span> <span class='ocrx_word' id='word_1_286' title='bbox 1835 2227 2012 2301; x_wconf 84' lang='lat' dir='ltr'><strong>Baby-</strong></span> 
     </span>
    </p>
   </div>
   <div class='ocr_carea' id='block_1_37' title="bbox 413 2311 2011 2390">
    <p class='ocr_par' dir='ltr' id='par_1_37' title="bbox 413 2311 2011 2390">
     <span class='ocr_line' id='line_1_37' title="bbox 413 2311 2011 2390; baseline 0.006 -22"><span class='ocrx_word' id='word_1_287' title='bbox 413 2311 596 2370; x_wconf 85' lang='lat' dir='ltr'><strong>lonius</strong></span> <span class='ocrx_word' id='word_1_288' title='bbox 622 2315 909 2374; x_wconf 85' lang='lat' dir='ltr'><strong>incentivis</strong></span> <span class='ocrx_word' id='word_1_289' title='bbox 930 2319 1334 2390; x_wconf 87' lang='lat' dir='ltr'><strong>suggestionum</strong></span> <span class='ocrx_word' id='word_1_290' title='bbox 1357 2321 1657 2376; x_wconf 88' lang='lat' dir='ltr'><strong>carnalium</strong></span> <span class='ocrx_word' id='word_1_291' title='bbox 1683 2322 2011 2378; x_wconf 86' lang='lat' dir='ltr'><strong>succendere</strong></span> 
     </span>
    </p>
   </div>
   <div class='ocr_carea' id='block_1_38' title="bbox 415 2407 2010 2476">
    <p class='ocr_par' dir='ltr' id='par_1_38' title="bbox 415 2407 2010 2476">
     <span class='ocr_line' id='line_1_38' title="bbox 415 2407 2010 2476; baseline 0.008 -17"><span class='ocrx_word' id='word_1_292' title='bbox 415 2419 538 2460; x_wconf 80' lang='lat' dir='ltr'><strong>non</strong></span> <span class='ocrx_word' id='word_1_293' title='bbox 557 2407 797 2476; x_wconf 84' lang='lat' dir='ltr'><strong>desistit,</strong></span> <span class='ocrx_word' id='word_1_294' title='bbox 820 2411 1182 2468; x_wconf 86' lang='lat' dir='ltr'><strong>descendente</strong></span> <span class='ocrx_word' id='word_1_295' title='bbox 1209 2411 1268 2466; x_wconf 91' lang='lat' dir='ltr'><strong>in</strong></span> <span class='ocrx_word' id='word_1_296' title='bbox 1291 2413 1456 2468; x_wconf 89' lang='lat' dir='ltr'><strong>corda</strong></span> <span class='ocrx_word' id='word_1_297' title='bbox 1479 2421 1672 2469; x_wconf 86' lang='lat' dir='ltr'><strong>nostra</strong></span> <span class='ocrx_word' id='word_1_298' title='bbox 1689 2427 1814 2470; x_wconf 88' lang='lat' dir='ltr'><strong>rore</strong></span> <span class='ocrx_word' id='word_1_299' title='bbox 1834 2415 2010 2472; x_wconf 82' lang='lat' dir='ltr'><strong>sancti</strong></span> 
     </span>
    </p>
   </div>
   <div class='ocr_carea' id='block_1_39' title="bbox 403 2496 1083 2572">
    <p class='ocr_par' dir='ltr' id='par_1_39' title="bbox 403 2496 1083 2572">
     <span class='ocr_line' id='line_1_39' title="bbox 403 2496 1083 2572; baseline 0.01 -21"><span class='ocrx_word' id='word_1_300' title='bbox 403 2496 662 2566; x_wconf 74' lang='lat' dir='ltr'><strong>Spiritus</strong></span> <span class='ocrx_word' id='word_1_301' title='bbox 681 2500 1083 2572; x_wconf 69' lang='lat' dir='ltr'><strong>exstinguatur.</strong></span> 
     </span>
    </p>
   </div>
   <div class='ocr_carea' id='block_1_40' title="bbox 497 2587 2010 2667">
    <p class='ocr_par' dir='ltr' id='par_1_40' title="bbox 497 2587 2010 2667">
     <span class='ocr_line' id='line_1_40' title="bbox 497 2587 2010 2667; baseline 0.008 -24"><span class='ocrx_word' id='word_1_302' title='bbox 497 2605 523 2642; x_wconf 60' lang='grc' dir='ltr'><strong>«ι</strong></span> <span class='ocrx_word' id='word_1_303' title='bbox 548 2587 756 2647; x_wconf 82' lang='lat' dir='ltr'><strong>Scitote</strong></span> <span class='ocrx_word' id='word_1_304' title='bbox 774 2593 1029 2662; x_wconf 60' lang='lat' dir='ltr'><strong>(yroniam</strong></span> <span class='ocrx_word' id='word_1_305' title='bbox 1050 2602 1105 2650; x_wconf 89' lang='lat' dir='ltr'><strong>et</strong></span> <span class='ocrx_word' id='word_1_306' title='bbox 1123 2603 1311 2666; x_wconf 87' lang='lat' dir='ltr'><strong>postea</strong></span> <span class='ocrx_word' id='word_1_307' title='bbox 1334 2595 1556 2667; x_wconf 89' lang='lat' dir='ltr'><strong>cupiens</strong></span> <span class='ocrx_word' id='word_1_308' title='bbox 1576 2595 1899 2653; x_wconf 77' lang='lat' dir='ltr'><strong>haereditare</strong></span> <span class='ocrx_word' id='word_1_309' title='bbox 1915 2597 2010 2655; x_wconf 82' lang='lat' dir='ltr'><strong>be-</strong></span> 
     </span>
    </p>
   </div>
   <div class='ocr_carea' id='block_1_41' title="bbox 423 2680 2011 2758">
    <p class='ocr_par' dir='ltr' id='par_1_41' title="bbox 423 2680 2011 2758">
     <span class='ocr_line' id='line_1_41' title="bbox 423 2680 2011 2758; baseline 0.006 -25"><span class='ocrx_word' id='word_1_310' title='bbox 423 2697 446 2732; x_wconf 74' lang='lat' dir='ltr'><strong>r</strong></span> <span class='ocrx_word' id='word_1_311' title='bbox 477 2680 868 2751; x_wconf 86' lang='lat' dir='ltr'><strong>nedictionem,</strong></span> <span class='ocrx_word' id='word_1_312' title='bbox 890 2685 1208 2755; x_wconf 87' lang='lat' dir='ltr'><strong>reprobatus</strong></span> <span class='ocrx_word' id='word_1_313' title='bbox 1237 2693 1346 2754; x_wconf 90' lang='lat' dir='ltr'><strong>est,</strong></span> <span class='ocrx_word' id='word_1_314' title='bbox 1363 2701 1471 2742; x_wconf 91' lang='lat' dir='ltr'><strong>non</strong></span> <span class='ocrx_word' id='word_1_315' title='bbox 1499 2687 1644 2743; x_wconf 89' lang='lat' dir='ltr'><strong>enim</strong></span> <span class='ocrx_word' id='word_1_316' title='bbox 1672 2687 2011 2758; x_wconf 74' lang='lat' dir='ltr'><strong>invenitpm-</strong></span> 
     </span>
    </p>
   </div>
   <div class='ocr_carea' id='block_1_42' title="bbox 421 2771 2012 2850">
    <p class='ocr_par' dir='ltr' id='par_1_42' title="bbox 421 2771 2012 2850">
     <span class='ocr_line' id='line_1_42' title="bbox 421 2771 2012 2850; baseline 0.008 -26"><span class='ocrx_word' id='word_1_317' title='bbox 421 2789 444 2824; x_wconf 73' lang='grc' dir='ltr'>ι</span> <span class='ocrx_word' id='word_1_318' title='bbox 482 2771 724 2830; x_wconf 75' lang='lat' dir='ltr'><strong>nitentia:</strong></span> <span class='ocrx_word' id='word_1_319' title='bbox 757 2775 935 2832; x_wconf 89' lang='lat' dir='ltr'><strong>locum</strong></span> <span class='ocrx_word' id='word_1_320' title='bbox 971 2792 1283 2848; x_wconf 86' lang='lat' dir='ltr'><strong>quanquam</strong></span> <span class='ocrx_word' id='word_1_321' title='bbox 1320 2793 1444 2834; x_wconf 91' lang='lat' dir='ltr'><strong>cum</strong></span> <span class='ocrx_word' id='word_1_322' title='bbox 1471 2778 1728 2850; x_wconf 86' lang='lat' dir='ltr'><strong>lacrymis</strong></span> <span class='ocrx_word' id='word_1_323' title='bbox 1751 2779 2012 2850; x_wconf 87' lang='lat' dir='ltr'><strong>inquisis-</strong></span> 
     </span>
    </p>
   </div>
   <div class='ocr_carea' id='block_1_43' title="bbox 421 2864 2008 2942">
    <p class='ocr_par' dir='ltr' id='par_1_43' title="bbox 421 2864 2008 2942">
     <span class='ocr_line' id='line_1_43' title="bbox 421 2864 2008 2942; baseline 0.008 -29"><span class='ocrx_word' id='word_1_324' title='bbox 421 2881 442 2913; x_wconf 73' lang='grc' dir='ltr'>ι</span> <span class='ocrx_word' id='word_1_325' title='bbox 477 2869 560 2918; x_wconf 88' lang='lat' dir='ltr'><strong>set</strong></span> <span class='ocrx_word' id='word_1_326' title='bbox 588 2877 730 2920; x_wconf 88' lang='lat' dir='ltr'><strong>eam.</strong></span> <span class='ocrx_word' id='word_1_327' title='bbox 765 2883 786 2917; x_wconf 71' lang='grc' dir='ltr'><strong><em>ι</em></strong></span> <span class='ocrx_word' id='word_1_328' title='bbox 813 2864 1022 2938; x_wconf 63' lang='lat' dir='ltr'><strong>(leam)</strong></span> <span class='ocrx_word' id='word_1_329' title='bbox 1070 2867 1212 2935; x_wconf 90' lang='lat' dir='ltr'><strong>Quid</strong></span> <span class='ocrx_word' id='word_1_330' title='bbox 1252 2869 1343 2925; x_wconf 89' lang='lat' dir='ltr'><strong>hic</strong></span> <span class='ocrx_word' id='word_1_331' title='bbox 1379 2869 1644 2926; x_wconf 83' lang='lat' dir='ltr'><strong>dicimus?</strong></span> <span class='ocrx_word' id='word_1_332' title='bbox 1670 2885 1802 2926; x_wconf 88' lang='lat' dir='ltr'><strong>num</strong></span> <span class='ocrx_word' id='word_1_333' title='bbox 1827 2869 2008 2942; x_wconf 67' lang='lat' dir='ltr'><strong>poeni-</strong></span> 
     </span>
    </p>
   </div>
   <div class='ocr_carea' id='block_1_44' title="bbox 415 2953 2016 3034">
    <p class='ocr_par' dir='ltr' id='par_1_44' title="bbox 415 2953 2016 3034">
     <span class='ocr_line' id='line_1_44' title="bbox 415 2953 2016 3034; baseline 0.006 -26"><span class='ocrx_word' id='word_1_334' title='bbox 415 2954 650 3012; x_wconf 77' lang='lat' dir='ltr'><strong>tentiam</strong></span> <span class='ocrx_word' id='word_1_335' title='bbox 666 2953 866 3013; x_wconf 81' lang='lat' dir='ltr'><strong>Paulus</strong></span> <span class='ocrx_word' id='word_1_336' title='bbox 893 2957 1165 3014; x_wconf 83' lang='lat' dir='ltr'><strong>excludit?</strong></span> <span class='ocrx_word' id='word_1_337' title='bbox 1192 2975 1555 3032; x_wconf 84' lang='lat' dir='ltr'><strong>nequaquam.</strong></span> <span class='ocrx_word' id='word_1_338' title='bbox 1577 2960 1857 3029; x_wconf 86' lang='lat' dir='ltr'><strong>Quomodo</strong></span> <span class='ocrx_word' id='word_1_339' title='bbox 1877 2975 2016 3034; x_wconf 82' lang='lat' dir='ltr'><strong>ergo-</strong></span> 
     </span>
    </p>
   </div>
   <div class='ocr_carea' id='block_1_45' title="bbox 414 3045 2016 3124">
    <p class='ocr_par' dir='ltr' id='par_1_45' title="bbox 414 3045 2016 3124">
     <span class='ocr_line' id='line_1_45' title="bbox 414 3045 2016 3124; baseline 0.006 -22"><span class='ocrx_word' id='word_1_340' title='bbox 414 3045 568 3114; x_wconf 85' lang='lat' dir='ltr'><strong>dicit,</strong></span> <span class='ocrx_word' id='word_1_341' title='bbox 595 3047 736 3118; x_wconf 90' lang='lat' dir='ltr'><strong>quod</strong></span> <span class='ocrx_word' id='word_1_342' title='bbox 764 3063 874 3108; x_wconf 87' lang='lat' dir='ltr'><strong>non</strong></span> <span class='ocrx_word' id='word_1_343' title='bbox 901 3049 1172 3108; x_wconf 83' lang='lat' dir='ltr'><strong>invenerit</strong></span> <span class='ocrx_word' id='word_1_344' title='bbox 1191 3054 1526 3124; x_wconf 66' lang='lat' dir='ltr'><strong>paenitentiae</strong></span> <span class='ocrx_word' id='word_1_345' title='bbox 1547 3054 1758 3111; x_wconf 82' lang='lat' dir='ltr'><strong>locum?</strong></span> <span class='ocrx_word' id='word_1_346' title='bbox 1777 3054 1836 3110; x_wconf 89' lang='lat' dir='ltr'><strong>Si</strong></span> <span class='ocrx_word' id='word_1_347' title='bbox 1861 3054 2016 3112; x_wconf 81' lang='lat' dir='ltr'><strong>enim</strong></span> 
     </span>
    </p>
   </div>
   <div class='ocr_carea' id='block_1_46' title="bbox 414 3140 2003 3218">
    <p class='ocr_par' dir='ltr' id='par_1_46' title="bbox 414 3140 2003 3218">
     <span class='ocr_line' id='line_1_46' title="bbox 414 3140 2003 3218; baseline 0.004 -23"><span class='ocrx_word' id='word_1_348' title='bbox 414 3140 654 3213; x_wconf 84' lang='lat' dir='ltr'><strong>culpavit</strong></span> <span class='ocrx_word' id='word_1_349' title='bbox 677 3143 1052 3214; x_wconf 88' lang='lat' dir='ltr'><strong>semetipsum,</strong></span> <span class='ocrx_word' id='word_1_350' title='bbox 1081 3144 1128 3201; x_wconf 88' lang='lat' dir='ltr'><strong>si</strong></span> <span class='ocrx_word' id='word_1_351' title='bbox 1163 3147 1454 3217; x_wconf 85' lang='lat' dir='ltr'><strong>gemitibus</strong></span> <span class='ocrx_word' id='word_1_352' title='bbox 1481 3147 1692 3218; x_wconf 80' lang='lat' dir='ltr'><strong>magnis</strong></span> <span class='ocrx_word' id='word_1_353' title='bbox 1719 3147 2003 3218; x_wconf 83' lang='lat' dir='ltr'><strong>ingemuit,</strong></span> 
     </span>
    </p>
   </div>
   <div class='ocr_carea' id='block_1_47' title="bbox 413 3211 2078 3309">
    <p class='ocr_par' dir='ltr' id='par_1_47' title="bbox 413 3211 2078 3309">
     <span class='ocr_line' id='line_1_47' title="bbox 413 3211 2078 3309; baseline 0.004 -22"><span class='ocrx_word' id='word_1_354' title='bbox 413 3247 516 3288; x_wconf 90' lang='lat' dir='ltr'><strong>cur</strong></span> <span class='ocrx_word' id='word_1_355' title='bbox 534 3233 866 3302; x_wconf 68' lang='lat' dir='ltr'><strong>poenitentiae</strong></span> <span class='ocrx_word' id='word_1_356' title='bbox 886 3234 1074 3292; x_wconf 83' lang='lat' dir='ltr'><strong>locum</strong></span> <span class='ocrx_word' id='word_1_357' title='bbox 1087 3251 1196 3292; x_wconf 91' lang='lat' dir='ltr'><strong>non</strong></span> <span class='ocrx_word' id='word_1_358' title='bbox 1217 3239 1419 3293; x_wconf 91' lang='lat' dir='ltr'><strong>meruit</strong></span> <span class='ocrx_word' id='word_1_359' title='bbox 1443 3238 1726 3294; x_wconf 83' lang='lat' dir='ltr'><strong>invenire?</strong></span> <span class='ocrx_word' id='word_1_360' title='bbox 1747 3238 2006 3309; x_wconf 90' lang='lat' dir='ltr'><strong>quoniam</strong></span> <span class='ocrx_word' id='word_1_361' title='bbox 2032 3211 2078 3276; x_wconf 64' lang='grc' dir='ltr'><strong>(ἶ</strong></span> 
     </span>
    </p>
   </div>
   <div class='ocr_carea' id='block_1_48' title="bbox 413 3328 2009 3400">
    <p class='ocr_par' dir='ltr' id='par_1_48' title="bbox 413 3328 2009 3400">
     <span class='ocr_line' id='line_1_48' title="bbox 413 3328 2009 3400; baseline 0.004 -18"><span class='ocrx_word' id='word_1_362' title='bbox 413 3342 526 3383; x_wconf 81' lang='lat' dir='ltr'><strong>non</strong></span> <span class='ocrx_word' id='word_1_363' title='bbox 551 3338 672 3384; x_wconf 84' lang='lat' dir='ltr'><strong>erat</strong></span> <span class='ocrx_word' id='word_1_364' title='bbox 696 3328 786 3383; x_wconf 90' lang='lat' dir='ltr'><strong>illa</strong></span> <span class='ocrx_word' id='word_1_365' title='bbox 811 3329 1164 3400; x_wconf 75' lang='lat' dir='ltr'><strong>pmnitentia,</strong></span> <span class='ocrx_word' id='word_1_366' title='bbox 1214 3329 1359 3386; x_wconf 85' lang='lat' dir='ltr'><strong>sicut</strong></span> <span class='ocrx_word' id='word_1_367' title='bbox 1395 3339 1451 3387; x_wconf 90' lang='lat' dir='ltr'><strong>et</strong></span> <span class='ocrx_word' id='word_1_368' title='bbox 1486 3331 1706 3386; x_wconf 84' lang='lat' dir='ltr'><strong>tristitia</strong></span> <span class='ocrx_word' id='word_1_369' title='bbox 1735 3330 1871 3387; x_wconf 84' lang='lat' dir='ltr'><strong>Cain</strong></span> <span class='ocrx_word' id='word_1_370' title='bbox 1897 3345 2009 3388; x_wconf 84' lang='lat' dir='ltr'><strong>non</strong></span> 
     </span>
    </p>
   </div>
   <div class='ocr_carea' id='block_1_49' title="bbox 415 3420 2006 3496">
    <p class='ocr_par' dir='ltr' id='par_1_49' title="bbox 415 3420 2006 3496">
     <span class='ocr_line' id='line_1_49' title="bbox 415 3420 2006 3496; baseline 0.004 -22"><span class='ocrx_word' id='word_1_371' title='bbox 415 3435 482 3474; x_wconf 84' lang='lat' dir='ltr'><strong>ex</strong></span> <span class='ocrx_word' id='word_1_372' title='bbox 510 3420 829 3490; x_wconf 68' lang='lat' dir='ltr'><strong>paenitentia</strong></span> <span class='ocrx_word' id='word_1_373' title='bbox 859 3420 1235 3487; x_wconf 87' lang='lat' dir='ltr'><strong>descendebat,</strong></span> <span class='ocrx_word' id='word_1_374' title='bbox 1273 3422 1419 3492; x_wconf 91' lang='lat' dir='ltr'><strong>quod</strong></span> <span class='ocrx_word' id='word_1_375' title='bbox 1454 3422 1658 3478; x_wconf 89' lang='lat' dir='ltr'><strong>occisio</strong></span> <span class='ocrx_word' id='word_1_376' title='bbox 1690 3421 1883 3480; x_wconf 77' lang='lat' dir='ltr'><strong>fratris</strong></span> <span class='ocrx_word' id='word_1_377' title='bbox 1908 3439 2006 3496; x_wconf 89' lang='lat' dir='ltr'><strong>ap-</strong></span> 
     </span>
    </p>
   </div>
   <div class='ocr_carea' id='block_1_50' title="bbox 413 3513 2008 3586">
    <p class='ocr_par' dir='ltr' id='par_1_50' title="bbox 413 3513 2008 3586">
     <span class='ocr_line' id='line_1_50' title="bbox 413 3513 2008 3586; baseline 0.004 -19"><span class='ocrx_word' id='word_1_378' title='bbox 413 3515 620 3584; x_wconf 82' lang='lat' dir='ltr'><strong>paruit,</strong></span> <span class='ocrx_word' id='word_1_379' title='bbox 647 3514 729 3570; x_wconf 90' lang='lat' dir='ltr'><strong>sic</strong></span> <span class='ocrx_word' id='word_1_380' title='bbox 757 3513 926 3570; x_wconf 87' lang='lat' dir='ltr'><strong>etiam</strong></span> <span class='ocrx_word' id='word_1_381' title='bbox 967 3514 1056 3569; x_wconf 89' lang='lat' dir='ltr'><strong>hic</strong></span> <span class='ocrx_word' id='word_1_382' title='bbox 1081 3529 1190 3570; x_wconf 88' lang='lat' dir='ltr'><strong>non</strong></span> <span class='ocrx_word' id='word_1_383' title='bbox 1219 3523 1374 3570; x_wconf 89' lang='lat' dir='ltr'><strong>erant</strong></span> <span class='ocrx_word' id='word_1_384' title='bbox 1421 3514 1510 3570; x_wconf 89' lang='lat' dir='ltr'><strong>illa</strong></span> <span class='ocrx_word' id='word_1_385' title='bbox 1548 3515 1711 3572; x_wconf 86' lang='lat' dir='ltr'><strong>verba</strong></span> <span class='ocrx_word' id='word_1_386' title='bbox 1739 3517 2008 3586; x_wconf 69' lang='lat' dir='ltr'><strong>paeniten-</strong></span> 
     </span>
    </p>
   </div>
   <div class='ocr_carea' id='block_1_51' title="bbox 413 3601 2009 3676">
    <p class='ocr_par' dir='ltr' id='par_1_51' title="bbox 413 3601 2009 3676">
     <span class='ocr_line' id='line_1_51' title="bbox 413 3601 2009 3676; baseline 0.001 -17"><span class='ocrx_word' id='word_1_387' title='bbox 413 3605 526 3659; x_wconf 68' lang='lat' dir='ltr'><strong>tiae.</strong></span> <span class='ocrx_word' id='word_1_388' title='bbox 557 3601 703 3659; x_wconf 87' lang='lat' dir='ltr'><strong>Nam.</strong></span> <span class='ocrx_word' id='word_1_389' title='bbox 724 3603 814 3660; x_wconf 89' lang='lat' dir='ltr'><strong>hic</strong></span> <span class='ocrx_word' id='word_1_390' title='bbox 838 3601 1026 3659; x_wconf 78' lang='lat' dir='ltr'><strong>fratris</strong></span> <span class='ocrx_word' id='word_1_391' title='bbox 1049 3604 1330 3660; x_wconf 82' lang='lat' dir='ltr'><strong>occisione</strong></span> <span class='ocrx_word' id='word_1_392' title='bbox 1341 3603 1650 3674; x_wconf 86' lang='lat' dir='ltr'><strong>depalatur,</strong></span> <span class='ocrx_word' id='word_1_393' title='bbox 1665 3605 2009 3676; x_wconf 77' lang='lat' dir='ltr'><strong>quandoqui-</strong></span> 
     </span>
    </p>
   </div>
   <div class='ocr_carea' id='block_1_52' title="bbox 415 3691 2009 3767">
    <p class='ocr_par' dir='ltr' id='par_1_52' title="bbox 415 3691 2009 3767">
     <span class='ocr_line' id='line_1_52' title="bbox 415 3691 2009 3767; baseline 0.001 -16"><span class='ocrx_word' id='word_1_394' title='bbox 415 3695 566 3760; x_wconf 77' lang='lat' dir='ltr'><strong>dem,</strong></span> <span class='ocrx_word' id='word_1_395' title='bbox 580 3702 842 3766; x_wconf 59' lang='lat' dir='ltr'><strong>quantum</strong></span> <span class='ocrx_word' id='word_1_396' title='bbox 857 3695 926 3750; x_wconf 90' lang='lat' dir='ltr'><strong>ad</strong></span> <span class='ocrx_word' id='word_1_397' title='bbox 947 3691 1073 3764; x_wconf 41' lang='lat' dir='ltr'><strong>ejus.</strong></span> <span class='ocrx_word' id='word_1_398' title='bbox 1091 3694 1311 3750; x_wconf 85' lang='lat' dir='ltr'><strong>attinuit</strong></span> <span class='ocrx_word' id='word_1_399' title='bbox 1335 3693 1689 3761; x_wconf 78' lang='lat' dir='ltr'><strong>voluntatem,</strong></span> <span class='ocrx_word' id='word_1_400' title='bbox 1705 3694 1868 3750; x_wconf 86' lang='lat' dir='ltr'><strong>etiam</strong></span> <span class='ocrx_word' id='word_1_401' title='bbox 1895 3695 2009 3767; x_wconf 87' lang='lat' dir='ltr'><strong>ipse</strong></span> 
     </span>
    </p>
   </div>
   <div class='ocr_carea' id='block_1_53' title="bbox 415 3783 2004 3844">
    <p class='ocr_par' dir='ltr' id='par_1_53' title="bbox 415 3783 2004 3844">
     <span class='ocr_line' id='line_1_53' title="bbox 415 3783 2004 3844; baseline 0.003 -5"><span class='ocrx_word' id='word_1_402' title='bbox 415 3784 572 3840; x_wconf 90' lang='lat' dir='ltr'><strong>fratri</strong></span> <span class='ocrx_word' id='word_1_403' title='bbox 625 3800 725 3842; x_wconf 91' lang='lat' dir='ltr'><strong>suo</strong></span> <span class='ocrx_word' id='word_1_404' title='bbox 774 3783 942 3841; x_wconf 84' lang='lat' dir='ltr'><strong>Jacob</strong></span> <span class='ocrx_word' id='word_1_405' title='bbox 976 3784 1158 3840; x_wconf 87' lang='lat' dir='ltr'><strong>intulit</strong></span> <span class='ocrx_word' id='word_1_406' title='bbox 1204 3792 1457 3842; x_wconf 74' lang='lat' dir='ltr'><strong>mortem.</strong></span> <span class='ocrx_word' id='word_1_407' title='bbox 1516 3783 1651 3842; x_wconf 84' lang='lat' dir='ltr'><strong>Nam</strong></span> <span class='ocrx_word' id='word_1_408' title='bbox 1699 3785 1780 3842; x_wconf 89' lang='lat' dir='ltr'><strong>sic</strong></span> <span class='ocrx_word' id='word_1_409' title='bbox 1829 3785 2004 3844; x_wconf 85' lang='lat' dir='ltr'><strong>dixit:</strong></span> 
     </span>
    </p>
   </div>
   <div class='ocr_carea' id='block_1_54' title="bbox 423 3876 2008 3950">
    <p class='ocr_par' dir='ltr' id='par_1_54' title="bbox 423 3876 2008 3950">
     <span class='ocr_line' id='line_1_54' title="bbox 423 3876 2008 3950; baseline 0.004 -21"><span class='ocrx_word' id='word_1_410' title='bbox 423 3895 451 3929; x_wconf 75' lang='grc' dir='ltr'><strong>ι.</strong></span> <span class='ocrx_word' id='word_1_411' title='bbox 474 3878 948 3949; x_wconf 78' lang='lat' dir='ltr'><strong>Appropinquant,</strong></span> <span class='ocrx_word' id='word_1_412' title='bbox 974 3876 1182 3949; x_wconf 79' lang='lat' dir='ltr'><strong>inquit,</strong></span> <span class='ocrx_word' id='word_1_413' title='bbox 1223 3878 1342 3934; x_wconf 90' lang='lat' dir='ltr'><strong>dies</strong></span> <span class='ocrx_word' id='word_1_414' title='bbox 1375 3878 1646 3949; x_wconf 83' lang='lat' dir='ltr'><strong>passionis</strong></span> <span class='ocrx_word' id='word_1_415' title='bbox 1672 3878 1842 3950; x_wconf 88' lang='lat' dir='ltr'><strong>patris</strong></span> <span class='ocrx_word' id='word_1_416' title='bbox 1879 3879 2008 3948; x_wconf 89' lang='lat' dir='ltr'><strong>mei,</strong></span> 
     </span>
    </p>
   </div>
   <div class='ocr_carea' id='block_1_55' title="bbox 417 3970 2008 4044">
    <p class='ocr_par' dir='ltr' id='par_1_55' title="bbox 417 3970 2008 4044">
     <span class='ocr_line' id='line_1_55' title="bbox 417 3970 2008 4044; baseline -0.001 -16"><span class='ocrx_word' id='word_1_417' title='bbox 417 3981 475 4028; x_wconf 92' lang='lat' dir='ltr'><strong>ct</strong></span> <span class='ocrx_word' id='word_1_418' title='bbox 507 3971 830 4028; x_wconf 84' lang='lat' dir='ltr'><strong>interﬁciam</strong></span> <span class='ocrx_word' id='word_1_419' title='bbox 857 3970 1024 4027; x_wconf 83' lang='lat' dir='ltr'><strong>Jacob</strong></span> <span class='ocrx_word' id='word_1_420' title='bbox 1061 3970 1284 4027; x_wconf 78' lang='lat' dir='ltr'><strong>fratrem</strong></span> <span class='ocrx_word' id='word_1_421' title='bbox 1311 3985 1515 4027; x_wconf 86' lang='lat' dir='ltr'><strong>meum.</strong></span> <span class='ocrx_word' id='word_1_422' title='bbox 1553 3991 1576 4026; x_wconf 83' lang='grc'>›</span> <span class='ocrx_word' id='word_1_423' title='bbox 1602 3970 1722 4028; x_wconf 88' lang='lat' dir='ltr'><strong>Non</strong></span> <span class='ocrx_word' id='word_1_424' title='bbox 1745 3985 1876 4044; x_wconf 87' lang='lat' dir='ltr'><strong>ergo</strong></span> <span class='ocrx_word' id='word_1_425' title='bbox 1909 3987 2008 4027; x_wconf 87' lang='lat' dir='ltr'><strong>va-</strong></span> 
     </span>
    </p>
   </div>
   <div class='ocr_carea' id='block_1_56' title="bbox 417 4063 2016 4136">
    <p class='ocr_par' dir='ltr' id='par_1_56' title="bbox 417 4063 2016 4136">
     <span class='ocr_line' id='line_1_56' title="bbox 417 4063 2016 4136; baseline 0.001 -18"><span class='ocrx_word' id='word_1_426' title='bbox 417 4065 636 4121; x_wconf 87' lang='lat' dir='ltr'><strong>luerunt</strong></span> <span class='ocrx_word' id='word_1_427' title='bbox 669 4065 796 4121; x_wconf 70' lang='lat' dir='ltr'><strong>solae</strong></span> <span class='ocrx_word' id='word_1_428' title='bbox 838 4064 1092 4136; x_wconf 66' lang='lat' dir='ltr'><strong>lacrymte</strong></span> <span class='ocrx_word' id='word_1_429' title='bbox 1126 4063 1502 4134; x_wconf 73' lang='lat' dir='ltr'><strong>pmnitentiam</strong></span> <span class='ocrx_word' id='word_1_430' title='bbox 1544 4063 1620 4120; x_wconf 92' lang='lat' dir='ltr'><strong>illi</strong></span> <span class='ocrx_word' id='word_1_431' title='bbox 1657 4064 1911 4120; x_wconf 89' lang='lat' dir='ltr'><strong>tribuere.</strong></span> <span class='ocrx_word' id='word_1_432' title='bbox 1945 4064 2016 4120; x_wconf 88' lang='lat' dir='ltr'><strong>Et</strong></span> 
     </span>
    </p>
   </div>
   <div class='ocr_carea' id='block_1_57' title="bbox 418 4154 2017 4226">
    <p class='ocr_par' dir='ltr' id='par_1_57' title="bbox 418 4154 2017 4226">
     <span class='ocr_line' id='line_1_57' title="bbox 418 4154 2017 4226; baseline -0.001 -14"><span class='ocrx_word' id='word_1_433' title='bbox 418 4173 539 4212; x_wconf 86' lang='lat' dir='ltr'><strong>non</strong></span> <span class='ocrx_word' id='word_1_434' title='bbox 558 4157 694 4213; x_wconf 88' lang='lat' dir='ltr'><strong>dixit</strong></span> <span class='ocrx_word' id='word_1_435' title='bbox 721 4155 1059 4225; x_wconf 86' lang='lat' dir='ltr'><strong>simpliciter,</strong></span> <span class='ocrx_word' id='word_1_436' title='bbox 1077 4155 1204 4225; x_wconf 90' lang='lat' dir='ltr'><strong>quia</strong></span> <span class='ocrx_word' id='word_1_437' title='bbox 1227 4169 1326 4224; x_wconf 90' lang='lat' dir='ltr'><strong>per</strong></span> <span class='ocrx_word' id='word_1_438' title='bbox 1344 4154 1718 4226; x_wconf 60' lang='lat' dir='ltr'><strong>paenitentiam</strong></span> <span class='ocrx_word' id='word_1_439' title='bbox 1739 4154 2017 4225; x_wconf 80' lang='lat' dir='ltr'><strong>quaesivit,</strong></span> 
     </span>
    </p>
   </div>
   <div class='ocr_carea' id='block_1_58' title="bbox 419 4244 2014 4316">
    <p class='ocr_par' dir='ltr' id='par_1_58' title="bbox 419 4244 2014 4316">
     <span class='ocr_line' id='line_1_58' title="bbox 419 4244 2014 4316; baseline -0.002 -13"><span class='ocrx_word' id='word_1_440' title='bbox 419 4247 517 4304; x_wconf 86' lang='lat' dir='ltr'><strong>sed</strong></span> <span class='ocrx_word' id='word_1_441' title='bbox 549 4265 569 4300; x_wconf 73' lang='grc' dir='ltr'>ι</span> <span class='ocrx_word' id='word_1_442' title='bbox 603 4261 727 4303; x_wconf 89' lang='lat' dir='ltr'><strong>cum</strong></span> <span class='ocrx_word' id='word_1_443' title='bbox 755 4245 1022 4316; x_wconf 82' lang='lat' dir='ltr'><strong>lacrymis-</strong></span> <span class='ocrx_word' id='word_1_444' title='bbox 1057 4245 1337 4316; x_wconf 85' lang='lat' dir='ltr'><strong>inquisivit</strong></span> <span class='ocrx_word' id='word_1_445' title='bbox 1363 4245 1700 4315; x_wconf 69' lang='lat' dir='ltr'><strong>pmnitentiaa</strong></span> <span class='ocrx_word' id='word_1_446' title='bbox 1739 4244 1918 4301; x_wconf 88' lang='lat' dir='ltr'><strong>locum</strong></span> <span class='ocrx_word' id='word_1_447' title='bbox 1955 4253 2014 4302; x_wconf 90' lang='lat' dir='ltr'><strong>et</strong></span> 
     </span>
    </p>
   </div>
   <div class='ocr_carea' id='block_1_59' title="bbox 419 4335 2010 4408">
    <p class='ocr_par' dir='ltr' id='par_1_59' title="bbox 419 4335 2010 4408">
     <span class='ocr_line' id='line_1_59' title="bbox 419 4335 2010 4408; baseline -0.003 -14"><span class='ocrx_word' id='word_1_448' title='bbox 419 4354 528 4394; x_wconf 88' lang='lat' dir='ltr'><strong>non</strong></span> <span class='ocrx_word' id='word_1_449' title='bbox 559 4338 782 4394; x_wconf 82' lang='lat' dir='ltr'><strong>invenit.</strong></span> <span class='ocrx_word' id='word_1_450' title='bbox 824 4357 842 4388; x_wconf 73' lang='grc' dir='ltr'><strong>ι</strong></span> <span class='ocrx_word' id='word_1_451' title='bbox 878 4335 1018 4402; x_wconf 85' lang='lat' dir='ltr'><strong>Quid</strong></span> <span class='ocrx_word' id='word_1_452' title='bbox 1044 4351 1176 4408; x_wconf 86' lang='lat' dir='ltr'><strong>ergo</strong></span> <span class='ocrx_word' id='word_1_453' title='bbox 1195 4336 1283 4392; x_wconf 88' lang='lat' dir='ltr'><strong>hic</strong></span> <span class='ocrx_word' id='word_1_454' title='bbox 1311 4335 1586 4392; x_wconf 86' lang='lat' dir='ltr'><strong>dicimus?</strong></span> <span class='ocrx_word' id='word_1_455' title='bbox 1615 4335 1721 4392; x_wconf 89' lang='lat' dir='ltr'><strong>nisi</strong></span> <span class='ocrx_word' id='word_1_456' title='bbox 1751 4335 1877 4406; x_wconf 89' lang='lat' dir='ltr'><strong>quia</strong></span> <span class='ocrx_word' id='word_1_457' title='bbox 1901 4349 2010 4394; x_wconf 87' lang='lat' dir='ltr'><strong>non</strong></span> 
     </span>
    </p>
   </div>
   <div class='ocr_carea' id='block_1_60' title="bbox 419 4426 2016 4502">
    <p class='ocr_par' dir='ltr' id='par_1_60' title="bbox 419 4426 2016 4502">
     <span class='ocr_line' id='line_1_60' title="bbox 419 4426 2016 4502; baseline -0.001 -16"><span class='ocrx_word' id='word_1_458' title='bbox 419 4429 676 4502; x_wconf 74' lang='lat' dir='ltr'><strong>paenituit</strong></span> <span class='ocrx_word' id='word_1_459' title='bbox 721 4437 784 4484; x_wconf 89' lang='lat' dir='ltr'><strong>ut</strong></span> <span class='ocrx_word' id='word_1_460' title='bbox 839 4428 1109 4484; x_wconf 85' lang='lat' dir='ltr'><strong>convenit.</strong></span> <span class='ocrx_word' id='word_1_461' title='bbox 1158 4426 1271 4483; x_wconf 82' lang='lat' dir='ltr'><strong>Hoc</strong></span> <span class='ocrx_word' id='word_1_462' title='bbox 1319 4426 1466 4482; x_wconf 88' lang='lat' dir='ltr'><strong>enim</strong></span> <span class='ocrx_word' id='word_1_463' title='bbox 1513 4435 1598 4483; x_wconf 88' lang='lat' dir='ltr'><strong>est</strong></span> <span class='ocrx_word' id='word_1_464' title='bbox 1654 4426 2016 4497; x_wconf 74' lang='lat' dir='ltr'><strong>ptenitentia,</strong></span> 
     </span>
    </p>
   </div>
   <div class='ocr_carea' id='block_1_61' title="bbox 419 4517 2013 4592">
    <p class='ocr_par' dir='ltr' id='par_1_61' title="bbox 419 4517 2013 4592">
     <span class='ocr_line' id='line_1_61' title="bbox 419 4517 2013 4592; baseline -0.001 -16"><span class='ocrx_word' id='word_1_465' title='bbox 419 4527 856 4592; x_wconf 85' lang='lat' dir='ltr'><strong>utcongruenter</strong></span> <span class='ocrx_word' id='word_1_466' title='bbox 874 4527 1094 4591; x_wconf 84' lang='lat' dir='ltr'><strong>geratur</strong></span> <span class='ocrx_word' id='word_1_467' title='bbox 1110 4535 1132 4586; x_wconf 70' lang='lat'><strong>&#39;,</strong></span> <span class='ocrx_word' id='word_1_468' title='bbox 1149 4517 1392 4588; x_wconf 84' lang='lat' dir='ltr'><strong>alioquin</strong></span> <span class='ocrx_word' id='word_1_469' title='bbox 1407 4518 1453 4573; x_wconf 90' lang='lat' dir='ltr'><strong>si</strong></span> <span class='ocrx_word' id='word_1_470' title='bbox 1472 4517 2013 4589; x_wconf 70' lang='lat' dir='ltr'><strong>pmnitentiamdam—</strong></span> 
     </span>
    </p>
   </div>
   <div class='ocr_carea' id='block_1_62' title="bbox 2108 1952 3732 2020">
    <p class='ocr_par' dir='ltr' id='par_1_62' title="bbox 2108 1952 3732 2020">
     <span class='ocr_line' id='line_1_62' title="bbox 2108 1952 3732 2020; baseline -0.001 -10"><span class='ocrx_word' id='word_1_471' title='bbox 2108 1962 2252 2020; x_wconf 87' lang='lat' dir='ltr'><strong>cata,</strong></span> <span class='ocrx_word' id='word_1_472' title='bbox 2295 1953 2414 2010; x_wconf 63' lang='lat' dir='ltr'><strong>haec</strong></span> <span class='ocrx_word' id='word_1_473' title='bbox 2446 1953 2856 2010; x_wconf 90' lang='lat' dir='ltr'><strong>considerantes</strong></span> <span class='ocrx_word' id='word_1_474' title='bbox 2883 1953 3166 2009; x_wconf 90' lang='lat' dir='ltr'><strong>attendant</strong></span> <span class='ocrx_word' id='word_1_475' title='bbox 3197 1966 3295 2008; x_wconf 90' lang='lat' dir='ltr'><strong>cur</strong></span> <span class='ocrx_word' id='word_1_476' title='bbox 3319 1952 3460 2008; x_wconf 89' lang='lat' dir='ltr'><strong>Esau</strong></span> <span class='ocrx_word' id='word_1_477' title='bbox 3482 1953 3732 2008; x_wconf 79' lang='lat' dir='ltr'><strong>veniam</strong></span> 
     </span>
    </p>
   </div>
   <div class='ocr_carea' id='block_1_63' title="bbox 2107 2031 3733 2118">
    <p class='ocr_par' dir='ltr' id='par_1_63' title="bbox 2107 2031 3733 2118">
     <span class='ocr_line' id='line_1_63' title="bbox 2107 2031 3733 2118; baseline 0 -18"><span class='ocrx_word' id='word_1_478' title='bbox 2107 2060 2216 2101; x_wconf 91' lang='lat' dir='ltr'><strong>non</strong></span> <span class='ocrx_word' id='word_1_479' title='bbox 2247 2046 2422 2117; x_wconf 91' lang='lat' dir='ltr'><strong>potuit</strong></span> <span class='ocrx_word' id='word_1_480' title='bbox 2445 2046 2696 2118; x_wconf 90' lang='lat' dir='ltr'><strong>adipisci,</strong></span> <span class='ocrx_word' id='word_1_481' title='bbox 2735 2046 2864 2117; x_wconf 90' lang='lat' dir='ltr'><strong>quia</strong></span> <span class='ocrx_word' id='word_1_482' title='bbox 2906 2044 3161 2102; x_wconf 89' lang='lat' dir='ltr'><strong>videlicet</strong></span> <span class='ocrx_word' id='word_1_483' title='bbox 3193 2031 3302 2100; x_wconf 91' lang='lat' dir='ltr'><strong>non</strong></span> <span class='ocrx_word' id='word_1_484' title='bbox 3341 2044 3610 2114; x_wconf 77' lang='lat' dir='ltr'><strong>paenituit</strong></span> <span class='ocrx_word' id='word_1_485' title='bbox 3662 2052 3733 2100; x_wconf 80' lang='lat' dir='ltr'><strong>ut</strong></span> 
     </span>
    </p>
   </div>
   <div class='ocr_carea' id='block_1_64' title="bbox 2109 2135 3730 2210">
    <p class='ocr_par' dir='ltr' id='par_1_64' title="bbox 2109 2135 3730 2210">
     <span class='ocr_line' id='line_1_64' title="bbox 2109 2135 3730 2210; baseline -0.004 -16"><span class='ocrx_word' id='word_1_486' title='bbox 2109 2138 2316 2194; x_wconf 90' lang='lat' dir='ltr'><strong>debuit.</strong></span> <span class='ocrx_word' id='word_1_487' title='bbox 2347 2137 2627 2210; x_wconf 74' lang='lat' dir='ltr'><strong>Lacrymze</strong></span> <span class='ocrx_word' id='word_1_488' title='bbox 2654 2138 2853 2210; x_wconf 90' lang='lat' dir='ltr'><strong>quippe</strong></span> <span class='ocrx_word' id='word_1_489' title='bbox 2881 2137 2986 2194; x_wconf 70' lang='lat' dir='ltr'><strong>illa:</strong></span> <span class='ocrx_word' id='word_1_490' title='bbox 3015 2151 3123 2192; x_wconf 90' lang='lat' dir='ltr'><strong>non</strong></span> <span class='ocrx_word' id='word_1_491' title='bbox 3153 2145 3312 2191; x_wconf 88' lang='lat' dir='ltr'><strong>erant</strong></span> <span class='ocrx_word' id='word_1_492' title='bbox 3342 2135 3730 2206; x_wconf 76' lang='lat' dir='ltr'><strong>ptenitentim,</strong></span> 
     </span>
    </p>
   </div>
   <div class='ocr_carea' id='block_1_65' title="bbox 2110 2225 3732 2301">
    <p class='ocr_par' dir='ltr' id='par_1_65' title="bbox 2110 2225 3732 2301">
     <span class='ocr_line' id='line_1_65' title="bbox 2110 2225 3732 2301; baseline -0.004 -16"><span class='ocrx_word' id='word_1_493' title='bbox 2110 2229 2206 2285; x_wconf 89' lang='lat' dir='ltr'><strong>sed</strong></span> <span class='ocrx_word' id='word_1_494' title='bbox 2234 2229 2402 2286; x_wconf 90' lang='lat' dir='ltr'><strong>animi</strong></span> <span class='ocrx_word' id='word_1_495' title='bbox 2437 2229 2658 2285; x_wconf 86' lang='lat' dir='ltr'><strong>violenti</strong></span> <span class='ocrx_word' id='word_1_496' title='bbox 2689 2238 2746 2285; x_wconf 89' lang='lat' dir='ltr'><strong>et</strong></span> <span class='ocrx_word' id='word_1_497' title='bbox 2795 2228 3184 2301; x_wconf 86' lang='lat' dir='ltr'><strong>indignationis</strong></span> <span class='ocrx_word' id='word_1_498' title='bbox 3205 2235 3432 2293; x_wconf 63' lang='lat' dir='ltr'><strong>exortis,</strong></span> <span class='ocrx_word' id='word_1_499' title='bbox 3466 2225 3626 2296; x_wconf 83' lang='lat' dir='ltr'><strong>quod</strong></span> <span class='ocrx_word' id='word_1_500' title='bbox 3649 2240 3732 2280; x_wconf 79' lang='lat' dir='ltr'><strong>ex</strong></span> 
     </span>
    </p>
   </div>
   <div class='ocr_carea' id='block_1_66' title="bbox 2108 2320 2806 2394">
    <p class='ocr_par' dir='ltr' id='par_1_66' title="bbox 2108 2320 2806 2394">
     <span class='ocr_line' id='line_1_66' title="bbox 2108 2320 2806 2394; baseline -0.001 -16"><span class='ocrx_word' id='word_1_501' title='bbox 2108 2320 2225 2392; x_wconf 77' lang='lat' dir='ltr'><strong>eius</strong></span> <span class='ocrx_word' id='word_1_502' title='bbox 2257 2322 2514 2394; x_wconf 86' lang='lat' dir='ltr'><strong>operibus</strong></span> <span class='ocrx_word' id='word_1_503' title='bbox 2534 2321 2806 2393; x_wconf 85' lang='lat' dir='ltr'><strong>aperitur.</strong></span> 
     </span>
    </p>
   </div>
   <div class='ocr_carea' id='block_1_67' title="bbox 2185 2406 3722 2469">
    <p class='ocr_par' dir='ltr' id='par_1_67' title="bbox 2185 2406 3722 2469">
     <span class='ocr_line' id='line_1_67' title="bbox 2185 2406 3722 2469; baseline -0.003 -3"><span class='ocrx_word' id='word_1_504' title='bbox 2185 2431 2211 2465; x_wconf 74' lang='grc' dir='ltr'><strong>ι.</strong></span> <span class='ocrx_word' id='word_1_505' title='bbox 2236 2413 2354 2469; x_wconf 83' lang='lat' dir='ltr'><strong>Non</strong></span> <span class='ocrx_word' id='word_1_506' title='bbox 2379 2413 2532 2468; x_wconf 86' lang='lat' dir='ltr'><strong>enim</strong></span> <span class='ocrx_word' id='word_1_507' title='bbox 2561 2412 2872 2469; x_wconf 86' lang='lat' dir='ltr'><strong>accessistis</strong></span> <span class='ocrx_word' id='word_1_508' title='bbox 2895 2411 2964 2468; x_wconf 90' lang='lat' dir='ltr'><strong>ad</strong></span> <span class='ocrx_word' id='word_1_509' title='bbox 2987 2409 3324 2468; x_wconf 85' lang='lat' dir='ltr'><strong>tractabilem</strong></span> <span class='ocrx_word' id='word_1_510' title='bbox 3351 2415 3408 2464; x_wconf 90' lang='lat' dir='ltr'><strong>et</strong></span> <span class='ocrx_word' id='word_1_511' title='bbox 3454 2406 3722 2464; x_wconf 75' lang='lat' dir='ltr'><strong>accessi-</strong></span> 
     </span>
    </p>
   </div>
   <div class='ocr_carea' id='block_1_68' title="bbox 2113 2499 3727 2578">
    <p class='ocr_par' dir='ltr' id='par_1_68' title="bbox 2113 2499 3727 2578">
     <span class='ocr_line' id='line_1_68' title="bbox 2113 2499 3727 2578; baseline -0.002 -19"><span class='ocrx_word' id='word_1_512' title='bbox 2113 2522 2140 2558; x_wconf 69' lang='grc' dir='ltr'><strong>ι</strong></span> <span class='ocrx_word' id='word_1_513' title='bbox 2170 2505 2334 2561; x_wconf 89' lang='lat' dir='ltr'><strong>bilem</strong></span> <span class='ocrx_word' id='word_1_514' title='bbox 2363 2507 2566 2578; x_wconf 83' lang='lat' dir='ltr'><strong>ignem,</strong></span> <span class='ocrx_word' id='word_1_515' title='bbox 2595 2515 2652 2562; x_wconf 88' lang='lat' dir='ltr'><strong>et</strong></span> <span class='ocrx_word' id='word_1_516' title='bbox 2678 2506 2972 2571; x_wconf 82' lang='lat' dir='ltr'><strong>turbinem,</strong></span> <span class='ocrx_word' id='word_1_517' title='bbox 3003 2514 3060 2560; x_wconf 90' lang='lat' dir='ltr'><strong>et</strong></span> <span class='ocrx_word' id='word_1_518' title='bbox 3077 2503 3386 2574; x_wconf 88' lang='lat' dir='ltr'><strong>caliginem,</strong></span> <span class='ocrx_word' id='word_1_519' title='bbox 3411 2509 3467 2557; x_wconf 92' lang='lat' dir='ltr'><strong>et</strong></span> <span class='ocrx_word' id='word_1_520' title='bbox 3488 2499 3727 2572; x_wconf 79' lang='lat' dir='ltr'><strong>procel-</strong></span> 
     </span>
    </p>
   </div>
   <div class='ocr_carea' id='block_1_69' title="bbox 2114 2595 3730 2666">
    <p class='ocr_par' dir='ltr' id='par_1_69' title="bbox 2114 2595 3730 2666">
     <span class='ocr_line' id='line_1_69' title="bbox 2114 2595 3730 2666; baseline 0 -18"><span class='ocrx_word' id='word_1_521' title='bbox 2114 2614 2134 2648; x_wconf 76' lang='grc' dir='ltr'>ι</span> <span class='ocrx_word' id='word_1_522' title='bbox 2169 2596 2299 2664; x_wconf 86' lang='lat' dir='ltr'><strong>lam,</strong></span> <span class='ocrx_word' id='word_1_523' title='bbox 2325 2605 2381 2653; x_wconf 90' lang='lat' dir='ltr'><strong>et</strong></span> <span class='ocrx_word' id='word_1_524' title='bbox 2406 2597 2546 2654; x_wconf 70' lang='lat' dir='ltr'><strong>tubre</strong></span> <span class='ocrx_word' id='word_1_525' title='bbox 2569 2607 2856 2666; x_wconf 85' lang='lat' dir='ltr'><strong>sonum,et</strong></span> <span class='ocrx_word' id='word_1_526' title='bbox 2878 2613 3070 2654; x_wconf 84' lang='lat' dir='ltr'><strong>vocem</strong></span> <span class='ocrx_word' id='word_1_527' title='bbox 3086 2597 3399 2662; x_wconf 86' lang='lat' dir='ltr'><strong>verborum,</strong></span> <span class='ocrx_word' id='word_1_528' title='bbox 3419 2610 3592 2666; x_wconf 87' lang='lat' dir='ltr'><strong>quam</strong></span> <span class='ocrx_word' id='word_1_529' title='bbox 3613 2595 3730 2666; x_wconf 83' lang='lat' dir='ltr'><strong>qui</strong></span> 
     </span>
    </p>
   </div>
   <div class='ocr_carea' id='block_1_70' title="bbox 2113 2689 3722 2750">
    <p class='ocr_par' dir='ltr' id='par_1_70' title="bbox 2113 2689 3722 2750">
     <span class='ocr_line' id='line_1_70' title="bbox 2113 2689 3722 2750; baseline 0.002 -8"><span class='ocrx_word' id='word_1_530' title='bbox 2113 2707 2141 2742; x_wconf 77' lang='grc' dir='ltr'><strong>ι-</strong></span> <span class='ocrx_word' id='word_1_531' title='bbox 2169 2689 2457 2746; x_wconf 88' lang='lat' dir='ltr'><strong>audierunt</strong></span> <span class='ocrx_word' id='word_1_532' title='bbox 2500 2701 2899 2750; x_wconf 78' lang='lat' dir='ltr'><strong>excusaverunt</strong></span> <span class='ocrx_word' id='word_1_533' title='bbox 2935 2707 3002 2748; x_wconf 85' lang='lat' dir='ltr'><strong>se</strong></span> <span class='ocrx_word' id='word_1_534' title='bbox 3023 2707 3092 2748; x_wconf 87' lang='lat' dir='ltr'><strong>ne</strong></span> <span class='ocrx_word' id='word_1_535' title='bbox 3131 2693 3216 2748; x_wconf 89' lang='lat' dir='ltr'><strong>eis</strong></span> <span class='ocrx_word' id='word_1_536' title='bbox 3250 2691 3408 2746; x_wconf 79' lang='lat' dir='ltr'><strong>fieret</strong></span> <span class='ocrx_word' id='word_1_537' title='bbox 3429 2691 3678 2746; x_wconf 72' lang='lat' dir='ltr'><strong>verba</strong></span> <span class='ocrx_word' id='word_1_538' title='bbox 3700 2709 3722 2746; x_wconf 87' lang='lat'><strong>:</strong></span> 
     </span>
    </p>
   </div>
   <div class='ocr_carea' id='block_1_71' title="bbox 2113 2778 3724 2852">
    <p class='ocr_par' dir='ltr' id='par_1_71' title="bbox 2113 2778 3724 2852">
     <span class='ocr_line' id='line_1_71' title="bbox 2113 2778 3724 2852; baseline 0.002 -20"><span class='ocrx_word' id='word_1_539' title='bbox 2113 2796 2134 2832; x_wconf 71' lang='grc' dir='ltr'>ι</span> <span class='ocrx_word' id='word_1_540' title='bbox 2171 2793 2278 2834; x_wconf 88' lang='lat' dir='ltr'><strong>non</strong></span> <span class='ocrx_word' id='word_1_541' title='bbox 2301 2778 2453 2834; x_wconf 87' lang='lat' dir='ltr'><strong>enim</strong></span> <span class='ocrx_word' id='word_1_542' title='bbox 2475 2781 2793 2851; x_wconf 77' lang='lat' dir='ltr'><strong>portabant,</strong></span> <span class='ocrx_word' id='word_1_543' title='bbox 2813 2781 2958 2852; x_wconf 83' lang='lat' dir='ltr'><strong>quod</strong></span> <span class='ocrx_word' id='word_1_544' title='bbox 2985 2781 3299 2846; x_wconf 77' lang='lat' dir='ltr'><strong>dicebatur,</strong></span> <span class='ocrx_word' id='word_1_545' title='bbox 3327 2779 3400 2834; x_wconf 79' lang='lat' dir='ltr'><strong>Et</strong></span> <span class='ocrx_word' id='word_1_546' title='bbox 3437 2779 3484 2834; x_wconf 89' lang='lat' dir='ltr'><strong>si</strong></span> <span class='ocrx_word' id='word_1_547' title='bbox 3523 2779 3724 2836; x_wconf 77' lang='lat' dir='ltr'><strong>bestia</strong></span> 
     </span>
    </p>
   </div>
   <div class='ocr_carea' id='block_1_72' title="bbox 2113 2868 3722 2942">
    <p class='ocr_par' dir='ltr' id='par_1_72' title="bbox 2113 2868 3722 2942">
     <span class='ocr_line' id='line_1_72' title="bbox 2113 2868 3722 2942; baseline 0.001 -19"><span class='ocrx_word' id='word_1_548' title='bbox 2113 2886 2136 2923; x_wconf 75' lang='grc' dir='ltr'>σ</span> <span class='ocrx_word' id='word_1_549' title='bbox 2169 2868 2406 2941; x_wconf 83' lang='lat' dir='ltr'><strong>tetigerit</strong></span> <span class='ocrx_word' id='word_1_550' title='bbox 2437 2876 2703 2937; x_wconf 87' lang='lat' dir='ltr'><strong>montem,</strong></span> <span class='ocrx_word' id='word_1_551' title='bbox 2720 2870 3070 2942; x_wconf 87' lang='lat' dir='ltr'><strong>lapidabitur,</strong></span> <span class='ocrx_word' id='word_1_552' title='bbox 3095 2877 3150 2926; x_wconf 91' lang='lat' dir='ltr'><strong>et</strong></span> <span class='ocrx_word' id='word_1_553' title='bbox 3177 2870 3250 2925; x_wconf 89' lang='lat' dir='ltr'><strong>ita</strong></span> <span class='ocrx_word' id='word_1_554' title='bbox 3279 2869 3522 2926; x_wconf 89' lang='lat' dir='ltr'><strong>terribile</strong></span> <span class='ocrx_word' id='word_1_555' title='bbox 3544 2879 3682 2924; x_wconf 79' lang='lat' dir='ltr'><strong>erat</strong></span> <span class='ocrx_word' id='word_1_556' title='bbox 3699 2912 3722 2939; x_wconf 86' lang='lat'><strong>,</strong></span> 
     </span>
    </p>
   </div>
   <div class='ocr_carea' id='block_1_73' title="bbox 2114 2957 3722 3033">
    <p class='ocr_par' dir='ltr' id='par_1_73' title="bbox 2114 2957 3722 3033">
     <span class='ocr_line' id='line_1_73' title="bbox 2114 2957 3722 3033; baseline 0.003 -21"><span class='ocrx_word' id='word_1_557' title='bbox 2114 2977 2140 3012; x_wconf 76' lang='grc' dir='ltr'><strong>ι.</strong></span> <span class='ocrx_word' id='word_1_558' title='bbox 2169 2957 2317 3030; x_wconf 87' lang='lat' dir='ltr'><strong>quod</strong></span> <span class='ocrx_word' id='word_1_559' title='bbox 2355 2958 2678 3026; x_wconf 87' lang='lat' dir='ltr'><strong>videbatur,</strong></span> <span class='ocrx_word' id='word_1_560' title='bbox 2703 2959 2916 3033; x_wconf 70' lang='lat' dir='ltr'><strong>Moyses</strong></span> <span class='ocrx_word' id='word_1_561' title='bbox 2955 2962 3130 3017; x_wconf 82' lang='lat' dir='ltr'><strong>dixit:</strong></span> <span class='ocrx_word' id='word_1_562' title='bbox 3153 2960 3455 3018; x_wconf 86' lang='lat' dir='ltr'><strong>Exterritus</strong></span> <span class='ocrx_word' id='word_1_563' title='bbox 3495 2977 3624 3017; x_wconf 86' lang='lat' dir='ltr'><strong>sum</strong></span> <span class='ocrx_word' id='word_1_564' title='bbox 3657 2971 3722 3017; x_wconf 85' lang='lat' dir='ltr'><strong>et</strong></span> 
     </span>
    </p>
   </div>
   <div class='ocr_carea' id='block_1_74' title="bbox 2113 3051 3724 3126">
    <p class='ocr_par' dir='ltr' id='par_1_74' title="bbox 2113 3051 3724 3126">
     <span class='ocr_line' id='line_1_74' title="bbox 2113 3051 3724 3126; baseline 0.004 -22"><span class='ocrx_word' id='word_1_565' title='bbox 2113 3068 2140 3104; x_wconf 75' lang='grc' dir='ltr'>ι</span> <span class='ocrx_word' id='word_1_566' title='bbox 2171 3051 2575 3108; x_wconf 84' lang='lat' dir='ltr'><strong>tremebundus.</strong></span> <span class='ocrx_word' id='word_1_567' title='bbox 2607 3070 2635 3106; x_wconf 75' lang='grc' dir='ltr'><strong>ι-</strong></span> <span class='ocrx_word' id='word_1_568' title='bbox 2661 3051 2831 3108; x_wconf 87' lang='lat' dir='ltr'><strong>Erant</strong></span> <span class='ocrx_word' id='word_1_569' title='bbox 2851 3052 3070 3122; x_wconf 85' lang='lat' dir='ltr'><strong>quidem</strong></span> <span class='ocrx_word' id='word_1_570' title='bbox 3089 3054 3271 3110; x_wconf 88' lang='lat' dir='ltr'><strong>omnia</strong></span> <span class='ocrx_word' id='word_1_571' title='bbox 3291 3053 3474 3126; x_wconf 90' lang='lat' dir='ltr'><strong>templi</strong></span> <span class='ocrx_word' id='word_1_572' title='bbox 3499 3054 3724 3111; x_wconf 80' lang='lat' dir='ltr'><strong>veteris</strong></span> 
     </span>
    </p>
   </div>
   <div class='ocr_carea' id='block_1_75' title="bbox 2108 3140 3725 3209">
    <p class='ocr_par' dir='ltr' id='par_1_75' title="bbox 2108 3140 3725 3209">
     <span class='ocr_line' id='line_1_75' title="bbox 2108 3140 3725 3209; baseline -0.001 -10"><span class='ocrx_word' id='word_1_573' title='bbox 2108 3141 2447 3199; x_wconf 83' lang='lat' dir='ltr'><strong>admiranda.</strong></span> <span class='ocrx_word' id='word_1_574' title='bbox 2475 3140 2611 3197; x_wconf 85' lang='lat' dir='ltr'><strong>Nam</strong></span> <span class='ocrx_word' id='word_1_575' title='bbox 2639 3149 2800 3198; x_wconf 91' lang='lat' dir='ltr'><strong>erant</strong></span> <span class='ocrx_word' id='word_1_576' title='bbox 2837 3142 2911 3198; x_wconf 87' lang='lat' dir='ltr'><strong>ibi</strong></span> <span class='ocrx_word' id='word_1_577' title='bbox 2947 3152 3133 3198; x_wconf 87' lang='lat' dir='ltr'><strong>sancta</strong></span> <span class='ocrx_word' id='word_1_578' title='bbox 3160 3151 3508 3209; x_wconf 88' lang='lat' dir='ltr'><strong>sanctorum,</strong></span> <span class='ocrx_word' id='word_1_579' title='bbox 3544 3152 3725 3199; x_wconf 81' lang='lat' dir='ltr'><strong>erant</strong></span> 
     </span>
    </p>
   </div>
   <div class='ocr_carea' id='block_1_76' title="bbox 2108 3231 3720 3303">
    <p class='ocr_par' dir='ltr' id='par_1_76' title="bbox 2108 3231 3720 3303">
     <span class='ocr_line' id='line_1_76' title="bbox 2108 3231 3720 3303; baseline -0.001 -11"><span class='ocrx_word' id='word_1_580' title='bbox 2108 3233 2280 3292; x_wconf 86' lang='lat' dir='ltr'><strong>etiam</strong></span> <span class='ocrx_word' id='word_1_581' title='bbox 2315 3233 2642 3300; x_wconf 88' lang='lat' dir='ltr'><strong>veneranda,</strong></span> <span class='ocrx_word' id='word_1_582' title='bbox 2673 3241 2730 3288; x_wconf 93' lang='lat' dir='ltr'><strong>et</strong></span> <span class='ocrx_word' id='word_1_583' title='bbox 2767 3232 2888 3289; x_wconf 62' lang='lat' dir='ltr'><strong>haec</strong></span> <span class='ocrx_word' id='word_1_584' title='bbox 2935 3247 3055 3303; x_wconf 70' lang='lat' dir='ltr'><strong>quae</strong></span> <span class='ocrx_word' id='word_1_585' title='bbox 3090 3233 3145 3288; x_wconf 91' lang='lat' dir='ltr'><strong>in</strong></span> <span class='ocrx_word' id='word_1_586' title='bbox 3187 3231 3318 3289; x_wconf 88' lang='lat' dir='ltr'><strong>Sina</strong></span> <span class='ocrx_word' id='word_1_587' title='bbox 3345 3242 3532 3290; x_wconf 89' lang='lat' dir='ltr'><strong>monte</strong></span> <span class='ocrx_word' id='word_1_588' title='bbox 3555 3233 3720 3291; x_wconf 76' lang='lat' dir='ltr'><strong>facta</strong></span> 
     </span>
    </p>
   </div>
   <div class='ocr_carea' id='block_1_77' title="bbox 2107 3321 3720 3394">
    <p class='ocr_par' dir='ltr' id='par_1_77' title="bbox 2107 3321 3720 3394">
     <span class='ocr_line' id='line_1_77' title="bbox 2107 3321 3720 3394; baseline 0.001 -16"><span class='ocrx_word' id='word_1_589' title='bbox 2107 3323 2438 3390; x_wconf 87' lang='lat' dir='ltr'><strong>referuntur,</strong></span> <span class='ocrx_word' id='word_1_590' title='bbox 2473 3322 2613 3394; x_wconf 88' lang='lat' dir='ltr'><strong>ignis</strong></span> <span class='ocrx_word' id='word_1_591' title='bbox 2637 3362 2653 3390; x_wconf 87' lang='lat'><strong>,</strong></span> <span class='ocrx_word' id='word_1_592' title='bbox 2684 3321 2958 3389; x_wconf 85' lang='lat' dir='ltr'><strong>tenebrae,</strong></span> <span class='ocrx_word' id='word_1_593' title='bbox 2993 3322 3195 3393; x_wconf 84' lang='lat' dir='ltr'><strong>caligo,</strong></span> <span class='ocrx_word' id='word_1_594' title='bbox 3241 3323 3498 3392; x_wconf 85' lang='lat' dir='ltr'><strong>procella.</strong></span> <span class='ocrx_word' id='word_1_595' title='bbox 3543 3321 3720 3381; x_wconf 77' lang='lat' dir='ltr'><strong>Visus</strong></span> 
     </span>
    </p>
   </div>
   <div class='ocr_carea' id='block_1_78' title="bbox 2107 3413 3716 3486">
    <p class='ocr_par' dir='ltr' id='par_1_78' title="bbox 2107 3413 3716 3486">
     <span class='ocr_line' id='line_1_78' title="bbox 2107 3413 3716 3486; baseline 0.001 -14"><span class='ocrx_word' id='word_1_596' title='bbox 2107 3422 2216 3482; x_wconf 89' lang='lat' dir='ltr'><strong>est,</strong></span> <span class='ocrx_word' id='word_1_597' title='bbox 2245 3415 2442 3486; x_wconf 88' lang='lat' dir='ltr'><strong>inquit,</strong></span> <span class='ocrx_word' id='word_1_598' title='bbox 2469 3413 2613 3470; x_wconf 89' lang='lat' dir='ltr'><strong>Deus</strong></span> <span class='ocrx_word' id='word_1_599' title='bbox 2640 3413 2695 3470; x_wconf 92' lang='lat' dir='ltr'><strong>in</strong></span> <span class='ocrx_word' id='word_1_600' title='bbox 2724 3422 2910 3474; x_wconf 88' lang='lat' dir='ltr'><strong>monte</strong></span> <span class='ocrx_word' id='word_1_601' title='bbox 2945 3414 3098 3482; x_wconf 90' lang='lat' dir='ltr'><strong>Sina,</strong></span> <span class='ocrx_word' id='word_1_602' title='bbox 3128 3423 3180 3470; x_wconf 89' lang='lat' dir='ltr'><strong>et</strong></span> <span class='ocrx_word' id='word_1_603' title='bbox 3209 3416 3390 3470; x_wconf 89' lang='lat' dir='ltr'><strong>omnia</strong></span> <span class='ocrx_word' id='word_1_604' title='bbox 3418 3416 3537 3471; x_wconf 73' lang='lat' dir='ltr'><strong>hmo</strong></span> <span class='ocrx_word' id='word_1_605' title='bbox 3576 3431 3716 3474; x_wconf 75' lang='lat' dir='ltr'><strong>cum</strong></span> 
     </span>
    </p>
   </div>
   <div class='ocr_carea' id='block_1_79' title="bbox 2107 3505 3714 3563">
    <p class='ocr_par' dir='ltr' id='par_1_79' title="bbox 2107 3505 3714 3563">
     <span class='ocr_line' id='line_1_79' title="bbox 2107 3505 3714 3563; baseline -0.002 0"><span class='ocrx_word' id='word_1_606' title='bbox 2107 3506 2468 3563; x_wconf 85' lang='lat' dir='ltr'><strong>admiratione</strong></span> <span class='ocrx_word' id='word_1_607' title='bbox 2495 3505 2958 3563; x_wconf 88' lang='lat' dir='ltr'><strong>memorabantur.</strong></span> <span class='ocrx_word' id='word_1_608' title='bbox 2989 3505 3200 3562; x_wconf 86' lang='lat' dir='ltr'><strong>Novum</strong></span> <span class='ocrx_word' id='word_1_609' title='bbox 3223 3519 3357 3561; x_wconf 89' lang='lat' dir='ltr'><strong>vero</strong></span> <span class='ocrx_word' id='word_1_610' title='bbox 3382 3505 3714 3561; x_wconf 79' lang='lat' dir='ltr'><strong>Testamen-</strong></span> 
     </span>
    </p>
   </div>
   <div class='ocr_carea' id='block_1_80' title="bbox 2107 3596 3710 3668">
    <p class='ocr_par' dir='ltr' id='par_1_80' title="bbox 2107 3596 3710 3668">
     <span class='ocr_line' id='line_1_80' title="bbox 2107 3596 3710 3668; baseline -0.002 -12"><span class='ocrx_word' id='word_1_611' title='bbox 2107 3607 2222 3656; x_wconf 90' lang='lat' dir='ltr'><strong>tum</strong></span> <span class='ocrx_word' id='word_1_612' title='bbox 2263 3613 2374 3656; x_wconf 87' lang='lat' dir='ltr'><strong>non</strong></span> <span class='ocrx_word' id='word_1_613' title='bbox 2427 3605 2514 3655; x_wconf 80' lang='lat' dir='ltr'><strong>est</strong></span> <span class='ocrx_word' id='word_1_614' title='bbox 2559 3613 2685 3654; x_wconf 90' lang='lat' dir='ltr'><strong>cum</strong></span> <span class='ocrx_word' id='word_1_615' title='bbox 2747 3597 2927 3668; x_wconf 84' lang='lat' dir='ltr'><strong>aliquo</strong></span> <span class='ocrx_word' id='word_1_616' title='bbox 2989 3596 3086 3654; x_wconf 88' lang='lat' dir='ltr'><strong>tali</strong></span> <span class='ocrx_word' id='word_1_617' title='bbox 3156 3597 3315 3653; x_wconf 88' lang='lat' dir='ltr'><strong>nobis</strong></span> <span class='ocrx_word' id='word_1_618' title='bbox 3369 3596 3710 3662; x_wconf 72' lang='lat' dir='ltr'><strong>exhibitura,</strong></span> 
     </span>
    </p>
   </div>
   <div class='ocr_carea' id='block_1_81' title="bbox 2107 3690 3712 3762">
    <p class='ocr_par' dir='ltr' id='par_1_81' title="bbox 2107 3690 3712 3762">
     <span class='ocr_line' id='line_1_81' title="bbox 2107 3690 3712 3762; baseline -0.002 -12"><span class='ocrx_word' id='word_1_619' title='bbox 2107 3693 2204 3750; x_wconf 87' lang='lat' dir='ltr'><strong>sed</strong></span> <span class='ocrx_word' id='word_1_620' title='bbox 2250 3700 2460 3748; x_wconf 90' lang='lat' dir='ltr'><strong>tantum</strong></span> <span class='ocrx_word' id='word_1_621' title='bbox 2499 3691 2736 3762; x_wconf 84' lang='lat' dir='ltr'><strong>simplici</strong></span> <span class='ocrx_word' id='word_1_622' title='bbox 2771 3690 2976 3747; x_wconf 89' lang='lat' dir='ltr'><strong>Christi</strong></span> <span class='ocrx_word' id='word_1_623' title='bbox 3021 3705 3274 3747; x_wconf 82' lang='lat' dir='ltr'><strong>sermone</strong></span> <span class='ocrx_word' id='word_1_624' title='bbox 3312 3691 3712 3748; x_wconf 79' lang='lat' dir='ltr'><strong>contributunt.</strong></span> 
     </span>
    </p>
   </div>
   <div class='ocr_carea' id='block_1_82' title="bbox 2107 3780 3708 3854">
    <p class='ocr_par' dir='ltr' id='par_1_82' title="bbox 2107 3780 3708 3854">
     <span class='ocr_line' id='line_1_82' title="bbox 2107 3780 3708 3854; baseline -0.002 -13"><span class='ocrx_word' id='word_1_625' title='bbox 2107 3784 2324 3841; x_wconf 84' lang='lat' dir='ltr'><strong>Intuere</strong></span> <span class='ocrx_word' id='word_1_626' title='bbox 2370 3783 2535 3854; x_wconf 84' lang='lat' dir='ltr'><strong>igitur</strong></span> <span class='ocrx_word' id='word_1_627' title='bbox 2581 3782 2816 3854; x_wconf 85' lang='lat' dir='ltr'><strong>qualiter</strong></span> <span class='ocrx_word' id='word_1_628' title='bbox 2854 3782 3294 3852; x_wconf 83' lang='lat' dir='ltr'><strong>comparationes</strong></span> <span class='ocrx_word' id='word_1_629' title='bbox 3336 3780 3555 3847; x_wconf 83' lang='lat' dir='ltr'><strong>eﬂiciat,</strong></span> <span class='ocrx_word' id='word_1_630' title='bbox 3590 3791 3708 3838; x_wconf 85' lang='lat' dir='ltr'><strong>tam</strong></span> 
     </span>
    </p>
   </div>
   <div class='ocr_carea' id='block_1_83' title="bbox 2109 3874 3714 3947">
    <p class='ocr_par' dir='ltr' id='par_1_83' title="bbox 2109 3874 3714 3947">
     <span class='ocr_line' id='line_1_83' title="bbox 2109 3874 3714 3947; baseline 0 -15"><span class='ocrx_word' id='word_1_631' title='bbox 2109 3876 2374 3942; x_wconf 89' lang='lat' dir='ltr'><strong>istorum,</strong></span> <span class='ocrx_word' id='word_1_632' title='bbox 2430 3889 2594 3945; x_wconf 86' lang='lat' dir='ltr'><strong>quam</strong></span> <span class='ocrx_word' id='word_1_633' title='bbox 2648 3874 2972 3942; x_wconf 87' lang='lat' dir='ltr'><strong>illorum,et</strong></span> <span class='ocrx_word' id='word_1_634' title='bbox 3029 3875 3262 3947; x_wconf 90' lang='lat' dir='ltr'><strong>qualiter</strong></span> <span class='ocrx_word' id='word_1_635' title='bbox 3307 3877 3361 3932; x_wconf 90' lang='lat' dir='ltr'><strong>in</strong></span> <span class='ocrx_word' id='word_1_636' title='bbox 3409 3875 3714 3947; x_wconf 81' lang='lat' dir='ltr'><strong>postremis</strong></span> 
     </span>
    </p>
   </div>
   <div class='ocr_carea' id='block_1_84' title="bbox 2109 3965 3710 4038">
    <p class='ocr_par' dir='ltr' id='par_1_84' title="bbox 2109 3965 3710 4038">
     <span class='ocr_line' id='line_1_84' title="bbox 2109 3965 3710 4038; baseline -0.002 -15"><span class='ocrx_word' id='word_1_637' title='bbox 2109 3981 2175 4024; x_wconf 91' lang='lat' dir='ltr'><strong>ea</strong></span> <span class='ocrx_word' id='word_1_638' title='bbox 2223 3965 2485 4038; x_wconf 87' lang='lat' dir='ltr'><strong>posuerit.</strong></span> <span class='ocrx_word' id='word_1_639' title='bbox 2539 3965 2831 4036; x_wconf 79' lang='lat' dir='ltr'><strong>Postquam</strong></span> <span class='ocrx_word' id='word_1_640' title='bbox 2882 3965 3028 4022; x_wconf 88' lang='lat' dir='ltr'><strong>enim</strong></span> <span class='ocrx_word' id='word_1_641' title='bbox 3076 3981 3171 4026; x_wconf 87' lang='lat' dir='ltr'><strong>eos</strong></span> <span class='ocrx_word' id='word_1_642' title='bbox 3215 3966 3463 4036; x_wconf 89' lang='lat' dir='ltr'><strong>plurimis</strong></span> <span class='ocrx_word' id='word_1_643' title='bbox 3505 3967 3710 4037; x_wconf 80' lang='lat' dir='ltr'><strong>proba-</strong></span> 
     </span>
    </p>
   </div>
   <div class='ocr_carea' id='block_1_85' title="bbox 2112 4055 3704 4128">
    <p class='ocr_par' dir='ltr' id='par_1_85' title="bbox 2112 4055 3704 4128">
     <span class='ocr_line' id='line_1_85' title="bbox 2112 4055 3704 4128; baseline 0.002 -16"><span class='ocrx_word' id='word_1_644' title='bbox 2112 4057 2346 4114; x_wconf 88' lang='lat' dir='ltr'><strong>tionibus</strong></span> <span class='ocrx_word' id='word_1_645' title='bbox 2392 4055 2704 4122; x_wconf 75' lang='lat' dir='ltr'><strong>cumulavit,</strong></span> <span class='ocrx_word' id='word_1_646' title='bbox 2735 4064 2794 4112; x_wconf 88' lang='lat' dir='ltr'><strong>et</strong></span> <span class='ocrx_word' id='word_1_647' title='bbox 2828 4065 3115 4128; x_wconf 90' lang='lat' dir='ltr'><strong>postquam</strong></span> <span class='ocrx_word' id='word_1_648' title='bbox 3145 4056 3506 4114; x_wconf 73' lang='lat' dir='ltr'><strong>diderentiam</strong></span> <span class='ocrx_word' id='word_1_649' title='bbox 3533 4066 3704 4115; x_wconf 79' lang='lat' dir='ltr'><strong>testa-</strong></span> 
     </span>
    </p>
   </div>
   <div class='ocr_carea' id='block_1_86' title="bbox 2111 4151 3706 4223">
    <p class='ocr_par' dir='ltr' id='par_1_86' title="bbox 2111 4151 3706 4223">
     <span class='ocr_line' id='line_1_86' title="bbox 2111 4151 3706 4223; baseline -0.001 -14"><span class='ocrx_word' id='word_1_650' title='bbox 2111 4152 2278 4209; x_wconf 86' lang='lat' dir='ltr'><strong>menti</strong></span> <span class='ocrx_word' id='word_1_651' title='bbox 2323 4151 2616 4223; x_wconf 81' lang='lat' dir='ltr'><strong>utri&#39;usque-</strong></span> <span class='ocrx_word' id='word_1_652' title='bbox 2647 4151 2988 4217; x_wconf 89' lang='lat' dir='ltr'><strong>monstravit,</strong></span> <span class='ocrx_word' id='word_1_653' title='bbox 3011 4161 3068 4208; x_wconf 92' lang='lat' dir='ltr'><strong>et</strong></span> <span class='ocrx_word' id='word_1_654' title='bbox 3113 4161 3274 4208; x_wconf 83' lang='lat' dir='ltr'><strong>vetus</strong></span> <span class='ocrx_word' id='word_1_655' title='bbox 3325 4153 3706 4222; x_wconf 80' lang='lat' dir='ltr'><strong>reprehendit,</strong></span> 
     </span>
    </p>
   </div>
   <div class='ocr_carea' id='block_1_87' title="bbox 2112 4242 3706 4316">
    <p class='ocr_par' dir='ltr' id='par_1_87' title="bbox 2112 4242 3706 4316">
     <span class='ocr_line' id='line_1_87' title="bbox 2112 4242 3706 4316; baseline -0.001 -16"><span class='ocrx_word' id='word_1_656' title='bbox 2112 4253 2235 4300; x_wconf 78' lang='lat' dir='ltr'><strong>tum</strong></span> <span class='ocrx_word' id='word_1_657' title='bbox 2263 4245 2481 4301; x_wconf 90' lang='lat' dir='ltr'><strong>demum</strong></span> <span class='ocrx_word' id='word_1_658' title='bbox 2527 4243 2676 4299; x_wconf 92' lang='lat' dir='ltr'><strong>velut</strong></span> <span class='ocrx_word' id='word_1_659' title='bbox 2706 4242 2951 4299; x_wconf 87' lang='lat' dir='ltr'><strong>faciliore</strong></span> <span class='ocrx_word' id='word_1_660' title='bbox 2988 4244 3076 4298; x_wconf 82' lang='lat' dir='ltr'><strong>via</strong></span> <span class='ocrx_word' id='word_1_661' title='bbox 3099 4244 3268 4299; x_wconf 89' lang='lat' dir='ltr'><strong>etiam</strong></span> <span class='ocrx_word' id='word_1_662' title='bbox 3305 4244 3358 4298; x_wconf 92' lang='lat' dir='ltr'><strong>in</strong></span> <span class='ocrx_word' id='word_1_663' title='bbox 3382 4244 3502 4300; x_wconf 74' lang='lat' dir='ltr'><strong>lucc</strong></span> <span class='ocrx_word' id='word_1_664' title='bbox 3521 4245 3706 4316; x_wconf 79' lang='lat' dir='ltr'><strong>pergit</strong></span> 
     </span>
    </p>
   </div>
   <div class='ocr_carea' id='block_1_88' title="bbox 2112 4333 3706 4406">
    <p class='ocr_par' dir='ltr' id='par_1_88' title="bbox 2112 4333 3706 4406">
     <span class='ocr_line' id='line_1_88' title="bbox 2112 4333 3706 4406; baseline -0.001 -17"><span class='ocrx_word' id='word_1_665' title='bbox 2112 4342 2452 4406; x_wconf 86' lang='lat' dir='ltr'><strong>argumenta.</strong></span> <span class='ocrx_word' id='word_1_666' title='bbox 2485 4333 2624 4402; x_wconf 89' lang='lat' dir='ltr'><strong>Quid</strong></span> <span class='ocrx_word' id='word_1_667' title='bbox 2653 4347 2785 4404; x_wconf 88' lang='lat' dir='ltr'><strong>ergo</strong></span> <span class='ocrx_word' id='word_1_668' title='bbox 2819 4333 2983 4389; x_wconf 89' lang='lat' dir='ltr'><strong>dicit?</strong></span> <span class='ocrx_word' id='word_1_669' title='bbox 3015 4352 3035 4385; x_wconf 73' lang='grc' dir='ltr'><strong><em>ι</em></strong></span> <span class='ocrx_word' id='word_1_670' title='bbox 3065 4348 3172 4390; x_wconf 92' lang='lat' dir='ltr'><strong>non</strong></span> <span class='ocrx_word' id='word_1_671' title='bbox 3210 4333 3358 4388; x_wconf 90' lang='lat' dir='ltr'><strong>enim</strong></span> <span class='ocrx_word' id='word_1_672' title='bbox 3389 4334 3706 4390; x_wconf 85' lang='lat' dir='ltr'><strong>accessistis</strong></span> 
     </span>
    </p>
   </div>
   <div class='ocr_carea' id='block_1_89' title="bbox 2119 4422 3702 4495">
    <p class='ocr_par' dir='ltr' id='par_1_89' title="bbox 2119 4422 3702 4495">
     <span class='ocr_line' id='line_1_89' title="bbox 2119 4422 3702 4495; baseline 0.001 -17"><span class='ocrx_word' id='word_1_673' title='bbox 2119 4443 2144 4478; x_wconf 73' lang='grc' dir='ltr'>σ</span> <span class='ocrx_word' id='word_1_674' title='bbox 2172 4424 2240 4480; x_wconf 87' lang='lat' dir='ltr'><strong>ad</strong></span> <span class='ocrx_word' id='word_1_675' title='bbox 2282 4424 2618 4480; x_wconf 85' lang='lat' dir='ltr'><strong>tractabilem</strong></span> <span class='ocrx_word' id='word_1_676' title='bbox 2655 4431 2710 4480; x_wconf 87' lang='lat' dir='ltr'><strong>et</strong></span> <span class='ocrx_word' id='word_1_677' title='bbox 2756 4422 3127 4480; x_wconf 82' lang='lat' dir='ltr'><strong>accessibilem</strong></span> <span class='ocrx_word' id='word_1_678' title='bbox 3182 4425 3384 4495; x_wconf 81' lang='lat' dir='ltr'><strong>ignem,</strong></span> <span class='ocrx_word' id='word_1_679' title='bbox 3431 4433 3490 4480; x_wconf 93' lang='lat' dir='ltr'><strong>et</strong></span> <span class='ocrx_word' id='word_1_680' title='bbox 3527 4425 3702 4480; x_wconf 84' lang='lat' dir='ltr'><strong>turbi-</strong></span> 
     </span>
    </p>
   </div>
   <div class='ocr_carea' id='block_1_90' title="bbox 2119 4514 3704 4586">
    <p class='ocr_par' dir='ltr' id='par_1_90' title="bbox 2119 4514 3704 4586">
     <span class='ocr_line' id='line_1_90' title="bbox 2119 4514 3704 4586; baseline 0.002 -16"><span class='ocrx_word' id='word_1_681' title='bbox 2119 4535 2139 4570; x_wconf 73' lang='grc' dir='ltr'>ι</span> <span class='ocrx_word' id='word_1_682' title='bbox 2173 4531 2321 4582; x_wconf 88' lang='lat' dir='ltr'><strong>nem,</strong></span> <span class='ocrx_word' id='word_1_683' title='bbox 2347 4523 2404 4571; x_wconf 91' lang='lat' dir='ltr'><strong>et</strong></span> <span class='ocrx_word' id='word_1_684' title='bbox 2423 4515 2746 4586; x_wconf 84' lang='lat' dir='ltr'><strong>caliginem,</strong></span> <span class='ocrx_word' id='word_1_685' title='bbox 2793 4522 2851 4572; x_wconf 91' lang='lat' dir='ltr'><strong>et</strong></span> <span class='ocrx_word' id='word_1_686' title='bbox 2882 4514 3197 4585; x_wconf 86' lang='lat' dir='ltr'><strong>procellam,</strong></span> <span class='ocrx_word' id='word_1_687' title='bbox 3242 4525 3298 4571; x_wconf 93' lang='lat' dir='ltr'><strong>et</strong></span> <span class='ocrx_word' id='word_1_688' title='bbox 3326 4532 3522 4572; x_wconf 89' lang='lat' dir='ltr'><strong>sonum</strong></span> <span class='ocrx_word' id='word_1_689' title='bbox 3561 4517 3704 4573; x_wconf 55' lang='lat' dir='ltr'><strong>tuba</strong></span> 
     </span>
    </p>
   </div>
   <div class='ocr_carea' id='block_1_91' title="bbox 421 4590 3698 4684">
    <p class='ocr_par' dir='ltr' id='par_1_91' title="bbox 421 4590 3698 4684">
     <span class='ocr_line' id='line_1_91' title="bbox 421 4590 3698 4684; baseline -0.001 -17"><span class='ocrx_word' id='word_1_690' title='bbox 421 4623 516 4668; x_wconf 84' lang='lat' dir='ltr'><strong>nat</strong></span> <span class='ocrx_word' id='word_1_691' title='bbox 535 4654 552 4680; x_wconf 96' lang='lat'><strong>,</strong></span> <span class='ocrx_word' id='word_1_692' title='bbox 593 4590 863 4684; x_wconf 80' lang='lat' dir='ltr'><strong>quomodo</strong></span> <span class='ocrx_word' id='word_1_693' title='bbox 889 4590 1094 4669; x_wconf 83' lang='lat' dir='ltr'><strong>iterum</strong></span> <span class='ocrx_word' id='word_1_694' title='bbox 1116 4611 1262 4680; x_wconf 86' lang='lat' dir='ltr'><strong>velut</strong></span> <span class='ocrx_word' id='word_1_695' title='bbox 1285 4625 1479 4681; x_wconf 84' lang='lat' dir='ltr'><strong>segnes</strong></span> <span class='ocrx_word' id='word_1_696' title='bbox 1503 4611 1759 4668; x_wconf 89' lang='lat' dir='ltr'><strong>admonet</strong></span> <span class='ocrx_word' id='word_1_697' title='bbox 1789 4620 1848 4667; x_wconf 88' lang='lat' dir='ltr'><strong>et</strong></span> <span class='ocrx_word' id='word_1_698' title='bbox 1883 4613 2010 4668; x_wconf 59' lang='lat' dir='ltr'><strong>hor.</strong></span> <span class='ocrx_word' id='word_1_699' title='bbox 2035 4590 2087 4652; x_wconf 82' lang='grc' dir='ltr'><strong>Ῐ)</strong></span> <span class='ocrx_word' id='word_1_700' title='bbox 2119 4625 2138 4658; x_wconf 71' lang='grc' dir='ltr'><strong><em>ι</em></strong></span> <span class='ocrx_word' id='word_1_701' title='bbox 2168 4615 2223 4663; x_wconf 89' lang='lat' dir='ltr'><strong>et</strong></span> <span class='ocrx_word' id='word_1_702' title='bbox 2243 4621 2436 4662; x_wconf 84' lang='lat' dir='ltr'><strong>vocem</strong></span> <span class='ocrx_word' id='word_1_703' title='bbox 2453 4607 2766 4673; x_wconf 89' lang='lat' dir='ltr'><strong>verborum,</strong></span> <span class='ocrx_word' id='word_1_704' title='bbox 2794 4621 2954 4676; x_wconf 89' lang='lat' dir='ltr'><strong>quam</strong></span> <span class='ocrx_word' id='word_1_705' title='bbox 2977 4607 3070 4675; x_wconf 84' lang='lat' dir='ltr'><strong>qui</strong></span> <span class='ocrx_word' id='word_1_706' title='bbox 3093 4606 3382 4662; x_wconf 89' lang='lat' dir='ltr'><strong>audierunt</strong></span> <span class='ocrx_word' id='word_1_707' title='bbox 3408 4623 3698 4664; x_wconf 86' lang='lat' dir='ltr'><strong>recusave-</strong></span> 
     </span>
    </p>
   </div>
   <div class='ocr_carea' id='block_1_92' title="bbox 423 4701 2010 4775">
    <p class='ocr_par' dir='ltr' id='par_1_92' title="bbox 423 4701 2010 4775">
     <span class='ocr_line' id='line_1_92' title="bbox 423 4701 2010 4775; baseline 0 -15"><span class='ocrx_word' id='word_1_708' title='bbox 423 4707 612 4760; x_wconf 85' lang='lat' dir='ltr'><strong>tatur?</strong></span> <span class='ocrx_word' id='word_1_709' title='bbox 650 4705 918 4775; x_wconf 82' lang='lat' dir='ltr'><strong>quomodo</strong></span> <span class='ocrx_word' id='word_1_710' title='bbox 953 4703 1184 4760; x_wconf 83' lang='lat' dir='ltr'><strong>claudos</strong></span> <span class='ocrx_word' id='word_1_711' title='bbox 1204 4701 1428 4760; x_wconf 81' lang='lat' dir='ltr'><strong>ell‘ectos</strong></span> <span class='ocrx_word' id='word_1_712' title='bbox 1467 4711 1525 4760; x_wconf 92' lang='lat' dir='ltr'><strong>et</strong></span> <span class='ocrx_word' id='word_1_713' title='bbox 1560 4703 1818 4760; x_wconf 87' lang='lat' dir='ltr'><strong>remissos</strong></span> <span class='ocrx_word' id='word_1_714' title='bbox 1848 4712 2010 4775; x_wconf 89' lang='lat' dir='ltr'><strong>atque</strong></span> 
     </span>
    </p>
   </div>
   <div class='ocr_carea' id='block_1_93' title="bbox 425 4793 2014 4866">
    <p class='ocr_par' dir='ltr' id='par_1_93' title="bbox 425 4793 2014 4866">
     <span class='ocr_line' id='line_1_93' title="bbox 425 4793 2014 4866; baseline -0.002 -14"><span class='ocrx_word' id='word_1_715' title='bbox 425 4796 649 4862; x_wconf 87' lang='lat' dir='ltr'><strong>solutos,</strong></span> <span class='ocrx_word' id='word_1_716' title='bbox 679 4796 820 4866; x_wconf 87' lang='lat' dir='ltr'><strong>quod</strong></span> <span class='ocrx_word' id='word_1_717' title='bbox 845 4806 930 4853; x_wconf 91' lang='lat' dir='ltr'><strong>est</strong></span> <span class='ocrx_word' id='word_1_718' title='bbox 964 4797 1134 4852; x_wconf 65' lang='lat' dir='ltr'><strong>ruinae</strong></span> <span class='ocrx_word' id='word_1_719' title='bbox 1155 4794 1502 4866; x_wconf 86' lang='lat' dir='ltr'><strong>principium,</strong></span> <span class='ocrx_word' id='word_1_720' title='bbox 1536 4803 1597 4850; x_wconf 87' lang='lat' dir='ltr'><strong>ut</strong></span> <span class='ocrx_word' id='word_1_721' title='bbox 1625 4793 1906 4866; x_wconf 80' lang='lat' dir='ltr'><strong>erigantur</strong></span> <span class='ocrx_word' id='word_1_722' title='bbox 1935 4794 2014 4849; x_wconf 87' lang='lat' dir='ltr'><strong>in-</strong></span> 
     </span>
    </p>
   </div>
   <div class='ocr_carea' id='block_1_94' title="bbox 423 4885 2004 4958">
    <p class='ocr_par' dir='ltr' id='par_1_94' title="bbox 423 4885 2004 4958">
     <span class='ocr_line' id='line_1_94' title="bbox 423 4885 2004 4958; baseline -0.003 -17"><span class='ocrx_word' id='word_1_723' title='bbox 423 4886 602 4942; x_wconf 87' lang='lat' dir='ltr'><strong>vitat?</strong></span> <span class='ocrx_word' id='word_1_724' title='bbox 641 4905 660 4940; x_wconf 72' lang='grc' dir='ltr'><strong>ε</strong></span> <span class='ocrx_word' id='word_1_725' title='bbox 696 4887 1054 4954; x_wconf 68' lang='lat' dir='ltr'><strong>Pmnitentiae,</strong></span> <span class='ocrx_word' id='word_1_726' title='bbox 1098 4886 1308 4958; x_wconf 87' lang='lat' dir='ltr'><strong>inquit,</strong></span> <span class='ocrx_word' id='word_1_727' title='bbox 1355 4886 1542 4943; x_wconf 86' lang='lat' dir='ltr'><strong>locum</strong></span> <span class='ocrx_word' id='word_1_728' title='bbox 1575 4901 1684 4942; x_wconf 91' lang='lat' dir='ltr'><strong>non</strong></span> <span class='ocrx_word' id='word_1_729' title='bbox 1721 4885 1948 4940; x_wconf 87' lang='lat' dir='ltr'><strong>invenit.</strong></span> <span class='ocrx_word' id='word_1_730' title='bbox 1984 4903 2004 4937; x_wconf 73' lang='grc' dir='ltr'><strong><em>ι</em></strong></span> 
     </span>
    </p>
   </div>
   <div class='ocr_carea' id='block_1_95' title="bbox 427 4975 2012 5050">
    <p class='ocr_par' dir='ltr' id='par_1_95' title="bbox 427 4975 2012 5050">
     <span class='ocr_line' id='line_1_95' title="bbox 427 4975 2012 5050; baseline -0.001 -18"><span class='ocrx_word' id='word_1_731' title='bbox 427 4977 616 5033; x_wconf 84' lang='lat' dir='ltr'><strong>Potest</strong></span> <span class='ocrx_word' id='word_1_732' title='bbox 649 4985 706 5032; x_wconf 85' lang='lat' dir='ltr'><strong>et</strong></span> <span class='ocrx_word' id='word_1_733' title='bbox 742 4977 896 5032; x_wconf 89' lang='lat' dir='ltr'><strong>aliter</strong></span> <span class='ocrx_word' id='word_1_734' title='bbox 936 4977 1160 5050; x_wconf 85' lang='lat' dir='ltr'><strong>intelligi</strong></span> <span class='ocrx_word' id='word_1_735' title='bbox 1201 4979 1325 5048; x_wconf 81' lang='lat' dir='ltr'><strong>quia</strong></span> <span class='ocrx_word' id='word_1_736' title='bbox 1367 4986 1647 5048; x_wconf 86' lang='lat' dir='ltr'><strong>peccatum</strong></span> <span class='ocrx_word' id='word_1_737' title='bbox 1693 4975 2012 5048; x_wconf 82' lang='lat' dir='ltr'><strong>poenitentia</strong></span> 
     </span>
    </p>
   </div>
   <div class='ocr_carea' id='block_1_96' title="bbox 427 5065 2012 5138">
    <p class='ocr_par' dir='ltr' id='par_1_96' title="bbox 427 5065 2012 5138">
     <span class='ocr_line' id='line_1_96' title="bbox 427 5065 2012 5138; baseline -0.002 -14"><span class='ocrx_word' id='word_1_738' title='bbox 427 5065 608 5136; x_wconf 87' lang='lat' dir='ltr'><strong>majus</strong></span> <span class='ocrx_word' id='word_1_739' title='bbox 634 5068 866 5123; x_wconf 83' lang='lat' dir='ltr'><strong>admisit.</strong></span> <span class='ocrx_word' id='word_1_740' title='bbox 887 5068 1028 5124; x_wconf 85' lang='lat' dir='ltr'><strong>Sunt</strong></span> <span class='ocrx_word' id='word_1_741' title='bbox 1049 5069 1193 5125; x_wconf 90' lang='lat' dir='ltr'><strong>enim</strong></span> <span class='ocrx_word' id='word_1_742' title='bbox 1215 5077 1433 5138; x_wconf 86' lang='lat' dir='ltr'><strong>peccata</strong></span> <span class='ocrx_word' id='word_1_743' title='bbox 1455 5067 1830 5138; x_wconf 75' lang='lat' dir='ltr'><strong>poenitentiam</strong></span> <span class='ocrx_word' id='word_1_744' title='bbox 1859 5081 2012 5137; x_wconf 87' lang='lat' dir='ltr'><strong>supe-</strong></span> 
     </span>
    </p>
   </div>
   <div class='ocr_carea' id='block_1_97' title="bbox 427 5147 2006 5238">
    <p class='ocr_par' dir='ltr' id='par_1_97' title="bbox 427 5147 2006 5238">
     <span class='ocr_line' id='line_1_97' title="bbox 427 5147 2006 5238; baseline -0.003 -21"><span class='ocrx_word' id='word_1_745' title='bbox 427 5147 634 5228; x_wconf 87' lang='lat' dir='ltr'><strong>rantia,</strong></span> <span class='ocrx_word' id='word_1_746' title='bbox 652 5160 816 5216; x_wconf 87' lang='lat' dir='ltr'><strong>veluti</strong></span> <span class='ocrx_word' id='word_1_747' title='bbox 841 5162 888 5216; x_wconf 89' lang='lat' dir='ltr'><strong>si</strong></span> <span class='ocrx_word' id='word_1_748' title='bbox 913 5161 1134 5238; x_wconf 84' lang='lat' dir='ltr'><strong>diceret,</strong></span> <span class='ocrx_word' id='word_1_749' title='bbox 1158 5176 1226 5216; x_wconf 89' lang='lat' dir='ltr'><strong>ne</strong></span> <span class='ocrx_word' id='word_1_750' title='bbox 1247 5161 1504 5216; x_wconf 79' lang='lat' dir='ltr'><strong>cedamus</strong></span> <span class='ocrx_word' id='word_1_751' title='bbox 1521 5158 1804 5215; x_wconf 88' lang='lat' dir='ltr'><strong>insanabili</strong></span> <span class='ocrx_word' id='word_1_752' title='bbox 1829 5157 2006 5214; x_wconf 87' lang='lat' dir='ltr'><strong>ruina.</strong></span> 
     </span>
    </p>
   </div>
   <div class='ocr_carea' id='block_1_98' title="bbox 429 5247 2016 5321">
    <p class='ocr_par' dir='ltr' id='par_1_98' title="bbox 429 5247 2016 5321">
     <span class='ocr_line' id='line_1_98' title="bbox 429 5247 2016 5321; baseline -0.005 -11"><span class='ocrx_word' id='word_1_753' title='bbox 429 5255 570 5310; x_wconf 79' lang='lat' dir='ltr'><strong>Dum</strong></span> <span class='ocrx_word' id='word_1_754' title='bbox 591 5253 734 5309; x_wconf 91' lang='lat' dir='ltr'><strong>enim</strong></span> <span class='ocrx_word' id='word_1_755' title='bbox 761 5251 1027 5307; x_wconf 86' lang='lat' dir='ltr'><strong>claudicat</strong></span> <span class='ocrx_word' id='word_1_756' title='bbox 1047 5252 1302 5321; x_wconf 89' lang='lat' dir='ltr'><strong>quisque,</strong></span> <span class='ocrx_word' id='word_1_757' title='bbox 1319 5251 1482 5307; x_wconf 88' lang='lat' dir='ltr'><strong>facile</strong></span> <span class='ocrx_word' id='word_1_758' title='bbox 1502 5257 1678 5320; x_wconf 85' lang='lat' dir='ltr'><strong>potest</strong></span> <span class='ocrx_word' id='word_1_759' title='bbox 1717 5257 1897 5305; x_wconf 88' lang='lat' dir='ltr'><strong>rectus</strong></span> <span class='ocrx_word' id='word_1_760' title='bbox 1925 5247 2016 5304; x_wconf 87' lang='lat' dir='ltr'><strong>vel</strong></span> 
     </span>
    </p>
   </div>
   <div class='ocr_carea' id='block_1_99' title="bbox 431 5341 2011 5413">
    <p class='ocr_par' dir='ltr' id='par_1_99' title="bbox 431 5341 2011 5413">
     <span class='ocr_line' id='line_1_99' title="bbox 431 5341 2011 5413; baseline -0.006 -7"><span class='ocrx_word' id='word_1_761' title='bbox 431 5361 600 5406; x_wconf 81' lang='lat' dir='ltr'><strong>sanus</strong></span> <span class='ocrx_word' id='word_1_762' title='bbox 625 5345 760 5403; x_wconf 86' lang='lat' dir='ltr'><strong>elllci</strong></span> <span class='ocrx_word' id='word_1_763' title='bbox 786 5359 801 5400; x_wconf 85' lang='lat'><strong>:</strong></span> <span class='ocrx_word' id='word_1_764' title='bbox 831 5344 878 5401; x_wconf 88' lang='lat' dir='ltr'><strong>si</strong></span> <span class='ocrx_word' id='word_1_765' title='bbox 902 5359 1030 5400; x_wconf 89' lang='lat' dir='ltr'><strong>vero</strong></span> <span class='ocrx_word' id='word_1_766' title='bbox 1059 5344 1296 5413; x_wconf 68' lang='lat' dir='ltr'><strong>poenitus</strong></span> <span class='ocrx_word' id='word_1_767' title='bbox 1324 5343 1670 5400; x_wconf 76' lang='lat' dir='ltr'><strong>subrertatur</strong></span> <span class='ocrx_word' id='word_1_768' title='bbox 1692 5384 1710 5410; x_wconf 93' lang='lat'><strong>,</strong></span> <span class='ocrx_word' id='word_1_769' title='bbox 1744 5341 1875 5413; x_wconf 85' lang='lat' dir='ltr'><strong>quid</strong></span> <span class='ocrx_word' id='word_1_770' title='bbox 1929 5356 2011 5396; x_wconf 87' lang='lat' dir='ltr'><strong>re-</strong></span> 
     </span>
    </p>
   </div>
   <div class='ocr_carea' id='block_1_100' title="bbox 430 5433 2011 5506">
    <p class='ocr_par' dir='ltr' id='par_1_100' title="bbox 430 5433 2011 5506">
     <span class='ocr_line' id='line_1_100' title="bbox 430 5433 2011 5506; baseline -0.005 -10"><span class='ocrx_word' id='word_1_771' title='bbox 430 5437 674 5496; x_wconf 85' lang='lat' dir='ltr'><strong>manebit</strong></span> <span class='ocrx_word' id='word_1_772' title='bbox 699 5435 966 5493; x_wconf 86' lang='lat' dir='ltr'><strong>ulterius?</strong></span> <span class='ocrx_word' id='word_1_773' title='bbox 995 5435 1226 5490; x_wconf 86' lang='lat' dir='ltr'><strong>Proinde</strong></span> <span class='ocrx_word' id='word_1_774' title='bbox 1253 5437 1478 5492; x_wconf 90' lang='lat' dir='ltr'><strong>necdum</strong></span> <span class='ocrx_word' id='word_1_775' title='bbox 1506 5435 1670 5506; x_wconf 82' lang='lat' dir='ltr'><strong>lapsis</strong></span> <span class='ocrx_word' id='word_1_776' title='bbox 1697 5436 1813 5492; x_wconf 79' lang='lat' dir='ltr'><strong>hace</strong></span> <span class='ocrx_word' id='word_1_777' title='bbox 1839 5433 2011 5504; x_wconf 88' lang='lat' dir='ltr'><strong>loqui-</strong></span> 
     </span>
    </p>
   </div>
   <div class='ocr_carea' id='block_1_101' title="bbox 432 5525 2016 5599">
    <p class='ocr_par' dir='ltr' id='par_1_101' title="bbox 432 5525 2016 5599">
     <span class='ocr_line' id='line_1_101' title="bbox 432 5525 2016 5599; baseline -0.004 -13"><span class='ocrx_word' id='word_1_778' title='bbox 432 5539 546 5598; x_wconf 89' lang='lat' dir='ltr'><strong>tur,</strong></span> <span class='ocrx_word' id='word_1_779' title='bbox 576 5539 639 5586; x_wconf 90' lang='lat' dir='ltr'><strong>ut</strong></span> <span class='ocrx_word' id='word_1_780' title='bbox 663 5545 758 5586; x_wconf 84' lang='lat' dir='ltr'><strong>eos</strong></span> <span class='ocrx_word' id='word_1_781' title='bbox 800 5531 994 5585; x_wconf 89' lang='lat' dir='ltr'><strong>timore</strong></span> <span class='ocrx_word' id='word_1_782' title='bbox 1037 5527 1326 5599; x_wconf 88' lang='lat' dir='ltr'><strong>deprimat,</strong></span> <span class='ocrx_word' id='word_1_783' title='bbox 1350 5527 1514 5584; x_wconf 87' lang='lat' dir='ltr'><strong>veluti</strong></span> <span class='ocrx_word' id='word_1_784' title='bbox 1547 5528 1593 5584; x_wconf 89' lang='lat' dir='ltr'><strong>si</strong></span> <span class='ocrx_word' id='word_1_785' title='bbox 1624 5527 1852 5592; x_wconf 87' lang='lat' dir='ltr'><strong>diceret,</strong></span> <span class='ocrx_word' id='word_1_786' title='bbox 1881 5525 2016 5596; x_wconf 88' lang='lat' dir='ltr'><strong>quia-</strong></span> 
     </span>
    </p>
   </div>
   <div class='ocr_carea' id='block_1_102' title="bbox 433 5617 2010 5693">
    <p class='ocr_par' dir='ltr' id='par_1_102' title="bbox 433 5617 2010 5693">
     <span class='ocr_line' id='line_1_102' title="bbox 433 5617 2010 5693; baseline -0.004 -15"><span class='ocrx_word' id='word_1_787' title='bbox 433 5638 526 5693; x_wconf 80' lang='lat' dir='ltr'><strong>qui</strong></span> <span class='ocrx_word' id='word_1_788' title='bbox 545 5623 761 5689; x_wconf 88' lang='lat' dir='ltr'><strong>cecidit,</strong></span> <span class='ocrx_word' id='word_1_789' title='bbox 775 5621 979 5680; x_wconf 88' lang='lat' dir='ltr'><strong>nullam</strong></span> <span class='ocrx_word' id='word_1_790' title='bbox 999 5619 1420 5677; x_wconf 88' lang='lat' dir='ltr'><strong>consolationem</strong></span> <span class='ocrx_word' id='word_1_791' title='bbox 1444 5619 1640 5676; x_wconf 90' lang='lat' dir='ltr'><strong>mereri</strong></span> <span class='ocrx_word' id='word_1_792' title='bbox 1657 5617 1770 5689; x_wconf 74' lang='lat' dir='ltr'><strong>jam</strong></span> <span class='ocrx_word' id='word_1_793' title='bbox 1791 5617 2010 5689; x_wconf 85' lang='lat' dir='ltr'><strong>poterit,</strong></span> 
     </span>
    </p>
   </div>
   <div class='ocr_carea' id='block_1_103' title="bbox 434 5711 2010 5786">
    <p class='ocr_par' dir='ltr' id='par_1_103' title="bbox 434 5711 2010 5786">
     <span class='ocr_line' id='line_1_103' title="bbox 434 5711 2010 5786; baseline -0.004 -15"><span class='ocrx_word' id='word_1_794' title='bbox 434 5724 492 5771; x_wconf 90' lang='lat' dir='ltr'><strong>et</strong></span> <span class='ocrx_word' id='word_1_795' title='bbox 516 5715 606 5772; x_wconf 90' lang='lat' dir='ltr'><strong>hic</strong></span> <span class='ocrx_word' id='word_1_796' title='bbox 631 5716 846 5786; x_wconf 90' lang='lat' dir='ltr'><strong>quidem</strong></span> <span class='ocrx_word' id='word_1_797' title='bbox 869 5715 999 5773; x_wconf 89' lang='lat' dir='ltr'><strong>istos</strong></span> <span class='ocrx_word' id='word_1_798' title='bbox 1019 5755 1034 5780; x_wconf 93' lang='lat'><strong>,</strong></span> <span class='ocrx_word' id='word_1_799' title='bbox 1065 5729 1136 5770; x_wconf 89' lang='lat' dir='ltr'><strong>ne</strong></span> <span class='ocrx_word' id='word_1_800' title='bbox 1163 5715 1439 5779; x_wconf 85' lang='lat' dir='ltr'><strong>caderent,</strong></span> <span class='ocrx_word' id='word_1_801' title='bbox 1469 5712 1627 5768; x_wconf 85' lang='lat' dir='ltr'><strong>aliter</strong></span> <span class='ocrx_word' id='word_1_802' title='bbox 1667 5711 2010 5767; x_wconf 86' lang='lat' dir='ltr'><strong>admonebat.</strong></span> 
     </span>
    </p>
   </div>
   <div class='ocr_carea' id='block_1_104' title="bbox 435 5803 2013 5882">
    <p class='ocr_par' dir='ltr' id='par_1_104' title="bbox 435 5803 2013 5882">
     <span class='ocr_line' id='line_1_104' title="bbox 435 5803 2013 5882; baseline -0.004 -18"><span class='ocrx_word' id='word_1_803' title='bbox 435 5809 494 5864; x_wconf 82' lang='lat' dir='ltr'><strong>in</strong></span> <span class='ocrx_word' id='word_1_804' title='bbox 519 5809 622 5866; x_wconf 86' lang='lat' dir='ltr'><strong>alio</strong></span> <span class='ocrx_word' id='word_1_805' title='bbox 646 5810 762 5869; x_wconf 89' lang='lat' dir='ltr'><strong>loco</strong></span> <span class='ocrx_word' id='word_1_806' title='bbox 790 5826 936 5882; x_wconf 88' lang='lat' dir='ltr'><strong>vero,</strong></span> <span class='ocrx_word' id='word_1_807' title='bbox 963 5810 1050 5868; x_wconf 86' lang='lat' dir='ltr'><strong>ubi</strong></span> <span class='ocrx_word' id='word_1_808' title='bbox 1077 5809 1186 5881; x_wconf 86' lang='lat' dir='ltr'><strong>jam</strong></span> <span class='ocrx_word' id='word_1_809' title='bbox 1216 5807 1315 5877; x_wconf 88' lang='lat' dir='ltr'><strong>eis,</strong></span> <span class='ocrx_word' id='word_1_810' title='bbox 1343 5807 1440 5880; x_wconf 87' lang='lat' dir='ltr'><strong>qui.</strong></span> <span class='ocrx_word' id='word_1_811' title='bbox 1470 5806 1777 5865; x_wconf 87' lang='lat' dir='ltr'><strong>ceciderant</strong></span> <span class='ocrx_word' id='word_1_812' title='bbox 1795 5845 1810 5872; x_wconf 85' lang='lat'><strong>,</strong></span> <span class='ocrx_word' id='word_1_813' title='bbox 1840 5803 2013 5874; x_wconf 84' lang='lat' dir='ltr'><strong>loqui-</strong></span> 
     </span>
    </p>
   </div>
   <div class='ocr_carea' id='block_1_105' title="bbox 2122 4699 3700 4770">
    <p class='ocr_par' dir='ltr' id='par_1_105' title="bbox 2122 4699 3700 4770">
     <span class='ocr_line' id='line_1_105' title="bbox 2122 4699 3700 4770; baseline 0.001 -18"><span class='ocrx_word' id='word_1_814' title='bbox 2122 4719 2148 4752; x_wconf 64' lang='lat' dir='ltr'><strong>r</strong></span> <span class='ocrx_word' id='word_1_815' title='bbox 2177 4709 2323 4768; x_wconf 89' lang='lat' dir='ltr'><strong>runt,</strong></span> <span class='ocrx_word' id='word_1_816' title='bbox 2363 4715 2433 4755; x_wconf 89' lang='lat' dir='ltr'><strong>ne</strong></span> <span class='ocrx_word' id='word_1_817' title='bbox 2465 4699 2794 4770; x_wconf 69' lang='lat' dir='ltr'><strong>adiiceretur</strong></span> <span class='ocrx_word' id='word_1_818' title='bbox 2825 4701 2905 4756; x_wconf 88' lang='lat' dir='ltr'><strong>eis</strong></span> <span class='ocrx_word' id='word_1_819' title='bbox 2947 4699 3173 4755; x_wconf 87' lang='lat' dir='ltr'><strong>verbum</strong></span> <span class='ocrx_word' id='word_1_820' title='bbox 3202 4718 3215 4754; x_wconf 89' lang='lat'><strong>:</strong></span> <span class='ocrx_word' id='word_1_821' title='bbox 3247 4719 3265 4753; x_wconf 73' lang='grc' dir='ltr'><strong>ι</strong></span> <span class='ocrx_word' id='word_1_822' title='bbox 3293 4699 3461 4756; x_wconf 86' lang='lat' dir='ltr'><strong>veluti</strong></span> <span class='ocrx_word' id='word_1_823' title='bbox 3481 4700 3530 4756; x_wconf 93' lang='lat' dir='ltr'><strong>si</strong></span> <span class='ocrx_word' id='word_1_824' title='bbox 3557 4700 3700 4754; x_wconf 88' lang='lat' dir='ltr'><strong>dice-</strong></span> 
     </span>
    </p>
   </div>
   <div class='ocr_carea' id='block_1_106' title="bbox 2113 4792 3701 4862">
    <p class='ocr_par' dir='ltr' id='par_1_106' title="bbox 2113 4792 3701 4862">
     <span class='ocr_line' id='line_1_106' title="bbox 2113 4792 3701 4862; baseline -0.001 -15"><span class='ocrx_word' id='word_1_825' title='bbox 2113 4801 2234 4848; x_wconf 87' lang='lat' dir='ltr'><strong>ret:</strong></span> <span class='ocrx_word' id='word_1_826' title='bbox 2269 4793 2527 4849; x_wconf 88' lang='lat' dir='ltr'><strong>terribilia</strong></span> <span class='ocrx_word' id='word_1_827' title='bbox 2553 4803 2680 4848; x_wconf 91' lang='lat' dir='ltr'><strong>sunt</strong></span> <span class='ocrx_word' id='word_1_828' title='bbox 2709 4793 2923 4862; x_wconf 91' lang='lat' dir='ltr'><strong>quidem</strong></span> <span class='ocrx_word' id='word_1_829' title='bbox 2964 4793 3091 4860; x_wconf 85' lang='lat' dir='ltr'><strong>ista,</strong></span> <span class='ocrx_word' id='word_1_830' title='bbox 3114 4801 3170 4849; x_wconf 89' lang='lat' dir='ltr'><strong>et</strong></span> <span class='ocrx_word' id='word_1_831' title='bbox 3197 4793 3269 4847; x_wconf 89' lang='lat' dir='ltr'><strong>ita</strong></span> <span class='ocrx_word' id='word_1_832' title='bbox 3305 4792 3610 4857; x_wconf 88' lang='lat' dir='ltr'><strong>tremenda,</strong></span> <span class='ocrx_word' id='word_1_833' title='bbox 3637 4799 3701 4846; x_wconf 87' lang='lat' dir='ltr'><strong>ut</strong></span> 
     </span>
    </p>
   </div>
   <div class='ocr_carea' id='block_1_107' title="bbox 2113 4880 3696 4954">
    <p class='ocr_par' dir='ltr' id='par_1_107' title="bbox 2113 4880 3696 4954">
     <span class='ocr_line' id='line_1_107' title="bbox 2113 4880 3696 4954; baseline -0.004 -15"><span class='ocrx_word' id='word_1_834' title='bbox 2113 4899 2176 4939; x_wconf 89' lang='lat' dir='ltr'><strong>ea</strong></span> <span class='ocrx_word' id='word_1_835' title='bbox 2225 4899 2294 4939; x_wconf 91' lang='lat' dir='ltr'><strong>ne</strong></span> <span class='ocrx_word' id='word_1_836' title='bbox 2327 4884 2542 4940; x_wconf 91' lang='lat' dir='ltr'><strong>auditus</strong></span> <span class='ocrx_word' id='word_1_837' title='bbox 2587 4881 2734 4940; x_wconf 90' lang='lat' dir='ltr'><strong>ferre</strong></span> <span class='ocrx_word' id='word_1_838' title='bbox 2776 4891 2978 4954; x_wconf 90' lang='lat' dir='ltr'><strong>posset,</strong></span> <span class='ocrx_word' id='word_1_839' title='bbox 3019 4891 3075 4938; x_wconf 91' lang='lat' dir='ltr'><strong>et</strong></span> <span class='ocrx_word' id='word_1_840' title='bbox 3123 4897 3300 4951; x_wconf 89' lang='lat' dir='ltr'><strong>neque</strong></span> <span class='ocrx_word' id='word_1_841' title='bbox 3348 4881 3478 4936; x_wconf 89' lang='lat' dir='ltr'><strong>illuc</strong></span> <span class='ocrx_word' id='word_1_842' title='bbox 3523 4880 3696 4936; x_wconf 82' lang='lat' dir='ltr'><strong>bestia</strong></span> 
     </span>
    </p>
   </div>
   <div class='ocr_carea' id='block_1_108' title="bbox 2113 4973 3696 5044">
    <p class='ocr_par' dir='ltr' id='par_1_108' title="bbox 2113 4973 3696 5044">
     <span class='ocr_line' id='line_1_108' title="bbox 2113 4973 3696 5044; baseline -0.001 -16"><span class='ocrx_word' id='word_1_843' title='bbox 2113 4975 2370 5044; x_wconf 85' lang='lat' dir='ltr'><strong>quaelibet</strong></span> <span class='ocrx_word' id='word_1_844' title='bbox 2391 4973 2616 5030; x_wconf 89' lang='lat' dir='ltr'><strong>auderet</strong></span> <span class='ocrx_word' id='word_1_845' title='bbox 2643 4974 2923 5040; x_wconf 85' lang='lat' dir='ltr'><strong>accedere.</strong></span> <span class='ocrx_word' id='word_1_846' title='bbox 2963 4975 3349 5030; x_wconf 73' lang='lat' dir='ltr'><strong>Verumtamen</strong></span> <span class='ocrx_word' id='word_1_847' title='bbox 3394 4987 3502 5028; x_wconf 90' lang='lat' dir='ltr'><strong>non</strong></span> <span class='ocrx_word' id='word_1_848' title='bbox 3542 4977 3696 5027; x_wconf 86' lang='lat' dir='ltr'><strong>erunt</strong></span> 
     </span>
    </p>
   </div>
   <div class='ocr_carea' id='block_1_109' title="bbox 2115 5061 3696 5136">
    <p class='ocr_par' dir='ltr' id='par_1_109' title="bbox 2115 5061 3696 5136">
     <span class='ocr_line' id='line_1_109' title="bbox 2115 5061 3696 5136; baseline -0.003 -17"><span class='ocrx_word' id='word_1_849' title='bbox 2115 5064 2264 5131; x_wconf 86' lang='lat' dir='ltr'><strong>talia,</strong></span> <span class='ocrx_word' id='word_1_850' title='bbox 2309 5064 2489 5136; x_wconf 86' lang='lat' dir='ltr'><strong>qualia</strong></span> <span class='ocrx_word' id='word_1_851' title='bbox 2525 5065 2660 5131; x_wconf 73' lang='lat' dir='ltr'><strong>hmo,</strong></span> <span class='ocrx_word' id='word_1_852' title='bbox 2693 5081 2814 5134; x_wconf 75' lang='lat' dir='ltr'><strong>qua:</strong></span> <span class='ocrx_word' id='word_1_853' title='bbox 2843 5071 3030 5134; x_wconf 86' lang='lat' dir='ltr'><strong>postea</strong></span> <span class='ocrx_word' id='word_1_854' title='bbox 3065 5071 3213 5135; x_wconf 85' lang='lat' dir='ltr'><strong>gesta</strong></span> <span class='ocrx_word' id='word_1_855' title='bbox 3255 5070 3403 5118; x_wconf 88' lang='lat' dir='ltr'><strong>sunt.</strong></span> <span class='ocrx_word' id='word_1_856' title='bbox 3443 5061 3582 5128; x_wconf 91' lang='lat' dir='ltr'><strong>Quid</strong></span> <span class='ocrx_word' id='word_1_857' title='bbox 3614 5069 3696 5116; x_wconf 87' lang='lat' dir='ltr'><strong>est</strong></span> 
     </span>
    </p>
   </div>
   <div class='ocr_carea' id='block_1_110' title="bbox 2110 5152 3698 5226">
    <p class='ocr_par' dir='ltr' id='par_1_110' title="bbox 2110 5152 3698 5226">
     <span class='ocr_line' id='line_1_110' title="bbox 2110 5152 3698 5226; baseline -0.001 -16"><span class='ocrx_word' id='word_1_858' title='bbox 2110 5155 2255 5210; x_wconf 88' lang='lat' dir='ltr'><strong>enim</strong></span> <span class='ocrx_word' id='word_1_859' title='bbox 2286 5171 2443 5212; x_wconf 89' lang='lat' dir='ltr'><strong>mons</strong></span> <span class='ocrx_word' id='word_1_860' title='bbox 2475 5154 2604 5210; x_wconf 89' lang='lat' dir='ltr'><strong>Sina</strong></span> <span class='ocrx_word' id='word_1_861' title='bbox 2645 5155 2699 5210; x_wconf 90' lang='lat' dir='ltr'><strong>in</strong></span> <span class='ocrx_word' id='word_1_862' title='bbox 2731 5155 3138 5226; x_wconf 77' lang='lat' dir='ltr'><strong>comparatione</strong></span> <span class='ocrx_word' id='word_1_863' title='bbox 3179 5154 3354 5214; x_wconf 69' lang='lat' dir='ltr'><strong>utsii?</strong></span> <span class='ocrx_word' id='word_1_864' title='bbox 3383 5154 3515 5223; x_wconf 88' lang='lat' dir='ltr'><strong>quid</strong></span> <span class='ocrx_word' id='word_1_865' title='bbox 3557 5152 3698 5224; x_wconf 85' lang='lat' dir='ltr'><strong>ignis</strong></span> 
     </span>
    </p>
   </div>
   <div class='ocr_carea' id='block_1_111' title="bbox 2114 5243 3698 5311">
    <p class='ocr_par' dir='ltr' id='par_1_111' title="bbox 2114 5243 3698 5311">
     <span class='ocr_line' id='line_1_111' title="bbox 2114 5243 3698 5311; baseline -0.003 -9"><span class='ocrx_word' id='word_1_866' title='bbox 2114 5246 2412 5303; x_wconf 89' lang='lat' dir='ltr'><strong>tractabilis</strong></span> <span class='ocrx_word' id='word_1_867' title='bbox 2441 5247 2507 5303; x_wconf 91' lang='lat' dir='ltr'><strong>ad</strong></span> <span class='ocrx_word' id='word_1_868' title='bbox 2533 5245 2704 5302; x_wconf 90' lang='lat' dir='ltr'><strong>Deum</strong></span> <span class='ocrx_word' id='word_1_869' title='bbox 2729 5245 3131 5311; x_wconf 83' lang='lat' dir='ltr'><strong>intractabilem</strong></span> <span class='ocrx_word' id='word_1_870' title='bbox 3149 5244 3176 5297; x_wconf 91' lang='lat'><strong>?</strong></span> <span class='ocrx_word' id='word_1_871' title='bbox 3203 5263 3220 5294; x_wconf 71' lang='grc' dir='ltr'>ι</span> <span class='ocrx_word' id='word_1_872' title='bbox 3250 5243 3396 5300; x_wconf 88' lang='lat' dir='ltr'><strong>Deus</strong></span> <span class='ocrx_word' id='word_1_873' title='bbox 3418 5243 3583 5308; x_wconf 88' lang='lat' dir='ltr'><strong>enim,</strong></span> <span class='ocrx_word' id='word_1_874' title='bbox 3613 5243 3698 5298; x_wconf 79' lang='lat' dir='ltr'><strong>in-</strong></span> 
     </span>
    </p>
   </div>
   <div class='ocr_carea' id='block_1_112' title="bbox 2111 5333 3690 5412">
    <p class='ocr_par' dir='ltr' id='par_1_112' title="bbox 2111 5333 3690 5412">
     <span class='ocr_line' id='line_1_112' title="bbox 2111 5333 3690 5412; baseline -0.005 -17"><span class='ocrx_word' id='word_1_875' title='bbox 2111 5341 2250 5412; x_wconf 88' lang='lat' dir='ltr'><strong>quit,</strong></span> <span class='ocrx_word' id='word_1_876' title='bbox 2299 5339 2448 5410; x_wconf 85' lang='lat' dir='ltr'><strong>ignis</strong></span> <span class='ocrx_word' id='word_1_877' title='bbox 2481 5352 2807 5395; x_wconf 88' lang='lat' dir='ltr'><strong>consumens</strong></span> <span class='ocrx_word' id='word_1_878' title='bbox 2847 5345 2951 5393; x_wconf 89' lang='lat' dir='ltr'><strong>est.</strong></span> <span class='ocrx_word' id='word_1_879' title='bbox 3001 5335 3124 5392; x_wconf 86' lang='lat' dir='ltr'><strong>Non.</strong></span> <span class='ocrx_word' id='word_1_880' title='bbox 3172 5335 3448 5406; x_wconf 87' lang='lat' dir='ltr'><strong>loquatur,</strong></span> <span class='ocrx_word' id='word_1_881' title='bbox 3499 5333 3690 5404; x_wconf 86' lang='lat' dir='ltr'><strong>inquit.</strong></span> 
     </span>
    </p>
   </div>
   <div class='ocr_carea' id='block_1_113' title="bbox 2112 5424 3694 5500">
    <p class='ocr_par' dir='ltr' id='par_1_113' title="bbox 2112 5424 3694 5500">
     <span class='ocr_line' id='line_1_113' title="bbox 2112 5424 3694 5500; baseline -0.006 -12"><span class='ocrx_word' id='word_1_882' title='bbox 2112 5433 2270 5488; x_wconf 85' lang='lat' dir='ltr'><strong>nobis</strong></span> <span class='ocrx_word' id='word_1_883' title='bbox 2303 5430 2476 5496; x_wconf 87' lang='lat' dir='ltr'><strong>Deus,</strong></span> <span class='ocrx_word' id='word_1_884' title='bbox 2504 5449 2532 5483; x_wconf 63' lang='grc' dir='ltr'><strong>ι</strong></span> <span class='ocrx_word' id='word_1_885' title='bbox 2557 5430 2649 5486; x_wconf 88' lang='lat' dir='ltr'><strong>sed</strong></span> <span class='ocrx_word' id='word_1_886' title='bbox 2678 5430 2931 5500; x_wconf 84' lang='lat' dir='ltr'><strong>loquatur</strong></span> <span class='ocrx_word' id='word_1_887' title='bbox 2960 5427 3117 5483; x_wconf 90' lang='lat' dir='ltr'><strong>nobis</strong></span> <span class='ocrx_word' id='word_1_888' title='bbox 3153 5425 3382 5498; x_wconf 78' lang='lat' dir='ltr'><strong>Moyses.</strong></span> <span class='ocrx_word' id='word_1_889' title='bbox 3430 5424 3522 5480; x_wconf 86' lang='lat' dir='ltr'><strong>Sic</strong></span> <span class='ocrx_word' id='word_1_890' title='bbox 3551 5424 3694 5479; x_wconf 83' lang='lat' dir='ltr'><strong>enim</strong></span> 
     </span>
    </p>
   </div>
   <div class='ocr_carea' id='block_1_114' title="bbox 2115 5513 3694 5592">
    <p class='ocr_par' dir='ltr' id='par_1_114' title="bbox 2115 5513 3694 5592">
     <span class='ocr_line' id='line_1_114' title="bbox 2115 5513 3694 5592; baseline -0.009 -12"><span class='ocrx_word' id='word_1_891' title='bbox 2115 5522 2359 5580; x_wconf 89' lang='lat' dir='ltr'><strong>terribile</strong></span> <span class='ocrx_word' id='word_1_892' title='bbox 2397 5530 2518 5578; x_wconf 88' lang='lat' dir='ltr'><strong>erat</strong></span> <span class='ocrx_word' id='word_1_893' title='bbox 2543 5561 2568 5589; x_wconf 93' lang='lat'><strong>,.</strong></span> <span class='ocrx_word' id='word_1_894' title='bbox 2591 5525 2736 5592; x_wconf 91' lang='lat' dir='ltr'><strong>quod</strong></span> <span class='ocrx_word' id='word_1_895' title='bbox 2774 5520 2843 5575; x_wconf 91' lang='lat' dir='ltr'><strong>ad</strong></span> <span class='ocrx_word' id='word_1_896' title='bbox 2875 5535 2968 5576; x_wconf 92' lang='lat' dir='ltr'><strong>eos</strong></span> <span class='ocrx_word' id='word_1_897' title='bbox 3005 5516 3422 5588; x_wconf 85' lang='lat' dir='ltr'><strong>proferebatur,</strong></span> <span class='ocrx_word' id='word_1_898' title='bbox 3445 5522 3506 5570; x_wconf 91' lang='lat' dir='ltr'><strong>ut</strong></span> <span class='ocrx_word' id='word_1_899' title='bbox 3531 5513 3694 5569; x_wconf 86' lang='lat' dir='ltr'><strong>etiam</strong></span> 
     </span>
    </p>
   </div>
   <div class='ocr_carea' id='block_1_115' title="bbox 2115 5605 3692 5685">
    <p class='ocr_par' dir='ltr' id='par_1_115' title="bbox 2115 5605 3692 5685">
     <span class='ocr_line' id='line_1_115' title="bbox 2115 5605 3692 5685; baseline -0.008 -16"><span class='ocrx_word' id='word_1_900' title='bbox 2115 5613 2327 5685; x_wconf 83' lang='lat' dir='ltr'><strong>Moyses</strong></span> <span class='ocrx_word' id='word_1_901' title='bbox 2348 5613 2590 5681; x_wconf 89' lang='lat' dir='ltr'><strong>diceret,</strong></span> <span class='ocrx_word' id='word_1_902' title='bbox 2641 5611 2783 5684; x_wconf 88' lang='lat' dir='ltr'><strong>quod</strong></span> <span class='ocrx_word' id='word_1_903' title='bbox 2813 5610 3106 5668; x_wconf 82' lang='lat' dir='ltr'><strong>exterritus</strong></span> <span class='ocrx_word' id='word_1_904' title='bbox 3129 5616 3274 5665; x_wconf 90' lang='lat' dir='ltr'><strong>esset</strong></span> <span class='ocrx_word' id='word_1_905' title='bbox 3299 5617 3358 5664; x_wconf 91' lang='lat' dir='ltr'><strong>et</strong></span> <span class='ocrx_word' id='word_1_906' title='bbox 3384 5605 3692 5663; x_wconf 86' lang='lat' dir='ltr'><strong>tremebun-</strong></span> 
     </span>
    </p>
   </div>
   <div class='ocr_carea' id='block_1_116' title="bbox 2115 5692 3694 5771">
    <p class='ocr_par' dir='ltr' id='par_1_116' title="bbox 2115 5692 3694 5771">
     <span class='ocr_line' id='line_1_116' title="bbox 2115 5692 3694 5771; baseline -0.009 -11"><span class='ocrx_word' id='word_1_907' title='bbox 2115 5705 2216 5762; x_wconf 90' lang='lat' dir='ltr'><strong>dus</strong></span> <span class='ocrx_word' id='word_1_908' title='bbox 2235 5703 2478 5762; x_wconf 85' lang='lat' dir='ltr'><strong>ell&#39;ectus.</strong></span> <span class='ocrx_word' id='word_1_909' title='bbox 2503 5702 2643 5771; x_wconf 91' lang='lat' dir='ltr'><strong>Quid</strong></span> <span class='ocrx_word' id='word_1_910' title='bbox 2669 5701 2904 5765; x_wconf 84' lang='lat' dir='ltr'><strong>miraris,</strong></span> <span class='ocrx_word' id='word_1_911' title='bbox 2931 5699 3126 5770; x_wconf 88' lang='lat' dir='ltr'><strong>inquit,</strong></span> <span class='ocrx_word' id='word_1_912' title='bbox 3147 5699 3214 5755; x_wconf 89' lang='lat' dir='ltr'><strong>de</strong></span> <span class='ocrx_word' id='word_1_913' title='bbox 3238 5696 3431 5769; x_wconf 87' lang='lat' dir='ltr'><strong>plebe?</strong></span> <span class='ocrx_word' id='word_1_914' title='bbox 3459 5697 3575 5766; x_wconf 85' lang='lat' dir='ltr'><strong>ipse</strong></span> <span class='ocrx_word' id='word_1_915' title='bbox 3598 5692 3694 5763; x_wconf 90' lang='lat' dir='ltr'><strong>qui</strong></span> 
     </span>
    </p>
   </div>
   <div class='ocr_carea' id='block_1_117' title="bbox 2116 5788 3690 5872">
    <p class='ocr_par' dir='ltr' id='par_1_117' title="bbox 2116 5788 3690 5872">
     <span class='ocr_line' id='line_1_117' title="bbox 2116 5788 3690 5872; baseline -0.011 -16"><span class='ocrx_word' id='word_1_916' title='bbox 2116 5797 2396 5872; x_wconf 85' lang='lat' dir='ltr'><strong>caliginem</strong></span> <span class='ocrx_word' id='word_1_917' title='bbox 2421 5797 2694 5869; x_wconf 87' lang='lat' dir='ltr'><strong>ingressus</strong></span> <span class='ocrx_word' id='word_1_918' title='bbox 2715 5801 2817 5862; x_wconf 84' lang='lat' dir='ltr'><strong>est,</strong></span> <span class='ocrx_word' id='word_1_919' title='bbox 2847 5794 2900 5850; x_wconf 91' lang='lat' dir='ltr'><strong>in</strong></span> <span class='ocrx_word' id='word_1_920' title='bbox 2929 5807 3034 5864; x_wconf 87' lang='lat' dir='ltr'><strong>qua</strong></span> <span class='ocrx_word' id='word_1_921' title='bbox 3064 5800 3184 5849; x_wconf 84' lang='lat' dir='ltr'><strong>erat</strong></span> <span class='ocrx_word' id='word_1_922' title='bbox 3222 5789 3388 5860; x_wconf 87' lang='lat' dir='ltr'><strong>Deus,</strong></span> <span class='ocrx_word' id='word_1_923' title='bbox 3424 5788 3538 5860; x_wconf 86' lang='lat' dir='ltr'><strong>ipse</strong></span> <span class='ocrx_word' id='word_1_924' title='bbox 3563 5797 3690 5855; x_wconf 73' lang='lat' dir='ltr'><strong>ergo</strong></span> 
     </span>
    </p>
   </div>
  </div>
