3972 6336
261 363 366 420 821

735 360 1285 421 ENARRATIONUM
1319 362 1387 419 IN
1422 360 1574 419 EPP.
1614 359 1833 419 EPIST.
1869 359 1999 417 LIB.
2038 359 2228 418 XXIX.
2375 361 2445 420 IN
2481 361 2700 422 EPIST.
2736 363 2830 421 AD
2862 358 3072 422 HEBR.‘

263 480 423 546 dicit,
444 496 465 532 ι
491 476 804 536 Exterritus
827 493 947 534 sum
968 486 1025 534 et
1051 477 1438 534 tremebundus
1463 474 1704 534 effectus.
1731 494 1750 528 ι
1779 503 1850 514 -—
1875 474 1928 536 Α
1952 473 2151 532 audisti
2175 489 2366 532 vocem
2405 491 2512 532 non
2541 491 2638 548 per
2666 477 2918 534 nebulam
2946 475 3279 546 venientem,
3309 477 3407 536 sed
3430 491 3535 550 per

273 592 295 626 ι
323 572 432 630 Sed
459 572 765 629 accessistis
787 571 856 627 ad
875 580 1111 627 montem
1133 571 1264 628 Sion
1287 579 1342 626 et
1365 570 1638 627 civitatem
1657 568 1753 623 Dei
1773 566 1854 622 vi-

271 683 292 716 ι
330 663 533 728 ventis,
549 661 858 720 Ierusalem
894 661 1173 718 cmlestem
1215 669 1269 717 et
1308 661 1596 717 multorum
1628 659 1852 715 millium

273 773 298 806 ε
327 751 643 826 angelorum
679 751 1061 823 frequentiam,
1105 760 1162 806 et
1210 751 1507 808 Ecclesiam
1556 751 1856 822 primitivo-

274 868 302 902 c
329 865 478 916 rum,
523 847 617 918 qui
671 847 969 918 conscripti
1027 855 1154 901 sunt
1198 846 1254 900 in
1297 845 1482 912 cmlis,
1529 853 1584 902 et
1616 845 1854 916 judicent

273 959 293 994 ι
328 941 574 996 omnium
593 939 792 1006 Deum,
812 948 864 995 et
895 936 1154 1008 Spiritum
1175 936 1444 1008 justorum
1469 937 1849 1008 perfectorum,

274 1054 294 1088 ‹
327 1042 385 1090 et
403 1033 737 1090 Testamenti
767 1031 904 1088 Novi
943 1032 1296 1112 mediatorem
1324 1023 1534 1098 Iesum,
1559 1039 1614 1112 et
1637 1030 1856 1101 sangui-

275 1143 308 1177 ι-
326 1124 415 1181 nis
462 1124 835 1196 aspersionem
867 1109 1399 1202 melius'loquentem
1433 1109 1594 1192 quam
1637 1121 1792 1202 Abel.
1830 1139 1848 1174 ι

269 1216 579 1273 'I‘remeuda
603 1217 822 1289 quidem
843 1224 1004 1273 erant
1027 1224 1082 1288 et
1111 1216 1200 1272 illa
1236 1235 1248 1270 :
1282 1215 1375 1274 sed
1405 1217 1522 1272 haec
1547 1215 1716 1272 multo
1741 1230 1857 1272 am-

266 1304 416 1374 plius
446 1303 761 1359 admiranda
785 1303 1050 1374 valdeque
1091 1301 1342 1358 clariora.
1384 1300 1570 1372 Neque
1594 1300 1742 1357 enim
1766 1299 1857 1356 hic

269 1395 513 1449 tenebrae
537 1401 686 1460 sunt,
717 1397 894 1465 neque
916 1391 1109 1463 caligo,
1140 1387 1315 1462 neque
1349 1391 1619 1462 procellae,
1645 1398 1700 1446 et
1725 1389 1857 1444 mihi

269 1485 492 1542 videtur
517 1499 618 1555 per
647 1485 764 1541 haec
789 1483 1084 1560 signiﬁcari
1103 1484 1409 1543 obscuritas
1434 1483 1648 1540 Veteris
1668 1481 1858 1537 Testa-

269 1579 474 1635 nienti:
505 1579 610 1633 hoc
635 1584 738 1645 est,
755 1578 898 1648 quod
920 1575 1131 1634 diﬂlcile
1151 1575 1366 1632 valebat
1385 1573 1630 1643 intelligi,
1659 1580 1712 1630 et
1737 1587 1856 1628 um-

269 1669 453 1724 bratio
477 1668 610 1740 legis
651 1675 709 1724 et
750 1667 1032 1733 velamen,
1059 1664 1208 1737 quod
1246 1673 1367 1721 erat
1393 1664 1501 1724 illis
1533 1663 1730 1719 litteris
1765 1677 1856 1718 su-

269 1761 630 1831 perpositum.
669 1759 816 1832 Ignis
845 1768 1043 1816 autem
1087 1757 1356 1830 significat
1405 1755 1768 1828 legislatorem
1799 1754 1856 1810 in

1951 582 2170 624 carnem
2210 566 2431 624 Christi.
2471 567 2588 625 Non
2618 583 2678 624 es
2709 569 3067 626 tumultuatus
3105 585 3280 641 neque
3309 579 3529 643 pertur—

1949 661 2129 726 batus,
2162 662 2256 718 sed
2281 662 2479 718 stetisti
2506 670 2560 718 et
2585 661 2886 719 collocutus
2921 677 2980 719 es
3012 662 3533 734 mediatori.'Sigui-

1953 751 2116 808 Iicant
2133 753 2294 808 etiam
2320 754 2559 810 tenebra:
2587 753 3011 810 invisibilitatem
3031 753 3148 822 Dei,
3182 773 3200 807 ‹
3227 763 3283 810 et
3309 754 3527 821 nebula,

1952 842 2147 914 inquit,
2181 845 2281 901 sub
2320 845 2544 915 pedibus
2589 843 2908 918 ejus(Psal.
2949 849 3118 919 xvn).
3157 865 3176 900 ι
3207 845 3360 902 'I‘unc
3399 860 3532 920 ergo

1953 935 2166 1007 Moyses
2203 936 2408 1003 timuit,
2448 951 2592 992 nunc
2622 944 2806 993 autem
2850 937 3042 994 metuit
3077 935 3278 1003 nullus,
3315 945 3371 994 et
3403 945 3534 994 tunc

1950 1029 2105 1101 plebs
2156 1030 2306 1086 stetit
2349 1037 2457 1086 tota
2501 1031 2775 1097 deorsum,
2816 1045 2920 1088 nos.
2959 1038 3140 1086 autem
3176 1030 3279 1087 etsi
3323 1045 3356 1085 a
3395 1029 3538 1088 cmlo

1953 1121 2204 1177 deorsum
2255 1133 2442 1177 sumus
2466 1162 2482 1188 ,
2519 1129 2891 1178 verumtamen
2924 1122 3348 1192 prapinquamus
3394 1120 3537 1177 Filio

1953 1209 2070 1280 Dei,
2100 1221 2156 1268 et
2183 1227 2290 1268 non
2329 1213 2472 1269 sicut
2503 1213 2734 1285 Moyses,
2759 1213 2868 1270 illic
2896 1214 3039 1269 enim
3071 1229 3288 1270 eremus
3316 1220 3454 1280 erat,
3481 1220 3538 1270 et

1953 1307 2306 1363 circumcirca
2350 1306 2610 1374 desertio,
2643 1307 2734 1362 hic
2767 1314 2949 1362 autem
2983 1306 3176 1362 civitas
3213 1314 3270 1362 et
3304 1305 3538 1362 millium

1953 1397 2242 1454 celebritas
2267 1397 2602 1470 angelorum.
2631 1396 2688 1452 In
2719 1398 2824 1454 hoc
2849 1398 3016 1454 verbo
3045 1397 3297 1470 gaudium
3327 1395 3537 1468 signifi—

1948 1483 2045 1546 cat
2070 1497 2124 1546 et
2139 1489 2558 1559 iucunditatem,
2602 1503 2701 1560 pro
2727 1488 2978 1559 caligine,
3005 1504 3106 1560 pro
3147 1488 3406 1554 tenebris,
3437 1501 3539 1558 pro

1956 1577 2170 1635 turbine
2201 1577 2520 1649 procelloso.
2548 1599 2567 1631 ‹
2604 1579 2670 1632 Et
2698 1578 3030 1644 Ecclesium,
3060 1578 3260 1650 inquit,
3295 1577 3538 1650 primiti-

1955 1687 2168 1738 vorum,
2215 1686 2337 1742 qua:
2381 1672 2436 1726 in
2483 1671 2636 1728 caelis
2681 1671 2885 1742 scripta
2930 1679 3045 1738 est,
3097 1679 3154 1727 et
3197 1671 3265 1727 ad
3301 1667 3540 1740 iudicem

1957 1761 2127 1816 Deum
2173 1761 2436 1818 omnium.
2466 1781 2487 1814 ›
2519 1761 2597 1816 Illi
2643 1776 2752 1816 non
2796 1769 3176 1829 accesserunt,
3213 1761 3310 1817 sed
3351 1759 3542 1832 procul

273 1853 404 1924 igne
425 1853 852 1922 severum'atque
873 1849 1480 1906 terribilem.'l‘ubarum
1496 1855 1674 1903 autem
1690 1859 1856 1903 sonus
1883 1848 1930 1909 B
1959 1851 2194 1918 stabant,
2226 1866 2325 1908 vos
2371 1859 2552 1908 autem
2595 1851 2935 1918 accessistis,
2969 1851 3164 1923 inquit.
3208 1850 3310 1908 IIic
3357 1841 3543 1906 sulem

272 1944 476 2000 merito
496 1953 623 2000 sunt
644 1944 871 2000 adhibiti
891 1943 986 2010 ibi,
1003 1951 1062 1998 ut
1077 1949 1205 2014 puta
1227 1942 1552 2013 imperatOre
1570 1946 1856 2010 praesente.

274 2033 415 2090 Nam
441 2036 542 2091 hoc
567 2045 621 2091 et
644 2036 698 2090 in
715 2036 956 2091 secundo
977 2035 1209 2090 adventu
1233 2032 1473 2087 futurum
1492 2038 1578 2088 est
1601 2049 1664 2085 ει
1685 2030 1741 2085 ln
1763 2045 1862 2086 no-

274 2126 520 2191 vissima,
553 2125 751 2197 inquit,
775 2125 902 2180 tuba
925 2125 1105 2180 cuncti
1127 2122 1487 2179 resurrecturi
1511 2129 1637 2178 sunt
1659 2119 1710 2194 (ι
1736 2119 1858 2176 Cor.

275 2217 403 2288 xv);
431 2237 450 2268 ι
481 2218 596 2272 haec
620 2216 763 2272 enim
790 2216 941 2273 vocis
970 2215 1096 2271 tuba
1117 2213 1330 2270 factura
1353 2221 1454 2270 est.
1480 2213 1672 2272 Omnia
1699 2213 1864 2286 igitur

281 2308 338 2363 in
383 2308 473 2364 illo
508 2316 752 2378 tempore
792 2306 1067 2364 sensibilia
1113 2313 1309 2372 erant,
1353 2313 1464 2361 tam
1513 2304 1720 2361 audi'ui
1764 2305 1866 2360 hu-

275 2416 468 2466 mano,
519 2415 682 2470 quam
725 2400 906 2465 visui,
941 2414 1108 2472 nunc
1159 2407 1338 2454 autem
1391 2397 1655 2470 spiritalia
1708 2397 1866 2454 nobis

281 2499 480 2548 cuncta
513 2492 712 2547 tributa
749 2498 895 2547 sunt.
932 2490 1094 2545 Tunc-
1111 2488 1323 2557 fumus,
1353 2488 1548 2560 inquit,
1595 2497 1715 2545 erat
1746 2488 1866 2560 plu-

279 2586 492 2650 rimus,
511 2584 766 2654 quoniam
814 2581 957 2638 Deus
978 2581 1178 2638 dicitur
1215 2581 1358 2653 ignis
1387 2595 1532 2648 esse,
1559 2596 1688 2636 nam
1721 2588 1778 2637 et
1808 2581 1866 2636 in

281 2675 424 2731 rubo
467 2673 717 2730 similiter
747 2671 1058 2744 apparuisse
1101 2678 1502 2737 memorantur,
1552 2679 1608 2726 et
1649 2684 1748 2740 per
1784 2668 1868 2724 fu—

282 2782 436 2824 mum
465 2766 628 2821 etiam
659 2765 837 2837 ignem
875 2763 1043 2820 fuisse
1077 2762 1365 2835 significat.
1399 2762 1661 2822 Tenebrae
1687 2769 1866 2818 autem

285 2864 360 2912 et.
387 2855 561 2928 caligo
607 2863 869 2911 terrorem
908 2852 1214 2909 videntibus
1241 2849 1575 2908 afferebant:
1608 2850 1688 2908 sic
1722 2849 1868 2906 enim

288 2950 457 3005 etiam
486 2949 658 3004 Isaias
695 2948 865 3004 dicit:
905 2946 1020 3002 c-Et
1044 2945 1261 3016 impleta
1287 2946 1582 3002 estdomus
1617 2960 1684 3001 ex
1718 2943 1868 3002 fumo

289 3039 450 3113 (ιω.
480 3056 534 3096 v1
559 3039 601 3112 ).
636 3058 656 3094 ι
689 3037 931 3095 Procella
965 3052 1094 3094 vero
1114 3037 1244 3108 quid
1279 3035 1382 3093 sibi
1413 3035 1564 3092 vult?
1591 3035 1869 3107 negligens

285 3137 409 3184 erat
447 3129 741 3184 humanum
783 3142 954 3199 genus
981 3136 1038 3182 et
1077 3142 1260 3198 segne,
1310 3127 1594 3199 oportebat
1638 3142 1768 3199 ergo
1810 3134 1872 3184 ut

1960 1947 2130 1996 terret
2167 1943 2262 1998 eos
2304 1941 2554 2009 dicendo,
2587 1959 2608 1994 r
2637 1950 2692 1998 et
2729 1942 2968 2014 judicem
3000 1941 3168 1998 Deum
3215 1941 3478 2008 omnium,
3517 1958 3539 1994 ι

1960 2047 2068 2088 non
2111 2041 2320 2088 tantum
2361 2031 2672 2090 Iudaeorum
2717 2049 2891 2104 neque
2927 2034 3199 2101 fidelium,
3238 2033 3334 2090 sed
3377 2034 3544 2090 totius

1959 2124 2210 2181 videlicet
2235 2125 2444 2180 mundi.
2475 2144 2493 2178 ε
2528 2125 2595 2181 Et
2621 2125 2687 2180 ad
2711 2125 2992 2195 Spiritum,
3020 2125 3230 2198 linquit,
3271 2123 3547 2195 justorum

1961 2215 2344 2288 perfectorum.
2358 2235 2376 2268 ι
2397 2215 2622 2272 Animas
2637 2215 2788 2283 dicit,
2807 2231 2928 2286 qua:
2951 2217 3092 2286 apud
3110 2217 3277 2271 Deum
3293 2215 3544 2288 probabi-

1965 2307 2044 2364 les
2068 2307 2414 2364 exstiterunt.
2449 2326 2467 2358 ι
2500 2306 2570 2362 Ει
2611 2307 2680 2363 ad
2729 2307 3114 2375 mediatorem,
3168 2307 3375 2377 inquit,
3409 2304 3544 2362 Novi

1964 2397 2300 2454 Testamenti
2329 2396 2512 2454 Iesum
2543 2406 2600 2454 et
2627 2399 2909 2470 sanguinis
2953 2398 3322 2470 aspersionem
3350 2397 3544 2454 melius

1963 2487 2295 2558 loquentem,
2321 2502 2482 2559 quam
2507 2488 2661 2545 Abel.
2681 2488 3003 2563 (Mannum):
3023 2490 3162 2558 Quid
3179 2490 3396 2546 autem?
3417 2505 3546 2544 num

1965 2579 2186 2651 sanguis
2219 2577 2354 2635 Abel
2381 2579 2594 2636 locutus
2622 2581 2742 2637 est?
2770 2578 2848 2636 Ita
2871 2589 2974 2648 est,
3003 2581 3201 2651 inquit,
3229 2596 3353 2636 nam
3383 2595 3548 2652 supra

1965 2668 2122 2735 dixit,
2145 2677 2199 2724 et
2219 2683 2320 2741 per
2339 2683 2460 2725 eam
2487 2670 2589 2726 hoc
2611 2678 2693 2726 est
2713 2685 2811 2741 per
2830 2670 2991 2726 ﬁdem
3013 2671 3190 2727 abhuc
3212 2685 3382 2742 usque
3403 2686 3550 2727 mor-

1969 2767 2095 2814 tuus
2127 2757 2386 2830 loquitur,
2409 2767 2464 2814 et
2487 2761 2684 2816 iterum
2703 2761 2847 2818 Deus
2879 2761 3050 2818 dixit:
3088 2779 3107 2814 ί
3127 2763 3242 2819 Vox
3273 2762 3550 2833 sanguinis

1968 2849 2156 2906 fratris
2185 2850 2489 2907 tui’clamat
2519 2852 2586 2908 ad
2613 2867 2700 2908 me
2729 2851 2892 2925 (Gen.
2924 2867 2978 2908 tv
3002 2853 3042 2926 ).
3081 2873 3098 2904 ι
3131 2852 3256 2910 Sive
3289 2869 3421 2925 ergo
3444 2853 3549 2909 isto

1969 2942 2133 2998 modo
2193 2941 2601 3016 intelligendum
2647 2951 2760 3011 est,
2805 2944 2920 3001 sive
2964 2944 3087 3012 illo,
3133 2945 3392 3016 quoniam
3451 2945 3550 3000 ad-

1970 3033 2080 3090 huc
2120 3048 2292 3105 usque
2363 3034 2672 3091 celebratur
2721 3034 2826 3090 hoc
2869 3033 3094 3090 factum.
3162 3034 3552 3091 Verumtamen

1971 3137 2079 3178 non
2123 3123 2220 3191 ita,
2265 3123 2408 3180 sicut
2452 3123 2594 3190 iste,
2633 3122 2860 3180 hoc'est
2897 3124 3118 3197 sanguis
3160 3123 3382 3184 Christi.
3433 3124 3554 3196 Ipse

261 3219 594 3290 ~erigeretur
619 3219 738 3274 istis
758 3227 814 3274 et
844 3218 1162 3274 redderetur
1196 3226 1483 3274 attentum.
1511 3217 1700 3274 Nullus
1723 3217 1868 3275 enim
1897 3209 1942 3273 C
1973 3227 2204 3285 namque
2229 3215 2461 3272 mundos
2490 3213 2724 3270 reddidit
2753 3215 3056 3282 universos,
3091 3223 3148 3272 et
3180 3229 3368 3271 vocem
3397 3215 3556 3271 emit-

259 3320 406 3367 ‘tam
441 3311 606 3366 hebes
640 3318 883 3366 erataut
929 3309 1174 3376 stolidus,
1217 3309 1310 3380 qui
1353 3324 1476 3364 cum
1520 3308 1636 3365 haec
1678 3307 1874 3364 ﬁerent

287 3418 402 3458 non
429 3411 576 3458 esset
597 3411 712 3460 toto
735 3402 898 3459 corde
924 3402 977 3456 in
1009 3401 1284 3473 superiora
1313 3401 1556 3458 sublatus
1586 3420 1600 3456 :
1625 3401 1705 3458 sic
1726 3402 1872 3458 enim

288 3493 579 3564 oportebat
605 3492 740 3564 erigi
769 3501 978 3549 mentes
994 3493 1292 3560 hominum,
1316 3509 1440 3550 cum
1464 3493 1598 3565 legis
1626 3494 1872 3551 instituta

288 3585 606 3640 ferrentur:
639 3602 658 3636 ι
691 3593 748 3640 et
793 3583 1035 3656 Moyses,
1087 3585 1294 3656 inquit,
1331 3585 1692 3656 loquebatur,
1730 3585 1873 3643 Deus

289 3685 480 3732 autem
517 3675 876 3746 respondebat
907 3675 958 3730 ei
986 3694 998 3730 :
1031 3694 1050 3727 ι
1079 3675 1362 3746 oportebat
1401 3676 1598 3747 quippe
1637 3683 1695 3731 et
1740 3675 1872 3732 divi-

291 3783 425 3824 nam
467 3766 697 3839 proferri
744 3781 964 3834 vocem,
1015 3767 1271 3837 quoniam
1322 3780 1421 3837 per
1470 3766 1688 3838 Moysen
1739 3765 1874 3838 legis

290 3865 454 3912 erant
479 3857 654 3912 danda
688 3865 954 3928 praecepta
973 3898 989 3923 ,
1021 3865 1309 3927 propterea
1338 3857 1502 3914 etiam
1533 3872 1666 3914 voce
1689 3856 1873 3914 divina

291 3950 406 4007 ﬁde
432 3950 625 4022 dignus
651 3950 898 4008 efﬁcitur.
933 3949 1136 4007 .Videre
1165 3965 1399 4021 namque
1440 3965 1562 4006 cum
1590 3965 1698 4007 non
1725 3957 1874 4020 pote-

294 4050 423 4098 rant
442 4051 663 4113 propter
688 4042 997 4113 caliginem,
1022 4041 1212 4097 audire
1243 4056 1350 4096 non
1380 4048 1629 4112 poterant
1653 4049 1876 4112 propter

297 4132 618 4188 tenuitatem
643 4133 792 4189 vocis
819 4133 1005 4203 ipsius.
1037 4132 1176 4198 Quid
1198 4147 1328 4203 ergo
1355 4131 1558 4188 factum
1589 4139 1672 4188 est
1691 4132 1714 4186 ‘l
1731 4131 1876 4188 Deus

295 4241 494 4298 magna
519 4240 650 4282 voce
672 4225 947 4296 respondit
971 4243 1062 4279 ...ι
1082 4224 1148 4280 Et
1167 4232 1576 4291 recusaverunt,
1596 4223 1790 4296 inquit,
1809 4236 1877 4279 ne

296 4315 630 4386 adiiceretur
653 4316 734 4372 eis
760 4317 1006 4372 verbum.
1038 4335 1062 4368 ι
1082 4315 1164 4372 Ab
1189 4315 1305 4386 ipso
1334 4329 1566 4386 namque
1593 4315 1746 4371 initio
1771 4313 1874 4387 ipsi

298 4421 464 4463 causa
495 4407 574 4461 rei
619 4405 778 4476 hujus
821 4404 998 4462 elfecti
1030 4413 1189 4472 sunt,
1231 4413 1293 4461 ut
1316 4405 1459 4460 Deus
1491 4414 1778 4476 appareret
1819 4407 1876 4463 in

300 4498 542 4566 carneﬁt
578 4497 645 4552 Et
674 4497 928 4568 loquatur
968 4497 1146 4564 nobis,
1173 4497 1368 4567 inquit,
1423 4496 1656 4568 Moyses,
1687 4505 1744 4552 et
1769 4512 1876 4554 non

1961 3308 2038 3364 tit
2070 3307 2547 3380 signiﬁcantiorem
2583 3316 2748 3379 atque
2791 3307 3102 3375 clariorem,
3141 3315 3345 3378 quanto
3387 3307 3551 3370 etiam

1970 3396 2561 3469 majuslestimonium
2599 3413 2666 3469 ei;
2696 3399 2860 3456 rebus
2899 3397 3031 3474 ipsis
3063 3399 3308 3470 accepit!
3342 3397 3552 3471 (Joan.)

1975 3487 2056 3553 Si,
2075 3489 2270 3561 inquit,
2287 3489 2509 3562 sanguis
2528 3489 2783 3561 loquitur,
2802 3490 2970 3546 multo
2992 3490 3166 3562 magis
3187 3489 3444 3562 loquitur,
3461 3490 3555 3561 qui

1957 3581 2108 3638 vivit
2139 3581 2370 3638 occisus.
2412 3580 2554 3649 Quid
2587 3589 2768 3638 autem
2814 3581 3086 3653 loquitur?
3109 3601 3130 3635 ‹
3163 3581 3312 3652 Ipse,
3357 3582 3550 3651 inquit,

1951 3673 2212 3745 .Spiritus
2230 3675 2471 3745 loquitur
2488 3689 2587 3747 pro
2611 3675 2768 3732 nobis
2789 3675 3079 3747 gemitibus
3102 3674 3556 3732 inenarrabilibus

1975 3763 2159 3837 (Rom.
2201 3780 2294 3820 vm
2317 3763 2360 3838 ).
2389 3785 2408 3819 ι
2441 3763 2720 3833 Quomodo
2755 3765 3028 3836 loquitur?
3051 3765 3328 3840 ingressus
3356 3766 3556 3840 quippe

1973 3865 2209 3918 mentem
2232 3856 2546 3913 sinceritate
2586 3865 2888 3928 purgatam,
2911 3857 3073 3930 erigit
3093 3872 3218 3914 eam
3239 3864 3296 3914 et
3315 3856 3448 3914 facit
3471 3857 3554 3914 Io-

1975 3948 2067 4019 qui
2115 3945 2405 4019 magnalia.
2462 3943 2693 4022 (Greg.)
2741 3949 2817 4004 De
2862 3948 2998 4005 Abel
3043 3949 3308 4021 sanguine
3351 3949 3556 4018 dictum

1976 4039 2191 4096 fuerat:
2227 4059 2244 4092 ι
2274 4038 2388 4096 Vox
2421 4039 2698 4111 sanguinis
2723 4038 2907 4096 fratris
2936 4039 3012 4096 tui
3039 4039 3237 4098 clamat
3272 4040 3340 4096 ad
3362 4056 3450 4098 me
3489 4041 3558 4096 de

1979 4139 2147 4198 terra,
2185 4150 2204 4184 ι
2262 4129 2357 4187 sed
2399 4131 2618 4202 sanguis
2660 4129 2790 4187 Jesu
2838 4131 3031 4188 melius
3078 4131 3337 4202 loquitur,
3391 4148 3557 4204 quam

1957 4223 2135 4289 Abel,
2180 4222 2305 4294 quia
2349 4224 2568 4294 sanguis
2600 4223 2735 4280 Abel
2781 4233 3012 4282 mortem
3045 4224 3330 4295 parricidae
3371 4225 3558 4286 fratris

1977 4314 2172 4385 petiit,
2222 4314 2442 4386 sanguis
2466 4323 2649 4372 autem
2677 4315 2889 4374 Domini
2925 4316 3087 4374 vitam
3121 4316 3560 4389 persecutoribus

1977 4405 2304 4476 impetravit.
2358 4404 2430 4462 Ut
2475 4419 2605 4476 ergo
2638 4407 2794 4464 nobis
2835 4417 3237 4464 sacramentum
3268 4409 3561 4466 Dominiczn

1979 4495 2250 4568 passionis
2294 4511 2401 4552 non
2438 4496 2509 4554 sit
2554 4497 2808 4564 otiosum,
2861 4497 3120 4554 debemus
3165 4497 3386 4554 imitari.
3417 4497 3562 4571 quod

300 4589 554 4660 loquatur
587 4557 763 4656 nobis.
784 4590 946 4645 Deus.
983 4609 1002 4642 ι
1031 4588 1134 4657 Qui
1176 4557 1609 4660 comparationes
1651 4588 1871 4655 faciunt,
1903 4557 1956 4618 Β
1981 4557 2264 4655 sumimus,
2310 4597 2366 4646 et
2407 4590 2704 4660 praedicare
2761 4589 2975 4647 caeteris
3030 4591 3174 4661 quod
3209 4557 3555 4648 veneramur.

300 4679 528 4737 alteram
573 4687 784 4751 partem
827 4679 1155 4750 deprimunt,
1206 4685 1266 4735 ut
1305 4694 1394 4735 res
1441 4679 1662 4736 alterius
1707 4681 1878 4749 partis

300 4772 598 4838 emineant,
625 4771 704 4828 sic
728 4780 784 4828 et
804 4771 894 4827 hic
919 4787 984 4826 ex
1027 4770 1428 4840 comparatione
1453 4769 1667 4830 illorum
1694 4779 1878 4832 nostra

301 4865 512 4935 majora
561 4863 922 4929 declarantur,
972 4872 1028 4920 et
1075 4863 1298 4919 meliora
1341 4871 1396 4918 et
1423 4863 1788 4919 mansuetiora
1826 4872 1882 4919 et

303 4956 721 5012 admirationum
770 4949 1102 5027 plenissima.
1147 4955 1445 5026 Dupliciter
1489 4969 1724 5026 namque
1767 4968 1880 5014 me-

302 5049 444 5105 liora
497 5057 640 5115 sunt,
685 5049 940 5120 quoniam
979 5057 1036 5104 et
1073 5049 1296 5106 meliora
1343 5049 1502 5105 simul
1549 5056 1608 5105 et
1648 5047 1879 5106 clariora

245 5167 254 5174 ·
305 5151 454 5214 sunt,
485 5142 626 5198 unde
663 5142 1064 5199 accessibiliora
1099 5141 1342 5213 pluribus
1369 5143 1698 5199 exstiterunt
1729 5159 1742 5197 :
1776 5141 1882 5197 hoc

304 5236 506 5306 quippe
557 5233 806 5290 etiamin
848 5232 1090 5304 Epistola
1129 5233 1196 5290 ad
1239 5231 1544 5289 Corinthios
1572 5232 1705 5288 dicit
1750 5230 1882 5288 seri-

303 5325 442 5381 bens
467 5339 484 5379 :
512 5343 530 5376 ι
551 5322 806 5378 Revelata
823 5323 960 5379 facie
983 5321 1207 5394 gloriam
1233 5322 1443 5393 Domini
1468 5321 1826 5394 speculantes,
1857 5340 1876 5376 ι

289 5421 494 5474 ‘etnon
516 5417 656 5474 sicut
675 5415 906 5488 Moyses,
938 5415 1182 5472 velamen
1207 5415 1348 5470 enim
1369 5415 1680 5486 imponebat
1719 5430 1884 5485 super

309 5509 504 5568 faciem
551 5525 704 5568 suam
729 5509 815 5582 (II
850 5509 972 5566 Cor.
1017 5510 1120 5574 In).
1167 5510 1283 5567 Non
1327 5523 1660 5580 meruerunt,
1689 5512 1880 5584 inquit,

309 5602 387 5658 illi
418 5604 543 5660 talia
582 5605 883 5676 percipere,
916 5604 1095 5675 qualia
1121 5605 1276 5660 nobis
1303 5604 1610 5662 contributa
1650 5620 1882 5663 noscun-

311 5705 420 5751 tur.
465 5695 606 5763 Quid
632 5693 777 5754 cnim
812 5697 888 5752 illi
911 5695 1093 5752 videre
1135 5698 1488 5754 meruerunt?
1537 5699 1785 5755 tenebras
1826 5707 1884 5754 et

311 5789 616 5863 caliginem,
661 5787 943 5862 audierunt
984 5790 1198 5866 quidem
1243 5797 1297 5846 et
1336 5803 1562 5846 vocem:
1591 5791 1684 5849 sed
1723 5798 1776 5847 et
1824 5798 1880 5846 tu
1933 5788 1940 5794 ’

1982 4681 2185 4738 Locum
2205 4682 2350 4748 enim
2373 4682 2572 4742 latendi
2609 4685 2816 4740 clamor
2847 4683 2964 4754 ejus
2990 4685 3044 4740 in
3075 4683 3230 4741 nobis
3257 4685 3486 4752 invenit,
3513 4685 3561 4744 si

1953 4777 2087 4834 hoc
2112 4778 2256 4848 quod
2282 4792 2438 4834 mens
2469 4776 2698 4835 credidit
2733 4777 2914 4850 lingua
2952 4785 3114 4834 tacet.
3151 4777 3258 4836 Sed
3280 4793 3348 4836 ne
3376 4779 3432 4834 in
3463 4793 3562 4836 no-

1982 4871 2066 4929 bis
2092 4871 2297 4928 clamor
2323 4871 2442 4944 ejus
2472 4873 2657 4937 lateat,
2691 4878 2861 4928 restat
2902 4878 2964 4928 ut
3013 4871 3382 4942 unusquisque
3403 4870 3561 4944 juxta

1957 4963 2263 5020 .modulum
2303 4980 2458 5026 suum
2481 4963 2863 5021 viviﬁcationis
2885 4978 2996 5020 suae
3026 4963 3345 5035 mysterium
3378 4965 3562 5038 proxi-

1984 5054 2090 5110 mis
2117 5054 2445 5112 innotescat.
3210 5108 3256 5139 ο,

2061 5168 2079 5201 ι
2109 5149 2298 5205 Videte
2323 5164 2394 5206 ne
2422 5149 2683 5206 recusetis
2721 5149 3050 5222 loquentem.
3083 5150 3150 5208 Si.
3168 5151 3314 5209 enim
3353 5151 3432 5207 illi
3453 5165 3561 5208 non

1991 5257 2010 5291 ι
2041 5237 2344 5309 effugerunt
2385 5249 2697 5297 recusantes
2731 5256 2887 5308 eum,
2936 5242 3028 5312 qui
3048 5258 3221 5313 super
3255 5251 3452 5298 terram
3481 5243 3563 5299 lo-

1991 5349 2011 5383 ‹
2050 5330 2546 5400 quebatur,.multo
2569 5333 2738 5404 magis
2759 5347 2889 5401 nos,
2925 5335 3018 5406 qui
3053 5335 3121 5390 dc
3145 5333 3298 5391 cmlis
3333 5335 3562 5403 loquen-

1992 5439 2010 5472 ι
2046 5428 2152 5476 tem
2207 5421 2362 5477 nobis
2415 5423 2740 5492 avertimus,
2786 5423 2940 5494 cujus
2983 5441 3089 5482 vox
3134 5426 3304 5482 movit
3355 5434 3562 5482 terram

1994 5529 2014 5564 ι
2052 5519 2198 5579 tunc,
2239 5512 2398 5569 modo
2434 5523 2615 5570 autem
2649 5515 2980 5587 repromittit
3017 5517 3220 5583 dicens,
3258 5515 3450 5573 Adhuc
3475 5531 3566 5572 se-

1961 5625 2012 5658 .r
2043 5603 2170 5671 mel,
2225 5614 2283 5662 et
2317 5621 2416 5677 ego
2469 5609 2695 5666 movebo
2747 5625 2854 5668 non
2913 5611 3104 5668 solum.
3133 5619 3356 5678 terram,
3385 5610 3481 5668 sed
3509 5619 3566 5668 et

1991 5716 2011 5750 ι
2047 5696 2259 5756 cmlum.
2310 5697 2461 5766 Quod
2508 5709 2707 5769 autem,
2763 5701 2952 5759 Adhuc
3003 5701 3201 5768 semel,
3266 5703 3418 5769 dicit,
3463 5703 3562 5760 de-

1993 5811 2010 5844 ‹
2047 5790 2227 5849 clarat-
2277 5792 2552 5866 mobilium
2605 5796 3009 5866 translationem
3065 5807 3320 5871 tanquam
3391 5797 3562 5858 facto-
