  <div class='ocr_page' id='page_1' title='image "/cluster/home/n/w/nwhite01/storage/ocr_20150623/112/hvd.32044015685407/417.png"; bbox 0 0 3972 6336; ppageno 0'>
   <div class='ocr_carea' id='block_1_1' title="bbox 555 297 659 357">
    <p class='ocr_par' dir='ltr' id='par_1_1' title="bbox 555 297 659 357">
     <span class='ocr_line' id='line_1_1' title="bbox 555 297 659 357; baseline -0.058 -1"><span class='ocrx_word' id='word_1_1' title='bbox 555 297 659 357; x_wconf 73' lang='lat'><strong>825</strong></span> 
     </span>
    </p>
   </div>
   <div class='ocr_carea' id='block_1_2' title="bbox 1188 286 2117 359">
    <p class='ocr_par' dir='ltr' id='par_1_2' title="bbox 1188 289 2117 350">
     <span class='ocr_line' id='line_1_2' title="bbox 1188 289 2117 350; baseline -0.006 0"><span class='ocrx_word' id='word_1_2' title='bbox 1188 295 1248 350; x_wconf 83' lang='grc' dir='ltr'><strong>Β.</strong></span> <span class='ocrx_word' id='word_1_3' title='bbox 1289 292 1542 349; x_wconf 68' lang='grc' dir='ltr'><strong>ΒΑΒᾹΝΙ</strong></span> <span class='ocrx_word' id='word_1_4' title='bbox 1579 290 1801 350; x_wconf 73' lang='lat' dir='ltr'>MAURl</span> <span class='ocrx_word' id='word_1_5' title='bbox 1837 289 2117 348; x_wconf 72' lang='lat' dir='ltr'><strong>ARCHIEE</strong></span> 
     </span>
    </p>
   </div>
   <div class='ocr_carea' id='block_1_3' title="bbox 2201 286 3708 359">
    <p class='ocr_par' dir='ltr' id='par_1_3' title="bbox 2201 286 3708 359">
     <span class='ocr_line' id='line_1_3' title="bbox 2201 286 3708 359; baseline 0.009 -15"><span class='ocrx_word' id='word_1_6' title='bbox 2201 288 2500 346; x_wconf 68' lang='lat' dir='ltr'><strong>MOGUNT.</strong></span> <span class='ocrx_word' id='word_1_7' title='bbox 2542 286 2824 346; x_wconf 73' lang='lat' dir='ltr'><strong>OPERUM</strong></span> <span class='ocrx_word' id='word_1_8' title='bbox 2861 287 3038 344; x_wconf 73' lang='lat' dir='ltr'><strong>PARS</strong></span> <span class='ocrx_word' id='word_1_9' title='bbox 3074 286 3160 343; x_wconf 82' lang='lat' dir='ltr'><strong>Ill.</strong></span> <span class='ocrx_word' id='word_1_10' title='bbox 3635 300 3708 359; x_wconf 61' lang='lat'><strong>89.4</strong></span> 
     </span>
    </p>
   </div>
   <div class='ocr_carea' id='block_1_4' title="bbox 555 403 3709 488">
    <p class='ocr_par' dir='ltr' id='par_1_4' title="bbox 555 403 3709 488">
     <span class='ocr_line' id='line_1_4' title="bbox 555 403 3709 488; baseline 0.001 -25"><span class='ocrx_word' id='word_1_11' title='bbox 555 430 572 463; x_wconf 77' lang='grc' dir='ltr'>ι</span> <span class='ocrx_word' id='word_1_12' title='bbox 607 425 724 466; x_wconf 90' lang='lat' dir='ltr'><strong>rum</strong></span> <span class='ocrx_word' id='word_1_13' title='bbox 747 418 809 466; x_wconf 89' lang='lat' dir='ltr'><strong>ut</strong></span> <span class='ocrx_word' id='word_1_14' title='bbox 841 418 1092 465; x_wconf 90' lang='lat' dir='ltr'><strong>maneant</strong></span> <span class='ocrx_word' id='word_1_15' title='bbox 1117 424 1183 466; x_wconf 90' lang='lat' dir='ltr'><strong>ea</strong></span> <span class='ocrx_word' id='word_1_16' title='bbox 1212 423 1334 480; x_wconf 84' lang='lat' dir='ltr'><strong>quae</strong></span> <span class='ocrx_word' id='word_1_17' title='bbox 1364 417 1491 464; x_wconf 91' lang='lat' dir='ltr'><strong>sunt</strong></span> <span class='ocrx_word' id='word_1_18' title='bbox 1525 405 1889 478; x_wconf 53' lang='lat' dir='ltr'><strong>immobiliani</strong></span> <span class='ocrx_word' id='word_1_19' title='bbox 1919 403 2123 482; x_wconf 84' lang='lat' dir='ltr'><strong>(Joan).</strong></span> <span class='ocrx_word' id='word_1_20' title='bbox 2157 413 2205 472; x_wconf 77' lang='grc' dir='ltr'>Α</span> <span class='ocrx_word' id='word_1_21' title='bbox 2232 405 2661 466; x_wconf 77' lang='lat' dir='ltr'><strong>murmuratione</strong></span> <span class='ocrx_word' id='word_1_22' title='bbox 2691 404 2948 467; x_wconf 85' lang='lat' dir='ltr'><strong>servitur,</strong></span> <span class='ocrx_word' id='word_1_23' title='bbox 2985 415 3039 463; x_wconf 86' lang='lat' dir='ltr'><strong>et</strong></span> <span class='ocrx_word' id='word_1_24' title='bbox 3070 419 3186 460; x_wconf 88' lang='lat' dir='ltr'><strong>non</strong></span> <span class='ocrx_word' id='word_1_25' title='bbox 3207 404 3256 461; x_wconf 91' lang='lat' dir='ltr'><strong>ei</strong></span> <span class='ocrx_word' id='word_1_26' title='bbox 3283 418 3375 476; x_wconf 90' lang='lat' dir='ltr'><strong>pro</strong></span> <span class='ocrx_word' id='word_1_27' title='bbox 3400 410 3608 470; x_wconf 83' lang='lat' dir='ltr'><strong>omnibus</strong></span> <span class='ocrx_word' id='word_1_28' title='bbox 3628 431 3709 488; x_wconf 72' lang='lat' dir='ltr'><strong>gra-</strong></span> 
     </span>
    </p>
   </div>
   <div class='ocr_carea' id='block_1_5' title="bbox 547 498 2129 576">
    <p class='ocr_par' dir='ltr' id='par_1_5' title="bbox 547 498 2129 576">
     <span class='ocr_line' id='line_1_5' title="bbox 547 498 2129 576; baseline -0.003 -16"><span class='ocrx_word' id='word_1_29' title='bbox 547 505 864 569; x_wconf 82' lang='lat' dir='ltr'><strong>Attendite,</strong></span> <span class='ocrx_word' id='word_1_30' title='bbox 925 503 1137 574; x_wconf 84' lang='lat' dir='ltr'><strong>inquit,</strong></span> <span class='ocrx_word' id='word_1_31' title='bbox 1197 520 1216 554; x_wconf 88' lang='grc'><strong>‹</strong></span> <span class='ocrx_word' id='word_1_32' title='bbox 1262 502 1417 558; x_wconf 85' lang='lat' dir='ltr'><strong>vobis</strong></span> <span class='ocrx_word' id='word_1_33' title='bbox 1469 516 1536 556; x_wconf 90' lang='lat' dir='ltr'><strong>ne</strong></span> <span class='ocrx_word' id='word_1_34' title='bbox 1592 499 1859 576; x_wconf 85' lang='lat' dir='ltr'><strong>respuatis</strong></span> <span class='ocrx_word' id='word_1_35' title='bbox 1901 498 2129 567; x_wconf 80' lang='lat' dir='ltr'><strong>loquen-</strong></span> 
     </span>
    </p>
   </div>
   <div class='ocr_carea' id='block_1_6' title="bbox 552 588 2128 668">
    <p class='ocr_par' dir='ltr' id='par_1_6' title="bbox 552 588 2128 668">
     <span class='ocr_line' id='line_1_6' title="bbox 552 588 2128 668; baseline -0.004 -20"><span class='ocrx_word' id='word_1_36' title='bbox 552 605 686 659; x_wconf 89' lang='lat' dir='ltr'><strong>tem,</strong></span> <span class='ocrx_word' id='word_1_37' title='bbox 725 616 744 646; x_wconf 75' lang='grc' dir='ltr'>ι</span> <span class='ocrx_word' id='word_1_38' title='bbox 801 595 905 651; x_wconf 90' lang='lat' dir='ltr'><strong>hoc</strong></span> <span class='ocrx_word' id='word_1_39' title='bbox 955 604 1059 660; x_wconf 89' lang='lat' dir='ltr'><strong>est,</strong></span> <span class='ocrx_word' id='word_1_40' title='bbox 1099 609 1206 649; x_wconf 94' lang='lat' dir='ltr'><strong>non</strong></span> <span class='ocrx_word' id='word_1_41' title='bbox 1238 592 1542 668; x_wconf 76' lang='lat' dir='ltr'><strong>negligatis.</strong></span> <span class='ocrx_word' id='word_1_42' title='bbox 1584 609 1603 641; x_wconf 86' lang='grc'><em>‹</em></span> <span class='ocrx_word' id='word_1_43' title='bbox 1641 589 1698 645; x_wconf 91' lang='lat' dir='ltr'><strong>Si</strong></span> <span class='ocrx_word' id='word_1_44' title='bbox 1741 589 1884 644; x_wconf 89' lang='lat' dir='ltr'><strong>enim</strong></span> <span class='ocrx_word' id='word_1_45' title='bbox 1915 588 1991 642; x_wconf 87' lang='lat' dir='ltr'><strong>illi</strong></span> <span class='ocrx_word' id='word_1_46' title='bbox 2023 603 2128 642; x_wconf 90' lang='lat' dir='ltr'><strong>non</strong></span> 
     </span>
    </p>
   </div>
   <div class='ocr_carea' id='block_1_7' title="bbox 551 681 2121 757">
    <p class='ocr_par' dir='ltr' id='par_1_7' title="bbox 551 681 2121 757">
     <span class='ocr_line' id='line_1_7' title="bbox 551 681 2121 757; baseline -0.004 -18"><span class='ocrx_word' id='word_1_47' title='bbox 551 685 803 757; x_wconf 83' lang='lat' dir='ltr'><strong>fugerunt</strong></span> <span class='ocrx_word' id='word_1_48' title='bbox 863 696 1181 757; x_wconf 89' lang='lat' dir='ltr'><strong>respuentes</strong></span> <span class='ocrx_word' id='word_1_49' title='bbox 1240 700 1401 755; x_wconf 81' lang='lat' dir='ltr'><strong>super</strong></span> <span class='ocrx_word' id='word_1_50' title='bbox 1463 691 1662 737; x_wconf 92' lang='lat' dir='ltr'><strong>terram</strong></span> <span class='ocrx_word' id='word_1_51' title='bbox 1710 681 2041 750; x_wconf 77' lang='lat' dir='ltr'><strong>loquentem.</strong></span> <span class='ocrx_word' id='word_1_52' title='bbox 2102 697 2121 730; x_wconf 71' lang='grc' dir='ltr'><strong><em>ι</em></strong></span> 
     </span>
    </p>
   </div>
   <div class='ocr_carea' id='block_1_8' title="bbox 549 769 2126 844">
    <p class='ocr_par' dir='ltr' id='par_1_8' title="bbox 549 769 2126 844">
     <span class='ocr_line' id='line_1_8' title="bbox 549 769 2126 844; baseline -0.004 -16"><span class='ocrx_word' id='word_1_53' title='bbox 549 775 720 843; x_wconf 87' lang='lat' dir='ltr'><strong>Quem</strong></span> <span class='ocrx_word' id='word_1_54' title='bbox 773 784 931 844; x_wconf 91' lang='lat' dir='ltr'><strong>putas</strong></span> <span class='ocrx_word' id='word_1_55' title='bbox 995 776 1050 830; x_wconf 92' lang='lat' dir='ltr'><strong>in</strong></span> <span class='ocrx_word' id='word_1_56' title='bbox 1115 776 1219 830; x_wconf 91' lang='lat' dir='ltr'><strong>hoc</strong></span> <span class='ocrx_word' id='word_1_57' title='bbox 1281 775 1400 829; x_wconf 89' lang='lat' dir='ltr'><strong>loco</strong></span> <span class='ocrx_word' id='word_1_58' title='bbox 1462 771 1764 842; x_wconf 80' lang='lat' dir='ltr'><strong>significat?</strong></span> <span class='ocrx_word' id='word_1_59' title='bbox 1813 771 1947 825; x_wconf 88' lang='lat' dir='ltr'><strong>mihi</strong></span> <span class='ocrx_word' id='word_1_60' title='bbox 2010 769 2126 840; x_wconf 85' lang='lat' dir='ltr'><strong>qui-</strong></span> 
     </span>
    </p>
   </div>
   <div class='ocr_carea' id='block_1_9' title="bbox 549 861 2128 936">
    <p class='ocr_par' dir='ltr' id='par_1_9' title="bbox 549 861 2128 936">
     <span class='ocr_line' id='line_1_9' title="bbox 549 861 2128 936; baseline -0.004 -16"><span class='ocrx_word' id='word_1_61' title='bbox 549 867 670 920; x_wconf 85' lang='lat' dir='ltr'><strong>dem</strong></span> <span class='ocrx_word' id='word_1_62' title='bbox 711 866 926 920; x_wconf 88' lang='lat' dir='ltr'><strong>videtur</strong></span> <span class='ocrx_word' id='word_1_63' title='bbox 973 865 1116 935; x_wconf 91' lang='lat' dir='ltr'><strong>quod</strong></span> <span class='ocrx_word' id='word_1_64' title='bbox 1166 863 1382 936; x_wconf 82' lang='lat' dir='ltr'><strong>Moysen</strong></span> <span class='ocrx_word' id='word_1_65' title='bbox 1433 863 1719 934; x_wconf 87' lang='lat' dir='ltr'><strong>signiﬁcat.</strong></span> <span class='ocrx_word' id='word_1_66' title='bbox 1752 861 1903 930; x_wconf 86' lang='lat' dir='ltr'><strong>Quod</strong></span> <span class='ocrx_word' id='word_1_67' title='bbox 1949 869 2128 914; x_wconf 86' lang='lat' dir='ltr'><strong>autem</strong></span> 
     </span>
    </p>
   </div>
   <div class='ocr_carea' id='block_1_10' title="bbox 549 939 2128 1027">
    <p class='ocr_par' dir='ltr' id='par_1_10' title="bbox 549 939 2128 1027">
     <span class='ocr_line' id='line_1_10' title="bbox 549 939 2128 1027; baseline -0.001 -17"><span class='ocrx_word' id='word_1_68' title='bbox 549 956 702 1021; x_wconf 87' lang='lat' dir='ltr'><strong>dicit,</strong></span> <span class='ocrx_word' id='word_1_69' title='bbox 733 956 838 1012; x_wconf 85' lang='lat' dir='ltr'><strong>tale</strong></span> <span class='ocrx_word' id='word_1_70' title='bbox 866 967 971 1023; x_wconf 89' lang='lat' dir='ltr'><strong>est,</strong></span> <span class='ocrx_word' id='word_1_71' title='bbox 1002 957 1047 1012; x_wconf 89' lang='lat' dir='ltr'><strong>si</strong></span> <span class='ocrx_word' id='word_1_72' title='bbox 1077 957 1174 1023; x_wconf 90' lang='lat' dir='ltr'><strong>illi,</strong></span> <span class='ocrx_word' id='word_1_73' title='bbox 1201 957 1292 1027; x_wconf 88' lang='lat' dir='ltr'><strong>qui</strong></span> <span class='ocrx_word' id='word_1_74' title='bbox 1335 939 1722 1012; x_wconf 84' lang='lat' dir='ltr'><strong>recusaverunt</strong></span> <span class='ocrx_word' id='word_1_75' title='bbox 1769 954 2128 1026; x_wconf 84' lang='lat' dir='ltr'><strong>legislatorcm</strong></span> 
     </span>
    </p>
   </div>
   <div class='ocr_carea' id='block_1_11' title="bbox 547 1036 2130 1118">
    <p class='ocr_par' dir='ltr' id='par_1_11' title="bbox 547 1036 2130 1118">
     <span class='ocr_line' id='line_1_11' title="bbox 547 1036 2130 1118; baseline -0.001 -18"><span class='ocrx_word' id='word_1_76' title='bbox 547 1046 603 1100; x_wconf 90' lang='lat' dir='ltr'><strong>in</strong></span> <span class='ocrx_word' id='word_1_77' title='bbox 635 1055 777 1102; x_wconf 91' lang='lat' dir='ltr'><strong>terra</strong></span> <span class='ocrx_word' id='word_1_78' title='bbox 818 1049 1322 1116; x_wconf 85' lang='lat' dir='ltr'><strong>constitutum,non</strong></span> <span class='ocrx_word' id='word_1_79' title='bbox 1362 1036 1662 1105; x_wconf 71' lang='lat' dir='ltr'><strong>valuerunt</strong></span> <span class='ocrx_word' id='word_1_80' title='bbox 1691 1045 1958 1118; x_wconf 78' lang='lat' dir='ltr'><strong>effugere,</strong></span> <span class='ocrx_word' id='word_1_81' title='bbox 1998 1060 2130 1115; x_wconf 89' lang='lat' dir='ltr'><strong>quo-</strong></span> 
     </span>
    </p>
   </div>
   <div class='ocr_carea' id='block_1_12' title="bbox 547 1125 2116 1209">
    <p class='ocr_par' dir='ltr' id='par_1_12' title="bbox 547 1125 2116 1209">
     <span class='ocr_line' id='line_1_12' title="bbox 547 1125 2116 1209; baseline -0.002 -17"><span class='ocrx_word' id='word_1_82' title='bbox 547 1139 708 1194; x_wconf 90' lang='lat' dir='ltr'><strong>modo</strong></span> <span class='ocrx_word' id='word_1_83' title='bbox 735 1139 980 1194; x_wconf 89' lang='lat' dir='ltr'><strong>valemus</strong></span> <span class='ocrx_word' id='word_1_84' title='bbox 1022 1153 1274 1195; x_wconf 83' lang='lat' dir='ltr'><strong>recusare</strong></span> <span class='ocrx_word' id='word_1_85' title='bbox 1301 1154 1425 1194; x_wconf 89' lang='lat' dir='ltr'><strong>eum</strong></span> <span class='ocrx_word' id='word_1_86' title='bbox 1464 1139 1556 1209; x_wconf 93' lang='lat' dir='ltr'><strong>qui</strong></span> <span class='ocrx_word' id='word_1_87' title='bbox 1585 1125 1742 1195; x_wconf 86' lang='lat' dir='ltr'><strong>nobis</strong></span> <span class='ocrx_word' id='word_1_88' title='bbox 1769 1139 1835 1193; x_wconf 90' lang='lat' dir='ltr'><strong>de</strong></span> <span class='ocrx_word' id='word_1_89' title='bbox 1881 1127 2018 1195; x_wconf 74' lang='lat' dir='ltr'><strong>ccelo</strong></span> <span class='ocrx_word' id='word_1_90' title='bbox 2049 1135 2116 1190; x_wconf 83' lang='lat' dir='ltr'><strong>le-</strong></span> 
     </span>
    </p>
   </div>
   <div class='ocr_carea' id='block_1_13' title="bbox 545 1228 2130 1302">
    <p class='ocr_par' dir='ltr' id='par_1_13' title="bbox 545 1228 2130 1302">
     <span class='ocr_line' id='line_1_13' title="bbox 545 1228 2130 1302; baseline 0.001 -19"><span class='ocrx_word' id='word_1_91' title='bbox 545 1230 632 1298; x_wconf 82' lang='lat' dir='ltr'><strong>gis</strong></span> <span class='ocrx_word' id='word_1_92' title='bbox 659 1238 925 1300; x_wconf 79' lang='lat' dir='ltr'><strong>praecepta</strong></span> <span class='ocrx_word' id='word_1_93' title='bbox 955 1231 1267 1286; x_wconf 84' lang='lat' dir='ltr'><strong>constituit?</strong></span> <span class='ocrx_word' id='word_1_94' title='bbox 1305 1229 1416 1286; x_wconf 84' lang='lat' dir='ltr'><strong>Nec</strong></span> <span class='ocrx_word' id='word_1_95' title='bbox 1440 1238 1598 1300; x_wconf 90' lang='lat' dir='ltr'><strong>putes</strong></span> <span class='ocrx_word' id='word_1_96' title='bbox 1627 1231 1772 1302; x_wconf 84' lang='lat' dir='ltr'><strong>quod</strong></span> <span class='ocrx_word' id='word_1_97' title='bbox 1803 1230 1857 1285; x_wconf 90' lang='lat' dir='ltr'><strong>in</strong></span> <span class='ocrx_word' id='word_1_98' title='bbox 1881 1229 1984 1286; x_wconf 90' lang='lat' dir='ltr'><strong>hoc</strong></span> <span class='ocrx_word' id='word_1_99' title='bbox 2011 1228 2130 1284; x_wconf 94' lang='lat' dir='ltr'><strong>loco</strong></span> 
     </span>
    </p>
   </div>
   <div class='ocr_carea' id='block_1_14' title="bbox 546 1321 2129 1394">
    <p class='ocr_par' dir='ltr' id='par_1_14' title="bbox 546 1321 2129 1394">
     <span class='ocr_line' id='line_1_14' title="bbox 546 1321 2129 1394; baseline 0.001 -20"><span class='ocrx_word' id='word_1_100' title='bbox 546 1321 776 1376; x_wconf 85' lang='lat' dir='ltr'><strong>alterum</strong></span> <span class='ocrx_word' id='word_1_101' title='bbox 805 1322 948 1377; x_wconf 82' lang='lat' dir='ltr'><strong>dicat</strong></span> <span class='ocrx_word' id='word_1_102' title='bbox 971 1323 1197 1379; x_wconf 82' lang='lat' dir='ltr'><strong>latorem</strong></span> <span class='ocrx_word' id='word_1_103' title='bbox 1221 1323 1374 1394; x_wconf 83' lang='lat' dir='ltr'><strong>legis,</strong></span> <span class='ocrx_word' id='word_1_104' title='bbox 1393 1331 1445 1378; x_wconf 92' lang='lat' dir='ltr'><strong>et</strong></span> <span class='ocrx_word' id='word_1_105' title='bbox 1472 1323 1700 1379; x_wconf 89' lang='lat' dir='ltr'><strong>alterum</strong></span> <span class='ocrx_word' id='word_1_106' title='bbox 1717 1322 2013 1394; x_wconf 71' lang='lat' dir='ltr'><strong>Evangelii,</strong></span> <span class='ocrx_word' id='word_1_107' title='bbox 2035 1321 2129 1376; x_wconf 88' lang='lat' dir='ltr'><strong>ab-</strong></span> 
     </span>
    </p>
   </div>
   <div class='ocr_carea' id='block_1_15' title="bbox 544 1399 2130 1482">
    <p class='ocr_par' dir='ltr' id='par_1_15' title="bbox 544 1399 2130 1482">
     <span class='ocr_line' id='line_1_15' title="bbox 544 1399 2130 1482; baseline 0.001 -19"><span class='ocrx_word' id='word_1_108' title='bbox 544 1409 634 1464; x_wconf 90' lang='lat' dir='ltr'><strong>sit.</strong></span> <span class='ocrx_word' id='word_1_109' title='bbox 670 1399 785 1464; x_wconf 75' lang='lat' dir='ltr'><strong>Non</strong></span> <span class='ocrx_word' id='word_1_110' title='bbox 809 1410 911 1466; x_wconf 89' lang='lat' dir='ltr'><strong>hoc</strong></span> <span class='ocrx_word' id='word_1_111' title='bbox 941 1411 1089 1476; x_wconf 86' lang='lat' dir='ltr'><strong>dicit,</strong></span> <span class='ocrx_word' id='word_1_112' title='bbox 1113 1412 1208 1467; x_wconf 90' lang='lat' dir='ltr'><strong>sed</strong></span> <span class='ocrx_word' id='word_1_113' title='bbox 1235 1412 1339 1466; x_wconf 86' lang='lat' dir='ltr'><strong>hoc</strong></span> <span class='ocrx_word' id='word_1_114' title='bbox 1368 1412 1654 1481; x_wconf 86' lang='lat' dir='ltr'><strong>signiﬁcat,</strong></span> <span class='ocrx_word' id='word_1_115' title='bbox 1685 1412 1940 1482; x_wconf 88' lang='lat' dir='ltr'><strong>quoniam</strong></span> <span class='ocrx_word' id='word_1_116' title='bbox 1972 1410 2130 1480; x_wconf 82' lang='lat' dir='ltr'><strong>terri-</strong></span> 
     </span>
    </p>
   </div>
   <div class='ocr_carea' id='block_1_16' title="bbox 543 1492 2131 1582">
    <p class='ocr_par' dir='ltr' id='par_1_16' title="bbox 543 1492 2131 1582">
     <span class='ocr_line' id='line_1_16' title="bbox 543 1492 2131 1582; baseline 0.003 -30"><span class='ocrx_word' id='word_1_117' title='bbox 543 1497 670 1554; x_wconf 91' lang='lat' dir='ltr'><strong>bilis</strong></span> <span class='ocrx_word' id='word_1_118' title='bbox 691 1507 930 1570; x_wconf 87' lang='lat' dir='ltr'><strong>apparet,</strong></span> <span class='ocrx_word' id='word_1_119' title='bbox 949 1515 1068 1555; x_wconf 90' lang='lat' dir='ltr'><strong>cum</strong></span> <span class='ocrx_word' id='word_1_120' title='bbox 1092 1501 1158 1556; x_wconf 91' lang='lat' dir='ltr'><strong>de</strong></span> <span class='ocrx_word' id='word_1_121' title='bbox 1179 1501 1316 1556; x_wconf 74' lang='lat' dir='ltr'><strong>cmlo</strong></span> <span class='ocrx_word' id='word_1_122' title='bbox 1333 1492 1590 1582; x_wconf 85' lang='lat' dir='ltr'><strong>loquitur,</strong></span> <span class='ocrx_word' id='word_1_123' title='bbox 1609 1502 1750 1557; x_wconf 89' lang='lat' dir='ltr'><strong>idem</strong></span> <span class='ocrx_word' id='word_1_124' title='bbox 1777 1503 1892 1573; x_wconf 85' lang='lat' dir='ltr'><strong>ipse</strong></span> <span class='ocrx_word' id='word_1_125' title='bbox 1915 1501 2131 1571; x_wconf 88' lang='lat' dir='ltr'><strong>estqui—</strong></span> 
     </span>
    </p>
   </div>
   <div class='ocr_carea' id='block_1_17' title="bbox 542 1591 2126 1662">
    <p class='ocr_par' dir='ltr' id='par_1_17' title="bbox 542 1591 2126 1662">
     <span class='ocr_line' id='line_1_17' title="bbox 542 1591 2126 1662; baseline -0.001 -16"><span class='ocrx_word' id='word_1_126' title='bbox 542 1591 666 1646; x_wconf 87' lang='lat' dir='ltr'><strong>dem</strong></span> <span class='ocrx_word' id='word_1_127' title='bbox 699 1598 805 1644; x_wconf 87' lang='lat' dir='ltr'><strong>tam</strong></span> <span class='ocrx_word' id='word_1_128' title='bbox 837 1591 959 1656; x_wconf 92' lang='lat' dir='ltr'><strong>iste,</strong></span> <span class='ocrx_word' id='word_1_129' title='bbox 983 1607 1146 1661; x_wconf 90' lang='lat' dir='ltr'><strong>quam</strong></span> <span class='ocrx_word' id='word_1_130' title='bbox 1172 1591 1280 1658; x_wconf 87' lang='lat' dir='ltr'><strong>ille,</strong></span> <span class='ocrx_word' id='word_1_131' title='bbox 1310 1591 1405 1646; x_wconf 89' lang='lat' dir='ltr'><strong>sed</strong></span> <span class='ocrx_word' id='word_1_132' title='bbox 1434 1592 1732 1648; x_wconf 83' lang='lat' dir='ltr'><strong>terribilior</strong></span> <span class='ocrx_word' id='word_1_133' title='bbox 1762 1600 1891 1648; x_wconf 89' lang='lat' dir='ltr'><strong>tunc</strong></span> <span class='ocrx_word' id='word_1_134' title='bbox 1934 1591 2126 1662; x_wconf 82' lang='lat' dir='ltr'><strong>magis,</strong></span> 
     </span>
    </p>
   </div>
   <div class='ocr_carea' id='block_1_18' title="bbox 541 1677 2127 1755">
    <p class='ocr_par' dir='ltr' id='par_1_18' title="bbox 541 1677 2127 1755">
     <span class='ocr_line' id='line_1_18' title="bbox 541 1677 2127 1755; baseline 0.002 -20"><span class='ocrx_word' id='word_1_135' title='bbox 541 1696 705 1750; x_wconf 89' lang='lat' dir='ltr'><strong>quam</strong></span> <span class='ocrx_word' id='word_1_136' title='bbox 738 1681 826 1736; x_wconf 93' lang='lat' dir='ltr'><strong>illo</strong></span> <span class='ocrx_word' id='word_1_137' title='bbox 858 1692 1117 1753; x_wconf 86' lang='lat' dir='ltr'><strong>tempore.</strong></span> <span class='ocrx_word' id='word_1_138' title='bbox 1144 1681 1262 1738; x_wconf 83' lang='lat' dir='ltr'><strong>Non</strong></span> <span class='ocrx_word' id='word_1_139' title='bbox 1299 1683 1444 1738; x_wconf 91' lang='lat' dir='ltr'><strong>enim</strong></span> <span class='ocrx_word' id='word_1_140' title='bbox 1486 1681 1844 1740; x_wconf 71' lang='lat' dir='ltr'><strong>diﬁ‘ercntiam</strong></span> <span class='ocrx_word' id='word_1_141' title='bbox 1883 1677 2127 1755; x_wconf 73' lang='lat' dir='ltr'><strong>personae</strong></span> 
     </span>
    </p>
   </div>
   <div class='ocr_carea' id='block_1_19' title="bbox 539 1763 2127 1848">
    <p class='ocr_par' dir='ltr' id='par_1_19' title="bbox 539 1763 2127 1848">
     <span class='ocr_line' id='line_1_19' title="bbox 539 1763 2127 1848; baseline 0.003 -22"><span class='ocrx_word' id='word_1_142' title='bbox 539 1771 828 1844; x_wconf 83' lang='lat' dir='ltr'><strong>significat,</strong></span> <span class='ocrx_word' id='word_1_143' title='bbox 877 1763 972 1830; x_wconf 87' lang='lat' dir='ltr'><strong>sed</strong></span> <span class='ocrx_word' id='word_1_144' title='bbox 1000 1774 1217 1831; x_wconf 93' lang='lat' dir='ltr'><strong>modum</strong></span> <span class='ocrx_word' id='word_1_145' title='bbox 1247 1789 1355 1845; x_wconf 90' lang='lat' dir='ltr'><strong>quo</strong></span> <span class='ocrx_word' id='word_1_146' title='bbox 1393 1765 1548 1831; x_wconf 84' lang='lat' dir='ltr'><strong>nobis</strong></span> <span class='ocrx_word' id='word_1_147' title='bbox 1595 1775 1765 1848; x_wconf 85' lang='lat' dir='ltr'><strong>legem</strong></span> <span class='ocrx_word' id='word_1_148' title='bbox 1810 1791 2004 1832; x_wconf 88' lang='lat' dir='ltr'><strong>novam</strong></span> <span class='ocrx_word' id='word_1_149' title='bbox 2034 1767 2127 1830; x_wconf 86' lang='lat' dir='ltr'><strong>de-</strong></span> 
     </span>
    </p>
   </div>
   <div class='ocr_carea' id='block_1_20' title="bbox 540 1864 2124 1944">
    <p class='ocr_par' dir='ltr' id='par_1_20' title="bbox 540 1864 2124 1944">
     <span class='ocr_line' id='line_1_20' title="bbox 540 1864 2124 1944; baseline 0.001 -26"><span class='ocrx_word' id='word_1_150' title='bbox 540 1864 642 1930; x_wconf 82' lang='lat' dir='ltr'><strong>dit,</strong></span> <span class='ocrx_word' id='word_1_151' title='bbox 667 1865 896 1921; x_wconf 85' lang='lat' dir='ltr'><strong>alterum</strong></span> <span class='ocrx_word' id='word_1_152' title='bbox 921 1881 1040 1922; x_wconf 90' lang='lat' dir='ltr'><strong>esse</strong></span> <span class='ocrx_word' id='word_1_153' title='bbox 1069 1866 1218 1922; x_wconf 85' lang='lat' dir='ltr'><strong>dicit.</strong></span> <span class='ocrx_word' id='word_1_154' title='bbox 1259 1866 1410 1922; x_wconf 91' lang='lat' dir='ltr'><strong>Unde</strong></span> <span class='ocrx_word' id='word_1_155' title='bbox 1441 1875 1652 1944; x_wconf 76' lang='lat' dir='ltr'><strong>certum</strong></span> <span class='ocrx_word' id='word_1_156' title='bbox 1677 1868 1796 1923; x_wconf 88' lang='lat' dir='ltr'><strong>est?</strong></span> <span class='ocrx_word' id='word_1_157' title='bbox 1830 1885 1848 1919; x_wconf 73' lang='grc' dir='ltr'>ι</span> <span class='ocrx_word' id='word_1_158' title='bbox 1879 1866 1938 1922; x_wconf 89' lang='lat' dir='ltr'><strong>Si</strong></span> <span class='ocrx_word' id='word_1_159' title='bbox 1978 1865 2124 1922; x_wconf 89' lang='lat' dir='ltr'><strong>enim</strong></span> 
     </span>
    </p>
   </div>
   <div class='ocr_carea' id='block_1_21' title="bbox 537 1945 2126 2031">
    <p class='ocr_par' dir='ltr' id='par_1_21' title="bbox 537 1945 2126 2031">
     <span class='ocr_line' id='line_1_21' title="bbox 537 1945 2126 2031; baseline 0.003 -21"><span class='ocrx_word' id='word_1_160' title='bbox 537 1956 635 2023; x_wconf 90' lang='lat' dir='ltr'><strong>illi,</strong></span> <span class='ocrx_word' id='word_1_161' title='bbox 660 1959 856 2030; x_wconf 89' lang='lat' dir='ltr'><strong>inquit,</strong></span> <span class='ocrx_word' id='word_1_162' title='bbox 904 1977 1010 2016; x_wconf 90' lang='lat' dir='ltr'><strong>non</strong></span> <span class='ocrx_word' id='word_1_163' title='bbox 1049 1959 1352 2030; x_wconf 69' lang='lat' dir='ltr'><strong>effugerunt</strong></span> <span class='ocrx_word' id='word_1_164' title='bbox 1389 1945 1712 2018; x_wconf 85' lang='lat' dir='ltr'><strong>recusantes</strong></span> <span class='ocrx_word' id='word_1_165' title='bbox 1767 1977 1890 2018; x_wconf 89' lang='lat' dir='ltr'><strong>eum</strong></span> <span class='ocrx_word' id='word_1_166' title='bbox 1938 1945 2028 2031; x_wconf 86' lang='lat' dir='ltr'><strong>qui</strong></span> <span class='ocrx_word' id='word_1_167' title='bbox 2071 1961 2126 2016; x_wconf 92' lang='lat' dir='ltr'><strong>in</strong></span> 
     </span>
    </p>
   </div>
   <div class='ocr_carea' id='block_1_22' title="bbox 534 2037 2124 2125">
    <p class='ocr_par' dir='ltr' id='par_1_22' title="bbox 534 2037 2124 2125">
     <span class='ocr_line' id='line_1_22' title="bbox 534 2037 2124 2125; baseline 0.001 -19"><span class='ocrx_word' id='word_1_168' title='bbox 534 2060 685 2106; x_wconf 78' lang='lat' dir='ltr'><strong>terra</strong></span> <span class='ocrx_word' id='word_1_169' title='bbox 735 2054 912 2107; x_wconf 84' lang='lat' dir='ltr'><strong>fuerat</strong></span> <span class='ocrx_word' id='word_1_170' title='bbox 940 2053 1300 2120; x_wconf 85' lang='lat' dir='ltr'><strong>constitutus,</strong></span> <span class='ocrx_word' id='word_1_171' title='bbox 1347 2053 1520 2110; x_wconf 90' lang='lat' dir='ltr'><strong>multo</strong></span> <span class='ocrx_word' id='word_1_172' title='bbox 1549 2055 1720 2125; x_wconf 81' lang='lat' dir='ltr'><strong>magis</strong></span> <span class='ocrx_word' id='word_1_173' title='bbox 1752 2069 1871 2120; x_wconf 92' lang='lat' dir='ltr'><strong>nos,</strong></span> <span class='ocrx_word' id='word_1_174' title='bbox 1920 2053 2014 2122; x_wconf 88' lang='lat' dir='ltr'><strong>qui</strong></span> <span class='ocrx_word' id='word_1_175' title='bbox 2057 2037 2124 2107; x_wconf 82' lang='lat' dir='ltr'><strong>de</strong></span> 
     </span>
    </p>
   </div>
   <div class='ocr_carea' id='block_1_23' title="bbox 537 2131 2122 2225">
    <p class='ocr_par' dir='ltr' id='par_1_23' title="bbox 537 2131 2122 2225">
     <span class='ocr_line' id='line_1_23' title="bbox 537 2131 2122 2225; baseline -0.001 -24"><span class='ocrx_word' id='word_1_176' title='bbox 537 2143 692 2201; x_wconf 81' lang='lat' dir='ltr'><strong>caelis</strong></span> <span class='ocrx_word' id='word_1_177' title='bbox 721 2145 1028 2215; x_wconf 89' lang='lat' dir='ltr'><strong>loquentem</strong></span> <span class='ocrx_word' id='word_1_178' title='bbox 1057 2131 1568 2225; x_wconf 74' lang='lat' dir='ltr'><strong>nobisavertimus.</strong></span> <span class='ocrx_word' id='word_1_179' title='bbox 1605 2168 1622 2200; x_wconf 75' lang='grc' dir='ltr'><strong><em>ι</em></strong></span> <span class='ocrx_word' id='word_1_180' title='bbox 1661 2148 1800 2216; x_wconf 86' lang='lat' dir='ltr'><strong>Quid</strong></span> <span class='ocrx_word' id='word_1_181' title='bbox 1831 2162 1960 2219; x_wconf 80' lang='lat' dir='ltr'><strong>ergo</strong></span> <span class='ocrx_word' id='word_1_182' title='bbox 1987 2147 2122 2203; x_wconf 87' lang='lat' dir='ltr'><strong>dici-.-</strong></span> 
     </span>
    </p>
   </div>
   <div class='ocr_carea' id='block_1_24' title="bbox 536 2235 2120 2312">
    <p class='ocr_par' dir='ltr' id='par_1_24' title="bbox 536 2235 2120 2312">
     <span class='ocr_line' id='line_1_24' title="bbox 536 2235 2120 2312; baseline 0.003 -22"><span class='ocrx_word' id='word_1_183' title='bbox 536 2252 679 2302; x_wconf 89' lang='lat' dir='ltr'><strong>mus,</strong></span> <span class='ocrx_word' id='word_1_184' title='bbox 708 2237 843 2292; x_wconf 91' lang='lat' dir='ltr'><strong>alius</strong></span> <span class='ocrx_word' id='word_1_185' title='bbox 885 2251 976 2312; x_wconf 84' lang='lat' dir='ltr'><strong>est</strong></span> <span class='ocrx_word' id='word_1_186' title='bbox 1013 2235 1150 2308; x_wconf 88' lang='lat' dir='ltr'><strong>iste,</strong></span> <span class='ocrx_word' id='word_1_187' title='bbox 1189 2241 1328 2296; x_wconf 89' lang='lat' dir='ltr'><strong>alius</strong></span> <span class='ocrx_word' id='word_1_188' title='bbox 1353 2240 1474 2295; x_wconf 88' lang='lat' dir='ltr'><strong>ille?</strong></span> <span class='ocrx_word' id='word_1_189' title='bbox 1502 2241 1771 2311; x_wconf 75' lang='lat' dir='ltr'><strong>qpomodo</strong></span> <span class='ocrx_word' id='word_1_190' title='bbox 1808 2254 1936 2311; x_wconf 90' lang='lat' dir='ltr'><strong>ergo</strong></span> <span class='ocrx_word' id='word_1_191' title='bbox 1967 2240 2120 2305; x_wconf 77' lang='lat' dir='ltr'><strong>dixit,</strong></span> 
     </span>
    </p>
   </div>
   <div class='ocr_carea' id='block_1_25' title="bbox 542 2329 2123 2398">
    <p class='ocr_par' dir='ltr' id='par_1_25' title="bbox 542 2329 2123 2398">
     <span class='ocr_line' id='line_1_25' title="bbox 542 2329 2123 2398; baseline 0.004 -21"><span class='ocrx_word' id='word_1_192' title='bbox 542 2347 561 2377; x_wconf 75' lang='grc' dir='ltr'>ι</span> <span class='ocrx_word' id='word_1_193' title='bbox 593 2329 746 2398; x_wconf 90' lang='lat' dir='ltr'><strong>cujus</strong></span> <span class='ocrx_word' id='word_1_194' title='bbox 774 2343 882 2382; x_wconf 69' lang='lat' dir='ltr'><strong>vox</strong></span> <span class='ocrx_word' id='word_1_195' title='bbox 923 2330 1100 2384; x_wconf 86' lang='lat' dir='ltr'><strong>movit.</strong></span> <span class='ocrx_word' id='word_1_196' title='bbox 1119 2339 1319 2385; x_wconf 90' lang='lat' dir='ltr'><strong>terram</strong></span> <span class='ocrx_word' id='word_1_197' title='bbox 1350 2331 1512 2386; x_wconf 88' lang='lat' dir='ltr'><strong>tunc?</strong></span> <span class='ocrx_word' id='word_1_198' title='bbox 1548 2351 1566 2383; x_wconf 77' lang='grc' dir='ltr'><strong><em>ι</em></strong></span> <span class='ocrx_word' id='word_1_199' title='bbox 1605 2330 1661 2385; x_wconf 88' lang='lat' dir='ltr'><strong>Si</strong></span> <span class='ocrx_word' id='word_1_200' title='bbox 1689 2332 1833 2384; x_wconf 91' lang='lat' dir='ltr'><strong>enim</strong></span> <span class='ocrx_word' id='word_1_201' title='bbox 1861 2346 1965 2386; x_wconf 78' lang='lat' dir='ltr'><strong>vox</strong></span> <span class='ocrx_word' id='word_1_202' title='bbox 2007 2329 2123 2398; x_wconf 87' lang='lat' dir='ltr'><strong>ejus</strong></span> 
     </span>
    </p>
   </div>
   <div class='ocr_carea' id='block_1_26' title="bbox 538 2419 2121 2493">
    <p class='ocr_par' dir='ltr' id='par_1_26' title="bbox 538 2419 2121 2493">
     <span class='ocr_line' id='line_1_26' title="bbox 538 2419 2121 2493; baseline 0.002 -21"><span class='ocrx_word' id='word_1_203' title='bbox 538 2419 708 2473; x_wconf 89' lang='lat' dir='ltr'><strong>movit</strong></span> <span class='ocrx_word' id='word_1_204' title='bbox 733 2421 1079 2490; x_wconf 77' lang='lat' dir='ltr'><strong>tcrram,qui.</strong></span> <span class='ocrx_word' id='word_1_205' title='bbox 1100 2429 1227 2476; x_wconf 89' lang='lat' dir='ltr'><strong>tunc</strong></span> <span class='ocrx_word' id='word_1_206' title='bbox 1254 2421 1478 2476; x_wconf 88' lang='lat' dir='ltr'><strong>dederat</strong></span> <span class='ocrx_word' id='word_1_207' title='bbox 1516 2421 1688 2493; x_wconf 81' lang='lat' dir='ltr'><strong>legem</strong></span> <span class='ocrx_word' id='word_1_208' title='bbox 1708 2462 1723 2489; x_wconf 97' lang='lat'><strong>,</strong></span> <span class='ocrx_word' id='word_1_209' title='bbox 1767 2437 1911 2477; x_wconf 92' lang='lat' dir='ltr'><strong>nunc</strong></span> <span class='ocrx_word' id='word_1_210' title='bbox 1939 2430 2121 2477; x_wconf 85' lang='lat' dir='ltr'><strong>autem</strong></span> 
     </span>
    </p>
   </div>
   <div class='ocr_carea' id='block_1_27' title="bbox 535 2510 2118 2583">
    <p class='ocr_par' dir='ltr' id='par_1_27' title="bbox 535 2510 2118 2583">
     <span class='ocr_line' id='line_1_27' title="bbox 535 2510 2118 2583; baseline 0.001 -19"><span class='ocrx_word' id='word_1_211' title='bbox 535 2511 806 2580; x_wconf 90' lang='lat' dir='ltr'><strong>promittit</strong></span> <span class='ocrx_word' id='word_1_212' title='bbox 828 2511 1013 2566; x_wconf 82' lang='lat' dir='ltr'><strong>dicens</strong></span> <span class='ocrx_word' id='word_1_213' title='bbox 1039 2525 1058 2566; x_wconf 87' lang='lat'><strong>:</strong></span> <span class='ocrx_word' id='word_1_214' title='bbox 1083 2530 1100 2563; x_wconf 71' lang='grc' dir='ltr'>ι</span> <span class='ocrx_word' id='word_1_215' title='bbox 1136 2510 1327 2574; x_wconf 83' lang='lat' dir='ltr'><strong>Adhuc</strong></span> <span class='ocrx_word' id='word_1_216' title='bbox 1353 2511 1538 2577; x_wconf 88' lang='lat' dir='ltr'><strong>semel,</strong></span> <span class='ocrx_word' id='word_1_217' title='bbox 1563 2521 1619 2566; x_wconf 88' lang='lat' dir='ltr'><strong>et</strong></span> <span class='ocrx_word' id='word_1_218' title='bbox 1639 2525 1740 2583; x_wconf 86' lang='lat' dir='ltr'><strong>ego</strong></span> <span class='ocrx_word' id='word_1_219' title='bbox 1766 2512 1990 2566; x_wconf 83' lang='lat' dir='ltr'><strong>movebo</strong></span> <span class='ocrx_word' id='word_1_220' title='bbox 2013 2525 2118 2566; x_wconf 93' lang='lat' dir='ltr'><strong>non</strong></span> 
     </span>
    </p>
   </div>
   <div class='ocr_carea' id='block_1_28' title="bbox 535 2602 2120 2678">
    <p class='ocr_par' dir='ltr' id='par_1_28' title="bbox 535 2602 2120 2678">
     <span class='ocr_line' id='line_1_28' title="bbox 535 2602 2120 2678; baseline -0.001 -20"><span class='ocrx_word' id='word_1_221' title='bbox 535 2602 711 2658; x_wconf 90' lang='lat' dir='ltr'><strong>solum</strong></span> <span class='ocrx_word' id='word_1_222' title='bbox 775 2611 972 2659; x_wconf 89' lang='lat' dir='ltr'><strong>terram</strong></span> <span class='ocrx_word' id='word_1_223' title='bbox 992 2645 1015 2671; x_wconf 93' lang='lat'><strong>,.</strong></span> <span class='ocrx_word' id='word_1_224' title='bbox 1045 2604 1166 2678; x_wconf 86' lang='lat' dir='ltr'><strong>sed</strong></span> <span class='ocrx_word' id='word_1_225' title='bbox 1213 2605 1380 2660; x_wconf 91' lang='lat' dir='ltr'><strong>etiam</strong></span> <span class='ocrx_word' id='word_1_226' title='bbox 1437 2603 1669 2669; x_wconf 74' lang='lat' dir='ltr'><strong>cmlum,</strong></span> <span class='ocrx_word' id='word_1_227' title='bbox 1699 2624 1716 2656; x_wconf 78' lang='grc' dir='ltr'><strong><em>ι</em></strong></span> <span class='ocrx_word' id='word_1_228' title='bbox 1774 2615 1984 2658; x_wconf 86' lang='lat' dir='ltr'><strong>certum</strong></span> <span class='ocrx_word' id='word_1_229' title='bbox 2035 2611 2120 2660; x_wconf 86' lang='lat' dir='ltr'><strong>est</strong></span> 
     </span>
    </p>
   </div>
   <div class='ocr_carea' id='block_1_29' title="bbox 519 2693 2122 2770">
    <p class='ocr_par' dir='ltr' id='par_1_29' title="bbox 519 2693 2122 2770">
     <span class='ocr_line' id='line_1_29' title="bbox 519 2693 2122 2770; baseline 0 -22"><span class='ocrx_word' id='word_1_230' title='bbox 519 2696 679 2766; x_wconf 74' lang='lat' dir='ltr'><strong>quod</strong></span> <span class='ocrx_word' id='word_1_231' title='bbox 725 2695 868 2750; x_wconf 90' lang='lat' dir='ltr'><strong>idem</strong></span> <span class='ocrx_word' id='word_1_232' title='bbox 897 2696 1131 2770; x_wconf 32' lang='lat' dir='ltr'><strong>ipse‘sit.</strong></span> <span class='ocrx_word' id='word_1_233' title='bbox 1171 2715 1188 2748; x_wconf 79' lang='grc' dir='ltr'>ι</span> <span class='ocrx_word' id='word_1_234' title='bbox 1214 2695 1368 2764; x_wconf 87' lang='lat' dir='ltr'><strong>Quod</strong></span> <span class='ocrx_word' id='word_1_235' title='bbox 1416 2703 1596 2750; x_wconf 88' lang='lat' dir='ltr'><strong>autem</strong></span> <span class='ocrx_word' id='word_1_236' title='bbox 1638 2693 1770 2749; x_wconf 88' lang='lat' dir='ltr'><strong>dicit</strong></span> <span class='ocrx_word' id='word_1_237' title='bbox 1817 2693 1994 2748; x_wconf 88' lang='lat' dir='ltr'><strong>adhuc</strong></span> <span class='ocrx_word' id='word_1_238' title='bbox 2039 2708 2122 2748; x_wconf 88' lang='lat' dir='ltr'><strong>se-</strong></span> 
     </span>
    </p>
   </div>
   <div class='ocr_carea' id='block_1_30' title="bbox 523 2786 2116 2860">
    <p class='ocr_par' dir='ltr' id='par_1_30' title="bbox 523 2786 2116 2860">
     <span class='ocr_line' id='line_1_30' title="bbox 523 2786 2116 2860; baseline -0.003 -18"><span class='ocrx_word' id='word_1_239' title='bbox 523 2787 641 2844; x_wconf 69' lang='lat' dir='ltr'><strong>,mel</strong></span> <span class='ocrx_word' id='word_1_240' title='bbox 673 2828 688 2854; x_wconf 94' lang='lat'><strong>,</strong></span> <span class='ocrx_word' id='word_1_241' title='bbox 741 2788 982 2844; x_wconf 82' lang='lat' dir='ltr'><strong>declarat</strong></span> <span class='ocrx_word' id='word_1_242' title='bbox 1047 2788 1325 2860; x_wconf 86' lang='lat' dir='ltr'><strong>mobilium</strong></span> <span class='ocrx_word' id='word_1_243' title='bbox 1388 2786 1796 2860; x_wconf 79' lang='lat' dir='ltr'><strong>translationem</strong></span> <span class='ocrx_word' id='word_1_244' title='bbox 1861 2793 2116 2856; x_wconf 87' lang='lat' dir='ltr'><strong>tanquam</strong></span> 
     </span>
    </p>
   </div>
   <div class='ocr_carea' id='block_1_31' title="bbox 531 2877 2118 2953">
    <p class='ocr_par' dir='ltr' id='par_1_31' title="bbox 531 2877 2118 2953">
     <span class='ocr_line' id='line_1_31' title="bbox 531 2877 2118 2953; baseline -0.001 -20"><span class='ocrx_word' id='word_1_245' title='bbox 531 2880 822 2948; x_wconf 80' lang='lat' dir='ltr'><strong>factorum.</strong></span> <span class='ocrx_word' id='word_1_246' title='bbox 855 2901 874 2932; x_wconf 74' lang='grc' dir='ltr'><strong><em>ι</em></strong></span> <span class='ocrx_word' id='word_1_247' title='bbox 901 2880 1040 2948; x_wconf 84' lang='lat' dir='ltr'><strong>Quid</strong></span> <span class='ocrx_word' id='word_1_248' title='bbox 1071 2888 1174 2946; x_wconf 88' lang='lat' dir='ltr'><strong>est,</strong></span> <span class='ocrx_word' id='word_1_249' title='bbox 1203 2879 1347 2950; x_wconf 85' lang='lat' dir='ltr'><strong>quod</strong></span> <span class='ocrx_word' id='word_1_250' title='bbox 1381 2877 1472 2953; x_wconf 86' lang='lat' dir='ltr'><strong>his</strong></span> <span class='ocrx_word' id='word_1_251' title='bbox 1512 2878 1692 2933; x_wconf 80' lang='lat' dir='ltr'><strong>verbis</strong></span> <span class='ocrx_word' id='word_1_252' title='bbox 1741 2877 2118 2952; x_wconf 77' lang='lat' dir='ltr'><strong>signiﬁcatur?</strong></span> 
     </span>
    </p>
   </div>
   <div class='ocr_carea' id='block_1_32' title="bbox 519 2963 2114 3046">
    <p class='ocr_par' dir='ltr' id='par_1_32' title="bbox 519 2963 2114 3046">
     <span class='ocr_line' id='line_1_32' title="bbox 519 2963 2114 3046; baseline 0 -22"><span class='ocrx_word' id='word_1_253' title='bbox 519 2974 788 3028; x_wconf 79' lang='lat' dir='ltr'><strong>nimirum</strong></span> <span class='ocrx_word' id='word_1_254' title='bbox 820 2963 1076 3044; x_wconf 81' lang='lat' dir='ltr'><strong>queniam</strong></span> <span class='ocrx_word' id='word_1_255' title='bbox 1105 2972 1420 3028; x_wconf 75' lang='lat' dir='ltr'><strong>auferentur</strong></span> <span class='ocrx_word' id='word_1_256' title='bbox 1445 2980 1642 3027; x_wconf 91' lang='lat' dir='ltr'><strong>cuncta</strong></span> <span class='ocrx_word' id='word_1_257' title='bbox 1669 2971 1737 3042; x_wconf 86' lang='lat' dir='ltr'><strong>de</strong></span> <span class='ocrx_word' id='word_1_258' title='bbox 1763 2970 1940 3026; x_wconf 88' lang='lat' dir='ltr'><strong>medio</strong></span> <span class='ocrx_word' id='word_1_259' title='bbox 1967 2977 2024 3025; x_wconf 91' lang='lat' dir='ltr'><strong>et</strong></span> <span class='ocrx_word' id='word_1_260' title='bbox 2060 2970 2114 3046; x_wconf 84' lang='lat' dir='ltr'><strong>in</strong></span> 
     </span>
    </p>
   </div>
   <div class='ocr_carea' id='block_1_33' title="bbox 501 3072 2116 3131">
    <p class='ocr_par' dir='ltr' id='par_1_33' title="bbox 501 3072 2116 3131">
     <span class='ocr_line' id='line_1_33' title="bbox 501 3072 2116 3131; baseline -0.001 -1"><span class='ocrx_word' id='word_1_261' title='bbox 501 3091 506 3094; x_wconf 94' lang='grc'><strong>·</strong></span> <span class='ocrx_word' id='word_1_262' title='bbox 531 3075 726 3130; x_wconf 89' lang='lat' dir='ltr'><strong>melius</strong></span> <span class='ocrx_word' id='word_1_263' title='bbox 756 3075 1010 3131; x_wconf 88' lang='lat' dir='ltr'><strong>universa</strong></span> <span class='ocrx_word' id='word_1_264' title='bbox 1041 3075 1394 3130; x_wconf 87' lang='lat' dir='ltr'><strong>mutabuntur</strong></span> <span class='ocrx_word' id='word_1_265' title='bbox 1419 3091 1432 3127; x_wconf 87' lang='lat'><strong>:</strong></span> <span class='ocrx_word' id='word_1_266' title='bbox 1458 3073 1563 3128; x_wconf 91' lang='lat' dir='ltr'><strong>hoc</strong></span> <span class='ocrx_word' id='word_1_267' title='bbox 1582 3073 1726 3128; x_wconf 88' lang='lat' dir='ltr'><strong>enim</strong></span> <span class='ocrx_word' id='word_1_268' title='bbox 1750 3072 1882 3128; x_wconf 92' lang='lat' dir='ltr'><strong>mihi</strong></span> <span class='ocrx_word' id='word_1_269' title='bbox 1903 3073 2116 3128; x_wconf 86' lang='lat' dir='ltr'><strong>videtur</strong></span> 
     </span>
    </p>
   </div>
   <div class='ocr_carea' id='block_1_34' title="bbox 529 3173 2115 3246">
    <p class='ocr_par' dir='ltr' id='par_1_34' title="bbox 529 3173 2115 3246">
     <span class='ocr_line' id='line_1_34' title="bbox 529 3173 2115 3246; baseline 0 -18"><span class='ocrx_word' id='word_1_270' title='bbox 529 3175 585 3228; x_wconf 91' lang='lat' dir='ltr'><strong>in</strong></span> <span class='ocrx_word' id='word_1_271' title='bbox 615 3175 718 3230; x_wconf 92' lang='lat' dir='ltr'><strong>hoc</strong></span> <span class='ocrx_word' id='word_1_272' title='bbox 745 3174 864 3229; x_wconf 87' lang='lat' dir='ltr'><strong>loco</strong></span> <span class='ocrx_word' id='word_1_273' title='bbox 885 3174 1200 3246; x_wconf 82' lang='lat' dir='ltr'><strong>signiﬁcari.</strong></span> <span class='ocrx_word' id='word_1_274' title='bbox 1224 3174 1364 3242; x_wconf 85' lang='lat' dir='ltr'><strong>Quid</strong></span> <span class='ocrx_word' id='word_1_275' title='bbox 1398 3189 1528 3246; x_wconf 81' lang='lat' dir='ltr'><strong>ergo</strong></span> <span class='ocrx_word' id='word_1_276' title='bbox 1559 3173 1740 3242; x_wconf 87' lang='lat' dir='ltr'><strong>doles,</strong></span> <span class='ocrx_word' id='word_1_277' title='bbox 1756 3175 1953 3244; x_wconf 91' lang='lat' dir='ltr'><strong>inquit,</strong></span> <span class='ocrx_word' id='word_1_278' title='bbox 1993 3189 2115 3229; x_wconf 91' lang='lat' dir='ltr'><strong>cum</strong></span> 
     </span>
    </p>
   </div>
   <div class='ocr_carea' id='block_1_35' title="bbox 528 3266 2117 3344">
    <p class='ocr_par' dir='ltr' id='par_1_35' title="bbox 528 3266 2117 3344">
     <span class='ocr_line' id='line_1_35' title="bbox 528 3266 2117 3344; baseline 0.001 -18"><span class='ocrx_word' id='word_1_279' title='bbox 528 3273 733 3344; x_wconf 88' lang='lat' dir='ltr'><strong>pateris</strong></span> <span class='ocrx_word' id='word_1_280' title='bbox 765 3272 967 3342; x_wconf 87' lang='lat' dir='ltr'><strong>aliquid</strong></span> <span class='ocrx_word' id='word_1_281' title='bbox 1005 3273 1062 3327; x_wconf 90' lang='lat' dir='ltr'><strong>in</strong></span> <span class='ocrx_word' id='word_1_282' title='bbox 1099 3266 1203 3327; x_wconf 89' lang='lat' dir='ltr'><strong>hoc</strong></span> <span class='ocrx_word' id='word_1_283' title='bbox 1249 3272 1476 3338; x_wconf 72' lang='lat' dir='ltr'><strong>mundo,</strong></span> <span class='ocrx_word' id='word_1_284' title='bbox 1512 3273 1602 3342; x_wconf 83' lang='lat' dir='ltr'><strong>qui</strong></span> <span class='ocrx_word' id='word_1_285' title='bbox 1633 3287 1740 3328; x_wconf 92' lang='lat' dir='ltr'><strong>non</strong></span> <span class='ocrx_word' id='word_1_286' title='bbox 1770 3273 1968 3343; x_wconf 91' lang='lat' dir='ltr'><strong>poterit</strong></span> <span class='ocrx_word' id='word_1_287' title='bbox 1994 3287 2117 3343; x_wconf 83' lang='lat' dir='ltr'><strong>per-</strong></span> 
     </span>
    </p>
   </div>
   <div class='ocr_carea' id='block_1_36' title="bbox 527 3357 2116 3433">
    <p class='ocr_par' dir='ltr' id='par_1_36' title="bbox 527 3357 2116 3433">
     <span class='ocr_line' id='line_1_36' title="bbox 527 3357 2116 3433; baseline 0.002 -17"><span class='ocrx_word' id='word_1_288' title='bbox 527 3378 772 3428; x_wconf 84' lang='lat' dir='ltr'><strong>manere,</strong></span> <span class='ocrx_word' id='word_1_289' title='bbox 811 3363 902 3432; x_wconf 90' lang='lat' dir='ltr'><strong>qui</strong></span> <span class='ocrx_word' id='word_1_290' title='bbox 937 3357 1074 3433; x_wconf 86' lang='lat' dir='ltr'><strong>post</strong></span> <span class='ocrx_word' id='word_1_291' title='bbox 1099 3359 1379 3433; x_wconf 83' lang='lat' dir='ltr'><strong>paululum</strong></span> <span class='ocrx_word' id='word_1_292' title='bbox 1427 3363 1756 3418; x_wconf 86' lang='lat' dir='ltr'><strong>transiturus</strong></span> <span class='ocrx_word' id='word_1_293' title='bbox 1785 3364 1905 3419; x_wconf 86' lang='lat' dir='ltr'><strong>est?</strong></span> <span class='ocrx_word' id='word_1_294' title='bbox 1953 3362 2010 3418; x_wconf 93' lang='lat' dir='ltr'><strong>Si</strong></span> <span class='ocrx_word' id='word_1_295' title='bbox 2059 3365 2116 3419; x_wconf 89' lang='lat' dir='ltr'><strong>in</strong></span> 
     </span>
    </p>
   </div>
   <div class='ocr_carea' id='block_1_37' title="bbox 530 3453 2114 3523">
    <p class='ocr_par' dir='ltr' id='par_1_37' title="bbox 530 3453 2114 3523">
     <span class='ocr_line' id='line_1_37' title="bbox 530 3453 2114 3523; baseline 0.001 -16"><span class='ocrx_word' id='word_1_296' title='bbox 530 3453 842 3508; x_wconf 81' lang='lat' dir='ltr'><strong>novissimis</strong></span> <span class='ocrx_word' id='word_1_297' title='bbox 891 3453 1102 3508; x_wconf 74' lang='lat' dir='ltr'><strong>smculis</strong></span> <span class='ocrx_word' id='word_1_298' title='bbox 1155 3453 1244 3508; x_wconf 92' lang='lat' dir='ltr'><strong>hic</strong></span> <span class='ocrx_word' id='word_1_299' title='bbox 1290 3454 1524 3508; x_wconf 90' lang='lat' dir='ltr'><strong>mundus</strong></span> <span class='ocrx_word' id='word_1_300' title='bbox 1582 3454 1828 3523; x_wconf 85' lang='lat' dir='ltr'><strong>requiem</strong></span> <span class='ocrx_word' id='word_1_301' title='bbox 1885 3453 2114 3510; x_wconf 80' lang='lat' dir='ltr'><strong>forsitan</strong></span> 
     </span>
    </p>
   </div>
   <div class='ocr_carea' id='block_1_38' title="bbox 517 3539 2115 3616">
    <p class='ocr_par' dir='ltr' id='par_1_38' title="bbox 517 3539 2115 3616">
     <span class='ocr_line' id='line_1_38' title="bbox 517 3539 2115 3616; baseline 0.001 -15"><span class='ocrx_word' id='word_1_302' title='bbox 517 3539 828 3612; x_wconf 21' lang='lat' dir='ltr'><strong>habui-sset,</strong></span> <span class='ocrx_word' id='word_1_303' title='bbox 846 3555 975 3601; x_wconf 90' lang='lat' dir='ltr'><strong>tunc</strong></span> <span class='ocrx_word' id='word_1_304' title='bbox 1001 3545 1245 3602; x_wconf 87' lang='lat' dir='ltr'><strong>tribulari</strong></span> <span class='ocrx_word' id='word_1_305' title='bbox 1267 3547 1445 3616; x_wconf 89' lang='lat' dir='ltr'><strong>potius</strong></span> <span class='ocrx_word' id='word_1_306' title='bbox 1467 3547 1751 3616; x_wconf 88' lang='lat' dir='ltr'><strong>oportebat</strong></span> <span class='ocrx_word' id='word_1_307' title='bbox 1771 3561 1895 3602; x_wconf 92' lang='lat' dir='ltr'><strong>eum</strong></span> <span class='ocrx_word' id='word_1_308' title='bbox 1925 3548 2014 3616; x_wconf 89' lang='lat' dir='ltr'><strong>qui</strong></span> <span class='ocrx_word' id='word_1_309' title='bbox 2037 3545 2115 3602; x_wconf 85' lang='lat' dir='ltr'><strong>fe-</strong></span> 
     </span>
    </p>
   </div>
   <div class='ocr_carea' id='block_1_39' title="bbox 529 3636 2117 3712">
    <p class='ocr_par' dir='ltr' id='par_1_39' title="bbox 529 3636 2117 3712">
     <span class='ocr_line' id='line_1_39' title="bbox 529 3636 2117 3712; baseline -0.001 -16"><span class='ocrx_word' id='word_1_310' title='bbox 529 3641 700 3697; x_wconf 91' lang='lat' dir='ltr'><strong>stinat</strong></span> <span class='ocrx_word' id='word_1_311' title='bbox 725 3640 792 3695; x_wconf 87' lang='lat' dir='ltr'><strong>ad</strong></span> <span class='ocrx_word' id='word_1_312' title='bbox 818 3639 1000 3694; x_wconf 83' lang='lat' dir='ltr'><strong>finem.</strong></span> <span class='ocrx_word' id='word_1_313' title='bbox 1023 3658 1040 3692; x_wconf 81' lang='grc' dir='ltr'>ι</span> <span class='ocrx_word' id='word_1_314' title='bbox 1071 3639 1143 3696; x_wconf 88' lang='lat' dir='ltr'><strong>Ut</strong></span> <span class='ocrx_word' id='word_1_315' title='bbox 1161 3649 1536 3712; x_wconf 85' lang='lat' dir='ltr'><strong>permaneant,</strong></span> <span class='ocrx_word' id='word_1_316' title='bbox 1563 3636 1755 3712; x_wconf 89' lang='lat' dir='ltr'><strong>inquit,</strong></span> <span class='ocrx_word' id='word_1_317' title='bbox 1771 3656 1832 3696; x_wconf 89' lang='lat' dir='ltr'><strong>ea</strong></span> <span class='ocrx_word' id='word_1_318' title='bbox 1851 3655 1970 3711; x_wconf 76' lang='lat' dir='ltr'><strong>qua:</strong></span> <span class='ocrx_word' id='word_1_319' title='bbox 1992 3648 2117 3695; x_wconf 92' lang='lat' dir='ltr'><strong>sunt</strong></span> 
     </span>
    </p>
   </div>
   <div class='ocr_carea' id='block_1_40' title="bbox 528 3725 2112 3806">
    <p class='ocr_par' dir='ltr' id='par_1_40' title="bbox 528 3725 2112 3806">
     <span class='ocr_line' id='line_1_40' title="bbox 528 3725 2112 3806; baseline 0 -16"><span class='ocrx_word' id='word_1_320' title='bbox 528 3736 879 3792; x_wconf 63' lang='lat' dir='ltr'><strong>immObilia.»</strong></span> <span class='ocrx_word' id='word_1_321' title='bbox 901 3735 1029 3803; x_wconf 71' lang='lat' dir='ltr'><strong>Qum</strong></span> <span class='ocrx_word' id='word_1_322' title='bbox 1054 3750 1286 3806; x_wconf 88' lang='lat' dir='ltr'><strong>namque</strong></span> <span class='ocrx_word' id='word_1_323' title='bbox 1314 3725 1435 3801; x_wconf 87' lang='lat' dir='ltr'><strong>ista,</strong></span> <span class='ocrx_word' id='word_1_324' title='bbox 1456 3735 1739 3806; x_wconf 89' lang='lat' dir='ltr'><strong>vel-qualia</strong></span> <span class='ocrx_word' id='word_1_325' title='bbox 1769 3744 1894 3790; x_wconf 91' lang='lat' dir='ltr'><strong>sunt</strong></span> <span class='ocrx_word' id='word_1_326' title='bbox 1920 3735 2112 3790; x_wconf 92' lang='lat' dir='ltr'><strong>immo-</strong></span> 
     </span>
    </p>
   </div>
   <div class='ocr_carea' id='block_1_41' title="bbox 528 3826 2111 3897">
    <p class='ocr_par' dir='ltr' id='par_1_41' title="bbox 528 3826 2111 3897">
     <span class='ocr_line' id='line_1_41' title="bbox 528 3826 2111 3897; baseline -0.001 -14"><span class='ocrx_word' id='word_1_327' title='bbox 528 3827 695 3883; x_wconf 87' lang='lat' dir='ltr'><strong>bilia?</strong></span> <span class='ocrx_word' id='word_1_328' title='bbox 733 3826 912 3882; x_wconf 87' lang='lat' dir='ltr'><strong>futura</strong></span> <span class='ocrx_word' id='word_1_329' title='bbox 961 3826 1229 3883; x_wconf 83' lang='lat' dir='ltr'><strong>videlicet.</strong></span> <span class='ocrx_word' id='word_1_330' title='bbox 1267 3826 1374 3882; x_wconf 85' lang='lat' dir='ltr'><strong>Pro</strong></span> <span class='ocrx_word' id='word_1_331' title='bbox 1422 3827 1525 3882; x_wconf 90' lang='lat' dir='ltr'><strong>isto</strong></span> <span class='ocrx_word' id='word_1_332' title='bbox 1564 3826 1730 3897; x_wconf 79' lang='lat' dir='ltr'><strong>igitur</strong></span> <span class='ocrx_word' id='word_1_333' title='bbox 1774 3827 1882 3882; x_wconf 85' lang='lat' dir='ltr'><strong>ﬁne</strong></span> <span class='ocrx_word' id='word_1_334' title='bbox 1916 3836 2111 3884; x_wconf 88' lang='lat' dir='ltr'><strong>cuncta</strong></span> 
     </span>
    </p>
   </div>
   <div class='ocr_carea' id='block_1_42' title="bbox 526 3909 2112 3988">
    <p class='ocr_par' dir='ltr' id='par_1_42' title="bbox 526 3909 2112 3988">
     <span class='ocr_line' id='line_1_42' title="bbox 526 3909 2112 3988; baseline 0.001 -14"><span class='ocrx_word' id='word_1_335' title='bbox 526 3921 812 3985; x_wconf 82' lang='lat' dir='ltr'><strong>faciamus,</strong></span> <span class='ocrx_word' id='word_1_336' title='bbox 841 3927 900 3974; x_wconf 89' lang='lat' dir='ltr'><strong>ut</strong></span> <span class='ocrx_word' id='word_1_337' title='bbox 945 3919 1092 3974; x_wconf 87' lang='lat' dir='ltr'><strong>illam</strong></span> <span class='ocrx_word' id='word_1_338' title='bbox 1125 3909 1548 3988; x_wconf 19' lang='lat' dir='ltr'><strong>vitam-adipisci</strong></span> <span class='ocrx_word' id='word_1_339' title='bbox 1577 3918 1849 3988; x_wconf 88' lang='lat' dir='ltr'><strong>possimus</strong></span> <span class='ocrx_word' id='word_1_340' title='bbox 1870 3959 1884 3986; x_wconf 91' lang='lat'><strong>,</strong></span> <span class='ocrx_word' id='word_1_341' title='bbox 1915 3927 1974 3973; x_wconf 88' lang='lat' dir='ltr'><strong>ut</strong></span> <span class='ocrx_word' id='word_1_342' title='bbox 2007 3919 2112 3975; x_wconf 92' lang='lat' dir='ltr'><strong>illis</strong></span> 
     </span>
    </p>
   </div>
   <div class='ocr_carea' id='block_1_43' title="bbox 528 4008 2111 4082">
    <p class='ocr_par' dir='ltr' id='par_1_43' title="bbox 528 4008 2111 4082">
     <span class='ocr_line' id='line_1_43' title="bbox 528 4008 2111 4082; baseline -0.003 -13"><span class='ocrx_word' id='word_1_343' title='bbox 528 4013 688 4070; x_wconf 88' lang='lat' dir='ltr'><strong>bonis</strong></span> <span class='ocrx_word' id='word_1_344' title='bbox 751 4010 1117 4067; x_wconf 55' lang='lat' dir='ltr'><strong>ineﬁ&#39;abilibus&#39;</strong></span> <span class='ocrx_word' id='word_1_345' title='bbox 1167 4009 1528 4082; x_wconf 84' lang='lat' dir='ltr'><strong>perfruamur.</strong></span> <span class='ocrx_word' id='word_1_346' title='bbox 1585 4028 1603 4060; x_wconf 73' lang='grc' dir='ltr'>ι</span> <span class='ocrx_word' id='word_1_347' title='bbox 1641 4008 1826 4080; x_wconf 85' lang='lat' dir='ltr'><strong>Itaque</strong></span> <span class='ocrx_word' id='word_1_348' title='bbox 1887 4015 2111 4080; x_wconf 85' lang='lat' dir='ltr'><strong>regnum</strong></span> 
     </span>
    </p>
   </div>
   <div class='ocr_carea' id='block_1_44' title="bbox 530 4092 2110 4171">
    <p class='ocr_par' dir='ltr' id='par_1_44' title="bbox 530 4092 2110 4171">
     <span class='ocr_line' id='line_1_44' title="bbox 530 4092 2110 4171; baseline -0.002 -15"><span class='ocrx_word' id='word_1_349' title='bbox 530 4122 552 4156; x_wconf 77' lang='grc' dir='ltr'>ι</span> <span class='ocrx_word' id='word_1_350' title='bbox 582 4101 855 4158; x_wconf 90' lang='lat' dir='ltr'><strong>immobile</strong></span> <span class='ocrx_word' id='word_1_351' title='bbox 886 4101 1258 4170; x_wconf 88' lang='lat' dir='ltr'><strong>suscipientes,</strong></span> <span class='ocrx_word' id='word_1_352' title='bbox 1285 4092 1552 4155; x_wconf 85' lang='lat' dir='ltr'><strong>habemus</strong></span> <span class='ocrx_word' id='word_1_353' title='bbox 1573 4099 1802 4171; x_wconf 80' lang='lat' dir='ltr'><strong>gratiam</strong></span> <span class='ocrx_word' id='word_1_354' title='bbox 1825 4113 1924 4170; x_wconf 89' lang='lat' dir='ltr'><strong>per</strong></span> <span class='ocrx_word' id='word_1_355' title='bbox 1947 4107 2110 4169; x_wconf 90' lang='lat' dir='ltr'><strong>quam</strong></span> 
     </span>
    </p>
   </div>
   <div class='ocr_carea' id='block_1_45' title="bbox 530 4185 2108 4266">
    <p class='ocr_par' dir='ltr' id='par_1_45' title="bbox 530 4185 2108 4266">
     <span class='ocr_line' id='line_1_45' title="bbox 530 4185 2108 4266; baseline -0.001 -20"><span class='ocrx_word' id='word_1_356' title='bbox 530 4216 550 4246; x_wconf 74' lang='grc' dir='ltr'>ι</span> <span class='ocrx_word' id='word_1_357' title='bbox 586 4195 890 4251; x_wconf 84' lang='lat' dir='ltr'><strong>serviamus</strong></span> <span class='ocrx_word' id='word_1_358' title='bbox 914 4193 1189 4266; x_wconf 85' lang='lat' dir='ltr'><strong>placentes</strong></span> <span class='ocrx_word' id='word_1_359' title='bbox 1219 4185 1336 4249; x_wconf 86' lang='lat' dir='ltr'><strong>Deo</strong></span> <span class='ocrx_word' id='word_1_360' title='bbox 1354 4208 1476 4248; x_wconf 90' lang='lat' dir='ltr'><strong>cum</strong></span> <span class='ocrx_word' id='word_1_361' title='bbox 1506 4185 1653 4248; x_wconf 89' lang='lat' dir='ltr'><strong>metu</strong></span> <span class='ocrx_word' id='word_1_362' title='bbox 1675 4199 1730 4248; x_wconf 93' lang='lat' dir='ltr'><strong>et</strong></span> <span class='ocrx_word' id='word_1_363' title='bbox 1763 4185 2065 4248; x_wconf 85' lang='lat' dir='ltr'><strong>reverentia</strong></span> <span class='ocrx_word' id='word_1_364' title='bbox 2095 4206 2108 4244; x_wconf 91' lang='lat'><strong>:</strong></span> 
     </span>
    </p>
   </div>
   <div class='ocr_carea' id='block_1_46' title="bbox 529 4276 2110 4356">
    <p class='ocr_par' dir='ltr' id='par_1_46' title="bbox 529 4276 2110 4356">
     <span class='ocr_line' id='line_1_46' title="bbox 529 4276 2110 4356; baseline 0 -18"><span class='ocrx_word' id='word_1_365' title='bbox 529 4306 550 4338; x_wconf 72' lang='grc' dir='ltr'>ι</span> <span class='ocrx_word' id='word_1_366' title='bbox 587 4285 786 4341; x_wconf 88' lang='lat' dir='ltr'><strong>etenim</strong></span> <span class='ocrx_word' id='word_1_367' title='bbox 823 4285 966 4341; x_wconf 91' lang='lat' dir='ltr'><strong>Deus</strong></span> <span class='ocrx_word' id='word_1_368' title='bbox 1011 4276 1198 4340; x_wconf 88' lang='lat' dir='ltr'><strong>noster</strong></span> <span class='ocrx_word' id='word_1_369' title='bbox 1224 4284 1364 4356; x_wconf 84' lang='lat' dir='ltr'><strong>ignis</strong></span> <span class='ocrx_word' id='word_1_370' title='bbox 1405 4297 1732 4340; x_wconf 86' lang='lat' dir='ltr'><strong>consumens</strong></span> <span class='ocrx_word' id='word_1_371' title='bbox 1760 4291 1863 4338; x_wconf 91' lang='lat' dir='ltr'><strong>est.</strong></span> <span class='ocrx_word' id='word_1_372' title='bbox 1901 4303 1934 4336; x_wconf 72' lang='grc' dir='ltr'><strong>»ι</strong></span> <span class='ocrx_word' id='word_1_373' title='bbox 1957 4281 2110 4350; x_wconf 90' lang='lat' dir='ltr'><strong>Quod</strong></span> 
     </span>
    </p>
   </div>
   <div class='ocr_carea' id='block_1_47' title="bbox 524 4376 2109 4448">
    <p class='ocr_par' dir='ltr' id='par_1_47' title="bbox 524 4376 2109 4448">
     <span class='ocr_line' id='line_1_47' title="bbox 524 4376 2109 4448; baseline -0.001 -15"><span class='ocrx_word' id='word_1_374' title='bbox 524 4378 653 4434; x_wconf 87' lang='lat' dir='ltr'><strong>alibi</strong></span> <span class='ocrx_word' id='word_1_375' title='bbox 693 4377 830 4434; x_wconf 78' lang='lat' dir='ltr'><strong>dixit</strong></span> <span class='ocrx_word' id='word_1_376' title='bbox 862 4395 875 4432; x_wconf 90' lang='lat'><strong>:</strong></span> <span class='ocrx_word' id='word_1_377' title='bbox 907 4395 924 4428; x_wconf 79' lang='grc' dir='ltr'>ι</span> <span class='ocrx_word' id='word_1_378' title='bbox 954 4376 1085 4444; x_wconf 69' lang='lat' dir='ltr'><strong>Quae</strong></span> <span class='ocrx_word' id='word_1_379' title='bbox 1131 4377 1383 4433; x_wconf 88' lang='lat' dir='ltr'><strong>videntur</strong></span> <span class='ocrx_word' id='word_1_380' title='bbox 1433 4377 1745 4447; x_wconf 91' lang='lat' dir='ltr'><strong>temporalia</strong></span> <span class='ocrx_word' id='word_1_381' title='bbox 1769 4418 1782 4442; x_wconf 93' lang='lat'><strong>,</strong></span> <span class='ocrx_word' id='word_1_382' title='bbox 1819 4391 1939 4448; x_wconf 75' lang='lat' dir='ltr'><strong>qua:</strong></span> <span class='ocrx_word' id='word_1_383' title='bbox 1979 4390 2109 4432; x_wconf 85' lang='lat' dir='ltr'><strong>vero</strong></span> 
     </span>
    </p>
   </div>
   <div class='ocr_carea' id='block_1_48' title="bbox 523 4467 2186 4565">
    <p class='ocr_par' dir='ltr' id='par_1_48' title="bbox 523 4467 2186 4565">
     <span class='ocr_line' id='line_1_48' title="bbox 523 4467 2186 4565; baseline -0.001 -41"><span class='ocrx_word' id='word_1_384' title='bbox 523 4487 632 4525; x_wconf 92' lang='lat' dir='ltr'><strong>non</strong></span> <span class='ocrx_word' id='word_1_385' title='bbox 662 4469 914 4526; x_wconf 89' lang='lat' dir='ltr'><strong>videntur</strong></span> <span class='ocrx_word' id='word_1_386' title='bbox 946 4477 1148 4524; x_wconf 81' lang='lat' dir='ltr'><strong>:eterna</strong></span> <span class='ocrx_word' id='word_1_387' title='bbox 1177 4467 1272 4540; x_wconf 87' lang='grc' dir='ltr'><strong>(ΙΙ</strong></span> <span class='ocrx_word' id='word_1_388' title='bbox 1305 4467 1427 4535; x_wconf 87' lang='lat' dir='ltr'><strong>Cor,</strong></span> <span class='ocrx_word' id='word_1_389' title='bbox 1461 4468 1566 4554; x_wconf 84' lang='lat' dir='ltr'><strong>tv),</strong></span> <span class='ocrx_word' id='word_1_390' title='bbox 1599 4488 1617 4520; x_wconf 73' lang='grc' dir='ltr'><strong><em>ι</em></strong></span> <span class='ocrx_word' id='word_1_391' title='bbox 1647 4477 1701 4523; x_wconf 89' lang='lat' dir='ltr'><strong>et</strong></span> <span class='ocrx_word' id='word_1_392' title='bbox 1732 4469 1854 4524; x_wconf 86' lang='lat' dir='ltr'><strong>inde</strong></span> <span class='ocrx_word' id='word_1_393' title='bbox 1881 4467 2108 4539; x_wconf 83' lang='lat' dir='ltr'><strong>sumpsit</strong></span> <span class='ocrx_word' id='word_1_394' title='bbox 2135 4503 2186 4565; x_wconf 65' lang='grc' dir='ltr'><strong>Ι)</strong></span> 
     </span>
    </p>
   </div>
   <div class='ocr_carea' id='block_1_49' title="bbox 506 4559 2112 4632">
    <p class='ocr_par' dir='ltr' id='par_1_49' title="bbox 506 4559 2112 4632">
     <span class='ocr_line' id='line_1_49' title="bbox 506 4559 2112 4632; baseline -0.001 -17"><span class='ocrx_word' id='word_1_395' title='bbox 506 4561 921 4616; x_wconf 70' lang='lat' dir='ltr'><strong>exhortationis</strong></span> <span class='ocrx_word' id='word_1_396' title='bbox 949 4569 1006 4617; x_wconf 90' lang='lat' dir='ltr'><strong>et</strong></span> <span class='ocrx_word' id='word_1_397' title='bbox 1041 4559 1424 4616; x_wconf 87' lang='lat' dir='ltr'><strong>consolationis</strong></span> <span class='ocrx_word' id='word_1_398' title='bbox 1468 4559 1842 4632; x_wconf 84' lang='lat' dir='ltr'><strong>argumentum</strong></span> <span class='ocrx_word' id='word_1_399' title='bbox 1875 4575 1975 4630; x_wconf 91' lang='lat' dir='ltr'><strong>pro</strong></span> <span class='ocrx_word' id='word_1_400' title='bbox 1994 4574 2112 4614; x_wconf 86' lang='lat' dir='ltr'><strong>ma-</strong></span> 
     </span>
    </p>
   </div>
   <div class='ocr_carea' id='block_1_50' title="bbox 523 4641 2108 4724">
    <p class='ocr_par' dir='ltr' id='par_1_50' title="bbox 523 4641 2108 4724">
     <span class='ocr_line' id='line_1_50' title="bbox 523 4641 2108 4724; baseline -0.002 -18"><span class='ocrx_word' id='word_1_401' title='bbox 523 4653 590 4709; x_wconf 92' lang='lat' dir='ltr'><strong>lis</strong></span> <span class='ocrx_word' id='word_1_402' title='bbox 623 4667 744 4723; x_wconf 81' lang='lat' dir='ltr'><strong>quae</strong></span> <span class='ocrx_word' id='word_1_403' title='bbox 786 4654 840 4708; x_wconf 94' lang='lat' dir='ltr'><strong>in</strong></span> <span class='ocrx_word' id='word_1_404' title='bbox 891 4651 1144 4724; x_wconf 63' lang='lat' dir='ltr'><strong>praesenti</strong></span> <span class='ocrx_word' id='word_1_405' title='bbox 1169 4641 1420 4723; x_wconf 84' lang='lat' dir='ltr'><strong>tempore</strong></span> <span class='ocrx_word' id='word_1_406' title='bbox 1457 4644 1769 4719; x_wconf 77' lang='lat' dir='ltr'><strong>toleramus,</strong></span> <span class='ocrx_word' id='word_1_407' title='bbox 1817 4652 1897 4707; x_wconf 91' lang='lat' dir='ltr'><strong>sic</strong></span> <span class='ocrx_word' id='word_1_408' title='bbox 1943 4650 2108 4706; x_wconf 90' lang='lat' dir='ltr'><strong>etiam</strong></span> 
     </span>
    </p>
   </div>
   <div class='ocr_carea' id='block_1_51' title="bbox 521 4740 2112 4799">
    <p class='ocr_par' dir='ltr' id='par_1_51' title="bbox 521 4740 2112 4799">
     <span class='ocr_line' id='line_1_51' title="bbox 521 4740 2112 4799; baseline -0.003 -1"><span class='ocrx_word' id='word_1_409' title='bbox 521 4743 613 4798; x_wconf 88' lang='lat' dir='ltr'><strong>hic</strong></span> <span class='ocrx_word' id='word_1_410' title='bbox 643 4741 772 4797; x_wconf 84' lang='lat' dir='ltr'><strong>facit</strong></span> <span class='ocrx_word' id='word_1_411' title='bbox 801 4757 866 4799; x_wconf 89' lang='lat' dir='ltr'><strong>ac</strong></span> <span class='ocrx_word' id='word_1_412' title='bbox 893 4742 1065 4798; x_wconf 85' lang='lat' dir='ltr'><strong>dicit:</strong></span> <span class='ocrx_word' id='word_1_413' title='bbox 1095 4741 1241 4799; x_wconf 89' lang='lat' dir='ltr'><strong>ﬁrmi</strong></span> <span class='ocrx_word' id='word_1_414' title='bbox 1273 4741 1534 4799; x_wconf 88' lang='lat' dir='ltr'><strong>debemus</strong></span> <span class='ocrx_word' id='word_1_415' title='bbox 1556 4743 1790 4799; x_wconf 79' lang='lat' dir='ltr'><strong>existere</strong></span> <span class='ocrx_word' id='word_1_416' title='bbox 1817 4751 1877 4796; x_wconf 90' lang='lat' dir='ltr'><strong>ut</strong></span> <span class='ocrx_word' id='word_1_417' title='bbox 1910 4740 2112 4796; x_wconf 82' lang='lat' dir='ltr'><strong>habea-</strong></span> 
     </span>
    </p>
   </div>
   <div class='ocr_carea' id='block_1_52' title="bbox 517 4830 2110 4908">
    <p class='ocr_par' dir='ltr' id='par_1_52' title="bbox 517 4830 2110 4908">
     <span class='ocr_line' id='line_1_52' title="bbox 517 4830 2110 4908; baseline 0 -20"><span class='ocrx_word' id='word_1_418' title='bbox 517 4850 643 4889; x_wconf 85' lang='lat' dir='ltr'><strong>mus</strong></span> <span class='ocrx_word' id='word_1_419' title='bbox 669 4835 920 4905; x_wconf 83' lang='lat' dir='ltr'><strong>gratiam,</strong></span> <span class='ocrx_word' id='word_1_420' title='bbox 949 4833 1052 4891; x_wconf 92' lang='lat' dir='ltr'><strong>hoc</strong></span> <span class='ocrx_word' id='word_1_421' title='bbox 1082 4843 1186 4902; x_wconf 91' lang='lat' dir='ltr'><strong>est,</strong></span> <span class='ocrx_word' id='word_1_422' title='bbox 1219 4836 1432 4908; x_wconf 78' lang='lat' dir='ltr'><strong>gratias</strong></span> <span class='ocrx_word' id='word_1_423' title='bbox 1453 4850 1675 4907; x_wconf 78' lang='lat' dir='ltr'><strong>agamus</strong></span> <span class='ocrx_word' id='word_1_424' title='bbox 1707 4834 1837 4890; x_wconf 89' lang='lat' dir='ltr'><strong>Deo.</strong></span> <span class='ocrx_word' id='word_1_425' title='bbox 1870 4830 1988 4889; x_wconf 86' lang='lat' dir='ltr'><strong>Non</strong></span> <span class='ocrx_word' id='word_1_426' title='bbox 2021 4845 2110 4888; x_wconf 89' lang='lat' dir='ltr'><strong>so-</strong></span> 
     </span>
    </p>
   </div>
   <div class='ocr_carea' id='block_1_53' title="bbox 521 4923 2106 4998">
    <p class='ocr_par' dir='ltr' id='par_1_53' title="bbox 521 4923 2106 4998">
     <span class='ocr_line' id='line_1_53' title="bbox 521 4923 2106 4998; baseline -0.001 -21"><span class='ocrx_word' id='word_1_427' title='bbox 521 4924 632 4980; x_wconf 89' lang='lat' dir='ltr'><strong>lum</strong></span> <span class='ocrx_word' id='word_1_428' title='bbox 650 4940 755 4980; x_wconf 89' lang='lat' dir='ltr'><strong>non</strong></span> <span class='ocrx_word' id='word_1_429' title='bbox 771 4925 1028 4981; x_wconf 89' lang='lat' dir='ltr'><strong>debemus</strong></span> <span class='ocrx_word' id='word_1_430' title='bbox 1042 4925 1474 4998; x_wconf 82' lang='lat' dir='ltr'><strong>inaequanimiter</strong></span> <span class='ocrx_word' id='word_1_431' title='bbox 1487 4926 1632 4982; x_wconf 88' lang='lat' dir='ltr'><strong>ferre</strong></span> <span class='ocrx_word' id='word_1_432' title='bbox 1646 4923 1931 4996; x_wconf 84' lang='lat' dir='ltr'><strong>praesentia</strong></span> <span class='ocrx_word' id='word_1_433' title='bbox 1946 4923 2106 4990; x_wconf 90' lang='lat' dir='ltr'><strong>mala,</strong></span> 
     </span>
    </p>
   </div>
   <div class='ocr_carea' id='block_1_54' title="bbox 519 5013 2107 5089">
    <p class='ocr_par' dir='ltr' id='par_1_54' title="bbox 519 5013 2107 5089">
     <span class='ocr_line' id='line_1_54' title="bbox 519 5013 2107 5089; baseline -0.002 -17"><span class='ocrx_word' id='word_1_434' title='bbox 519 5017 614 5072; x_wconf 89' lang='lat' dir='ltr'><strong>sed</strong></span> <span class='ocrx_word' id='word_1_435' title='bbox 640 5018 804 5072; x_wconf 91' lang='lat' dir='ltr'><strong>etiam</strong></span> <span class='ocrx_word' id='word_1_436' title='bbox 825 5017 1035 5089; x_wconf 80' lang='lat' dir='ltr'><strong>gratias</strong></span> <span class='ocrx_word' id='word_1_437' title='bbox 1063 5017 1136 5072; x_wconf 91' lang='lat' dir='ltr'><strong>illi</strong></span> <span class='ocrx_word' id='word_1_438' title='bbox 1163 5033 1264 5088; x_wconf 92' lang='lat' dir='ltr'><strong>pro</strong></span> <span class='ocrx_word' id='word_1_439' title='bbox 1289 5016 1484 5073; x_wconf 87' lang='lat' dir='ltr'><strong>futuris</strong></span> <span class='ocrx_word' id='word_1_440' title='bbox 1516 5017 1672 5073; x_wconf 78' lang='lat' dir='ltr'><strong>bonis</strong></span> <span class='ocrx_word' id='word_1_441' title='bbox 1703 5013 1916 5072; x_wconf 80' lang='lat' dir='ltr'><strong>oﬂ&#39;errc.</strong></span> <span class='ocrx_word' id='word_1_442' title='bbox 1955 5032 1973 5065; x_wconf 77' lang='grc' dir='ltr'>ι</span> <span class='ocrx_word' id='word_1_443' title='bbox 2002 5013 2107 5069; x_wconf 86' lang='lat' dir='ltr'><strong>Per</strong></span> 
     </span>
    </p>
   </div>
   <div class='ocr_carea' id='block_1_55' title="bbox 515 5107 2105 5180">
    <p class='ocr_par' dir='ltr' id='par_1_55' title="bbox 515 5107 2105 5180">
     <span class='ocr_line' id='line_1_55' title="bbox 515 5107 2105 5180; baseline 0 -18"><span class='ocrx_word' id='word_1_444' title='bbox 515 5123 713 5180; x_wconf 84' lang='lat' dir='ltr'><strong>quam,</strong></span> <span class='ocrx_word' id='word_1_445' title='bbox 746 5109 937 5179; x_wconf 90' lang='lat' dir='ltr'><strong>inquit,</strong></span> <span class='ocrx_word' id='word_1_446' title='bbox 971 5111 1271 5167; x_wconf 83' lang='lat' dir='ltr'><strong>serviamus</strong></span> <span class='ocrx_word' id='word_1_447' title='bbox 1307 5111 1443 5166; x_wconf 89' lang='lat' dir='ltr'><strong>bene</strong></span> <span class='ocrx_word' id='word_1_448' title='bbox 1471 5109 1748 5180; x_wconf 80' lang='lat' dir='ltr'><strong>placentes</strong></span> <span class='ocrx_word' id='word_1_449' title='bbox 1787 5109 1917 5164; x_wconf 85' lang='lat' dir='ltr'><strong>Deo.</strong></span> <span class='ocrx_word' id='word_1_450' title='bbox 1942 5127 1959 5160; x_wconf 77' lang='grc' dir='ltr'><strong>ι</strong></span> <span class='ocrx_word' id='word_1_451' title='bbox 1993 5107 2105 5162; x_wconf 81' lang='lat' dir='ltr'><strong>[Ioc</strong></span> 
     </span>
    </p>
   </div>
   <div class='ocr_carea' id='block_1_56' title="bbox 516 5199 2107 5274">
    <p class='ocr_par' dir='ltr' id='par_1_56' title="bbox 516 5199 2107 5274">
     <span class='ocr_line' id='line_1_56' title="bbox 516 5199 2107 5274; baseline -0.001 -19"><span class='ocrx_word' id='word_1_452' title='bbox 516 5207 622 5266; x_wconf 87' lang='lat' dir='ltr'><strong>est,</strong></span> <span class='ocrx_word' id='word_1_453' title='bbox 652 5201 732 5256; x_wconf 90' lang='lat' dir='ltr'><strong>sic</strong></span> <span class='ocrx_word' id='word_1_454' title='bbox 760 5202 960 5273; x_wconf 86' lang='lat' dir='ltr'><strong>quippe</strong></span> <span class='ocrx_word' id='word_1_455' title='bbox 992 5200 1271 5272; x_wconf 89' lang='lat' dir='ltr'><strong>placentes</strong></span> <span class='ocrx_word' id='word_1_456' title='bbox 1303 5203 1413 5258; x_wconf 91' lang='lat' dir='ltr'><strong>Deo</strong></span> <span class='ocrx_word' id='word_1_457' title='bbox 1449 5202 1749 5265; x_wconf 77' lang='lat' dir='ltr'><strong>servimus,</strong></span> <span class='ocrx_word' id='word_1_458' title='bbox 1763 5216 1887 5256; x_wconf 87' lang='lat' dir='ltr'><strong>cum</strong></span> <span class='ocrx_word' id='word_1_459' title='bbox 1925 5199 1976 5254; x_wconf 84' lang='lat' dir='ltr'><strong>ei</strong></span> <span class='ocrx_word' id='word_1_460' title='bbox 2009 5214 2107 5274; x_wconf 79' lang='lat' dir='ltr'><strong>per</strong></span> 
     </span>
    </p>
   </div>
   <div class='ocr_carea' id='block_1_57' title="bbox 515 5290 2103 5366">
    <p class='ocr_par' dir='ltr' id='par_1_57' title="bbox 515 5290 2103 5366">
     <span class='ocr_line' id='line_1_57' title="bbox 515 5290 2103 5366; baseline 0 -20"><span class='ocrx_word' id='word_1_461' title='bbox 515 5292 698 5348; x_wconf 89' lang='lat' dir='ltr'><strong>omnia</strong></span> <span class='ocrx_word' id='word_1_462' title='bbox 746 5295 934 5364; x_wconf 79' lang='lat' dir='ltr'><strong>gratiae</strong></span> <span class='ocrx_word' id='word_1_463' title='bbox 976 5293 1312 5350; x_wconf 81' lang='lat' dir='ltr'><strong>deferuntur.</strong></span> <span class='ocrx_word' id='word_1_464' title='bbox 1351 5313 1368 5346; x_wconf 79' lang='grc' dir='ltr'>ι</span> <span class='ocrx_word' id='word_1_465' title='bbox 1399 5294 1590 5350; x_wconf 89' lang='lat' dir='ltr'><strong>Omnia</strong></span> <span class='ocrx_word' id='word_1_466' title='bbox 1617 5334 1632 5360; x_wconf 94' lang='lat'><strong>,</strong></span> <span class='ocrx_word' id='word_1_467' title='bbox 1683 5293 1893 5366; x_wconf 89' lang='lat' dir='ltr'><strong>inquit,</strong></span> <span class='ocrx_word' id='word_1_468' title='bbox 1941 5290 2103 5347; x_wconf 85' lang='lat' dir='ltr'><strong>facite</strong></span> 
     </span>
    </p>
   </div>
   <div class='ocr_carea' id='block_1_58' title="bbox 516 5382 2101 5451">
    <p class='ocr_par' dir='ltr' id='par_1_58' title="bbox 516 5382 2101 5451">
     <span class='ocr_line' id='line_1_58' title="bbox 516 5382 2101 5451; baseline -0.001 -14"><span class='ocrx_word' id='word_1_469' title='bbox 516 5384 636 5439; x_wconf 86' lang='lat' dir='ltr'><strong>sine</strong></span> <span class='ocrx_word' id='word_1_470' title='bbox 663 5386 1091 5442; x_wconf 88' lang='lat' dir='ltr'><strong>murmuratione</strong></span> <span class='ocrx_word' id='word_1_471' title='bbox 1119 5395 1174 5441; x_wconf 87' lang='lat' dir='ltr'><strong>et</strong></span> <span class='ocrx_word' id='word_1_472' title='bbox 1197 5386 1316 5440; x_wconf 91' lang='lat' dir='ltr'><strong>sine</strong></span> <span class='ocrx_word' id='word_1_473' title='bbox 1343 5385 1702 5441; x_wconf 74' lang='lat' dir='ltr'><strong>haesitatione.</strong></span> <span class='ocrx_word' id='word_1_474' title='bbox 1729 5404 1746 5436; x_wconf 77' lang='grc' dir='ltr'><strong>ι</strong></span> <span class='ocrx_word' id='word_1_475' title='bbox 1779 5383 1931 5451; x_wconf 83' lang='lat' dir='ltr'><strong>Quod</strong></span> <span class='ocrx_word' id='word_1_476' title='bbox 1956 5382 2101 5436; x_wconf 88' lang='lat' dir='ltr'><strong>enim</strong></span> 
     </span>
    </p>
   </div>
   <div class='ocr_carea' id='block_1_59' title="bbox 514 5467 2152 5555">
    <p class='ocr_par' dir='ltr' id='par_1_59' title="bbox 514 5467 2152 5555">
     <span class='ocr_line' id='line_1_59' title="bbox 514 5467 2152 5555; baseline -0.001 -27"><span class='ocrx_word' id='word_1_477' title='bbox 514 5475 640 5543; x_wconf 86' lang='lat' dir='ltr'><strong>quis</strong></span> <span class='ocrx_word' id='word_1_478' title='bbox 678 5467 935 5546; x_wconf 74' lang='lat' dir='ltr'><strong>operatus</strong></span> <span class='ocrx_word' id='word_1_479' title='bbox 965 5475 1129 5531; x_wconf 81' lang='lat' dir='ltr'><strong>fuerit</strong></span> <span class='ocrx_word' id='word_1_480' title='bbox 1173 5491 1519 5531; x_wconf 90' lang='lat' dir='ltr'><strong>murmurans</strong></span> <span class='ocrx_word' id='word_1_481' title='bbox 1561 5476 1854 5540; x_wconf 88' lang='lat' dir='ltr'><strong>recidetur,</strong></span> <span class='ocrx_word' id='word_1_482' title='bbox 1877 5481 1934 5529; x_wconf 89' lang='lat' dir='ltr'><strong>et</strong></span> <span class='ocrx_word' id='word_1_483' title='bbox 1965 5472 2107 5544; x_wconf 77' lang='lat' dir='ltr'><strong>perit</strong></span> <span class='ocrx_word' id='word_1_484' title='bbox 2140 5546 2152 5555; x_wconf 38' lang='lat'><strong><em>.</em></strong></span> 
     </span>
    </p>
   </div>
   <div class='ocr_carea' id='block_1_60' title="bbox 517 5571 2104 5644">
    <p class='ocr_par' dir='ltr' id='par_1_60' title="bbox 517 5571 2104 5644">
     <span class='ocr_line' id='line_1_60' title="bbox 517 5571 2104 5644; baseline 0.003 -22"><span class='ocrx_word' id='word_1_485' title='bbox 517 5583 729 5625; x_wconf 84' lang='lat' dir='ltr'><strong>merces</strong></span> <span class='ocrx_word' id='word_1_486' title='bbox 739 5571 876 5640; x_wconf 85' lang='lat' dir='ltr'><strong>ejus.</strong></span> <span class='ocrx_word' id='word_1_487' title='bbox 894 5571 1049 5628; x_wconf 87' lang='lat' dir='ltr'><strong>Sicut</strong></span> <span class='ocrx_word' id='word_1_488' title='bbox 1061 5571 1225 5626; x_wconf 88' lang='lat' dir='ltr'><strong>etiam</strong></span> <span class='ocrx_word' id='word_1_489' title='bbox 1241 5571 1502 5628; x_wconf 74' lang='lat' dir='ltr'><strong>Israelita:</strong></span> <span class='ocrx_word' id='word_1_490' title='bbox 1521 5571 1683 5644; x_wconf 89' lang='lat' dir='ltr'><strong>quale</strong></span> <span class='ocrx_word' id='word_1_491' title='bbox 1698 5571 1964 5642; x_wconf 89' lang='lat' dir='ltr'><strong>judicium</strong></span> <span class='ocrx_word' id='word_1_492' title='bbox 1979 5585 2104 5642; x_wconf 89' lang='lat' dir='ltr'><strong>per-</strong></span> 
     </span>
    </p>
   </div>
   <div class='ocr_carea' id='block_1_61' title="bbox 519 5663 2098 5736">
    <p class='ocr_par' dir='ltr' id='par_1_61' title="bbox 519 5663 2098 5736">
     <span class='ocr_line' id='line_1_61' title="bbox 519 5663 2098 5736; baseline 0.003 -22"><span class='ocrx_word' id='word_1_493' title='bbox 519 5671 777 5730; x_wconf 78' lang='lat' dir='ltr'><strong>ceperunt</strong></span> <span class='ocrx_word' id='word_1_494' title='bbox 794 5672 1020 5736; x_wconf 85' lang='lat' dir='ltr'><strong>propter</strong></span> <span class='ocrx_word' id='word_1_495' title='bbox 1033 5665 1556 5721; x_wconf 84' lang='lat' dir='ltr'><strong>murmurationem?</strong></span> <span class='ocrx_word' id='word_1_496' title='bbox 1572 5663 1882 5735; x_wconf 84' lang='lat' dir='ltr'><strong>Propterea,</strong></span> <span class='ocrx_word' id='word_1_497' title='bbox 1903 5665 2098 5735; x_wconf 89' lang='lat' dir='ltr'><strong>inquit,</strong></span> 
     </span>
    </p>
   </div>
   <div class='ocr_carea' id='block_1_62' title="bbox 519 5755 2097 5830">
    <p class='ocr_par' dir='ltr' id='par_1_62' title="bbox 519 5755 2097 5830">
     <span class='ocr_line' id='line_1_62' title="bbox 519 5755 2097 5830; baseline 0.003 -23"><span class='ocrx_word' id='word_1_498' title='bbox 519 5767 628 5807; x_wconf 82' lang='lat' dir='ltr'><strong>non</strong></span> <span class='ocrx_word' id='word_1_499' title='bbox 663 5757 1030 5822; x_wconf 75' lang='lat' dir='ltr'><strong>murmur-etis,</strong></span> <span class='ocrx_word' id='word_1_500' title='bbox 1057 5771 1161 5813; x_wconf 88' lang='lat' dir='ltr'><strong>non</strong></span> <span class='ocrx_word' id='word_1_501' title='bbox 1193 5757 1336 5812; x_wconf 87' lang='lat' dir='ltr'><strong>enim</strong></span> <span class='ocrx_word' id='word_1_502' title='bbox 1365 5755 1540 5830; x_wconf 83' lang='lat' dir='ltr'><strong>placet</strong></span> <span class='ocrx_word' id='word_1_503' title='bbox 1569 5756 1708 5821; x_wconf 68' lang='lat' dir='ltr'><strong>Deo,</strong></span> <span class='ocrx_word' id='word_1_504' title='bbox 1732 5758 1948 5826; x_wconf 83' lang='lat' dir='ltr'><strong>quando</strong></span> <span class='ocrx_word' id='word_1_505' title='bbox 1976 5772 2097 5812; x_wconf 84' lang='lat' dir='ltr'><strong>eum</strong></span> 
     </span>
    </p>
   </div>
   <div class='ocr_carea' id='block_1_63' title="bbox 2227 494 3709 577">
    <p class='ocr_par' dir='ltr' id='par_1_63' title="bbox 2227 494 3709 577">
     <span class='ocr_line' id='line_1_63' title="bbox 2227 494 3709 577; baseline 0.01 -32"><span class='ocrx_word' id='word_1_506' title='bbox 2227 494 2698 577; x_wconf 73' lang='lat' dir='ltr'><strong>tizedeferuntur,</strong></span> <span class='ocrx_word' id='word_1_507' title='bbox 2723 502 2780 550; x_wconf 92' lang='lat' dir='ltr'><strong>et</strong></span> <span class='ocrx_word' id='word_1_508' title='bbox 2807 509 2906 565; x_wconf 91' lang='lat' dir='ltr'><strong>pro</strong></span> <span class='ocrx_word' id='word_1_509' title='bbox 2936 495 3347 564; x_wconf 87' lang='lat' dir='ltr'><strong>tentationibus,</strong></span> <span class='ocrx_word' id='word_1_510' title='bbox 3387 506 3435 555; x_wconf 91' lang='lat' dir='ltr'><strong>et</strong></span> <span class='ocrx_word' id='word_1_511' title='bbox 3455 516 3539 571; x_wconf 89' lang='lat' dir='ltr'><strong>pro</strong></span> <span class='ocrx_word' id='word_1_512' title='bbox 3556 507 3709 576; x_wconf 58' lang='lat' dir='ltr'><strong>spirits.</strong></span> 
     </span>
    </p>
   </div>
   <div class='ocr_carea' id='block_1_64' title="bbox 2229 585 3708 664">
    <p class='ocr_par' dir='ltr' id='par_1_64' title="bbox 2229 585 3708 664">
     <span class='ocr_line' id='line_1_64' title="bbox 2229 585 3708 664; baseline 0.009 -26"><span class='ocrx_word' id='word_1_513' title='bbox 2229 585 2388 650; x_wconf 88' lang='lat' dir='ltr'><strong>libus,</strong></span> <span class='ocrx_word' id='word_1_514' title='bbox 2420 585 2554 640; x_wconf 84' lang='lat' dir='ltr'><strong>nihil</strong></span> <span class='ocrx_word' id='word_1_515' title='bbox 2577 600 2706 656; x_wconf 84' lang='lat' dir='ltr'><strong>ergo</strong></span> <span class='ocrx_word' id='word_1_516' title='bbox 2728 585 2978 654; x_wconf 88' lang='lat' dir='ltr'><strong>supinum</strong></span> <span class='ocrx_word' id='word_1_517' title='bbox 3001 585 3307 656; x_wconf 90' lang='lat' dir='ltr'><strong>loquamur,</strong></span> <span class='ocrx_word' id='word_1_518' title='bbox 3333 589 3455 643; x_wconf 89' lang='lat' dir='ltr'><strong>nihil</strong></span> <span class='ocrx_word' id='word_1_519' title='bbox 3477 592 3708 664; x_wconf 82' lang='lat' dir='ltr'><strong>impudens,</strong></span> 
     </span>
    </p>
   </div>
   <div class='ocr_carea' id='block_1_65' title="bbox 2229 677 3710 748">
    <p class='ocr_par' dir='ltr' id='par_1_65' title="bbox 2229 677 3710 748">
     <span class='ocr_line' id='line_1_65' title="bbox 2229 677 3710 748; baseline 0.007 -16"><span class='ocrx_word' id='word_1_520' title='bbox 2229 677 2324 732; x_wconf 91' lang='lat' dir='ltr'><strong>sed</strong></span> <span class='ocrx_word' id='word_1_521' title='bbox 2355 677 2736 732; x_wconf 84' lang='lat' dir='ltr'><strong>submittatnus</strong></span> <span class='ocrx_word' id='word_1_522' title='bbox 2763 693 2892 743; x_wconf 90' lang='lat' dir='ltr'><strong>nos,</strong></span> <span class='ocrx_word' id='word_1_523' title='bbox 2930 685 2990 731; x_wconf 92' lang='lat' dir='ltr'><strong>ut</strong></span> <span class='ocrx_word' id='word_1_524' title='bbox 3019 679 3350 736; x_wconf 87' lang='lat' dir='ltr'><strong>venerabiles</strong></span> <span class='ocrx_word' id='word_1_525' title='bbox 3385 697 3444 738; x_wconf 91' lang='lat' dir='ltr'><strong>ac</strong></span> <span class='ocrx_word' id='word_1_526' title='bbox 3477 699 3710 748; x_wconf 73' lang='lat' dir='ltr'><strong>revertentes</strong></span> 
     </span>
    </p>
   </div>
   <div class='ocr_carea' id='block_1_66' title="bbox 2229 767 3710 842">
    <p class='ocr_par' dir='ltr' id='par_1_66' title="bbox 2229 767 3710 842">
     <span class='ocr_line' id='line_1_66' title="bbox 2229 767 3710 842; baseline 0.001 -21"><span class='ocrx_word' id='word_1_527' title='bbox 2229 781 2348 822; x_wconf 89' lang='lat' dir='ltr'><strong>esse</strong></span> <span class='ocrx_word' id='word_1_528' title='bbox 2372 767 2640 838; x_wconf 88' lang='lat' dir='ltr'><strong>possimus</strong></span> <span class='ocrx_word' id='word_1_529' title='bbox 2661 808 2674 834; x_wconf 92' lang='lat'><strong>,</strong></span> <span class='ocrx_word' id='word_1_530' title='bbox 2715 769 2818 824; x_wconf 90' lang='lat' dir='ltr'><strong>hoc</strong></span> <span class='ocrx_word' id='word_1_531' title='bbox 2857 776 2940 824; x_wconf 88' lang='lat' dir='ltr'><strong>est</strong></span> <span class='ocrx_word' id='word_1_532' title='bbox 2965 784 3089 824; x_wconf 89' lang='lat' dir='ltr'><strong>cum</strong></span> <span class='ocrx_word' id='word_1_533' title='bbox 3121 773 3412 826; x_wconf 88' lang='lat' dir='ltr'><strong>reverentia</strong></span> <span class='ocrx_word' id='word_1_534' title='bbox 3435 781 3484 828; x_wconf 88' lang='lat' dir='ltr'><strong>et</strong></span> <span class='ocrx_word' id='word_1_535' title='bbox 3507 785 3621 842; x_wconf 79' lang='lat' dir='ltr'><strong>metu</strong></span> <span class='ocrx_word' id='word_1_536' title='bbox 3640 779 3710 835; x_wconf 79' lang='lat' dir='ltr'><strong>no.</strong></span> 
     </span>
    </p>
   </div>
   <div class='ocr_carea' id='block_1_67' title="bbox 2230 851 3392 926">
    <p class='ocr_par' dir='ltr' id='par_1_67' title="bbox 2230 851 3392 926">
     <span class='ocr_line' id='line_1_67' title="bbox 2230 851 3392 926; baseline 0 -15"><span class='ocrx_word' id='word_1_537' title='bbox 2230 857 2380 912; x_wconf 88' lang='lat' dir='ltr'><strong>mini.</strong></span> <span class='ocrx_word' id='word_1_538' title='bbox 2883 921 2885 923; x_wconf 96' lang='lat'><em>_</em></span> <span class='ocrx_word' id='word_1_539' title='bbox 2965 923 2968 926; x_wconf 17' lang='grc' dir='ltr'><strong>Α</strong></span> <span class='ocrx_word' id='word_1_540' title='bbox 3387 851 3392 858; x_wconf 79' lang='grc'><strong>’</strong></span> 
     </span>
    </p>
   </div>
   <div class='ocr_carea' id='block_1_68' title="bbox 2821 951 3214 1008">
    <p class='ocr_par' dir='ltr' id='par_1_68' title="bbox 2821 951 3214 1008">
     <span class='ocr_line' id='line_1_68' title="bbox 2821 951 3214 1008; baseline 0.005 -2"><span class='ocrx_word' id='word_1_541' title='bbox 2821 951 3047 1008; x_wconf 76' lang='lat' dir='ltr'><strong>CAPUT</strong></span> <span class='ocrx_word' id='word_1_542' title='bbox 3079 952 3214 1008; x_wconf 78' lang='lat' dir='ltr'>XIII.</span> 
     </span>
    </p>
   </div>
   <div class='ocr_carea' id='block_1_69' title="bbox 2229 1041 3712 1121">
    <p class='ocr_par' dir='ltr' id='par_1_69' title="bbox 2229 1041 3712 1121">
     <span class='ocr_line' id='line_1_69' title="bbox 2229 1041 3712 1121; baseline 0.008 -23"><span class='ocrx_word' id='word_1_543' title='bbox 2229 1041 2490 1121; x_wconf 66' lang='lat' dir='ltr'><strong>Hortatur</strong></span> <span class='ocrx_word' id='word_1_544' title='bbox 2550 1046 2620 1100; x_wconf 84' lang='lat' dir='ltr'><strong>ad</strong></span> <span class='ocrx_word' id='word_1_545' title='bbox 2679 1045 3028 1121; x_wconf 18' lang='lat' dir='ltr'><strong>operandam,</strong></span> <span class='ocrx_word' id='word_1_546' title='bbox 3066 1041 3256 1100; x_wconf 78' lang='lat' dir='ltr'><strong>bonum</strong></span> <span class='ocrx_word' id='word_1_547' title='bbox 3318 1053 3712 1121; x_wconf 3' lang='lat' dir='ltr'><strong>ergngproximor,</strong></span> 
     </span>
    </p>
   </div>
   <div class='ocr_carea' id='block_1_70' title="bbox 2225 1115 3709 1192">
    <p class='ocr_par' dir='ltr' id='par_1_70' title="bbox 2225 1115 3709 1192">
     <span class='ocr_line' id='line_1_70' title="bbox 2225 1115 3709 1192; baseline 0.006 -24"><span class='ocrx_word' id='word_1_548' title='bbox 2225 1121 2238 1192; x_wconf 85' lang='lat'><strong>__&#39;</strong></span> <span class='ocrx_word' id='word_1_549' title='bbox 2297 1117 2493 1186; x_wconf 78' lang='lat' dir='ltr'><strong>seipsos</strong></span> <span class='ocrx_word' id='word_1_550' title='bbox 2523 1126 2691 1192; x_wconf 84' lang='lat' dir='ltr'><strong>atque_</strong></span> <span class='ocrx_word' id='word_1_551' title='bbox 2713 1115 2988 1192; x_wconf 36' lang='lat' dir='ltr'><strong>&#39;prtrlatos,</strong></span> <span class='ocrx_word' id='word_1_552' title='bbox 3011 1133 3089 1192; x_wconf 64' lang='grc' dir='ltr'><strong>Δαις</strong></span> <span class='ocrx_word' id='word_1_553' title='bbox 3119 1132 3214 1186; x_wconf 90' lang='lat' dir='ltr'><strong>pro</strong></span> <span class='ocrx_word' id='word_1_554' title='bbox 3251 1133 3310 1192; x_wconf 61' lang='lat' dir='ltr'><strong>se</strong></span> <span class='ocrx_word' id='word_1_555' title='bbox 3342 1115 3591 1174; x_wconf 69' lang='lat' dir='ltr'><strong>orationem</strong></span> <span class='ocrx_word' id='word_1_556' title='bbox 3610 1115 3709 1192; x_wconf 75' lang='lat' dir='ltr'><strong>petit,</strong></span> 
     </span>
    </p>
   </div>
   <div class='ocr_carea' id='block_1_71' title="bbox 2298 1185 3712 1268">
    <p class='ocr_par' dir='ltr' id='par_1_71' title="bbox 2298 1185 3712 1268">
     <span class='ocr_line' id='line_1_71' title="bbox 2298 1185 3712 1268; baseline 0.002 -27"><span class='ocrx_word' id='word_1_557' title='bbox 2298 1195 2346 1268; x_wconf 70' lang='lat' dir='ltr'><strong>et</strong></span> <span class='ocrx_word' id='word_1_558' title='bbox 2376 1185 2508 1242; x_wconf 77' lang='lat' dir='ltr'><strong>sua:</strong></span> <span class='ocrx_word' id='word_1_559' title='bbox 2555 1185 2835 1241; x_wconf 74' lang='lat' dir='ltr'><strong>oratimtt’s&#39;</strong></span> <span class='ocrx_word' id='word_1_560' title='bbox 2870 1185 3176 1256; x_wconf 81' lang='lat' dir='ltr'><strong>beneﬁcium</strong></span> <span class='ocrx_word' id='word_1_561' title='bbox 3230 1187 3377 1256; x_wconf 77' lang='lat' dir='ltr'><strong>o/fert</strong></span> <span class='ocrx_word' id='word_1_562' title='bbox 3423 1185 3712 1248; x_wconf 52' lang='lat' dir='ltr'><strong>cumulata;</strong></span> 
     </span>
    </p>
   </div>
   <div class='ocr_carea' id='block_1_72' title="bbox 2299 1266 2460 1312">
    <p class='ocr_par' dir='ltr' id='par_1_72' title="bbox 2299 1266 2460 1312">
     <span class='ocr_line' id='line_1_72' title="bbox 2299 1266 2460 1312; baseline 0.012 -2"><span class='ocrx_word' id='word_1_563' title='bbox 2299 1266 2460 1312; x_wconf 82' lang='lat' dir='ltr'><strong>tione.</strong></span> 
     </span>
    </p>
   </div>
   <div class='ocr_carea' id='block_1_73' title="bbox 2305 1347 3712 1422">
    <p class='ocr_par' dir='ltr' id='par_1_73' title="bbox 2305 1347 3712 1422">
     <span class='ocr_line' id='line_1_73' title="bbox 2305 1347 3712 1422; baseline 0.005 -23"><span class='ocrx_word' id='word_1_564' title='bbox 2305 1365 2325 1399; x_wconf 75' lang='grc' dir='ltr'>σ</span> <span class='ocrx_word' id='word_1_565' title='bbox 2356 1347 2608 1404; x_wconf 89' lang='lat' dir='ltr'><strong>Charitas</strong></span> <span class='ocrx_word' id='word_1_566' title='bbox 2648 1347 3008 1405; x_wconf 79' lang='lat' dir='ltr'><strong>fraternitatis</strong></span> <span class='ocrx_word' id='word_1_567' title='bbox 3045 1357 3264 1405; x_wconf 87' lang='lat' dir='ltr'><strong>maneat</strong></span> <span class='ocrx_word' id='word_1_568' title='bbox 3298 1358 3354 1404; x_wconf 93' lang='lat' dir='ltr'><strong>et</strong></span> <span class='ocrx_word' id='word_1_569' title='bbox 3384 1351 3712 1422; x_wconf 77' lang='lat' dir='ltr'><strong>hospitalitatem</strong></span> 
     </span>
    </p>
   </div>
   <div class='ocr_carea' id='block_1_74' title="bbox 2219 1438 3712 1513">
    <p class='ocr_par' dir='ltr' id='par_1_74' title="bbox 2219 1438 3712 1513">
     <span class='ocr_line' id='line_1_74' title="bbox 2219 1438 3712 1513; baseline 0.005 -23"><span class='ocrx_word' id='word_1_570' title='bbox 2219 1456 2254 1490; x_wconf 79' lang='grc' dir='ltr'><strong>-ι</strong></span> <span class='ocrx_word' id='word_1_571' title='bbox 2283 1438 2469 1494; x_wconf 74' lang='lat' dir='ltr'><strong>nolite”</strong></span> <span class='ocrx_word' id='word_1_572' title='bbox 2491 1439 2738 1494; x_wconf 90' lang='lat' dir='ltr'><strong>oblivisci</strong></span> <span class='ocrx_word' id='word_1_573' title='bbox 2761 1449 2874 1511; x_wconf 85' lang='lat' dir='ltr'><strong>per</strong></span> <span class='ocrx_word' id='word_1_574' title='bbox 2901 1440 3043 1495; x_wconf 89' lang='lat' dir='ltr'><strong>hanc</strong></span> <span class='ocrx_word' id='word_1_575' title='bbox 3087 1443 3232 1494; x_wconf 88' lang='lat' dir='ltr'><strong>enim</strong></span> <span class='ocrx_word' id='word_1_576' title='bbox 3265 1441 3518 1497; x_wconf 88' lang='lat' dir='ltr'><strong>latuerunt</strong></span> <span class='ocrx_word' id='word_1_577' title='bbox 3538 1443 3712 1513; x_wconf 86' lang='lat' dir='ltr'><strong>quidam,</strong></span> 
     </span>
    </p>
   </div>
   <div class='ocr_carea' id='block_1_75' title="bbox 2219 1530 3713 1608">
    <p class='ocr_par' dir='ltr' id='par_1_75' title="bbox 2219 1530 3713 1608">
     <span class='ocr_line' id='line_1_75' title="bbox 2219 1530 3713 1608; baseline 0.005 -27"><span class='ocrx_word' id='word_1_578' title='bbox 2219 1547 2265 1581; x_wconf 65' lang='grc' dir='ltr'><strong>«ι.</strong></span> <span class='ocrx_word' id='word_1_579' title='bbox 2291 1530 2498 1608; x_wconf 79' lang='lat' dir='ltr'><strong>angelis</strong></span> <span class='ocrx_word' id='word_1_580' title='bbox 2537 1531 3067 1602; x_wconf 82' lang='lat' dir='ltr'><strong>hospitio’receptis.</strong></span> <span class='ocrx_word' id='word_1_581' title='bbox 3094 1552 3112 1584; x_wconf 74' lang='grc' dir='ltr'><strong><em>ι</em></strong></span> <span class='ocrx_word' id='word_1_582' title='bbox 3150 1531 3378 1606; x_wconf 77' lang='grc' dir='ltr'><strong>(Ιοαη.)</strong></span> <span class='ocrx_word' id='word_1_583' title='bbox 3414 1533 3595 1589; x_wconf 88' lang='lat' dir='ltr'><strong>Intuere</strong></span> <span class='ocrx_word' id='word_1_584' title='bbox 3628 1551 3713 1605; x_wconf 85' lang='lat' dir='ltr'><strong>quo-</strong></span> 
     </span>
    </p>
   </div>
   <div class='ocr_carea' id='block_1_76' title="bbox 2227 1607 3710 1697">
    <p class='ocr_par' dir='ltr' id='par_1_76' title="bbox 2227 1607 3710 1697">
     <span class='ocr_line' id='line_1_76' title="bbox 2227 1607 3710 1697; baseline 0.002 -22"><span class='ocrx_word' id='word_1_585' title='bbox 2227 1621 2387 1676; x_wconf 87' lang='lat' dir='ltr'><strong>modo</strong></span> <span class='ocrx_word' id='word_1_586' title='bbox 2428 1607 2524 1676; x_wconf 81' lang='lat' dir='ltr'><strong>e0s</strong></span> <span class='ocrx_word' id='word_1_587' title='bbox 2573 1623 2830 1691; x_wconf 63' lang='lat' dir='ltr'><strong>praecepit</strong></span> <span class='ocrx_word' id='word_1_588' title='bbox 2856 1631 3130 1697; x_wconf 52' lang='lat' dir='ltr'><strong>praecepta</strong></span> <span class='ocrx_word' id='word_1_589' title='bbox 3177 1607 3450 1692; x_wconf 63' lang='lat' dir='ltr'><strong>praesentia</strong></span> <span class='ocrx_word' id='word_1_590' title='bbox 3497 1623 3710 1691; x_wconf 79' lang='lat' dir='ltr'><strong>custodire,</strong></span> 
     </span>
    </p>
   </div>
   <div class='ocr_carea' id='block_1_77' title="bbox 2227 1712 3711 1784">
    <p class='ocr_par' dir='ltr' id='par_1_77' title="bbox 2227 1712 3711 1784">
     <span class='ocr_line' id='line_1_77' title="bbox 2227 1712 3711 1784; baseline 0.001 -17"><span class='ocrx_word' id='word_1_591' title='bbox 2227 1718 2334 1768; x_wconf 92' lang='lat' dir='ltr'><strong>non</strong></span> <span class='ocrx_word' id='word_1_592' title='bbox 2365 1716 2526 1768; x_wconf 89' lang='lat' dir='ltr'><strong>enim</strong></span> <span class='ocrx_word' id='word_1_593' title='bbox 2555 1713 2636 1769; x_wconf 86' lang='lat' dir='ltr'><strong>eis</strong></span> <span class='ocrx_word' id='word_1_594' title='bbox 2656 1713 2766 1768; x_wconf 82' lang='lat' dir='ltr'><strong>alia</strong></span> <span class='ocrx_word' id='word_1_595' title='bbox 2805 1714 3234 1784; x_wconf 90' lang='lat' dir='ltr'><strong>superimponit,</strong></span> <span class='ocrx_word' id='word_1_596' title='bbox 3267 1729 3368 1768; x_wconf 92' lang='lat' dir='ltr'><strong>non</strong></span> <span class='ocrx_word' id='word_1_597' title='bbox 3395 1715 3541 1777; x_wconf 75' lang='lat' dir='ltr'><strong>dixit,</strong></span> <span class='ocrx_word' id='word_1_598' title='bbox 3570 1712 3711 1768; x_wconf 79' lang='lat' dir='ltr'><strong>Eliicia-</strong></span> 
     </span>
    </p>
   </div>
   <div class='ocr_carea' id='block_1_78' title="bbox 2156 1786 3712 1869">
    <p class='ocr_par' dir='ltr' id='par_1_78' title="bbox 2156 1786 3712 1869">
     <span class='ocr_line' id='line_1_78' title="bbox 2156 1786 3712 1869; baseline 0.001 -12"><span class='ocrx_word' id='word_1_599' title='bbox 2156 1786 2199 1846; x_wconf 81' lang='grc' dir='ltr'><strong>Β</strong></span> <span class='ocrx_word' id='word_1_600' title='bbox 2229 1803 2360 1857; x_wconf 88' lang='lat' dir='ltr'><strong>mini</strong></span> <span class='ocrx_word' id='word_1_601' title='bbox 2391 1811 2664 1859; x_wconf 88' lang='lat' dir='ltr'><strong>amatores</strong></span> <span class='ocrx_word' id='word_1_602' title='bbox 2686 1802 2938 1869; x_wconf 88' lang='lat' dir='ltr'><strong>fratrum,</strong></span> <span class='ocrx_word' id='word_1_603' title='bbox 2966 1803 3081 1869; x_wconf 87' lang='lat' dir='ltr'><strong>sed,</strong></span> <span class='ocrx_word' id='word_1_604' title='bbox 3106 1803 3627 1859; x_wconf 85' lang='lat' dir='ltr'><strong>Permaneatcbaritas</strong></span> <span class='ocrx_word' id='word_1_605' title='bbox 3645 1803 3712 1858; x_wconf 84' lang='lat' dir='ltr'><strong>fra-</strong></span> 
     </span>
    </p>
   </div>
   <div class='ocr_carea' id='block_1_79' title="bbox 2227 1895 3711 1973">
    <p class='ocr_par' dir='ltr' id='par_1_79' title="bbox 2227 1895 3711 1973">
     <span class='ocr_line' id='line_1_79' title="bbox 2227 1895 3711 1973; baseline 0 -23"><span class='ocrx_word' id='word_1_606' title='bbox 2227 1895 2527 1970; x_wconf 84' lang='lat' dir='ltr'><strong>ternitatis;</strong></span> <span class='ocrx_word' id='word_1_607' title='bbox 2574 1904 2630 1952; x_wconf 89' lang='lat' dir='ltr'><strong>et</strong></span> <span class='ocrx_word' id='word_1_608' title='bbox 2673 1897 2893 1973; x_wconf 88' lang='lat' dir='ltr'><strong>iterum,</strong></span> <span class='ocrx_word' id='word_1_609' title='bbox 2941 1911 3050 1952; x_wconf 89' lang='lat' dir='ltr'><strong>non</strong></span> <span class='ocrx_word' id='word_1_610' title='bbox 3083 1897 3243 1964; x_wconf 77' lang='lat' dir='ltr'><strong>dixit,</strong></span> <span class='ocrx_word' id='word_1_611' title='bbox 3276 1895 3549 1967; x_wconf 81' lang='lat' dir='ltr'><strong>HoSpitales</strong></span> <span class='ocrx_word' id='word_1_612' title='bbox 3577 1895 3711 1951; x_wconf 78' lang='lat' dir='ltr'><strong>cilicia-</strong></span> 
     </span>
    </p>
   </div>
   <div class='ocr_carea' id='block_1_80' title="bbox 2211 1987 3709 2058">
    <p class='ocr_par' dir='ltr' id='par_1_80' title="bbox 2211 1987 3709 2058">
     <span class='ocr_line' id='line_1_80' title="bbox 2211 1987 3709 2058; baseline -0.001 -16"><span class='ocrx_word' id='word_1_613' title='bbox 2211 1988 2380 2053; x_wconf 84' lang='lat' dir='ltr'><strong>-mini,‘</strong></span> <span class='ocrx_word' id='word_1_614' title='bbox 2430 1997 2687 2058; x_wconf 88' lang='lat' dir='ltr'><strong>tanquam</strong></span> <span class='ocrx_word' id='word_1_615' title='bbox 2725 1989 2772 2043; x_wconf 91' lang='lat' dir='ltr'><strong>si</strong></span> <span class='ocrx_word' id='word_1_616' title='bbox 2821 2004 2926 2044; x_wconf 92' lang='lat' dir='ltr'><strong>non</strong></span> <span class='ocrx_word' id='word_1_617' title='bbox 2966 1996 3173 2054; x_wconf 86' lang='lat' dir='ltr'><strong>essent,</strong></span> <span class='ocrx_word' id='word_1_618' title='bbox 3206 1989 3298 2043; x_wconf 89' lang='lat' dir='ltr'><strong>sed</strong></span> <span class='ocrx_word' id='word_1_619' title='bbox 3341 2006 3360 2040; x_wconf 76' lang='grc' dir='ltr'><strong><em>ι</em></strong></span> <span class='ocrx_word' id='word_1_620' title='bbox 3388 1987 3709 2058; x_wconf 85' lang='lat' dir='ltr'><strong>hospitalitatem</strong></span> 
     </span>
    </p>
   </div>
   <div class='ocr_carea' id='block_1_81' title="bbox 2217 2076 3710 2149">
    <p class='ocr_par' dir='ltr' id='par_1_81' title="bbox 2217 2076 3710 2149">
     <span class='ocr_line' id='line_1_81' title="bbox 2217 2076 3710 2149; baseline 0.001 -20"><span class='ocrx_word' id='word_1_621' title='bbox 2217 2076 2393 2131; x_wconf 90' lang='lat' dir='ltr'><strong>nolite</strong></span> <span class='ocrx_word' id='word_1_622' title='bbox 2445 2077 2711 2133; x_wconf 87' lang='lat' dir='ltr'><strong>oblivisci.</strong></span> <span class='ocrx_word' id='word_1_623' title='bbox 2751 2097 2770 2130; x_wconf 81' lang='grc'><strong><em>›</em></strong></span> <span class='ocrx_word' id='word_1_624' title='bbox 2807 2078 2886 2133; x_wconf 84' lang='lat' dir='ltr'><strong>Ex</strong></span> <span class='ocrx_word' id='word_1_625' title='bbox 2923 2077 3364 2134; x_wconf 86' lang='lat' dir='ltr'><strong>tribulationibus</strong></span> <span class='ocrx_word' id='word_1_626' title='bbox 3401 2079 3526 2133; x_wconf 90' lang='lat' dir='ltr'><strong>enim</strong></span> <span class='ocrx_word' id='word_1_627' title='bbox 3562 2086 3710 2149; x_wconf 82' lang='lat' dir='ltr'><strong>poterat</strong></span> 
     </span>
    </p>
   </div>
   <div class='ocr_carea' id='block_1_82' title="bbox 2224 2165 3710 2239">
    <p class='ocr_par' dir='ltr' id='par_1_82' title="bbox 2224 2165 3710 2239">
     <span class='ocr_line' id='line_1_82' title="bbox 2224 2165 3710 2239; baseline -0.001 -18"><span class='ocrx_word' id='word_1_628' title='bbox 2224 2166 2327 2222; x_wconf 88' lang='lat' dir='ltr'><strong>hoc</strong></span> <span class='ocrx_word' id='word_1_629' title='bbox 2350 2165 2580 2223; x_wconf 85' lang='lat' dir='ltr'><strong>fortasse</strong></span> <span class='ocrx_word' id='word_1_630' title='bbox 2601 2169 2960 2239; x_wconf 56' lang='lat' dir='ltr'><strong>contingeret</strong></span> <span class='ocrx_word' id='word_1_631' title='bbox 2988 2168 3096 2224; x_wconf 90' lang='lat' dir='ltr'><strong>Pcr</strong></span> <span class='ocrx_word' id='word_1_632' title='bbox 3126 2169 3267 2224; x_wconf 90' lang='lat' dir='ltr'><strong>hanc</strong></span> <span class='ocrx_word' id='word_1_633' title='bbox 3287 2169 3444 2234; x_wconf 87' lang='lat' dir='ltr'><strong>enim,</strong></span> <span class='ocrx_word' id='word_1_634' title='bbox 3467 2169 3621 2238; x_wconf 86' lang='lat' dir='ltr'><strong>inquit,</strong></span> <span class='ocrx_word' id='word_1_635' title='bbox 3634 2167 3710 2236; x_wconf 83' lang='lat' dir='ltr'><strong>qui-</strong></span> 
     </span>
    </p>
   </div>
   <div class='ocr_carea' id='block_1_83' title="bbox 2223 2259 3709 2338">
    <p class='ocr_par' dir='ltr' id='par_1_83' title="bbox 2223 2259 3709 2338">
     <span class='ocr_line' id='line_1_83' title="bbox 2223 2259 3709 2338; baseline -0.001 -24"><span class='ocrx_word' id='word_1_636' title='bbox 2223 2259 2345 2314; x_wconf 86' lang='lat' dir='ltr'><strong>dam</strong></span> <span class='ocrx_word' id='word_1_637' title='bbox 2370 2260 2691 2330; x_wconf 86' lang='lat' dir='ltr'><strong>placuerunt</strong></span> <span class='ocrx_word' id='word_1_638' title='bbox 2717 2260 2872 2331; x_wconf 89' lang='lat' dir='ltr'><strong>(sive,</strong></span> <span class='ocrx_word' id='word_1_639' title='bbox 2902 2261 3201 2316; x_wconf 88' lang='lat' dir='ltr'><strong>secundum</strong></span> <span class='ocrx_word' id='word_1_640' title='bbox 3225 2261 3381 2316; x_wconf 90' lang='lat' dir='ltr'><strong>aliam</strong></span> <span class='ocrx_word' id='word_1_641' title='bbox 3398 2259 3709 2338; x_wconf 78' lang='lat' dir='ltr'><strong>cditionem,la-</strong></span> 
     </span>
    </p>
   </div>
   <div class='ocr_carea' id='block_1_84' title="bbox 2222 2350 3709 2429">
    <p class='ocr_par' dir='ltr' id='par_1_84' title="bbox 2222 2350 3709 2429">
     <span class='ocr_line' id='line_1_84' title="bbox 2222 2350 3709 2429; baseline -0.003 -23"><span class='ocrx_word' id='word_1_642' title='bbox 2222 2350 2462 2421; x_wconf 77' lang='lat' dir='ltr'><strong>luerunt)</strong></span> <span class='ocrx_word' id='word_1_643' title='bbox 2487 2351 2708 2429; x_wconf 77' lang='lat' dir='ltr'><strong>angelos</strong></span> <span class='ocrx_word' id='word_1_644' title='bbox 2723 2351 2953 2422; x_wconf 82' lang='lat' dir='ltr'><strong>hospitio</strong></span> <span class='ocrx_word' id='word_1_645' title='bbox 2964 2353 3351 2422; x_wconf 62' lang='lat' dir='ltr'><strong>recipientes.)</strong></span> <span class='ocrx_word' id='word_1_646' title='bbox 3369 2351 3581 2406; x_wconf 87' lang='lat' dir='ltr'><strong>Attendis</strong></span> <span class='ocrx_word' id='word_1_647' title='bbox 3595 2365 3709 2420; x_wconf 87' lang='lat' dir='ltr'><strong>quan-</strong></span> 
     </span>
    </p>
   </div>
   <div class='ocr_carea' id='block_1_85' title="bbox 2206 2440 3708 2519">
    <p class='ocr_par' dir='ltr' id='par_1_85' title="bbox 2206 2440 3708 2519">
     <span class='ocr_line' id='line_1_85' title="bbox 2206 2440 3708 2519; baseline -0.003 -23"><span class='ocrx_word' id='word_1_648' title='bbox 2206 2451 2309 2496; x_wconf 82' lang='lat' dir='ltr'><strong>tus</strong></span> <span class='ocrx_word' id='word_1_649' title='bbox 2335 2441 2526 2508; x_wconf 90' lang='lat' dir='ltr'><strong>honor,</strong></span> <span class='ocrx_word' id='word_1_650' title='bbox 2546 2450 2808 2519; x_wconf 91' lang='lat' dir='ltr'><strong>quantum</strong></span> <span class='ocrx_word' id='word_1_651' title='bbox 2833 2442 3086 2499; x_wconf 88' lang='lat' dir='ltr'><strong>lucrum?</strong></span> <span class='ocrx_word' id='word_1_652' title='bbox 3113 2442 3252 2511; x_wconf 83' lang='lat' dir='ltr'><strong>Quid</strong></span> <span class='ocrx_word' id='word_1_653' title='bbox 3277 2451 3355 2499; x_wconf 83' lang='lat' dir='ltr'><strong>est</strong></span> <span class='ocrx_word' id='word_1_654' title='bbox 3375 2440 3628 2496; x_wconf 83' lang='lat' dir='ltr'><strong>latuerunt?</strong></span> <span class='ocrx_word' id='word_1_655' title='bbox 3643 2440 3708 2493; x_wconf 88' lang='lat' dir='ltr'><strong>hoc</strong></span> 
     </span>
    </p>
   </div>
   <div class='ocr_carea' id='block_1_86' title="bbox 2219 2533 3709 2606">
    <p class='ocr_par' dir='ltr' id='par_1_86' title="bbox 2219 2533 3709 2606">
     <span class='ocr_line' id='line_1_86' title="bbox 2219 2533 3709 2606; baseline -0.004 -17"><span class='ocrx_word' id='word_1_656' title='bbox 2219 2541 2303 2589; x_wconf 86' lang='lat' dir='ltr'><strong>est</strong></span> <span class='ocrx_word' id='word_1_657' title='bbox 2340 2534 2646 2589; x_wconf 88' lang='lat' dir='ltr'><strong>nescientes</strong></span> <span class='ocrx_word' id='word_1_658' title='bbox 2674 2533 2730 2589; x_wconf 94' lang='lat' dir='ltr'><strong>in</strong></span> <span class='ocrx_word' id='word_1_659' title='bbox 2759 2533 2994 2605; x_wconf 86' lang='lat' dir='ltr'><strong>hospitio</strong></span> <span class='ocrx_word' id='word_1_660' title='bbox 3036 2543 3391 2606; x_wconf 88' lang='lat' dir='ltr'><strong>receperunt:</strong></span> <span class='ocrx_word' id='word_1_661' title='bbox 3419 2541 3648 2604; x_wconf 74' lang='lat' dir='ltr'><strong>propterea</strong></span> <span class='ocrx_word' id='word_1_662' title='bbox 3674 2539 3709 2583; x_wconf 86' lang='lat' dir='ltr'><strong>et</strong></span> 
     </span>
    </p>
   </div>
   <div class='ocr_carea' id='block_1_87' title="bbox 2221 2621 3708 2698">
    <p class='ocr_par' dir='ltr' id='par_1_87' title="bbox 2221 2621 3708 2698">
     <span class='ocr_line' id='line_1_87' title="bbox 2221 2621 3708 2698; baseline -0.001 -20"><span class='ocrx_word' id='word_1_663' title='bbox 2221 2624 2387 2679; x_wconf 91' lang='lat' dir='ltr'><strong>multa</strong></span> <span class='ocrx_word' id='word_1_664' title='bbox 2403 2639 2619 2698; x_wconf 29' lang='lat' dir='ltr'><strong>[merces</strong></span> <span class='ocrx_word' id='word_1_665' title='bbox 2639 2639 2698 2680; x_wconf 89' lang='lat' dir='ltr'><strong>es</strong></span> <span class='ocrx_word' id='word_1_666' title='bbox 2722 2625 3021 2693; x_wconf 80' lang='lat' dir='ltr'><strong>Abraham,</strong></span> <span class='ocrx_word' id='word_1_667' title='bbox 3051 2627 3181 2698; x_wconf 88' lang='lat' dir='ltr'><strong>quia</strong></span> <span class='ocrx_word' id='word_1_668' title='bbox 3202 2626 3437 2683; x_wconf 91' lang='lat' dir='ltr'><strong>nesciens</strong></span> <span class='ocrx_word' id='word_1_669' title='bbox 3454 2640 3533 2680; x_wconf 89' lang='lat' dir='ltr'><strong>eos</strong></span> <span class='ocrx_word' id='word_1_670' title='bbox 3555 2621 3708 2693; x_wconf 76' lang='lat' dir='ltr'><strong>angelos</strong></span> 
     </span>
    </p>
   </div>
   <div class='ocr_carea' id='block_1_88' title="bbox 2207 2703 3706 2788">
    <p class='ocr_par' dir='ltr' id='par_1_88' title="bbox 2207 2703 3706 2788">
     <span class='ocr_line' id='line_1_88' title="bbox 2207 2703 3706 2788; baseline -0.003 -16"><span class='ocrx_word' id='word_1_671' title='bbox 2207 2729 2360 2782; x_wconf 87' lang='lat' dir='ltr'><strong>esse,</strong></span> <span class='ocrx_word' id='word_1_672' title='bbox 2394 2716 2446 2770; x_wconf 94' lang='lat' dir='ltr'><strong>in</strong></span> <span class='ocrx_word' id='word_1_673' title='bbox 2469 2716 2706 2786; x_wconf 89' lang='lat' dir='ltr'><strong>hospitio</strong></span> <span class='ocrx_word' id='word_1_674' title='bbox 2729 2718 2951 2788; x_wconf 88' lang='lat' dir='ltr'><strong>recepit.</strong></span> <span class='ocrx_word' id='word_1_675' title='bbox 2977 2717 3115 2773; x_wconf 85' lang='lat' dir='ltr'><strong>Nam</strong></span> <span class='ocrx_word' id='word_1_676' title='bbox 3159 2719 3204 2774; x_wconf 91' lang='lat' dir='ltr'><strong>si</strong></span> <span class='ocrx_word' id='word_1_677' title='bbox 3245 2703 3419 2784; x_wconf 87' lang='lat' dir='ltr'><strong>sciret,</strong></span> <span class='ocrx_word' id='word_1_678' title='bbox 3443 2716 3556 2772; x_wconf 91' lang='lat' dir='ltr'><strong>nihil</strong></span> <span class='ocrx_word' id='word_1_679' title='bbox 3573 2716 3706 2770; x_wconf 75' lang='lat' dir='ltr'><strong>mirum</strong></span> 
     </span>
    </p>
   </div>
   <div class='ocr_carea' id='block_1_89' title="bbox 2219 2804 3705 2879">
    <p class='ocr_par' dir='ltr' id='par_1_89' title="bbox 2219 2804 3705 2879">
     <span class='ocr_line' id='line_1_89' title="bbox 2219 2804 3705 2879; baseline -0.005 -15"><span class='ocrx_word' id='word_1_680' title='bbox 2219 2815 2384 2864; x_wconf 89' lang='lat' dir='ltr'><strong>esset.</strong></span> <span class='ocrx_word' id='word_1_681' title='bbox 2411 2807 2867 2874; x_wconf 85' lang='lat' dir='ltr'><strong>Quidam‘dicunt,</strong></span> <span class='ocrx_word' id='word_1_682' title='bbox 2883 2810 3146 2879; x_wconf 90' lang='lat' dir='ltr'><strong>quoniam</strong></span> <span class='ocrx_word' id='word_1_683' title='bbox 3171 2810 3223 2864; x_wconf 92' lang='lat' dir='ltr'><strong>in</strong></span> <span class='ocrx_word' id='word_1_684' title='bbox 3249 2811 3348 2866; x_wconf 92' lang='lat' dir='ltr'><strong>hoc</strong></span> <span class='ocrx_word' id='word_1_685' title='bbox 3372 2809 3478 2864; x_wconf 87' lang='lat' dir='ltr'><strong>loco</strong></span> <span class='ocrx_word' id='word_1_686' title='bbox 3495 2807 3620 2862; x_wconf 87' lang='lat' dir='ltr'><strong>etiam</strong></span> <span class='ocrx_word' id='word_1_687' title='bbox 3639 2804 3705 2858; x_wconf 86' lang='lat' dir='ltr'><strong>Lot</strong></span> 
     </span>
    </p>
   </div>
   <div class='ocr_carea' id='block_1_90' title="bbox 2221 2893 3704 2976">
    <p class='ocr_par' dir='ltr' id='par_1_90' title="bbox 2221 2893 3704 2976">
     <span class='ocr_line' id='line_1_90' title="bbox 2221 2893 3704 2976; baseline -0.005 -22"><span class='ocrx_word' id='word_1_688' title='bbox 2221 2899 2580 2970; x_wconf 85' lang='lat' dir='ltr'><strong>signiﬁcatur.</strong></span> <span class='ocrx_word' id='word_1_689' title='bbox 2615 2919 2633 2952; x_wconf 74' lang='grc' dir='ltr'>ι</span> <span class='ocrx_word' id='word_1_690' title='bbox 2672 2899 2996 2976; x_wconf 81' lang='lat' dir='ltr'><strong>Mementote</strong></span> <span class='ocrx_word' id='word_1_691' title='bbox 3027 2903 3332 2957; x_wconf 89' lang='lat' dir='ltr'><strong>vinctorum</strong></span> <span class='ocrx_word' id='word_1_692' title='bbox 3362 2909 3579 2970; x_wconf 84' lang='lat' dir='ltr'><strong>tanquam</strong></span> <span class='ocrx_word' id='word_1_693' title='bbox 3598 2893 3704 2950; x_wconf 86' lang='lat' dir='ltr'><strong>simul</strong></span> 
     </span>
    </p>
   </div>
   <div class='ocr_carea' id='block_1_91' title="bbox 2203 2991 3704 3064">
    <p class='ocr_par' dir='ltr' id='par_1_91' title="bbox 2203 2991 3704 3064">
     <span class='ocr_line' id='line_1_91' title="bbox 2203 2991 3704 3064; baseline -0.001 -20"><span class='ocrx_word' id='word_1_694' title='bbox 2203 3010 2251 3044; x_wconf 52' lang='grc' dir='ltr'><strong>ιι</strong></span> <span class='ocrx_word' id='word_1_695' title='bbox 2282 2991 2467 3056; x_wconf 86' lang='lat' dir='ltr'><strong>vincti,</strong></span> <span class='ocrx_word' id='word_1_696' title='bbox 2506 3001 2563 3048; x_wconf 88' lang='lat' dir='ltr'><strong>et</strong></span> <span class='ocrx_word' id='word_1_697' title='bbox 2583 2992 2942 3050; x_wconf 87' lang='lat' dir='ltr'><strong>laborantium</strong></span> <span class='ocrx_word' id='word_1_698' title='bbox 2974 3002 3234 3064; x_wconf 85' lang='lat' dir='ltr'><strong>tanquam</strong></span> <span class='ocrx_word' id='word_1_699' title='bbox 3268 3003 3320 3049; x_wconf 91' lang='lat' dir='ltr'><strong>et</strong></span> <span class='ocrx_word' id='word_1_700' title='bbox 3351 2993 3444 3063; x_wconf 87' lang='lat' dir='ltr'><strong>ipsi</strong></span> <span class='ocrx_word' id='word_1_701' title='bbox 3468 2992 3519 3045; x_wconf 87' lang='lat' dir='ltr'><strong>in.</strong></span> <span class='ocrx_word' id='word_1_702' title='bbox 3545 2998 3704 3056; x_wconf 78' lang='lat' dir='ltr'><strong>corpore</strong></span> 
     </span>
    </p>
   </div>
   <div class='ocr_carea' id='block_1_92' title="bbox 2225 3080 3706 3170">
    <p class='ocr_par' dir='ltr' id='par_1_92' title="bbox 2225 3080 3706 3170">
     <span class='ocr_line' id='line_1_92' title="bbox 2225 3080 3706 3170; baseline -0.005 -32"><span class='ocrx_word' id='word_1_703' title='bbox 2225 3104 2244 3138; x_wconf 72' lang='grc' dir='ltr'><strong>ε</strong></span> <span class='ocrx_word' id='word_1_704' title='bbox 2283 3093 2578 3140; x_wconf 85' lang='lat' dir='ltr'><strong>morantes.</strong></span> <span class='ocrx_word' id='word_1_705' title='bbox 2609 3085 2938 3170; x_wconf 62' lang='lat' dir='ltr'><strong>[lonorabile</strong></span> <span class='ocrx_word' id='word_1_706' title='bbox 2988 3085 3296 3158; x_wconf 73' lang='lat' dir='ltr'><strong>coniugium</strong></span> <span class='ocrx_word' id='word_1_707' title='bbox 3349 3085 3410 3140; x_wconf 75' lang='lat' dir='ltr'><strong>in.</strong></span> <span class='ocrx_word' id='word_1_708' title='bbox 3442 3080 3706 3140; x_wconf 67' lang='lat' dir='ltr'><strong>erunibuset</strong></span> 
     </span>
    </p>
   </div>
   <div class='ocr_carea' id='block_1_93' title="bbox 2230 3170 3704 3240">
    <p class='ocr_par' dir='ltr' id='par_1_93' title="bbox 2230 3170 3704 3240">
     <span class='ocr_line' id='line_1_93' title="bbox 2230 3170 3704 3240; baseline -0.005 -10"><span class='ocrx_word' id='word_1_709' title='bbox 2230 3196 2249 3230; x_wconf 82' lang='grc' dir='ltr'>ι</span> <span class='ocrx_word' id='word_1_710' title='bbox 2286 3177 2471 3234; x_wconf 90' lang='lat' dir='ltr'><strong>thorus</strong></span> <span class='ocrx_word' id='word_1_711' title='bbox 2510 3178 3303 3235; x_wconf 80' lang='lat' dir='ltr'><strong>immaculatus.Fornicatores</strong></span> <span class='ocrx_word' id='word_1_712' title='bbox 3331 3185 3390 3233; x_wconf 89' lang='lat' dir='ltr'><strong>et</strong></span> <span class='ocrx_word' id='word_1_713' title='bbox 3411 3175 3630 3232; x_wconf 88' lang='lat' dir='ltr'><strong>adulteros</strong></span> <span class='ocrx_word' id='word_1_714' title='bbox 3644 3170 3704 3240; x_wconf 89' lang='lat' dir='ltr'><strong>ju-</strong></span> 
     </span>
    </p>
   </div>
   <div class='ocr_carea' id='block_1_94' title="bbox 2228 3264 3703 3344">
    <p class='ocr_par' dir='ltr' id='par_1_94' title="bbox 2228 3264 3703 3344">
     <span class='ocr_line' id='line_1_94' title="bbox 2228 3264 3703 3344; baseline 0 -21"><span class='ocrx_word' id='word_1_715' title='bbox 2228 3289 2246 3323; x_wconf 76' lang='grc' dir='ltr'>ι</span> <span class='ocrx_word' id='word_1_716' title='bbox 2279 3272 2482 3328; x_wconf 88' lang='lat' dir='ltr'><strong>dicabit</strong></span> <span class='ocrx_word' id='word_1_717' title='bbox 2506 3273 2670 3328; x_wconf 88' lang='lat' dir='ltr'><strong>Deus.</strong></span> <span class='ocrx_word' id='word_1_718' title='bbox 2707 3291 2726 3324; x_wconf 73' lang='grc' dir='ltr'><strong><em>ι</em></strong></span> <span class='ocrx_word' id='word_1_719' title='bbox 2761 3272 3143 3344; x_wconf 88' lang='lat' dir='ltr'><strong>Contemplare</strong></span> <span class='ocrx_word' id='word_1_720' title='bbox 3177 3283 3403 3344; x_wconf 87' lang='lat' dir='ltr'><strong>quantus</strong></span> <span class='ocrx_word' id='word_1_721' title='bbox 3443 3269 3506 3324; x_wconf 94' lang='lat' dir='ltr'><strong>illi</strong></span> <span class='ocrx_word' id='word_1_722' title='bbox 3531 3268 3583 3323; x_wconf 84' lang='lat' dir='ltr'><strong>de</strong></span> <span class='ocrx_word' id='word_1_723' title='bbox 3601 3264 3703 3336; x_wconf 80' lang='lat' dir='ltr'><strong>pudi-</strong></span> 
     </span>
    </p>
   </div>
   <div class='ocr_carea' id='block_1_95' title="bbox 2220 3362 3702 3435">
    <p class='ocr_par' dir='ltr' id='par_1_95' title="bbox 2220 3362 3702 3435">
     <span class='ocr_line' id='line_1_95' title="bbox 2220 3362 3702 3435; baseline -0.006 -17"><span class='ocrx_word' id='word_1_724' title='bbox 2220 3363 2346 3418; x_wconf 85' lang='lat' dir='ltr'><strong>citia</strong></span> <span class='ocrx_word' id='word_1_725' title='bbox 2375 3379 2554 3418; x_wconf 89' lang='lat' dir='ltr'><strong>sermo</strong></span> <span class='ocrx_word' id='word_1_726' title='bbox 2579 3363 2939 3435; x_wconf 83' lang='lat' dir='ltr'><strong>profunditur.</strong></span> <span class='ocrx_word' id='word_1_727' title='bbox 2971 3382 2989 3415; x_wconf 82' lang='grc' dir='ltr'>ι</span> <span class='ocrx_word' id='word_1_728' title='bbox 3037 3363 3258 3431; x_wconf 86' lang='lat' dir='ltr'><strong>Pacem,</strong></span> <span class='ocrx_word' id='word_1_729' title='bbox 3291 3362 3470 3434; x_wconf 91' lang='lat' dir='ltr'><strong>inquit,</strong></span> <span class='ocrx_word' id='word_1_730' title='bbox 3497 3368 3702 3415; x_wconf 75' lang='lat' dir='ltr'><strong>euntem-</strong></span> 
     </span>
    </p>
   </div>
   <div class='ocr_carea' id='block_1_96' title="bbox 2201 3447 3701 3524">
    <p class='ocr_par' dir='ltr' id='par_1_96' title="bbox 2201 3447 3701 3524">
     <span class='ocr_line' id='line_1_96' title="bbox 2201 3447 3701 3524; baseline -0.008 -12"><span class='ocrx_word' id='word_1_731' title='bbox 2201 3457 2378 3513; x_wconf 82' lang='lat' dir='ltr'><strong>-nibus</strong></span> <span class='ocrx_word' id='word_1_732' title='bbox 2405 3456 2688 3512; x_wconf 82' lang='lat' dir='ltr'><strong>sectamini</strong></span> <span class='ocrx_word' id='word_1_733' title='bbox 2717 3466 2771 3512; x_wconf 90' lang='lat' dir='ltr'><strong>et</strong></span> <span class='ocrx_word' id='word_1_734' title='bbox 2795 3455 3302 3522; x_wconf 88' lang='lat' dir='ltr'><strong>sanctiﬁcationem,</strong></span> <span class='ocrx_word' id='word_1_735' title='bbox 3319 3471 3382 3510; x_wconf 89' lang='lat' dir='ltr'><strong>ne</strong></span> <span class='ocrx_word' id='word_1_736' title='bbox 3410 3454 3515 3524; x_wconf 91' lang='lat' dir='ltr'><strong>quis</strong></span> <span class='ocrx_word' id='word_1_737' title='bbox 3540 3447 3701 3504; x_wconf 71' lang='lat' dir='ltr'><strong>fornica-</strong></span> 
     </span>
    </p>
   </div>
   <div class='ocr_carea' id='block_1_97' title="bbox 2221 3545 3700 3620">
    <p class='ocr_par' dir='ltr' id='par_1_97' title="bbox 2221 3545 3700 3620">
     <span class='ocr_line' id='line_1_97' title="bbox 2221 3545 3700 3620; baseline -0.008 -16"><span class='ocrx_word' id='word_1_738' title='bbox 2221 3558 2304 3605; x_wconf 88' lang='lat' dir='ltr'><strong>tor</strong></span> <span class='ocrx_word' id='word_1_739' title='bbox 2331 3549 2432 3606; x_wconf 68' lang='lat' dir='ltr'><strong>vel&#39;</strong></span> <span class='ocrx_word' id='word_1_740' title='bbox 2453 3549 2729 3620; x_wconf 75' lang='lat' dir='ltr'><strong>pollutus;i</strong></span> <span class='ocrx_word' id='word_1_741' title='bbox 2755 3568 2774 3600; x_wconf 78' lang='grc' dir='ltr'><strong><em>ι</em></strong></span> <span class='ocrx_word' id='word_1_742' title='bbox 2803 3558 2860 3604; x_wconf 92' lang='lat' dir='ltr'><strong>et</strong></span> <span class='ocrx_word' id='word_1_743' title='bbox 2885 3549 3102 3615; x_wconf 89' lang='lat' dir='ltr'><strong>iterum,</strong></span> <span class='ocrx_word' id='word_1_744' title='bbox 3138 3569 3158 3602; x_wconf 77' lang='grc' dir='ltr'>ί</span> <span class='ocrx_word' id='word_1_745' title='bbox 3187 3547 3488 3605; x_wconf 85' lang='lat' dir='ltr'><strong>fornicarios</strong></span> <span class='ocrx_word' id='word_1_746' title='bbox 3511 3551 3647 3598; x_wconf 80' lang='lat' dir='ltr'><strong>autem</strong></span> <span class='ocrx_word' id='word_1_747' title='bbox 3665 3545 3700 3592; x_wconf 85' lang='lat' dir='ltr'><strong>et</strong></span> 
     </span>
    </p>
   </div>
   <div class='ocr_carea' id='block_1_98' title="bbox 2219 3627 3700 3710">
    <p class='ocr_par' dir='ltr' id='par_1_98' title="bbox 2219 3627 3700 3710">
     <span class='ocr_line' id='line_1_98' title="bbox 2219 3627 3700 3710; baseline -0.007 -15"><span class='ocrx_word' id='word_1_748' title='bbox 2219 3641 2492 3696; x_wconf 88' lang='lat' dir='ltr'><strong>adulteros</strong></span> <span class='ocrx_word' id='word_1_749' title='bbox 2514 3640 2724 3710; x_wconf 89' lang='lat' dir='ltr'><strong>judicat</strong></span> <span class='ocrx_word' id='word_1_750' title='bbox 2762 3641 2924 3695; x_wconf 88' lang='lat' dir='ltr'><strong>Deus.</strong></span> <span class='ocrx_word' id='word_1_751' title='bbox 2964 3661 2982 3693; x_wconf 73' lang='grc' dir='ltr'><strong><em>ι</em></strong></span> <span class='ocrx_word' id='word_1_752' title='bbox 3021 3640 3131 3697; x_wconf 88' lang='lat' dir='ltr'><strong>Sed</strong></span> <span class='ocrx_word' id='word_1_753' title='bbox 3153 3642 3426 3696; x_wconf 85' lang='lat' dir='ltr'><strong>videamus</strong></span> <span class='ocrx_word' id='word_1_754' title='bbox 3449 3650 3568 3691; x_wconf 88' lang='lat' dir='ltr'><strong>nunc</strong></span> <span class='ocrx_word' id='word_1_755' title='bbox 3587 3627 3700 3701; x_wconf 78' lang='lat' dir='ltr'><strong>quali-</strong></span> 
     </span>
    </p>
   </div>
   <div class='ocr_carea' id='block_1_99' title="bbox 2217 3723 3700 3802">
    <p class='ocr_par' dir='ltr' id='par_1_99' title="bbox 2217 3723 3700 3802">
     <span class='ocr_line' id='line_1_99' title="bbox 2217 3723 3700 3802; baseline -0.01 -16"><span class='ocrx_word' id='word_1_756' title='bbox 2217 3741 2300 3788; x_wconf 90' lang='lat' dir='ltr'><strong>ter</strong></span> <span class='ocrx_word' id='word_1_757' title='bbox 2346 3731 2690 3787; x_wconf 85' lang='lat' dir='ltr'><strong>honorabiles</strong></span> <span class='ocrx_word' id='word_1_758' title='bbox 2734 3745 2856 3786; x_wconf 89' lang='lat' dir='ltr'><strong>csse</strong></span> <span class='ocrx_word' id='word_1_759' title='bbox 2899 3733 3118 3802; x_wconf 89' lang='lat' dir='ltr'><strong>nuptias</strong></span> <span class='ocrx_word' id='word_1_760' title='bbox 3165 3733 3216 3787; x_wconf 91' lang='lat' dir='ltr'><strong>in</strong></span> <span class='ocrx_word' id='word_1_761' title='bbox 3260 3731 3490 3787; x_wconf 91' lang='lat' dir='ltr'><strong>omnibus</strong></span> <span class='ocrx_word' id='word_1_762' title='bbox 3528 3725 3650 3782; x_wconf 86' lang='lat' dir='ltr'><strong>dicat,</strong></span> <span class='ocrx_word' id='word_1_763' title='bbox 3666 3723 3700 3771; x_wconf 83' lang='lat' dir='ltr'><strong>et</strong></span> 
     </span>
    </p>
   </div>
   <div class='ocr_carea' id='block_1_100' title="bbox 2221 3808 3699 3891">
    <p class='ocr_par' dir='ltr' id='par_1_100' title="bbox 2221 3808 3699 3891">
     <span class='ocr_line' id='line_1_100' title="bbox 2221 3808 3699 3891; baseline -0.007 -13"><span class='ocrx_word' id='word_1_764' title='bbox 2221 3825 2438 3879; x_wconf 88' lang='lat' dir='ltr'><strong>thorum</strong></span> <span class='ocrx_word' id='word_1_765' title='bbox 2483 3823 2909 3878; x_wconf 89' lang='lat' dir='ltr'><strong>immaculatum.</strong></span> <span class='ocrx_word' id='word_1_766' title='bbox 2948 3823 3217 3891; x_wconf 85' lang='lat' dir='ltr'><strong>Quoniam</strong></span> <span class='ocrx_word' id='word_1_767' title='bbox 3246 3821 3477 3878; x_wconf 87' lang='lat' dir='ltr'><strong>videlicet</strong></span> <span class='ocrx_word' id='word_1_768' title='bbox 3502 3818 3546 3872; x_wconf 87' lang='lat' dir='ltr'><strong>in</strong></span> <span class='ocrx_word' id='word_1_769' title='bbox 3566 3808 3699 3869; x_wconf 74' lang='lat' dir='ltr'><strong>sandi-</strong></span> 
     </span>
    </p>
   </div>
   <div class='ocr_carea' id='block_1_101' title="bbox 2216 3903 3698 3988">
    <p class='ocr_par' dir='ltr' id='par_1_101' title="bbox 2216 3903 3698 3988">
     <span class='ocr_line' id='line_1_101' title="bbox 2216 3903 3698 3988; baseline -0.009 -16"><span class='ocrx_word' id='word_1_770' title='bbox 2216 3925 2328 3972; x_wconf 85' lang='lat' dir='ltr'><strong>tate</strong></span> <span class='ocrx_word' id='word_1_771' title='bbox 2371 3917 2640 3988; x_wconf 74' lang='lat' dir='ltr'><strong>pudicitia:</strong></span> <span class='ocrx_word' id='word_1_772' title='bbox 2688 3916 2818 3971; x_wconf 90' lang='lat' dir='ltr'><strong>facit</strong></span> <span class='ocrx_word' id='word_1_773' title='bbox 2856 3918 3170 3972; x_wconf 89' lang='lat' dir='ltr'><strong>conservari</strong></span> <span class='ocrx_word' id='word_1_774' title='bbox 3219 3915 3440 3972; x_wconf 88' lang='lat' dir='ltr'><strong>ﬁdelem.</strong></span> <span class='ocrx_word' id='word_1_775' title='bbox 3477 3910 3558 3964; x_wconf 84' lang='lat' dir='ltr'><strong>llic</strong></span> <span class='ocrx_word' id='word_1_776' title='bbox 3590 3903 3698 3960; x_wconf 81' lang='lat' dir='ltr'><strong>etiam</strong></span> 
     </span>
    </p>
   </div>
   <div class='ocr_carea' id='block_1_102' title="bbox 2188 3996 3699 4081">
    <p class='ocr_par' dir='ltr' id='par_1_102' title="bbox 2188 3996 3699 4081">
     <span class='ocr_line' id='line_1_102' title="bbox 2188 3996 3699 4081; baseline -0.007 -17"><span class='ocrx_word' id='word_1_777' title='bbox 2188 4008 2656 4080; x_wconf 68' lang='lat' dir='ltr'><strong>‘Judzeos&#39;pulsat,</strong></span> <span class='ocrx_word' id='word_1_778' title='bbox 2704 4009 2796 4079; x_wconf 91' lang='lat' dir='ltr'><strong>qui</strong></span> <span class='ocrx_word' id='word_1_779' title='bbox 2842 4009 3107 4080; x_wconf 90' lang='lat' dir='ltr'><strong>pollutum</strong></span> <span class='ocrx_word' id='word_1_780' title='bbox 3158 4010 3412 4081; x_wconf 88' lang='lat' dir='ltr'><strong>putabant</strong></span> <span class='ocrx_word' id='word_1_781' title='bbox 3452 3996 3699 4073; x_wconf 73' lang='lat' dir='ltr'><strong>conjugaleul</strong></span> 
     </span>
    </p>
   </div>
   <div class='ocr_carea' id='block_1_103' title="bbox 2214 4097 3698 4170">
    <p class='ocr_par' dir='ltr' id='par_1_103' title="bbox 2214 4097 3698 4170">
     <span class='ocr_line' id='line_1_103' title="bbox 2214 4097 3698 4170; baseline -0.007 -14"><span class='ocrx_word' id='word_1_782' title='bbox 2214 4099 2590 4166; x_wconf 73' lang='lat' dir='ltr'><strong>concubitum,</strong></span> <span class='ocrx_word' id='word_1_783' title='bbox 2607 4107 2662 4156; x_wconf 89' lang='lat' dir='ltr'><strong>ct</strong></span> <span class='ocrx_word' id='word_1_784' title='bbox 2683 4101 2936 4155; x_wconf 86' lang='lat' dir='ltr'><strong>dicebant</strong></span> <span class='ocrx_word' id='word_1_785' title='bbox 2952 4116 3020 4156; x_wconf 78' lang='lat' dir='ltr'><strong>ex</strong></span> <span class='ocrx_word' id='word_1_786' title='bbox 3049 4101 3188 4157; x_wconf 84' lang='lat' dir='ltr'><strong>lecto</strong></span> <span class='ocrx_word' id='word_1_787' title='bbox 3211 4099 3442 4170; x_wconf 84' lang='lat' dir='ltr'><strong>conjugis</strong></span> <span class='ocrx_word' id='word_1_788' title='bbox 3471 4097 3698 4164; x_wconf 77' lang='lat' dir='ltr'><strong>surgentem</strong></span> 
     </span>
    </p>
   </div>
   <div class='ocr_carea' id='block_1_104' title="bbox 2189 4178 3698 4260">
    <p class='ocr_par' dir='ltr' id='par_1_104' title="bbox 2189 4178 3698 4260">
     <span class='ocr_line' id='line_1_104' title="bbox 2189 4178 3698 4260; baseline -0.011 -14"><span class='ocrx_word' id='word_1_789' title='bbox 2189 4190 2470 4246; x_wconf 85' lang='lat' dir='ltr'><strong>mundum</strong></span> <span class='ocrx_word' id='word_1_790' title='bbox 2511 4205 2616 4245; x_wconf 90' lang='lat' dir='ltr'><strong>non</strong></span> <span class='ocrx_word' id='word_1_791' title='bbox 2640 4203 2796 4260; x_wconf 82' lang='lat' dir='ltr'><strong>posse</strong></span> <span class='ocrx_word' id='word_1_792' title='bbox 2839 4201 3111 4247; x_wconf 87' lang='lat' dir='ltr'><strong>constare.</strong></span> <span class='ocrx_word' id='word_1_793' title='bbox 3151 4191 3266 4246; x_wconf 86' lang='lat' dir='ltr'><strong>Non</strong></span> <span class='ocrx_word' id='word_1_794' title='bbox 3309 4199 3389 4246; x_wconf 91' lang='lat' dir='ltr'><strong>est</strong></span> <span class='ocrx_word' id='word_1_795' title='bbox 3416 4188 3555 4258; x_wconf 77' lang='lat' dir='ltr'><strong>igitur</strong></span> <span class='ocrx_word' id='word_1_796' title='bbox 3583 4178 3698 4253; x_wconf 82' lang='lat' dir='ltr'><strong>pollu-</strong></span> 
     </span>
    </p>
   </div>
   <div class='ocr_carea' id='block_1_105' title="bbox 2213 4273 3700 4352">
    <p class='ocr_par' dir='ltr' id='par_1_105' title="bbox 2213 4273 3700 4352">
     <span class='ocr_line' id='line_1_105' title="bbox 2213 4273 3700 4352; baseline -0.02 0"><span class='ocrx_word' id='word_1_797' title='bbox 2213 4291 2347 4349; x_wconf 69' lang='grc' dir='ltr'><strong>ιυῐην</strong></span> <span class='ocrx_word' id='word_1_798' title='bbox 2394 4281 2537 4352; x_wconf 90' lang='lat' dir='ltr'><strong>quod</strong></span> <span class='ocrx_word' id='word_1_799' title='bbox 2575 4297 2640 4337; x_wconf 73' lang='lat' dir='ltr'><strong>ex</strong></span> <span class='ocrx_word' id='word_1_800' title='bbox 2683 4292 2878 4338; x_wconf 89' lang='lat' dir='ltr'><strong>natura</strong></span> <span class='ocrx_word' id='word_1_801' title='bbox 2914 4273 3641 4352; x_wconf 64' lang='lat' dir='ltr'><strong>conceditur,oingratissimi</strong></span> <span class='ocrx_word' id='word_1_802' title='bbox 3665 4277 3700 4324; x_wconf 84' lang='lat' dir='ltr'><strong>et</strong></span> 
     </span>
    </p>
   </div>
   <div class='ocr_carea' id='block_1_106' title="bbox 2213 4368 3698 4449">
    <p class='ocr_par' dir='ltr' id='par_1_106' title="bbox 2213 4368 3698 4449">
     <span class='ocr_line' id='line_1_106' title="bbox 2213 4368 3698 4449; baseline -0.006 -18"><span class='ocrx_word' id='word_1_803' title='bbox 2213 4375 2632 4431; x_wconf 86' lang='lat' dir='ltr'><strong>insensatissimi</strong></span> <span class='ocrx_word' id='word_1_804' title='bbox 2679 4374 2882 4442; x_wconf 65' lang='lat' dir='ltr'><strong>Judaei,</strong></span> <span class='ocrx_word' id='word_1_805' title='bbox 2907 4377 3002 4432; x_wconf 89' lang='lat' dir='ltr'><strong>sed</strong></span> <span class='ocrx_word' id='word_1_806' title='bbox 3045 4373 3191 4449; x_wconf 82' lang='lat' dir='ltr'><strong>quod</strong></span> <span class='ocrx_word' id='word_1_807' title='bbox 3215 4392 3277 4432; x_wconf 81' lang='lat' dir='ltr'><strong>ex</strong></span> <span class='ocrx_word' id='word_1_808' title='bbox 3307 4388 3461 4446; x_wconf 87' lang='lat' dir='ltr'><strong>prava</strong></span> <span class='ocrx_word' id='word_1_809' title='bbox 3500 4368 3698 4424; x_wconf 71' lang='lat' dir='ltr'><strong>voluntate</strong></span> 
     </span>
    </p>
   </div>
   <div class='ocr_carea' id='block_1_107' title="bbox 2211 4452 3698 4537">
    <p class='ocr_par' dir='ltr' id='par_1_107' title="bbox 2211 4452 3698 4537">
     <span class='ocr_line' id='line_1_107' title="bbox 2211 4452 3698 4537; baseline -0.008 -15"><span class='ocrx_word' id='word_1_810' title='bbox 2211 4465 2512 4532; x_wconf 90' lang='lat' dir='ltr'><strong>descendit,</strong></span> <span class='ocrx_word' id='word_1_811' title='bbox 2559 4481 2683 4520; x_wconf 90' lang='lat' dir='ltr'><strong>nam</strong></span> <span class='ocrx_word' id='word_1_812' title='bbox 2715 4465 2759 4520; x_wconf 77' lang='lat' dir='ltr'><strong>Si</strong></span> <span class='ocrx_word' id='word_1_813' title='bbox 2803 4465 3148 4522; x_wconf 86' lang='lat' dir='ltr'><strong>honorabiles</strong></span> <span class='ocrx_word' id='word_1_814' title='bbox 3173 4466 3385 4537; x_wconf 89' lang='lat' dir='ltr'><strong>quidem</strong></span> <span class='ocrx_word' id='word_1_815' title='bbox 3412 4467 3520 4518; x_wconf 87' lang='lat' dir='ltr'><strong>sunt</strong></span> <span class='ocrx_word' id='word_1_816' title='bbox 3542 4452 3698 4524; x_wconf 53' lang='lat' dir='ltr'><strong>nuptias</strong></span> 
     </span>
    </p>
   </div>
   <div class='ocr_carea' id='block_1_108' title="bbox 2214 4546 3696 4628">
    <p class='ocr_par' dir='ltr' id='par_1_108' title="bbox 2214 4546 3696 4628">
     <span class='ocr_line' id='line_1_108' title="bbox 2214 4546 3696 4628; baseline -0.005 -14"><span class='ocrx_word' id='word_1_817' title='bbox 2214 4558 2428 4614; x_wconf 69' lang='lat' dir='ltr'><strong>mundae</strong></span> <span class='ocrx_word' id='word_1_818' title='bbox 2461 4557 2626 4614; x_wconf 91' lang='lat' dir='ltr'><strong>etiam</strong></span> <span class='ocrx_word' id='word_1_819' title='bbox 2663 4566 2808 4614; x_wconf 87' lang='lat' dir='ltr'><strong>sunt.</strong></span> <span class='ocrx_word' id='word_1_820' title='bbox 2855 4557 2966 4620; x_wconf 79' lang='lat' dir='ltr'><strong>Cur</strong></span> <span class='ocrx_word' id='word_1_821' title='bbox 3004 4558 3188 4628; x_wconf 89' lang='lat' dir='ltr'><strong>itaque</strong></span> <span class='ocrx_word' id='word_1_822' title='bbox 3228 4571 3292 4614; x_wconf 77' lang='lat' dir='ltr'><strong>ex</strong></span> <span class='ocrx_word' id='word_1_823' title='bbox 3323 4555 3400 4611; x_wconf 88' lang='lat' dir='ltr'><strong>his</strong></span> <span class='ocrx_word' id='word_1_824' title='bbox 3435 4546 3696 4624; x_wconf 64' lang='lat' dir='ltr'><strong>pollutionem</strong></span> 
     </span>
    </p>
   </div>
   <div class='ocr_carea' id='block_1_109' title="bbox 2214 4641 3698 4720">
    <p class='ocr_par' dir='ltr' id='par_1_109' title="bbox 2214 4641 3698 4720">
     <span class='ocr_line' id='line_1_109' title="bbox 2214 4641 3698 4720; baseline -0.013 -18"><span class='ocrx_word' id='word_1_825' title='bbox 2214 4647 2332 4702; x_wconf 91' lang='lat' dir='ltr'><strong>ﬁeri</strong></span> <span class='ocrx_word' id='word_1_826' title='bbox 2349 4647 2666 4704; x_wconf 76' lang='lat' dir='ltr'><strong>existimas?</strong></span> <span class='ocrx_word' id='word_1_827' title='bbox 2685 4649 2938 4720; x_wconf 86' lang='lat' dir='ltr'><strong>et_primo</strong></span> <span class='ocrx_word' id='word_1_828' title='bbox 2966 4662 3194 4720; x_wconf 88' lang='lat' dir='ltr'><strong>ponens,</strong></span> <span class='ocrx_word' id='word_1_829' title='bbox 3221 4665 3241 4700; x_wconf 69' lang='grc' dir='ltr'><strong><em>ι</em></strong></span> <span class='ocrx_word' id='word_1_830' title='bbox 3265 4641 3544 4702; x_wconf 88' lang='lat' dir='ltr'><strong>honorabile</strong></span> <span class='ocrx_word' id='word_1_831' title='bbox 3559 4645 3698 4691; x_wconf 82' lang='lat' dir='ltr'><strong>contm-</strong></span> 
     </span>
    </p>
   </div>
   <div class='ocr_carea' id='block_1_110' title="bbox 2215 4737 3694 4802">
    <p class='ocr_par' dir='ltr' id='par_1_110' title="bbox 2215 4737 3694 4802">
     <span class='ocr_line' id='line_1_110' title="bbox 2215 4737 3694 4802; baseline -0.011 -5"><span class='ocrx_word' id='word_1_832' title='bbox 2215 4741 2362 4798; x_wconf 89' lang='lat' dir='ltr'><strong>bium</strong></span> <span class='ocrx_word' id='word_1_833' title='bbox 2391 4742 2447 4798; x_wconf 90' lang='lat' dir='ltr'><strong>in</strong></span> <span class='ocrx_word' id='word_1_834' title='bbox 2469 4743 2720 4798; x_wconf 89' lang='lat' dir='ltr'><strong>omnibus</strong></span> <span class='ocrx_word' id='word_1_835' title='bbox 2743 4737 2806 4798; x_wconf 88' lang='lat' dir='ltr'><strong>et</strong></span> <span class='ocrx_word' id='word_1_836' title='bbox 2837 4744 3056 4800; x_wconf 89' lang='lat' dir='ltr'><strong>thorum</strong></span> <span class='ocrx_word' id='word_1_837' title='bbox 3099 4742 3502 4802; x_wconf 89' lang='lat' dir='ltr'><strong>immaculatum,</strong></span> <span class='ocrx_word' id='word_1_838' title='bbox 3528 4755 3542 4788; x_wconf 80' lang='grc' dir='ltr'>ι</span> <span class='ocrx_word' id='word_1_839' title='bbox 3566 4739 3694 4787; x_wconf 84' lang='lat' dir='ltr'><strong>osten-</strong></span> 
     </span>
    </p>
   </div>
   <div class='ocr_carea' id='block_1_111' title="bbox 2213 4829 3693 4919">
    <p class='ocr_par' dir='ltr' id='par_1_111' title="bbox 2213 4829 3693 4919">
     <span class='ocr_line' id='line_1_111' title="bbox 2213 4829 3693 4919; baseline -0.007 -30"><span class='ocrx_word' id='word_1_840' title='bbox 2213 4834 2296 4890; x_wconf 87' lang='lat' dir='ltr'><strong>dit</strong></span> <span class='ocrx_word' id='word_1_841' title='bbox 2321 4834 2446 4905; x_wconf 86' lang='lat' dir='ltr'><strong>quia</strong></span> <span class='ocrx_word' id='word_1_842' title='bbox 2462 4835 2609 4906; x_wconf 88' lang='lat' dir='ltr'><strong>jusle</strong></span> <span class='ocrx_word' id='word_1_843' title='bbox 2635 4834 2816 4890; x_wconf 88' lang='lat' dir='ltr'><strong>intulit</strong></span> <span class='ocrx_word' id='word_1_844' title='bbox 2845 4851 2965 4907; x_wconf 69' lang='lat' dir='ltr'><strong>qua:</strong></span> <span class='ocrx_word' id='word_1_845' title='bbox 2986 4845 3304 4908; x_wconf 87' lang='lat' dir='ltr'><strong>sequuntur.</strong></span> <span class='ocrx_word' id='word_1_846' title='bbox 3331 4832 3384 4888; x_wconf 90' lang='lat' dir='ltr'><strong>Si</strong></span> <span class='ocrx_word' id='word_1_847' title='bbox 3407 4830 3530 4885; x_wconf 90' lang='lat' dir='ltr'><strong>enim</strong></span> <span class='ocrx_word' id='word_1_848' title='bbox 3549 4829 3693 4919; x_wconf 44' lang='lat' dir='ltr'><strong>conn-ib</strong></span> 
     </span>
    </p>
   </div>
   <div class='ocr_carea' id='block_1_112' title="bbox 2213 4909 3692 5005">
    <p class='ocr_par' dir='ltr' id='par_1_112' title="bbox 2213 4909 3692 5005">
     <span class='ocr_line' id='line_1_112' title="bbox 2213 4909 3692 5005; baseline -0.013 -22"><span class='ocrx_word' id='word_1_849' title='bbox 2213 4928 2360 4983; x_wconf 92' lang='lat' dir='ltr'><strong>bium</strong></span> <span class='ocrx_word' id='word_1_850' title='bbox 2389 4937 2483 4986; x_wconf 87' lang='lat' dir='ltr'><strong>est-</strong></span> <span class='ocrx_word' id='word_1_851' title='bbox 2511 4943 2850 4997; x_wconf 88' lang='lat' dir='ltr'><strong>concessum,</strong></span> <span class='ocrx_word' id='word_1_852' title='bbox 2866 4928 3015 4998; x_wconf 84' lang='lat' dir='ltr'><strong>juste</strong></span> <span class='ocrx_word' id='word_1_853' title='bbox 3042 4929 3336 4985; x_wconf 86' lang='lat' dir='ltr'><strong>fornicator</strong></span> <span class='ocrx_word' id='word_1_854' title='bbox 3373 4909 3692 5005; x_wconf 67' lang='lat' dir='ltr'><strong>suppliciisatli-</strong></span> 
     </span>
    </p>
   </div>
   <div class='ocr_carea' id='block_1_113' title="bbox 2215 5005 3695 5090">
    <p class='ocr_par' dir='ltr' id='par_1_113' title="bbox 2215 5005 3695 5090">
     <span class='ocr_line' id='line_1_113' title="bbox 2215 5005 3695 5090; baseline -0.012 -14"><span class='ocrx_word' id='word_1_855' title='bbox 2215 5020 2376 5085; x_wconf 80' lang='lat' dir='ltr'><strong>citur,</strong></span> <span class='ocrx_word' id='word_1_856' title='bbox 2401 5017 2546 5088; x_wconf 78' lang='lat' dir='ltr'><strong>iuste</strong></span> <span class='ocrx_word' id='word_1_857' title='bbox 2563 5015 2876 5090; x_wconf 86' lang='lat' dir='ltr'><strong>puniuntur</strong></span> <span class='ocrx_word' id='word_1_858' title='bbox 2899 5020 3150 5076; x_wconf 87' lang='lat' dir='ltr'><strong>adulteri.</strong></span> <span class='ocrx_word' id='word_1_859' title='bbox 3176 5020 3271 5074; x_wconf 79' lang='lat' dir='ltr'><strong>llic</strong></span> <span class='ocrx_word' id='word_1_860' title='bbox 3301 5017 3529 5073; x_wconf 85' lang='lat' dir='ltr'><strong>adversus</strong></span> <span class='ocrx_word' id='word_1_861' title='bbox 3547 5005 3695 5060; x_wconf 70' lang='lat' dir='ltr'><strong>htcrell&#39;</strong></span> 
     </span>
    </p>
   </div>
   <div class='ocr_carea' id='block_1_114' title="bbox 2211 5098 3689 5190">
    <p class='ocr_par' dir='ltr' id='par_1_114' title="bbox 2211 5098 3689 5190">
     <span class='ocr_line' id='line_1_114' title="bbox 2211 5098 3689 5190; baseline -0.012 -25"><span class='ocrx_word' id='word_1_862' title='bbox 2211 5125 2306 5165; x_wconf 89' lang='lat' dir='ltr'><strong>cos</strong></span> <span class='ocrx_word' id='word_1_863' title='bbox 2327 5111 2566 5165; x_wconf 86' lang='lat' dir='ltr'><strong>dimicat.</strong></span> <span class='ocrx_word' id='word_1_864' title='bbox 2593 5111 2794 5168; x_wconf 85' lang='lat' dir='ltr'><strong>Etvidc</strong></span> <span class='ocrx_word' id='word_1_865' title='bbox 2816 5125 2979 5182; x_wconf 88' lang='lat' dir='ltr'><strong>quam</strong></span> <span class='ocrx_word' id='word_1_866' title='bbox 2999 5113 3137 5168; x_wconf 87' lang='lat' dir='ltr'><strong>bene</strong></span> <span class='ocrx_word' id='word_1_867' title='bbox 3159 5111 3246 5166; x_wconf 88' lang='lat' dir='ltr'><strong>hic</strong></span> <span class='ocrx_word' id='word_1_868' title='bbox 3265 5125 3363 5164; x_wconf 90' lang='lat' dir='ltr'><strong>non</strong></span> <span class='ocrx_word' id='word_1_869' title='bbox 3389 5103 3505 5161; x_wconf 74' lang='lat' dir='ltr'><strong>dixit</strong></span> <span class='ocrx_word' id='word_1_870' title='bbox 3526 5098 3689 5190; x_wconf 52' lang='lat' dir='ltr'><strong>&#39;itenttn.</strong></span> 
     </span>
    </p>
   </div>
   <div class='ocr_carea' id='block_1_115' title="bbox 2211 5193 3690 5276">
    <p class='ocr_par' dir='ltr' id='par_1_115' title="bbox 2211 5193 3690 5276">
     <span class='ocr_line' id='line_1_115' title="bbox 2211 5193 3690 5276; baseline -0.018 -19"><span class='ocrx_word' id='word_1_871' title='bbox 2211 5201 2402 5258; x_wconf 86' lang='lat' dir='ltr'><strong>Nullus</strong></span> <span class='ocrx_word' id='word_1_872' title='bbox 2417 5203 2488 5258; x_wconf 85' lang='lat' dir='ltr'><strong>sit</strong></span> <span class='ocrx_word' id='word_1_873' title='bbox 2507 5218 2722 5268; x_wconf 88' lang='lat' dir='ltr'><strong>avarus,</strong></span> <span class='ocrx_word' id='word_1_874' title='bbox 2741 5204 2834 5258; x_wconf 88' lang='lat' dir='ltr'><strong>sed</strong></span> <span class='ocrx_word' id='word_1_875' title='bbox 2855 5202 3014 5258; x_wconf 86' lang='lat' dir='ltr'><strong>simul</strong></span> <span class='ocrx_word' id='word_1_876' title='bbox 3033 5201 3125 5276; x_wconf 63' lang='grc' dir='ltr'><strong>[ἔθ’.</strong></span> <span class='ocrx_word' id='word_1_877' title='bbox 3142 5198 3326 5272; x_wconf 86' lang='lat' dir='ltr'><strong>semel]</strong></span> <span class='ocrx_word' id='word_1_878' title='bbox 3341 5196 3520 5256; x_wconf 84' lang='lat' dir='ltr'><strong>dicens,</strong></span> <span class='ocrx_word' id='word_1_879' title='bbox 3533 5197 3628 5242; x_wconf 85' lang='lat' dir='ltr'><strong>tunc</strong></span> <span class='ocrx_word' id='word_1_880' title='bbox 3641 5193 3690 5232; x_wconf 81' lang='lat' dir='ltr'><strong>ta-</strong></span> 
     </span>
    </p>
   </div>
   <div class='ocr_carea' id='block_1_116' title="bbox 2185 5276 3690 5361">
    <p class='ocr_par' dir='ltr' id='par_1_116' title="bbox 2185 5276 3690 5361">
     <span class='ocr_line' id='line_1_116' title="bbox 2185 5276 3690 5361; baseline -0.012 -12"><span class='ocrx_word' id='word_1_881' title='bbox 2185 5295 2354 5361; x_wconf 75' lang='lat' dir='ltr'><strong>&#39;tulit,</strong></span> <span class='ocrx_word' id='word_1_882' title='bbox 2383 5295 2551 5350; x_wconf 78' lang='lat' dir='ltr'><strong>veluti</strong></span> <span class='ocrx_word' id='word_1_883' title='bbox 2577 5311 2868 5351; x_wconf 87' lang='lat' dir='ltr'><strong>commune</strong></span> <span class='ocrx_word' id='word_1_884' title='bbox 2898 5289 3334 5359; x_wconf 58' lang='lat' dir='ltr'><strong>conSilium,&#39;non</strong></span> <span class='ocrx_word' id='word_1_885' title='bbox 3374 5276 3690 5361; x_wconf 58' lang='lat' dir='ltr'><strong>velutadipéttS</strong></span> 
     </span>
    </p>
   </div>
   <div class='ocr_carea' id='block_1_117' title="bbox 2210 5359 3688 5460">
    <p class='ocr_par' dir='ltr' id='par_1_117' title="bbox 2210 5359 3688 5460">
     <span class='ocr_line' id='line_1_117' title="bbox 2210 5359 3688 5460; baseline -0.02 -16"><span class='ocrx_word' id='word_1_886' title='bbox 2210 5387 2354 5442; x_wconf 87' lang='lat' dir='ltr'><strong>solos</strong></span> <span class='ocrx_word' id='word_1_887' title='bbox 2379 5389 2656 5442; x_wconf 80' lang='lat' dir='ltr'><strong>Sermones</strong></span> <span class='ocrx_word' id='word_1_888' title='bbox 2690 5386 2948 5457; x_wconf 82' lang='lat' dir='ltr'><strong>dirigens.</strong></span> <span class='ocrx_word' id='word_1_889' title='bbox 2978 5405 2995 5438; x_wconf 75' lang='grc' dir='ltr'>ι</span> <span class='ocrx_word' id='word_1_890' title='bbox 3032 5385 3159 5442; x_wconf 88' lang='lat' dir='ltr'><strong>Sint</strong></span> <span class='ocrx_word' id='word_1_891' title='bbox 3195 5396 3364 5439; x_wconf 89' lang='lat' dir='ltr'><strong>mores</strong></span> <span class='ocrx_word' id='word_1_892' title='bbox 3403 5377 3504 5434; x_wconf 89' lang='lat' dir='ltr'><strong>sine</strong></span> <span class='ocrx_word' id='word_1_893' title='bbox 3527 5359 3688 5460; x_wconf 71' lang='lat' dir='ltr'><strong>avaritia</strong></span> 
     </span>
    </p>
   </div>
   <div class='ocr_carea' id='block_1_118' title="bbox 2209 5466 3688 5555">
    <p class='ocr_par' dir='ltr' id='par_1_118' title="bbox 2209 5466 3688 5555">
     <span class='ocr_line' id='line_1_118' title="bbox 2209 5466 3688 5555; baseline -0.013 -19"><span class='ocrx_word' id='word_1_894' title='bbox 2209 5479 2448 5536; x_wconf 85' lang='lat' dir='ltr'><strong>contenti</strong></span> <span class='ocrx_word' id='word_1_895' title='bbox 2471 5479 2849 5552; x_wconf 67' lang='lat' dir='ltr'><strong>praesentibus.</strong></span> <span class='ocrx_word' id='word_1_896' title='bbox 2863 5499 2881 5532; x_wconf 75' lang='grc' dir='ltr'><strong>ι</strong></span> <span class='ocrx_word' id='word_1_897' title='bbox 2903 5479 3046 5545; x_wconf 92' lang='lat' dir='ltr'><strong>Sint,</strong></span> <span class='ocrx_word' id='word_1_898' title='bbox 3059 5481 3254 5550; x_wconf 88' lang='lat' dir='ltr'><strong>inquit,</strong></span> <span class='ocrx_word' id='word_1_899' title='bbox 3270 5487 3433 5531; x_wconf 88' lang='lat' dir='ltr'><strong>mores</strong></span> <span class='ocrx_word' id='word_1_900' title='bbox 3450 5467 3547 5524; x_wconf 84' lang='lat' dir='ltr'><strong>sine</strong></span> <span class='ocrx_word' id='word_1_901' title='bbox 3562 5466 3688 5555; x_wconf 59' lang='lat' dir='ltr'><strong>3&#39;th</strong></span> 
     </span>
    </p>
   </div>
   <div class='ocr_carea' id='block_1_119' title="bbox 2209 5553 3687 5644">
    <p class='ocr_par' dir='ltr' id='par_1_119' title="bbox 2209 5553 3687 5644">
     <span class='ocr_line' id='line_1_119' title="bbox 2209 5553 3687 5644; baseline -0.014 -19"><span class='ocrx_word' id='word_1_902' title='bbox 2209 5569 2304 5626; x_wconf 87' lang='lat' dir='ltr'><strong>tia.</strong></span> <span class='ocrx_word' id='word_1_903' title='bbox 2327 5571 2444 5628; x_wconf 87' lang='lat' dir='ltr'><strong>Non</strong></span> <span class='ocrx_word' id='word_1_904' title='bbox 2471 5571 2630 5638; x_wconf 76' lang='lat' dir='ltr'><strong>dixit,</strong></span> <span class='ocrx_word' id='word_1_905' title='bbox 2649 5571 2822 5627; x_wconf 81' lang='lat' dir='ltr'><strong>Nolite</strong></span> <span class='ocrx_word' id='word_1_906' title='bbox 2849 5573 3148 5644; x_wconf 87' lang='lat' dir='ltr'><strong>possidere,</strong></span> <span class='ocrx_word' id='word_1_907' title='bbox 3170 5570 3262 5625; x_wconf 89' lang='lat' dir='ltr'><strong>sed</strong></span> <span class='ocrx_word' id='word_1_908' title='bbox 3287 5589 3303 5618; x_wconf 78' lang='grc' dir='ltr'>ι</span> <span class='ocrx_word' id='word_1_909' title='bbox 3337 5566 3435 5620; x_wconf 90' lang='lat' dir='ltr'><strong>sint</strong></span> <span class='ocrx_word' id='word_1_910' title='bbox 3453 5565 3593 5615; x_wconf 77' lang='lat' dir='ltr'><strong>mores</strong></span> 
     </span>
    </p>
   </div>
   <div class='ocr_carea' id='block_1_120' title="bbox 2203 5643 3685 5739">
    <p class='ocr_par' dir='ltr' id='par_1_120' title="bbox 2203 5643 3685 5739">
     <span class='ocr_line' id='line_1_120' title="bbox 2203 5643 3685 5739; baseline -0.012 -20"><span class='ocrx_word' id='word_1_911' title='bbox 2203 5665 2432 5722; x_wconf 85' lang='lat' dir='ltr'><strong>avaritia</strong></span> <span class='ocrx_word' id='word_1_912' title='bbox 2461 5680 2475 5719; x_wconf 89' lang='lat'><strong>:</strong></span> <span class='ocrx_word' id='word_1_913' title='bbox 2499 5685 2518 5718; x_wconf 70' lang='grc' dir='ltr'><strong>ι</strong></span> <span class='ocrx_word' id='word_1_914' title='bbox 2540 5667 2777 5722; x_wconf 88' lang='lat' dir='ltr'><strong>ostendit</strong></span> <span class='ocrx_word' id='word_1_915' title='bbox 2799 5666 3188 5739; x_wconf 89' lang='lat' dir='ltr'><strong>philosophiam</strong></span> <span class='ocrx_word' id='word_1_916' title='bbox 3213 5661 3450 5731; x_wconf 78' lang='lat' dir='ltr'><strong>cujusque</strong></span> <span class='ocrx_word' id='word_1_917' title='bbox 3464 5643 3685 5739; x_wconf 28' lang='lat' dir='ltr'><strong>voluntati“S</strong></span> 
     </span>
    </p>
   </div>
   <div class='ocr_carea' id='block_1_121' title="bbox 2207 5724 3679 5831">
    <p class='ocr_par' dir='ltr' id='par_1_121' title="bbox 2207 5724 3679 5831">
     <span class='ocr_line' id='line_1_121' title="bbox 2207 5724 3679 5831; baseline -0.024 -2"><span class='ocrx_word' id='word_1_918' title='bbox 2207 5755 2638 5829; x_wconf 66' lang='lat' dir='ltr'><strong>[F-OSlendat...</strong></span> <span class='ocrx_word' id='word_1_919' title='bbox 2657 5724 2927 5831; x_wconf 72' lang='lat' dir='ltr'><strong>voluntas]</strong></span> <span class='ocrx_word' id='word_1_920' title='bbox 2958 5777 2967 5811; x_wconf 93' lang='lat'>:</span> <span class='ocrx_word' id='word_1_921' title='bbox 3002 5724 3196 5815; x_wconf 66' lang='lat' dir='ltr'><strong>etenim</strong></span> <span class='ocrx_word' id='word_1_922' title='bbox 3226 5724 3679 5824; x_wconf 41' lang='lat' dir='ltr'><strong>supra—dixeram”</strong></span> 
     </span>
    </p>
   </div>
   <div class='ocr_carea' id='block_1_122' title="bbox 3836 5069 3850 6251">
    <p class='ocr_par' dir='ltr' id='par_1_122' title="bbox 3841 5069 3843 6251">
     <span class='ocr_line' id='line_1_122' title="bbox 3842 5069 3843 5142; baseline 0 0"><span class='ocrx_word' id='word_1_923' title='bbox 3842 5069 3843 5142; x_wconf 68' lang='lat' dir='ltr'><strong>l</strong></span> 
     </span>
     <span class='ocr_line' id='line_1_123' title="bbox 3841 6185 3843 6251; baseline 0 0"><span class='ocrx_word' id='word_1_924' title='bbox 3841 6185 3843 6251; x_wconf 72' lang='lat' dir='ltr'><strong>l</strong></span> 
     </span>
    </p>
   </div>
  </div>
