3972 6336
203 359 312 416 825

670 361 1228 428 ENARRATIONUM
1268 369 1338 427 IN
1371 370 1522 429 EPP.
1563 371 1770 432 PAULI
1804 377 1934 433 LIB.
1973 378 2165 435 XXlX.
2201 411 2272 422 —
2309 325 2380 438 ΙΝ
2415 383 2637 443 EPIST.
2675 387 2768 444 AD
2803 389 3007 448 llEBR.

3364 401 3468 458 826

201 473 1210 574 rapinamsubstantiarumvestrarum
1232 499 1356 541 cum
1378 485 1574 558 gaudio
1597 502 1784 544 susce-
1812 493 1862 552 Α
1891 488 2083 562 inquit,
2141 492 2304 548 variis
2351 502 2408 550 et
2458 497 2612 553 novis
2651 513 2758 555 non
2806 500 3302 574 eircumferamini,
3357 525 3466 566 non

197 559 364 642 pist'is
394 570 584 642 (Hebr.
611 573 667 645 ι)
708 594 726 628 ι
756 575 899 632 unde
924 580 1166 636 ostendit
1199 595 1295 636 eos
1319 596 1428 637 non
1455 595 1577 637 esse
1601 581 1788 636 avari-

197 659 292 714 tiae
313 660 542 717 deditos.
559 659 710 718 Juste
729 678 860 736 ergo
880 680 974 722 eos
991 668 1264 736 admonet,
1277 689 1293 720 ι
1315 678 1370 726 et
1390 668 1783 737 sufﬁcientiam,

195 750 400 822 inquit,
457 751 720 810 habentes
775 759 1140 827 przesentium.
1173 779 1191 812 ι
1246 759 1511 828 Quoniam
1567 761 1786 832 plurimi

192 853 324 913 post
375 845 804 922 exinanitionem
841 851 1268 908 substantiarum
1305 869 1551 921 suarum,
1599 861 1786 925 postea

191 936 426 1006 cupiunt
456 939 556 994 sub
581 940 802 995 obtentu
830 941 1185 1015 eleemosynaa
1225 945 1424 1000 iterum
1459 961 1787 1018 congregare

193 1028 442 1096 divitias,
479 1049 498 1082 ι
539 1041 841 1103 propterea,
883 1036 1076 1106 inquit,
1106 1038 1214 1094 sint
1246 1054 1434 1095 mores
1461 1039 1578 1095 sine
1609 1040 1786 1095 avari-

193 1119 294 1184 tia,
327 1140 347 1173 ι
379 1120 482 1178 hoc
504 1131 608 1191 est,
637 1133 696 1179 ut
731 1125 862 1182 illud
900 1137 1292 1198 exspectemus,
1336 1133 1480 1202 quod
1504 1133 1626 1188 usui
1649 1147 1784 1202 opus

191 1210 365 1268 fuerit
403 1221 460 1270 et
496 1230 595 1286 pro
646 1221 968 1277 necessariis
1012 1230 1221 1278 tantum
1265 1239 1454 1280 curam
1509 1240 1779 1296 geramus.

189 1304 340 1370 Quid
361 1320 493 1376 ergo
519 1307 651 1363 dicit
679 1309 870 1381 aliquis
898 1312 944 1366 si
967 1327 1065 1368 nec
1093 1313 1328 1384 ipsorum
1351 1315 1781 1370 necessariorum

187 1397 356 1454 nobis
381 1399 660 1472 contingat
681 1402 882 1458 habere
903 1391 1160 1478 sull‘ragia
1181 1407 1204 1461 ?
1225 1405 1340 1462 Non
1367 1416 1450 1462 est
1475 1407 1597 1474 hoc,
1621 1407 1782 1464 crede

186 1489 354 1555 mihi,
375 1505 481 1545 non
503 1490 606 1548 hoc
627 1502 760 1548 esu
783 1493 900 1564 Ipse
919 1496 1119 1570 quippe
1138 1496 1304 1552 dixit:
1323 1496 1439 1553 Non
1463 1505 1514 1553 te
1533 1497 1779 1553 deseram

194 1598 216 1630 ε
250 1595 430 1651 neque
474 1583 868 1656 derelinquam,
917 1587 990 1642 ita
1037 1595 1096 1642 ut
1134 1587 1472 1644 conlidenter
1515 1588 1778 1658 dicamus,

193 1689 215 1721 ι
255 1671 521 1730 Dominus
548 1676 680 1732 mihi
709 1675 920 1746 adjutor
960 1687 1064 1745 est,
1098 1695 1206 1735 non
1233 1679 1435 1736 timebo
1463 1679 1590 1750 quid
1618 1680 1782 1736 faciat

191 1783 214 1815 ι
247 1766 384 1822 mihi
409 1767 591 1823 homo.
626 1788 645 1820 ι
689 1769 890 1826 Iterum
922 1771 977 1826 in
1014 1772 1400 1828 tentationibus
1440 1773 1776 1829 consolatio:

1890 581 2063 636 solum
2085 584 2260 650 novis,
2287 586 2382 641 sed
2410 587 2574 642 etiam
2604 591 2790 646 variis.
2818 590 2996 650 Novas
3017 594 3148 650 dicit
3169 596 3467 669 doctrinas,

1889 673 1993 730 hoc
2016 683 2100 731 est
2123 687 2322 746 przeter
2346 695 2481 750 quas
2510 682 2737 738 audistis
2763 699 2793 738 a
2832 687 3011 752 nobis,
3044 687 3148 744 hoc
3177 699 3257 746 est
3285 691 3470 750 multi»

1888 765 2090 824 formes
2111 778 2167 826 et
2197 771 2564 829 multimodas.
2587 773 2732 831 Nihil
2755 778 2898 832 enim
2927 779 3141 836 ﬁrmum
3167 784 3468 853 possident,

1852 860 1980 914 sed
2033 867 2159 916 sunt
2209 862 2634 920 differentiarum
2685 869 2946 924 varietate
2994 872 3355 942 multiplices,
3413 885 3469 932 et

1886 949 2120 1006 maxime
2164 951 2357 1023 dogma
2389 953 2456 1010 de
2497 957 2640 1012 escis
2690 957 2846 1014 valde
2895 970 3109 1017 constat
3152 963 3464 1034 implexum.

1892 1058 1910 1092 ι
1944 1040 2152 1098 Bonum
2200 1052 2286 1100 est
2320 1047 2462 1102 enim
2499 1049 2672 1120 gratia
2719 1051 2948 1106 stabiliri
2997 1068 3109 1118 cor,
3157 1070 3265 1110 non
3305 1058 3465 1125 escis,

1891 1148 1909 1182 ‹
1944 1146 2063 1202 quae
2089 1148 2198 1189 non
2243 1136 2566 1206 profuerunt
2617 1141 3019 1214 ambulantibus
3055 1145 3129 1199 in
3156 1146 3256 1202 eis.
3297 1167 3316 1200 ι
3367 1146 3467 1206 Hic

1882 1223 2214 1292 pedetentim
2262 1241 2356 1284 eos
2385 1229 2670 1300 signiﬁcat,
2716 1233 2807 1302 qui
2837 1248 3085 1292 escarum
3118 1236 3468 1294 introducunt

1881 1313 2332 1373 observationes:
2362 1318 2486 1375 ﬁdei
2539 1323 2746 1393 quippe
2781 1323 3035 1380 universa
3081 1327 3279 1382 munda
3318 1337 3462 1382 sunt.

1883 1403 2015 1460 Fide
2045 1420 2175 1478 ergo
2201 1422 2338 1478 opus
2366 1418 2469 1480 est,
2493 1427 2592 1468 nos
2631 1415 2793 1470 escis.
2827 1415 2948 1470 Istae
2981 1424 3106 1472 sunt
3133 1417 3319 1485 variae,
3351 1417 3468 1474 istae

1882 1509 2056 1561 novae,
2100 1496 2338 1554 maxime
2364 1497 2584 1558 Christo
2611 1501 2824 1559 dicente
2855 1522 2867 1559 :
2906 1523 2925 1556 ι
2960 1504 3074 1561 Non
3118 1506 3261 1577 quod
3302 1509 3468 1563 int-rat

1882 1583 1936 1636 in
1990 1598 2052 1640 os
2106 1585 2422 1655 coinquinat
2475 1590 2786 1660 hominem,
2841 1595 2935 1649 sed
2995 1597 3138 1664 quod
3192 1598 3468 1668 egreditur

1883 1671 2113 1744 (Matth.
2136 1691 2206 1730 xv
2227 1677 2282 1747 ),;
2312 1696 2330 1729 ‹
2359 1686 2412 1733 et
2455 1679 2669 1736 intuere
2713 1682 2861 1738 illum
2901 1699 3008 1738 non
3044 1686 3329 1741 audentem
3365 1687 3468 1744 hoc

1882 1766 2166 1824 manifeste
2201 1768 2410 1837 dicere,
2442 1771 2535 1826 sed
2567 1781 2824 1843 tanquam
2853 1775 2953 1830 sub
2981 1775 3159 1846 aliqua
3190 1777 3466 1849 signiﬁca-

185 1853 311 1924 ipse
338 1857 536 1929 quippe
565 1859 702 1915 dixit
723 1868 777 1915 et
807 1863 1054 1931 protinus
1088 1862 1233 1917 nulla
1261 1863 1471 1918 ratione
1495 1864 1778 1930 mentitur,
1807 1861 1855 1922 B
1885 1857 2048 1913 ῑίοηθ-
2086 1878 2103 1911 ε
2133 1859 2338 1915 Βοηυω
2365 1871 2450 1917 εει
2487 1864 2650 1930 θιιίηι,
2700 1864 2893 1935 inquit,
2936 1869 3106 1939 gratia
3143 1869 3467 1928 conﬁrmare

191 1965 212 1997 ι
247 1950 509 2018 quoniam
537 1966 645 2007 non
673 1960 724 2006 te
757 1953 1182 2024 derelinquam.»
1210 1955 1443 2011 Proinde
1465 1969 1586 2011 cum
1613 1954 1780 2010 conﬁ-

185 2038 378 2092 dentia
401 2055 500 2110 nos
538 2040 718 2096 dicere
740 2057 1043 2113 possumus,
1085 2044 1385 2100 «Dominus
1409 2043 1544 2098 mihi
1568 2042 1781 2113 adjutor

185 2135 296 2194 est,
325 2143 434 2184 non
480 2130 681 2187 timebo
723 2133 849 2202 quid
879 2132 1046 2189 faciat
1073 2135 1205 2190 mihi
1249 2136 1450 2191 homo:
1487 2155 1507 2188 ι
1555 2135 1782 2205 promis-

185 2235 314 2274 sum
342 2221 530 2289 habes,
565 2239 671 2279 non
697 2225 862 2282 debes
897 2220 1192 2282 luesitare':
1219 2227 1334 2298 ipse
1369 2227 1640 2298 promisit,
1671 2243 1780 2283 non

185 2311 458 2385 ambigas.
488 2313 640 2382 Quod
672 2326 856 2372 autem.
875 2317 1028 2384 dicit,
1056 2337 1078 2369 ι
1110 2333 1217 2374 non
1250 2326 1302 2375 te
1329 2319 1721 2390 derelinquam,
1755 2338 1773 2373 ι

185 2418 302 2458 non
349 2405 416 2460 de
462 2406 706 2476 pecuniis
747 2413 958 2461 tantum
999 2408 1172 2474 dicit,
1217 2409 1310 2465 sed
1351 2409 1516 2465 etiam
1559 2410 1627 2465 de
1660 2409 1780 2465 aliis

187 2497 430 2564 cunctis,
483 2517 500 2549 ε
535 2498 1063 2570 Βοῖιύηιιε,,ἰη(ιιιὶι,
1102 2501 1232 2555 mihi
1275 2501 1491 2572 adiutor
1521 2509 1626 2578 est,
1669 2517 1777 2557 non

186 2590 422 2658 timebo,
454 2591 583 2662 quid
604 2591 773 2647 faciat
791 2592 922 2647 mihi
950 2593 1163 2658 homo,»
1189 2602 1248 2648 et
1267 2604 1446 2659 recte;
1476 2594 1580 2649 hoc
1616 2593 1780 2664 igitur

186 2681 362 2736 etiam
397 2698 496 2738 nos
523 2683 576 2738 in
598 2683 866 2739 universis
899 2685 1285 2760 tentationibus
1314 2685 1699 2751 exclamemus,
1726 2695 1782 2740 et

185 2772 366 2827 Deum
414 2773 676 2848 habentes
715 2775 1008 2845 propitium
1062 2776 1292 2830 humana
1338 2776 1519 2832 omnia
1562 2777 1782 2832 irridea-

187 2881 317 2922 mus
353 2885 365 2920 :
398 2866 542 2922 sicut
573 2868 718 2944 enim
751 2869 862 2923 Deo
903 2868 1240 2939 indignante,
1291 2868 1424 2922 nihil
1469 2868 1624 2924 nobis
1661 2884 1781 2939 pro-

188 2957 355 3023 derit,
385 2973 452 3013 ac
477 2957 524 3012 si
559 2960 736 3014 cuncti
765 2959 924 3014 amici
967 2959 1265 3014 consistant
1293 2977 1305 3013 :
1337 2959 1418 3014 sic
1461 2961 1625 3037 etiam
1669 2961 1780 3016 Deo

188 3065 292 3106 nos
321 3050 746 3121 diligentenulla
773 3050 1064 3126 nobiserit
1087 3050 1408 3116 necessitas,
1433 3051 1576 3104 nulla
1605 3051 1778 3116 basio,

183 3161 257 3201 ac
285 3146 330 3202 si
357 3162 461 3202 nos
477 3148 658 3202 cuncti
686 3148 1344 3218 bostilitcrinsequantur,
1372 3165 1390 3196 ‹
1418 3159 1524 3200 non
1556 3145 1776 3211 timebo,

183 3239 388 3310 inquit,
427 3240 554 3308 quid
579 3239 742 3295 faciat
772 3239 904 3312 mihi
940 3239 1120 3296 homo.
1153 3259 1174 3292 ι

266 3350 286 3382 ‹
323 3330 654 3386 Mementote
697 3332 1110 3402 praepositorum
1145 3340 1474 3396 vestrorum,
1509 3329 1601 3400 qui
1628 3329 1781 3386 vobis

195 3443 217 3476 ι
253 3423 428 3479 locuti
451 3433 578 3480 sunt
603 3425 828 3480 verbum
871 3425 987 3491 Dei,
1009 3440 1241 3495 quorum
1275 3424 1549 3480 intuentes
1573 3423 1776 3478 exitum

193 3534 218 3568 σ
255 3516 726 3580 convcrsationis,’
767 3517 1056 3572 imitamini
1113 3515 1294 3572 ﬁdem.
1328 3535 1350 3568 ι
1399 3514 1458 3569 in
1511 3513 1614 3568 hoc
1661 3511 1780 3568 loco

184 3609 360 3664 etiam
389 3609 456 3664 de
484 3607 753 3678 adiutorio
793 3610 846 3664 in
888 3608 1086 3663 fratres
1119 3624 1243 3664 eum
1283 3607 1535 3662 existimo
1578 3605 1778 3670 dicere,

185 3699 302 3754 hoc
326 3707 411 3753 est
433 3698 579 3754 enim
620 3699 767 3770 quod
793 3698 960 3753 dicit:
991 3700 1084 3768 qui
1110 3698 1262 3752 vob's
1303 3696 1468 3750 locuti
1509 3703 1636 3750 sunt
1667 3709 1783 3748 ver-

180 3791 323 3845 bum
382 3788 500 3855 Dei,
548 3805 778 3860 quorum
825 3789 1252 3859 contemplantes
1300 3786 1508 3842 exitum
1551 3799 1781 3841 conver-

185 3878 429 3933 sationis
451 3878 739 3934 imitamini
765 3878 945 3935 lidem.
979 3898 996 3930 ι
1030 3878 1169 3946 Quid
1199 3885 1282 3932 est
1314 3874 1783 3945 contemplantes?

185 3973 396 4042 sapius
421 3973 604 4028 animo
627 3981 930 4038 versantes,
947 3981 1002 4029 et
1027 3972 1168 4042 apud
1196 3969 1553 4039 vosmetipsos
1582 3967 1784 4023 exami-

184 4074 411 4132 nantes,
429 4068 839 4124 considerantes
864 4068 1157 4132 subtiliter,
1176 4065 1556 4129 diseutientes,
1585 4061 1776 4132 inquit,

185 4163 403 4218 exitum
428 4161 988 4226 converSationis,ltoc
1009 4169 1093 4216 est
1115 4157 1575 4231 perseverantiam
1611 4169 1782 4225 usque

189 4256 252 4310 in
283 4254 482 4320 ﬁnem,
513 4253 771 4324 quoniam
803 4254 964 4307 hncm
990 4252 1191 4306 bonum
1223 4248 1411 4305 habuit
1435 4262 1622 4303 eorum
1658 4260 1786 4301 con-

183 4351 452 4406 versatio.
485 4350 781 4414 lntuentes,
825 4349 1020 4418 inquit,
1059 4363 1244 4404 eorum
1272 4347 1456 4410 vitam,
1497 4343 1780 4399 imitamini

187 4441 358 4496 ﬁdem
391 4458 404 4494 :
442 4455 510 4495 ex
539 4440 671 4494 'vita
720 4434 921 4494 munda
972 4437 1126 4493 ﬁdes.
1158 4437 1318 4492 Fides
1361 4434 1674 4490 ﬁrmitatem
1705 4433 1784 4488 di-

183 4533 290 4587 cit.
341 4531 661 4599 Quomodo?
716 4530 971 4601 quoniam
1013 4528 1242 4585 credunt
1273 4529 1338 4583 de
1383 4521 1623 4582 futuris:
1674 4539 1780 4579 non

184 4622 343 4677 enim
379 4615 731 4678 ostenderent
760 4621 928 4675 vitam
954 4620 1252 4684 mundam,
1285 4618 1331 4673 si
1380 4617 1692 4672 luesilarent
1715 4613 1783 4668 de

181 4715 414 4772 futuris.
452 4733 470 4767 ι
504 4714 662 4771 Iesus
709 4713 958 4770 Christus
997 4711 1115 4766 heri
1146 4718 1202 4766 et
1230 4709 1412 4775 hodie,
1461 4708 1574 4778 ipse
1604 4707 1658 4762 in
1686 4722 1785 4762 sce-

185 4807 318 4864 cula
350 4808 693 4864 saeculorum.
725 4827 744 4860 ›
785 4805 913 4861 Heri
953 4820 1116 4862 omne
1155 4803 1488 4875 prteteritum
1519 4801 1786 4872 significat

186 4910 455 4970 tempus,
513 4900 669 4955 hodie
718 4914 998 4970 praesens,
1057 4895 1308 4952 surculum
1361 4908 1492 4948 vero
1543 4892 1783 4947 futurum

187 4993 318 5048 sine
351 4992 606 5056 termino,
647 5001 905 5061 tanquam
943 4989 989 5044 si
1019 4989 1262 5044 diceret:
1296 4983 1524 5040 audistis
1569 4982 1783 5054 pontiﬁ-

184 5099 338 5149 cem,
371 5082 465 5138 sed
493 5098 600 5138 non
641 5081 972 5152 pontificem,
1021 5080 1112 5150 qui
1142 5079 1353 5134 desinat
1382 5090 1522 5143 esse,
1573 5089 1787 5145 semper

185 5177 345 5231 idem
381 5174 498 5245 ipse
525 5184 627 5230 est.
647 5172 823 5228 Veluti
855 5173 898 5227 si
922 5179 1104 5228 essent
1143 5169 1365 5240 quidam
1397 5169 1488 5239 qui
1516 5168 1783 5232 dicerent,

189 5265 460 5338 quoniam
509 5281 615 5320 nou
643 5272 744 5330 est,
789 5264 882 5320 sed
929 5263 1069 5318 alter
1117 5271 1377 5316 venturus
1418 5267 1541 5326 est;
1571 5258 1640 5314 ad
1683 5259 1787 5314 hoc

188 5357 504 5428 respondit,
547 5358 826 5427 quoniam,
854 5355 946 5427 qui
979 5354 1081 5410 fuit
1103 5354 1218 5410 heri
1242 5394 1257 5420 ,
1294 5355 1408 5424 ipse
1436 5353 1600 5408 etiam
1627 5351 1786 5407 hodie

187 5457 253 5504 ct
288 5449 343 5503 in
376 5449 632 5504 saeculum
661 5466 672 5502 :
703 5463 828 5503 nam
861 5447 1126 5518 hodieque
1173 5444 1343 5499 Judazi
1391 5444 1576 5499 dicunt
1620 5441 1783 5496 alium

191 5557 326 5598 esse
342 5550 630 5597 venturum
653 5559 666 5607 ;
691 5547 941 5612 expertes
968 5539 1289 5608 semetipsos
1310 5537 1378 5591 ab
1405 5551 1470 5591 eo
1497 5534 1786 5590 reddentes

192 5635 291 5705 qui
319 5651 480 5690 verus
503 5643 584 5691 cst
621 5634 886 5707 pontifex,
909 5633 1316 5690 declinaverunt
1347 5631 1400 5685 in
1440 5643 1701 5693 errorem,
1733 5635 1791 5681 ut

198 5727 599 5784 Antichristum
657 5735 908 5798 putarent
941 5741 1062 5782 csse
1118 5732 1426 5780 venturum.
1469 5741 1485 5771 ‹
1521 5720 1792 5776 Doctrinis

210 5839 231 5875 σ
271 5821 442 5877 variis
493 5830 541 5876 ct
593 5821 892 5892 peregrinis
948 5819 1109 5876 nolite
1161 5816 1371 5871 abduci.
1406 5835 1424 5868 ›
1485 5812 1790 5874 Doctriuis,

1880 1965 1998 2019 cor,
2026 1967 2132 2008 non
2161 1953 2320 2009 escis.
2344 1973 2363 2006 ι
2391 1954 2585 2010 Totum
2604 1956 2748 2012 enim
2777 1957 2836 2012 in
2870 1957 2975 2015 ﬁde
3007 1971 3240 2028 constat,
3281 1963 3324 2018 si
3351 1964 3467 2034 ipsa

1881 2041 2150 2111 ﬁrmetur,
2202 2039 2298 2100 cor
2339 2061 2554 2117 quoque
2605 2050 2870 2109 munitum
2915 2052 3038 2106 erit.
3093 2051 3252 2109 Fides
3303 2054 3467 2126 igitur

1881 2145 2076 2193 cuncta
2100 2135 2406 2205 confirmat,
2431 2141 2782 2210 cogitationes
2822 2152 3003 2198 autem
3031 2143 3192 2211 varia-3
3217 2159 3462 2199 commo-

1880 2237 2028 2295 vent,
2057 2229 2330 2284 contraria
2353 2231 2551 2302 quippe
2583 2243 2668 2288 est
2701 2232 2834 2288 ﬁdes
2881 2235 3100 2305 vaganti
3129 2235 3462 2306 cogitationi.

1886 2319 1990 2373 ¢.ln
2013 2319 2208 2390 quibus
2247 2321 2334 2375 his
2361 2322 2453 2391 qui
2489 2322 2921 2390 ambulaverunt,
2951 2324 3145 2393 inquit,
3170 2324 3302 2379 nihil
3333 2325 3466 2380 utile

1878 2413 2158 2482 provenit:
2189 2433 2210 2469 ι
2241 2415 2384 2484 quod
2413 2415 2559 2470 enim
2581 2415 2789 2471 lucrum
2811 2423 2916 2481 est,
2937 2431 3171 2488 rogo,ex
3199 2417 3463 2472 observa-

1882 2503 2156 2559 tionibus?
2203 2519 2382 2560 nonne
2426 2505 2744 2562 interimunt
2791 2507 3000 2578 magis?
3044 2523 3226 2562 nonne
3280 2507 3468 2576 hujus-

1880 2593 2022 2648 modi
2067 2593 2340 2650 hominem
2387 2593 2486 2650 sub
2519 2606 2744 2666 peccato
2774 2596 3143 2652 constituunt?
3183 2597 3286 2652 hoc
3319 2597 3465 2653 enim

1880 2684 2154 2740 custodire
2181 2687 2364 2755 potius
2391 2696 2494 2742 est.
2518 2707 2535 2738 ι
2561 2688 2620 2742 In
2645 2688 2864 2758 quibus,
2888 2688 3084 2758 inquit,
3105 2689 3196 2758 qui
3227 2689 3467 2744 ambula-

1879 2784 2101 2842 verunt,
2127 2778 2261 2844 nihil
2288 2778 2595 2833 habuerunt
2630 2779 2906 2844 utilitatis,
2941 2781 3049 2835 hoc
3073 2787 3177 2844 est,
3205 2779 3297 2851 qui
3324 2795 3466 2836 sem-

1879 2881 1978 2935 per
2021 2864 2123 2920 ista
2165 2864 2496 2921 custodiunt.
2529 2866 2644 2936 Una
2690 2881 2924 2937 namque
2965 2875 3052 2921 est
3094 2866 3463 2932 observantia,

1881 2954 2155 3012 abstinere
2200 2947 2458 3010 videlicet
2505 2971 2540 3010 a
2574 2965 2818 3025 peccato.
2875 2955 3014 3023 Quid
3056 2956 3199 3010 enim
3242 2958 3467 3026 prodest

1881 3047 2154 3102 abstinere
2191 3061 2221 3101 a
2258 3046 2413 3113 cibis,
2439 3048 2567 3105 dum
2597 3047 2760 3102 etiam
2793 3047 3010 3117 quidam
3040 3047 3094 3102 in
3123 3055 3328 3102 tantum
3357 3046 3469 3102 sint

1881 3136 2158 3201 vecordes,
2210 3143 2270 3189 ut
2315 3135 2476 3190 etiam
2531 3136 2598 3190 de
2648 3135 2931 3190 sacriﬁciis
2980 3135 3294 3206 participari
3355 3151 3465 3190 non
3543 3209 3548 3212 _

1884 3225 2137 3282 valeant?
2167 3224 2404 3281 Proinde
2445 3225 2580 3280 nihil
2619 3241 2712 3281 eos
2761 3225 3007 3290 salvavit,
3058 3225 3187 3281 licet
3229 3226 3467 3282 studium

1883 3327 2134 3389 gererent
2187 3317 2332 3372 circa
2381 3316 2752 3388 hujuscemodi
2800 3315 3236 3386 observationes,
3278 3331 3466 3371 verme

1882 3411 2010 3480 quia
2053 3409 2212 3464 ﬁdem
2251 3423 2358 3463 non
2395 3408 2718 3471 habuerunt,
2743 3408 2878 3479 nihil
2925 3407 3034 3463 illis
3078 3406 3280 3478 profuit
3312 3421 3467 3462 esca—

1855 3516 2002 3562 ,rum
2037 3501 2128 3555 illa
2166 3500 2428 3555 custodia.
2460 3517 2478 3550 ι
2515 3497 2787 3554 Habemus
2823 3499 3018 3565 altare,
3061 3501 3127 3554 de
3159 3513 3267 3568 quo
3303 3499 3466 3554 edere

1891 3613 1908 3646 ι
1949 3608 2063 3648 non
2110 3593 2311 3647 habent
2347 3600 2693 3662 potestatem,
2750 3591 2840 3660 qui
2889 3589 3238 3646 tabernaculo
3269 3590 3457 3646 deser-

1891 3703 1911 3738 .(
1941 3686 2112 3738 vinnt.
2152 3704 2172 3736 ι
2202 3684 2318 3738 Non
2362 3684 2515 3738 enim
2538 3682 2720 3752 qualia
2756 3690 2882 3746 sunt
2914 3682 3054 3752 apud
3091 3680 3306 3736 Judaeos
3331 3721 3347 3746 ,
3379 3689 3459 3734 ta-

1886 3777 1956 3832 lia
2002 3777 2164 3832 etiam
2211 3784 2395 3830 nostra
2445 3783 2605 3838 sunt,
2655 3775 2732 3828 ita
2767 3783 2824 3827 ut
2861 3789 2962 3828 nec
3010 3771 3254 3840 pontiﬁci
3301 3769 3460 3824 liceat

1885 3885 1952 3927 ex
1993 3872 2078 3927 his
2125 3865 2439 3940 participem
2481 3869 2619 3924 ﬁeri.
2666 3867 2900 3923 Proinde
2935 3867 3192 3937 quoniam
3233 3866 3464 3928 dixerat,

1886 3963 2054 4019 nolite
2071 3963 2186 4017 haec
2213 3961 2510 4026 custodire,
2543 3975 2612 4014 ne
2637 3967 2818 4030 posset
2844 3958 3020 4028 putari
3047 3972 3142 4010 sua
3170 3956 3463 4018 destruere,

1887 4055 2081 4111 merito
2110 4056 2307 4108 iterum
2343 4053 2518 4121 ipsum
2560 4059 2762 4115 versat,
2813 4064 2930 4113 nos,
2981 4048 3172 4116 inquit,
3213 4045 3338 4099 talia
3376 4060 3468 4099 cu-

1886 4147 2148 4204 stodimus
2169 4185 2184 4208 ,
2226 4143 2561 4198 custodimus
2600 4141 2744 4196 enim
2786 4149 2840 4195 ct
2869 4136 3260 4200 vehementius,
3293 4148 3465 4204 neque

1886 4237 2017 4308 ipsis
2041 4233 2413 4291 sacerdotibus
2439 4247 2507 4286 ex
2540 4231 2626 4288 his
2648 4229 2988 4300 aliquatenus
3021 4228 3228 4282 dantes.
3265 4223 3464 4278 Deinde

1886 4331 2066 4388 aufert
2108 4345 2140 4384 a
2179 4328 2367 4397 ﬁguris
2411 4325 2736 4383 sacriﬁcium
2784 4331 2839 4378 ct
2879 4323 2946 4376 ad
2975 4319 3324 4392 principalem
3354 4315 3464 4371 for-

1887 4441 2031 4481 mam
2074 4436 2380 4480 sermonem
2426 4418 2822 4488 suumredigit
2868 4417 3054 4471 dicens
3100 4432 3112 4467 :
3161 4431 3179 4464 ι
3229 4413 3465 4480 Quorum

1895 4539 1912 4572 ι
1949 4519 2095 4574 enim
2137 4515 2452 4571 animalium
2497 4511 2728 4568 infertur
2769 4508 2992 4579 sanguis
3028 4519 3126 4575 pro
3149 4511 3367 4575 peccato
3401 4499 3464 4564 in

1894 4632 1911 4663 ‹
1943 4619 2129 4668 sancta
2163 4623 2260 4679 per
2290 4605 2632 4678 pontiﬁcem,
2674 4605 2866 4658 horum
2894 4614 3123 4669 corpora
3159 4601 3466 4652 cremantur

1893 4722 1910 4754 ε
1947 4711 2102 4758 extra
2126 4709 2326 4756 castra.
2361 4718 2378 4750 ι
2406 4697 2497 4752 llla
2523 4697 2705 4766 itaque
2734 4703 2890 4764 typus
2909 4697 3070 4746 erant
3091 4689 3332 4750 istorum,
3361 4683 3464 4738 etsi

1887 4802 2083 4851 cuncta
2125 4791 2372 4847 Christus
2420 4788 2643 4858 Inplevit
2681 4785 2811 4840 foris
2839 4785 3112 4840 sustinens
3139 4778 3460 4851 passionem.

1889 4885 1946 4939 lu
1972 4885 2075 4939 hoc
2102 4883 2266 4938 etiam
2289 4880 2420 4935 illud
2448 4878 2734 4949 signiﬁcat,
2767 4874 2910 4946 quod
2939 4881 3130 4944 sponte
3153 4870 3262 4941 pati
3284 4869 3465 4939 digna-

1891 4989 1978 5035 tus
2015 4949 2440 5043 estfostendcns
2473 4971 2727 5042 quoniam
2759 4969 2848 5023 illa
2877 4982 2985 5022 non
3018 4974 3174 5020 erant
3210 4959 3465 5032 simplici-

1889 5083 1972 5126 ter
1993 5069 2259 5131 instituta,
2283 5064 2377 5119 sed
2398 5062 2525 5132 quia
2547 5061 2713 5116 etiam
2735 5058 2824 5113 illa
2852 5055 3181 5127 dispensatio
3205 5048 3466 5122 passionis

1889 5158 2048 5228 hujus
2081 5163 2200 5211 erat
2233 5150 2577 5223 signiﬁcatio.
2615 5169 2632 5200 ε
2675 5148 2903 5218 Propter
2936 5145 3078 5216 quod
3109 5153 3162 5200 et
3191 5140 3376 5205 Iesus,
3408 5147 3466 5194 ut

1894 5266 1913 5301 ί
1951 5245 2315 5304 sanctiﬁcaret
2347 5257 2444 5313 per
2479 5256 2636 5296 suum
2675 5239 2989 5314 sanguinem
3027 5233 3277 5307 p0pulum
3310 5239 3463 5284 extra

1895 5364 1910 5394 ε
1947 5348 2156 5412 portam
2199 5353 2389 5410 passus
2427 5342 2532 5391 est.
2580 5335 2846 5389 Exeamus
2884 5331 3046 5403 igitur
3073 5329 3140 5384 ad
3165 5340 3282 5383 eum
3308 5330 3465 5378 extra

1897 5454 1914 5486 ι
1954 5442 2131 5490 castra
2162 5429 2547 5503 impropcrium
2577 5425 2694 5497 ejus
2718 5435 3000 5496 portantes
3031 5441 3044 5478 :
3080 5437 3183 5478 non
3206 5418 3345 5474 enim
3374 5415 3466 5470 ha-

1899 5551 1916 5582 c
1953 5531 2141 5585 bemus
2167 5527 2255 5582 hic
2293 5533 2603 5580 manentem
2643 5524 2946 5587 civitatem,
2992 5520 3084 5576 sed
3119 5517 3346 5572 futuram
3383 5513 3467 5565 in-

1897 5643 1913 5673 ε
1950 5621 2233 5693 quirimus.
2289 5637 2306 5669 ο
2349 5619 2511 5674 \‘idcs
2550 5617 2777 5687 ﬁguram
2821 5629 3018 5685 magno
3048 5607 3325 5682 splendore
3364 5601 3466 5660 ful-

1895 5713 2142 5786 gentem?
2171 5712 2276 5768 Pro
2319 5710 2572 5783 peccatis,
2606 5709 2802 5779 inquit,
2844 5715 2998 5763 extra
3043 5711 3248 5774 porum
3271 5709 3466 5767 passus

1898 5817 2008 5874 cst;
2048 5826 2064 5856 ι
2091 5807 2431 5877 egrediantur
2473 5804 2632 5873 igitur
2659 5803 2874 5857 adeunt
2902 5804 3178 5868 portantes
3205 5790 3464 5859 imprope.
