3972 6336
600 383 703 440 89.7

1218 370 1278 424 Β.
1319 366 1571 424 RABANI
1613 359 1830 419 MA'URl
1865 357 2182 415 ARClllEP.
2223 355 2532 412 MOGUNT.
2573 351 2859 410 OPERUM
2897 351 3078 409 PARS
3109 351 3194 408 ιιι.
3671 362 3740 424 3g

603 495 744 553 rium
769 490 938 562 eius”
961 489 1066 543 hoc
1086 495 1189 550 est,
1207 484 1396 538 eadem
1428 481 1542 550 ipsa
1570 476 1934 550 perpatientes
1962 486 2016 529 et
2045 487 2192 529 com-
2217 472 2266 532 A
2299 489 2318 520 ι
2351 467 2746 562 communionis
2778 464 3240 562 nolite_ohlivisci.
3272 464 3448 562 talibus
3461 469 3597 562 enim
3609 472 3742 538 hostiis

602 579 1000 643 niunicantcsei
1029 579 1082 632 in
1110 574 1472 647 passionibus,
1499 572 1588 641 qui
1617 570 2032 633 condemnatus,
2056 582 2185 622 cru-

606 677 807 735 cilixus
829 681 911 727 est
933 670 1062 725 foris
1082 710 1096 734 ,
1126 667 1254 721 foris
1276 665 1476 735 quippe
1509 676 1700 732 passus
1731 655 1814 714 est
1831 699 1845 724 ,
1877 658 1972 713 sed
1995 656 2062 711 ad
2080 669 2190 712 coe—

605 767 719 823 lum
749 761 968 831 sanguis
1019 759 1262 815 sublatus
1307 763 1408 810 est.
1457 752 1687 809 intueris
1731 751 1896 821 igitur
1933 749 2190 820 quoniam

607 854 928 925 sanguinem
952 849 1363 921 participamur,
1395 844 1486 914 qui
1513 844 1741 898 infertur
1768 843 1822 896 in
1849 848 2056 905 sancta,
2095 838 2190 894 sed

609 954 796 1001 sancta
825 942 1062 998 veracia.
1102 938 1210 993 Nos
1249 938 1415 1007 igitur
1454 935 1738 990 veritatem
1779 932 2186 1001 participamur.

611 1036 668 1091 Si
705 1049 835 1104 ergo
882 1047 988 1086 non
1021 1028 1403 1100 improperium
1425 1068 1440 1094 ,
1473 1026 1566 1081 sed
1595 1025 1772 1096 potius
1805 1021 2194 1077 sanctificatio-

609 1139 734 1180 nem
749 1121 1156 1193 participamur,
1183 1115 1570 1188 impropcrium
1596 1113 1725 1168 illud
1753 1111 2194 1166 sanctificationis

609 1222 694 1270 est
723 1227 884 1268 causa
916 1230 928 1266 :
959 1211 1100 1266 sicut
1144 1209 1289 1264 enim
1335 1208 1448 1277 ipse
1495 1203 1878 1275 improperium
1913 1201 2190 1265 sustinuit,

611 1305 691 1360 sic
725 1304 890 1358 etiam
930 1316 1049 1356 nos.
1092 1299 1324 1354 Proinde
1355 1297 1398 1352 si
1440 1295 1770 1366 egredimur,
1812 1294 2196 1365 participantur

612 1410 734 1450 cuin
763 1409 845 1448 eo.
879 1391 1020 1460 Quid
1051 1399 1231 1446 autem
1259 1399 1342 1444 est
1371 1389 1512 1458 quod
1538 1387 1690 1451 dicit,
1719 1404 1737 1437 ε
1766 1386 2108 1456 egrediantur
2127 1384 2195 1440 ad

613 1486 762 1540 illum
779 1487 801 1539 ?
821 1506 839 1536 ι
865 1483 1128 1539 Videlicet
1160 1481 1624 1538 communicemus
1650 1493 1770 1532 cum
1805 1492 1869 1532 eo
1894 1477 2193 1547 passiones,

617 1588 896 1649 portemus
943 1577 1060 1648 ejus
1108 1574 1432 1646 impropcria
1481 1591 1494 1626 :
1539 1587 1645 1626 non
1689 1569 1833 1626 enim
1879 1569 2197 1640 simpliciter

614 1679 768 1723 extra
816 1675 1028 1738 portam
1071 1665 1384 1720 conversari
1423 1679 1522 1718 nos
1563 1661 1745 1731 jussit,
1791 1659 1885 1716 sed
1930 1661 2069 1716 sicut
2106 1659 2195 1715 ille

615 1758 943 1829 impropcria
991 1755 1311 1819 sustinebat,
1353 1754 1510 1809 sicuti
1545 1753 1934 1808 condemnatus
1971 1759 2086 1817 est,
2117 1751 2193 1806 sic

2296 579 2316 613 ι
2348 569 2694 633 promeretur
2713 560 2874 615 Deus.
2898 577 2917 612 ι
2950 556 3065 614 Νοη
3095 559 3433 629 pmsentibus
3455 557 3744 629 fratribuslm

2290 654 2548 709 denuntio
2577 660 2808 717 tantum,
2836 651 3211 707 verum-etiam
3236 650 3532 709 absentibus.
3549 655 3593 710 Si
3623 669 3740 718 autem

2292 744 2380 798 alii
2420 753 2634 799 vestras
2671 755 2898 812 rapuere
2927 741 3280 808 substantias,
3323 750 3484 799 tamen
3512 759 3566 798 ex
3586 747 3649 804 his
3664 766 3742 819 qua

2289 837 2503 892 habetis
2528 837 2912 906 hospitalitatis
2946 853 3084 907 opus
3110 837 3388 904 ostendite,
3419 839 3595 908 qualem
3627 844 3744 913 itaque

2291 927 2694 982 excusationem
2716 941 2816 982 nos
2838 927 3176 991 habebimus,
3195 942 3312 982 cum
3325 927 3568 985 audiamus
3580 931 3744 990 taliadici

2292 1018 2399 1085 his,
2429 1033 2566 1088 quos
2589 1019 2831 1090 rapinam
2857 1019 3283 1074 substantiarum
3307 1035 3504 1074 suarum
3524 1024 3746 1080 sustinuisti

2293 1123 2391 1163 con
2399 1109 2610 1163 stabat?
2631 1116 2686 1164 et
2701 1125 2804 1164 non
2818 1109 2954 1164 dixit
2969 1109 3122 1179 hospi
3132 1109 3454 1176 talitatis,sed
3468 1115 3627 1170 amoris
3636 1117 3748 1186 hospi-

2295 1201 2538 1266 talitatis,
2559 1202 2701 1271 quod
2722 1202 2775 1256 in
2798 1201 2989 1257 Graeco
3012 1197 3315 1257 distinctius
3337 1203 3746 1278 invenitur,nonpo-

2294 1293 2400 1348 suit
2420 1291 2884 1363 ξενοδοχίαν,ῳιοὰ
2908 1291 3179 1362 signiﬁcat
3206 1291 3602 1362 hospitalitatem,
3623 1297 3747 1370 sedn-

2293 1385 2531 1449 λοξινίαν,
2547 1385 2691 1454 quod
2705 1383 2946 1439 amorem
2961 1383 3343 1455 hospitalitatis
3357 1385 3750 1456 insinuat,taaquan

2294 1477 2338 1531 si
2353 1475 2754 1540 diceret,Nolite
2766 1476 3082 1546 simpliciter
3096 1475 3334 1546 hospites
3347 1477 3748 1545 suscipere,sedm

2294 1581 2478 1630 amore
2498 1567 2602 1622 hoc
2621 1573 2676 1622 et
2699 1567 2966 1622 eharitate
2981 1566 3166 1636 perlici
3176 1575 3262 1632 te;
3281 1575 3332 1622 et
3351 1581 3449 1622 non
3469 1567 3581 1621 dixit
3598 1568 3748 1622 futuram

2293 1665 2350 1710 et
2372 1656 2663 1727 repositam
2677 1657 2828 1712 vobis
2848 1656 3279 1722 retributionem,
3307 1671 3467 1712 neces
3496 1657 3645 1712 iterum
3662 1660 3752 1728 supi-

2295 1747 2477 1803 niores
2545 1748 2801 1813 eiliceret,
2853 1749 2947 1804 sed
2989 1747 3105 1817 jam
3163 1749 3469 1803 retributum
3511 1763 3607 1803 esse
3642 1749 3747 1804 dicit:

613 1851 777 1905 etiam
807 1865 924 1904 nos.
955 1845 1160 1919 (Greg.)
1189 1846 1416 1917 Propter
1437 1845 1537 1900 hoc
1560 1845 1757 1914 quippe
1781 1844 2088 1898 incarnatus
2112 1851 2196 1898 est
2222 1833 2268 1891 Β
2301 1857 2318 1889 ι
2342 1838 2448 1893 Per
2468 1839 2609 1894 hanc
2633 1840 2798 1905 enim,
2825 1840 3020 1910 inquit,
3037 1840 3312 1894 latuerunt
3330 1839 3525 1907 quidam
3543 1840 3588 1894 in
3600 1841 3750 1911 hospitio

613 1941 776 2005 Deus,
821 1947 878 1994 ut
923 1953 1022 1994 nos
1063 1937 1431 1992 introduceret
1470 1936 1536 1990 ad
1584 1933 1765 2001 iidem,
1807 1943 1862 1990 et
1893 1934 2090 1990 educat
2127 1933 2194 1989 ad

615 2033 848 2102 speciem
885 2032 1113 2086 visionis
1141 2047 1274 2086 suae.
1305 2029 1458 2086 Unde
1487 2031 1539 2086 in
1565 2037 1753 2085 sancto
1778 2042 1994 2099 quoque
2015 2028 2194 2082 Evan-

615 2125 752 2195 gelio
795 2124 1036 2195 loquitur
1081 2123 1268 2178 dicens
1295 2165 1307 2177 .
1353 2141 1370 2173 ι
1416 2122 1520 2177 Per
1548 2137 1634 2177 me
1673 2123 1718 2177 si
1745 2122 1867 2192 quis
1905 2119 2192 2186 introierit,

615 2215 937 2282 salvahitur,
991 2223 1046 2271 et
1093 2215 1431 2287 ingredietur
1461 2223 1518 2269 et
1545 2213 1878 2284 egredietur,
1903 2219 1958 2268 et
1995 2224 2195 2282 pascua

615 2307 853 2364 inveniet
878 2307 1060 2380 (Joan.
1094 2295 1184 2380 ς),
1221 2329 1238 2360 ι
1275 2308 1608 2380 ingredietur
1634 2305 1884 2361 videlicet
1919 2305 1986 2360 ad
2011 2305 2194 2369 fidem,

615 2400 923 2469 egredietur
959 2407 1138 2454 autem
1167 2400 1236 2454 ad
1269 2399 1504 2469 speciem
1530 2439 1545 2463 ,
1583 2412 1780 2466 pascua
1807 2409 1936 2450 vero
1963 2395 2198 2449 inveniet

619 2489 672 2542 in
697 2497 896 2542 :etcrna
925 2489 1193 2543 satietate.
1221 2489 1359 2543 Hinc
1384 2489 1548 2543 etiam
1570 2485 1857 2541 Psalmista
1888 2485 1964 2539 ait
1989 2502 2003 2540 :
2036 2504 2054 2536 ε
2089 2486 2196 2540 Do-

619 2578 800 2633 minus
845 2579 1108 2632 custodiat
1163 2579 1439 2633 introitum
1496 2587 1646 2632 tuum
1695 2583 1749 2631 et
1799 2576 2002 2630 exitum
2051 2582 2198 2630 tuum

619 2665 791 2737 (Psal.
828 2667 980 2738 cxx).
1013 2687 1032 2721 ι
1061 2667 1308 2722 Custodit
1329 2668 1471 2724 enim
1498 2667 1756 2722 Dominus
1782 2663 2201 2735 uniuscujusque

619 2759 814 2814 anima:
857 2759 1160 2827 introitum,
1189 2775 1298 2830 quo
1323 2761 1488 2814 intrat
1516 2760 1582 2815 ad
1609 2759 1765 2815 fidem
1801 2777 1812 2812 :
1839 2758 2044 2813 exitum
2071 2772 2202 2828 quo-

622 2865 760 2920 que,
791 2865 900 2920 quo
929 2851 1044 2905 exit
1074 2851 1142 2905 ad
1167 2851 1399 2921 speciem
1419 2892 1435 2917 ,
1473 2858 1534 2904 ut
1568 2865 1742 2920 neque
1772 2850 1982 2904 intrans
2015 2847 2202 2903 Eccle-

622 2937 758 2993 siam
785 2939 1064 2994 erroribus
1093 2938 1552 3009 supplantaretur,
1573 2954 1750 3009 neque
1772 2939 1841 2993 ab
1869 2940 1970 2994 hac
1997 2946 2202 3008 tempo-

624 3029 725 3084 rali
755 3029 822 3082 ad
851 3037 1112 3086 aeternam
1141 3031 1352 3096 exiens,
1378 3031 1445 3086 ab
1471 3030 1694 3100 antiquo
1739 3031 1894 3085 hoste
1938 3029 2199 3100 rapiatur.

622 3122 850 3191 Propter
875 3123 1018 3178 hunc
1041 3137 1172 3178 vero
1198 3137 1475 3195 egressum
1500 3130 1768 3185 nostrum,
1784 3136 1942 3191 quem
1965 3119 2203 3190 quotidie
2221 3161 2224 3164 .
2242 3189 2273 3195 _
2306 3133 2448 3182 mus,
2476 3117 2670 3188 inquit,
2707 3119 2752 3174 si
2775 3119 2916 3176 sicut
2935 3127 3154 3190 oportet
3177 3119 3437 3175 nescimus
3459 3117 3602 3189 (Rom.
3632 3112 3752 3181 γεω.»
3834 3106 3844 3120 '

2297 1930 2622 1999 recipientes
2648 1929 2884 2001 angelos.
2917 1949 2935 1982 ι
2958 1961 3029 1971 -
3056 1948 3075 1981 ‹
3101 1929 3342 1994 Talibus,
3371 1930 3542 2000 inquit,
3565 1931 3750 1985 sacriﬁciis

2296 2021 2540 2092 placatur
2565 2022 2760 2077 Deus.»
2789 2022 2988 2078 Demus
3018 2022 3094 2076 illi
3134 2021 3294 2077 talem
3325 2023 3550 2086 hostiam,
3583 2031 3626 2076 ut
3651 2023 3752 2076 etiam

2297 2112 2411 2184 ipse
2463 2125 2581 2167 eam
2617 2111 2820 2168 'oil‘erat
2849 2112 3030 2179 Patri;
3077 2113 3242 2168 aliter
3279 2122 3444 2168 autem
3480 2130 3570 2168 non
3605 2113 3748 2168 oﬂerttr

2297 2204 2400 2260 nisi
2425 2219 2523 2274 per
2547 2195 2763 2271 Filium,
2781 2205 2954 2275 magis
2979 2212 3164 2260 autem
3192 2206 3351 2261 etiam
3373 2219 3460 2276 per
3485 2213 3664 2261 mentem
3679 2218 3755 2258 con-

2299 2292 2505 2347 tritam.
2530 2293 2720 2349 Omnia
2753 2294 2868 2349 liaec
2896 2303 3120 2365 propter
3145 2293 3417 2358 infirmos;
3443 2309 3549 2348 nam
3568 2295 3659 2364 quia
3677 2293 3749 2348 Filii

2298 2391 2384 2439 est
2413 2385 2608 2454 gratia,
2637 2385 2982 2440 manifestum
3007 2394 3125 2454 est;
3153 2387 3385 2457 alioquin
3409 2387 3630 2456 quomodo
3649 2387 3754 2439 honor

2300 2477 2376 2532 illi
2412 2477 2636 2548 aequalis
2682 2478 2808 2533 est?
2837 2497 2855 2529 ι
2898 2476 2968 2532 Ut
3005 2493 3230 2543 omnes,
3285 2478 3466 2548 inquit,
3505 2475 3751 2534 honoriﬁoent

2299 2568 2520 2634 Filium,
2556 2569 2698 2624 sicut
2738 2569 3102 2625 honorificam
3135 2569 3348 2626 Patrem
3374 2569 3533 2640 (Joan.
3567 2570 3662 2636 v).t
3693 2565 3752 2620 [Titi

2300 2668 2383 2714 est
2407 2673 2537 2728 ergo
2557 2660 2731 2714 honor
2749 2659 2988 2730 aequalis,
3015 2661 3062 2715 si
3079 2659 3274 2716 similis
3296 2675 3396 2714 non
3415 2660 3515 2715 est?
3542 2657 3752 2716 tFructum.

2302 2751 2498 2820 inquit,
2524 2749 2787 2806 labiorum
2820 2751 3202 2808 conﬁtentium
3228 2752 3424 2808 nomini
3447 2749 3560 2818 ejus.
3590 2769 3604 2800 ι
3629 2747 3751 2803 Omni:

2302 2841 2593 2898 toleremus
2617 2857 2738 2897 cum
2765 2843 3063 2913 gratiarum
3095 2843 3448 2909 actione,sive
3465 2848 3687 2912 paupertas
3698 2837 3752 2898 sit,

2302 2934 2417 2991 sive
2444 2936 2705 3005 aegritudo
2721 2977 2734 3002 ,
2769 2937 2881 2992 sive
2905 2937 3170 3007 quidquid
3197 2936 3336 2991 aliud
3359 2935 3496 2990 nobis
3516 2933 3667 2996 evenit,
3687 2931 3754 2999 ipse

2305 3025 2450 3081 solus
2476 3027 2722 3095 agnoscit
2765 3027 2894 3097 quid
2925 3028 3086 3083 nobis
3111 3027 3346 3099 prodest.
3383 3044 3402 3080 t
3429 3025 3547 3094 Quid
3563 3023 3668 3079 enim
3683 3035 3753 3075 ore-

619 3189 874 3268 debemus
887 3225 1067 3269 mente
1082 3189 1421 3281 meditari,de
1434 3189 1994 3282 Redemptum-nostro
2005 3210 2202 3265 Paulus
2230 3189 2274 3251 (ἶ
2307 3209 2408 3277 Qui
2431 3225 2558 3281 ergo
2580 3225 2753 3281 neque
2778 3227 2938 3269 orare
2958 3189 3212 3268 novimus
3251 3212 3391 3283 quod
3427 3214 3617 3282 oportet,
3637 3202 3704 3258 nisi
3716 3215 3754 3254 et

619 3316 834 3372 quoque
853 3302 1091 3372 loquitur
1119 3303 1304 3358 dicens
1332 3318 1346 3357 :
1386 3321 1404 3354 ε
1439 3302 1511 3358 Ut
1531 3301 1899 3357 sanetiiicaret
1927 3315 2024 3370 per
2046 3313 2202 3354 suum

621 3391 938 3462 sanguinem
959 3391 1238 3461 populum,
1266 3401 1418 3447 extra
1445 3401 1659 3462 portam
1685 3407 1884 3462 passus.
1905 3400 2007 3446 est.
2033 3392 2208 3447 Exea-

623 3494 747 3534 mus
777 3479 940 3548 igitur
977 3481 1046 3535 ad
1082 3495 1205 3536 eum
1241 3494 1398 3537 extra
1438 3492 1637 3547 castra,
1663 3483 2050 3553 improperium
2091 3483 2207 3554 ejus

623 3578 950 3640 portantes:
982 3587 1090 3627 non
1135 3574 1280 3628 enim
1331 3575 1419 3630 hic
1457 3575 1720 3630 habemus
1768 3583 2074 3631 manentem
2114 3575 2210 3630 do-

627 3679 774 3719 mum
829 3663 1175 3738 [civitatem],
1223 3667 1319 3721 sed
1359 3665 1595 3720 futuram
1646 3666 1992 3735 inquirimus.
2046 3685 2064 3718 ι
2115 3666 2210 3722 Vir

627 3757 808 3826 itaque
849 3759 940 3828 qui
981 3759 1232 3830 apparuit
1269 3757 1536 3813 Ezechieli
1571 3758 1849 3839 propheta:
1899 3757 2118 3828 (Ezech.
2151 3756 2208 3830 x)

629 3849 684 3904 in
727 3850 896 3920 portis
925 3852 1096 3916 stetit,
1129 3859 1288 3920 atque
1314 3853 1388 3906 ita
1414 3851 1624 3906 loeutus
1650 3859 1756 3916 cst,
1780 3851 1906 3920 quia
1944 3851 2212 3906 mediator

633 3940 725 3996 Dei
749 3950 802 3996 et
824 3942 1102 3997 hominum
1133 3942 1380 4000 Christus
1402 3943 1580 4008 Jesus,
1615 3943 1668 3996 in
1697 3942 1812 4011 ipso
1837 3957 2052 4011 quoque
2078 3957 2207 4012 pas-

629 4032 796 4088 sionis
825 4047 934 4087 suae
977 4041 1220 4102 tempore
1255 4039 1524 4102 praecepta
1565 4032 1691 4086 vita:
1730 4031 2006 4101 discipulis
2038 4030 2205 4097 dedit,

630 4134 685 4179 ut
716 4125 770 4179 lii
801 4125 889 4194 qui
930 4126 983 4178 in
1022 4139 1145 4180 eum
1189 4127 1417 4180 credunt
1463 4125 1530 4179 ad
1573 4132 1782 4194 portam
1821 4139 2036 4193 semper
2064 4123 2210 4194 aspi-

631 4213 773 4268 ciant
800 4222 853 4268 et
877 4214 1184 4282 passionem
1209 4213 1324 4284 ejus
1349 4214 1578 4270 sollicita
1613 4214 2045 4270 consideratione
2075 4230 2208 4285 pen-

631 4301 830 4365 santes,
871 4317 898 4355 a
938 4317 1040 4357 suo
1066 4317 1278 4372 quoque
1304 4303 1449 4358 exi—tu
1476 4303 1656 4358 cordis
1682 4303 1868 4359 oculos
1908 4320 2013 4359 non
2051 4319 2211 4359 aver-

637 4401 772 4447 tant.
828 4412 846 4443 ε
904 4393 1010 4448 Per
1055 4394 1228 4464 ipsum
1272 4409 1399 4464 ergo
1443 4394 1730 4450 offeramus
1766 4395 1998 4450 hostiam
2040 4395 2214 4452 laudis

641 4501 662 4534 ε
697 4499 908 4555 semper
930 4485 1070 4550 Deo,
1097 4484 1150 4538 id
1176 4492 1256 4539 est
1287 4483 1520 4540 fructum
1548 4485 1813 4541 labiorum
1841 4486 2209 4542 conﬁtentium

2307 3298 2498 3369 spiritu
2539 3300 2632 3355 Dei
2687 3303 3078 3372 acceperimus,
3128 3303 3438 3360 festinemus
3474 3315 3557 3371 pro
3595 3292 3758 3351 omnibus

2308 3391 2512 3460 gratias
2538 3391 2743 3448 referre
2776 3403 2831 3448 et
2850 3394 3066 3449 fortiter
3088 3396 3272 3450 omnia
3301 3394 3528 3449 tolerare.
3554 3389 3598 3444 in
3614 3397 3756 3458 pauper-

2309 3489 2420 3538 tate
2452 3498 2664 3550 sumus,
2700 3485 2903 3555 gratias
2935 3501 3192 3558 agamus;
3223 3489 3276 3543 in
3310 3484 3602 3559 aegritudine,
3631 3476 3758 3549 εηῑίδ

2309 3587 2564 3642 agamus;
2623 3575 2918 3632 calumnias
2971 3579 3323 3645 sustinemus,
3372 3575 3548 3649 gratias
3593 3580 3756 3641 agamus;

2310 3664 2512 3736 aliquid
2541 3668 2741 3723 malum
2777 3669 3036 3740 patimur,
3074 3672 3282 3742 gratias
3307 3683 3511 3742 agamus
3541 3668 3649 3721 :hoc
3669 3659 3757 3717 enim

2312 3770 2413 3812 nos
2435 3757 2564 3813 facit
2590 3759 2866 3829 proximos
2887 3774 3008 3816 esse
3032 3761 3167 3818 Deo.

2391 3863 2410 3898 ι
2445 3846 2670 3903 Obedite
2691 3849 2998 3919 praepositis
3030 3851 3240 3907 vestris
3269 3859 3323 3907 et
3359 3842 3678 3920 subjaeete-eiS-
3697 3833 3758 3905 ιρίί

2319 3955 2338 3989 ι
2372 3938 2513 3995 enim
2544 3938 2871 4010 pervigilant
2889 3941 3042 4011 quasi
3068 3943 3338 4000 rationem
3363 3956 3455 4014 pro
3480 3935 3694 3994 animabus
3705 3941 3758 3980 vt-

2319 4048 2338 4083 ι
2373 4030 2500 4088 stris
2538 4032 2825 4099 reddituri,
2861 4042 2922 4088 ut
2947 4049 3072 4089 cum
3099 4035 3297 4105 gaudio
3329 4035 3427 4090 hoc
3459 4029 3760 4086 faciantettmn

2301 4141 2340 4175 -ι
2373 4131 2651 4191 gementes
2692 4142 2704 4178 :
2745 4124 2850 4181 hoc
2891 4127 3036 4182 enim
3083 4126 3271 4199 [ναις.
3319 4127 3438 4181 add.
3483 4119 3589 4193 non]
3627 4111 3761 4184 expuit

2316 4211 2487 4267 vobis.
2528 4230 2546 4263 ι
2580 4211 2872 4283 Postquam
2895 4214 3146 4284 superius
3179 4215 3414 4276 dixerat,
3446 4233 3463 4265 t
3494 4213 3759 4283 quorumcu-

2317 4302 2637 4372 templantes
2655 4304 2860 4359 exitum
2887 4307 3336 4373 conversationis,
3354 4300 3600 4361 imitamini
3612 4296 3756 4384 ﬁdente

2316 4400 2444 4447 tunc
2475 4393 2683 4460 intulit;
2714 4414 2732 4446 ‹
2758 4395 2971 4450 obedite
2992 4397 3298 4467 praepositis
3332 4394 3510 4451 vestris
3546 4399 3590 4446 et
3618 4381 3759 4449 subiti"

2315 4492 2506 4540 estote.
2529 4504 2548 4537 ι
2585 4483 2826 4541 Primum
2853 4485 3133 4542 constituit
3157 4503 3254 4544 eos
3279 4496 3334 4543 et
3358 4495 3474 4540 tunc
3499 4481 3622 4542 dixit,
3646 4493 3659 4524 ι
3680 4469 3762 4526 Obe-

640 4598 657 4629 ι
697 4578 893 4633 nomini
929 4576 1066 4646 ejus.
1111 4595 1128 4627 ι
1169 4575 1374 4648 (Ιοαη.)
1406 4577 1481 4631 llli
1515 4576 1814 4633 offerebant—
1839 4577 2093 4648 pecudes,
2126 4577 2210 4631 vi-
2239 4565 2290 4625 Β
2315 4574 2424 4631 dite
2461 4576 2762 4644 praepositis
2790 4577 2986 4632 vestris
3006 4586 3062 4633 et
3100 4578 3373 4649 suhjacete
3397 4575 3484 4632 eis.
3511 4591 3528 4624 ι
3548 4565 3652 4636 Quid
3672 4570 3758 4626 αἵθ’

638 4665 775 4720 Iulos
794 4674 847 4721 et
875 4665 1074 4721 dabant
1095 4663 1356 4736 pontifici,
1373 4680 1472 4721 nos
1497 4675 1677 4722 autem
1703 4667 1836 4721 nihil
1865 4668 2056 4723 horum
2085 4665 2214 4723 oil‘e-

639 4756 823 4820 rimus,
847 4757 942 4812 sed
969 4756 1137 4811 solam
1161 4756 1457 4826 gratiarum
1482 4757 1748 4812 actionem
1780 4757 1920 4812 hanc
1948 4757 2089 4812 labia
2116 4774 2214 4814 no-

635 4854 745 4899 stra
765 4846 1085 4916 germinent.
1109 4844 1251 4899 Nihil
1274 4845 1622 4917 blasphemiae
1642 4854 1825 4902 nostra
1848 4863 1950 4902 vox
1975 4858 2214 4916 resonet,

637 4935 768 4989 nihil
819 4937 1088 5005 supinum,
1137 4936 1271 4991 nihil
1318 4945 1671 5006 protervum,
1725 4937 1859 4991 nihil
1899 4945 2210 5006 contumax,

637 5026 772 5082 nihil
815 5042 1089 5099 arrogans,
1139 5029 1232 5084 sed
1281 5044 1403 5084 cum
1446 5028 1767 5083 verecundia
1797 5037 1852 5084 et
1903 5030 2204 5084 reverentia

639 5122 971 5177 conversatio
992 5130 1174 5176 nostra
1203 5122 1317 5186 fiat,
1342 5121 1521 5176 anima
1543 5122 1738 5191 quippe
1769 5121 1822 5174 in
1856 5121 2210 5176 tribulationi-

2315 4666 2671 4737 dicitaliquis,
2692 4668 2817 4723 dum
2832 4670 3152 4740 praepositus
3180 4669 3438 4740 malignus
3459 4657 3682 4720 exstiterit.
3698 4661 3759 4740 illi"

2320 4757 2718 4814 obaudiemus?
2777 4739 3074 4829 malignum
3125 4739 3354 4829 qualiter
3407 4752 3556 4812 dicis?
3591 4739 3760 4814 siqnidem

2316 4849 2372 4904 in
2425 4864 2588 4904 causa
2635 4849 2760 4904 fidei
2795 4857 2898 4914 est,
2953 4848 3076 4920 fuge
3119 4849 3267 4905 illum
3317 4857 3372 4904 et
3397 4846 3539 4908 evita,
3563 4829 3762 4920 βοηθοίη

2311 4940 2356 4996 si
2381 4940 2539 4995 homo
2557 4940 2718 4994 fuerit
2733 4940 2828 4996 sed
2855 4916 3086 4996 etiam'si
3113 4940 3336 5012 angelus
3360 4932 3553 4992 decutio
3571 4916 3761 5012 descendi:

2313 5031 2384 5085 rit
2415 5049 2426 5084 :
2457 5030 2503 5084 si
2529 5045 2654 5085 vero
2682 5030 2735 5084 in
2764 5039 2892 5086 voto
2918 5039 2974 5086 et
3006 5003 3243 5087 moribus
3278 5028 3542 5098 malignum
3567 5003 3760 5074 dicunt!“

2307 5122 2554 5177 scrutari.
2577 5121 2645 5175 Et
2673 5122 2785 5178 lucc
2807 5139 2914 5178 non
2936 5137 3001 5178 ex
3021 5123 3222 5192 meipso
3235 5120 3372 5184 dico,
3395 5115 3479 5173 sed
3502 5129 3558 5168 ex
3578 5103 3762 5192 Scripta“

640 5210 891 5274 hus,eum
925 5213 977 5268 in
1007 5212 1432 5282 desperationem
1465 5212 1714 5277 incurrit,
1743 5212 1904 5266 etiam
1927 5213 2216 5281 impudens
2310 5214 2510 5269 divina.
2552 5213 2692 5268 Audi
2731 5213 2915 5270 Jcsum
2957 5191 3224 5270 dicentem
3253 5203 3271 5268 Ξ
3296 5230 3316 5264 ‹
3361 5209 3517 5277 Super
3547 5191 3759 5282 cathedra?

643 5300 892 5370 cilieitur,
931 5305 1024 5360 sed
1051 5319 1148 5359 nos
1179 5304 1301 5358 talia
1329 5303 1616 5374 fugiamus.
1672 5303 1809 5358 Ecce
1843 5303 2038 5358 iterum
2068 5303 2209 5358 idem

644 5397 813 5466 ipsum
835 5398 988 5472 dixit,
1012 5398 1153 5468 quod
1174 5397 1420 5468 superius
1441 5396 1747 5466 prolocutus
1767 5404 1870 5460 est,
1891 5415 1909 5446 ε
1923 5411 2029 5452 non
2052 5395 2209 5451 dese-

645 5495 841 5554 rentes,
881 5491 1073 5559 inquit,
1103 5489 1568 5560 congregationem
1611 5495 1882 5552 nostram;
1909 5504 1926 5537 ι
1960 5488 2041 5543 sic
2065 5487 2209 5541 enim

647 5593 941 5650 possumus,
963 5580 1158 5651 inquit,
1186 5595 1308 5634 eum
1333 5580 1656 5635 verecundia
1682 5587 1875 5634 cuneta
1905 5578 2164 5649 perficere
2194 5597 2206 5632 :

652 5671 843 5740 stepius
881 5671 1019 5727 enim
1059 5671 1224 5726 etiam
1259 5671 1506 5727 homines
1534 5670 1913 5726 erubescentes
1954 5687 1984 5725 a
2031 5669 2212 5726 multis

657 5760 914 5816 abstinent
950 5764 1128 5832 pravis
1154 5763 1424 5832 operibus.
1474 5781 1490 5814 t
1539 5761 1910 5818 Bcneiicctttitc
1951 5770 2127 5818 autem
2159 5770 2214 5818 et

2313 5307 2480 5380 Moysi
2516 5309 2773 5364 sederunt
2818 5307 3020 5364 Scriba:
3062 5315 3118 5363 et
3151 5303 3402 5362 Phariszci
3428 5275 3607 5372 (uncti.
3638 5275 3764 5380 iii-fl

2314 5369 2488 5472 primo
2523 5400 2707 5456 dicens
2754 5399 2820 5454 de
2847 5400 2933 5454 his
2965 5399 3130 5454 multa
3166 5397 3326 5462 mala,
3372 5369 3489 5448 tunc
3517 5383 3639 5472 dixit,
3673 5369 3761 5472 «ευρ

2315 5468 2411 5560 per
2432 5489 2744 5544 cathedram
2769 5486 2933 5559 Moysi
2955 5489 3230 5543 sederunt.
3263 5506 3280 5537 t
3309 5481 3504 5545 Omnia,
3523 5468 3761 5560 inquilitl'if

2316 5555 2551 5634 dixerint
2591 5577 2744 5634 vobis
2783 5555 2964 5644 facite,
3021 5592 3140 5648 qua:
3179 5585 3352 5631 autem
3402 5567 3611 5628 fecerint.
3648 5555 3762 5649 “cf”?

2317 5671 2502 5726 nolite.
2533 5689 2552 5724 ι
2595 5670 2825 5736 Habent,
2851 5643 3057 5740 inquit,
3101 5668 3422 5740 dignitatem,
3461 5662 3565 5717 licet
3587 5651 3678 5705 vitae
3693 5643 3761 5740 fin}

2318 5763 2556 5833 perditcc,
2588 5770 2958 5820 verumtamen
3005 5777 3112 5819 non
3157 5760 3224 5817 ad
3264 5759 3416 5815 vitam
3439 5761 3613 5814 eorum:
3641 5722 3760 5794 Sed“
