3972 6336
215 366 320 426 829

674 327 1220 418 ENARRATIONUM
1255 361 1329 418 IN
1366 361 1515 418 EPP.
1556 358 1761 416 PAULI
1799 355 1926 412 LIB.
1965 355 2156 412 XXIX.
2196 390 2264 399 —
2301 359 2368 414 ΙΝ
2405 358 2623 416 EPIST.
2662 361 2754 417 AD
2790 359 2992 420 HEBR.

3365 371 3470 428 830

217 493 498 539 sermones
527 478 810 543 intendite,
833 485 1092 547 quantum
1117 476 1262 532 enim
1286 476 1352 530 ad
1374 489 1555 530 mores
1582 472 1794 536 attinet,
1823 469 1872 530 A
1900 468 2132 523 amantis
2157 475 2259 535 est,
2290 469 2369 525 sic
2397 483 2573 538 orare,
2598 486 2706 527 non
2733 473 3068 542 simpliciter.
3099 476 3192 532 sed
3212 493 3334 536 cum
3359 487 3470 536 tota

215 574 394 630 nullus
421 572 617 644 poterit
638 571 775 627 laedi.
806 570 919 638 Qua
949 570 1158 625 ratione
1188 569 1325 624 hoc?
1353 567 1487 636 Quia
1517 583 1636 638 quae
1666 564 1798 620 facit

216 661 506 720 manifesta
549 668 676 716 sunt
713 659 999 722 omnibus,
1049 667 1102 714 et
1133 673 1309 729 neque
1349 655 1466 728 ipse
1515 671 1580 714 ac
1634 655 1678 711 si
1727 654 1795 709 ad

216 771 476 812 cacumen
503 753 805 824 iniquitatis
827 751 1128 822 perveniat,
1157 751 1355 822 poterit
1375 749 1508 804 alios
1537 747 1675 803 mala
1707 745 1797 803 do-

214 857 360 896 cere.
394 842 528 897 Cum
564 849 743 896 autem
773 839 897 895 ﬁdei
931 853 1093 895 causa
1131 838 1380 905 vertitur,
1422 852 1598 908 neque
1625 835 1799 891 mani-

217 933 418 989 festum
471 942 555 988 est
591 931 842 986 omnibus
885 930 1026 999 quod
1065 929 1279 993 dicitur,
1321 942 1495 997 neque
1532 926 1798 997 malignus

217 1024 431 1079 dubitat
458 1022 652 1077 docere
682 1020 975 1075 contraria.
1007 1016 1141 1071 Nam
1169 1024 1226 1071 et
1252 1015 1395 1086 quod
1430 1015 1634 1070 dictum
1665 1022 1748 1069 est
1779 1025 1794 1065 :

224 1132 242 1165 ι
277 1114 453 1170 Nolite
487 1112 752 1182 judicare,
785 1127 854 1167 ne
885 1109 1202 1179 judicemini
1238 1107 1456 1181 (Matth.
1501 1107 1622 1178 vn),
1665 1125 1684 1159 ι
1731 1107 1797 1162 de

215 1205 327 1258 vita
353 1203 554 1258 dictum
579 1209 682 1268 est,
714 1217 819 1256 non
849 1201 915 1256 de
944 1199 1067 1266 ﬁde,
1089 1198 1233 1270 quod
1252 1198 1396 1271 enim
1419 1197 1666 1263 infertur,
1693 1197 1798 1251 hoc

218 1291 550 1347 manifestat.
606 1310 625 1342 ι
656 1289 794 1358 Quid
828 1290 994 1355 vides,
1034 1289 1238 1359 inquit,
1267 1287 1516 1358 stipulam
1558 1287 1611 1342 in
1642 1286 1798 1342 oculo

213 1383 404 1439 fratris
443 1382 521 1438 tui
560 1391 614 1438 et
644 1383 851 1438 trabem
877 1382 930 1437 in
956 1381 1112 1438 oculo
1143 1389 1235 1436 tuo
1268 1396 1375 1436 non
1403 1380 1591 1436 vides?
1614 1379 1798 1436 omnia

215 1489 346 1545 ergo
375 1489 494 1544 qua:
523 1474 675 1529 vobis
713 1474 978 1540 dixerint,
1012 1493 1032 1526 ι
1065 1473 1256 1543 inquit,
1306 1490 1325 1524 ι
1361 1481 1421 1527 ut
1456 1471 1685 1538 faciatis,
1719 1473 1798 1527 fa-

216 1567 366 1621 cite:
405 1585 423 1616 ι
451 1564 630 1620 facere
659 1573 842 1622 autem
870 1567 1052 1637 Operis
1089 1575 1193 1630 est,
1231 1580 1337 1621 non
1365 1564 1510 1634 ﬁdei,
1548 1583 1568 1617 ‹
1607 1579 1797 1622 secun-

215 1657 342 1712 dum
392 1665 570 1711 autem
613 1671 776 1726 opera
822 1672 1008 1713 eorum
1037 1656 1202 1713 nolite
1239 1655 1442 1712 facere.
1498 1675 1517 1709 r
1569 1653 1799 1711 Intueris

217 1749 476 1819 quoniam
508 1763 613 1802 non
640 1747 707 1802 de
734 1748 1094 1820 dogmatibus,
1121 1747 1216 1803 sed
1237 1747 1305 1803 de
1332 1749 1443 1802 vita
1472 1756 1525 1804 et
1545 1746 1798 1818 operibus

1899 557 2198 615 intentione
2225 569 2281 615 et
2309 561 2456 616 omni
2491 576 2715 631 prorsus
2761 564 2960 620 studio.
2994 565 3062 622 Ut
3102 568 3242 635 cito,
3272 571 3469 641 inquit,

1897 649 1964 703 ad
1984 664 2079 705 vos
2098 649 2334 705 veniam.
2363 650 2476 707 Hoc
2501 652 2665 707 animi
2687 660 2772 709 est
2789 653 2923 708 nihil
2949 655 3052 711 sibi
3073 658 3295 723 conscii,
3321 658 3473 714 festi-

1897 757 2049 809 nare,
2090 750 2152 798 ut
2201 744 2269 798 ad
2304 760 2398 800 eos
2442 745 2702 801 velociter
2748 746 3045 812 adveniret,
3096 756 3152 804 et
3195 749 3473 806 exhortari

1899 832 2039 899 illos,
2062 849 2220 889 orare
2242 850 2340 904 pro
2369 836 2477 901 illo,
2503 844 2562 891 ut
2585 837 2689 892 hoc
2715 836 2766 893 ei
2795 839 3200 895 concederetur.
3228 839 3471 897 Primum

1898 925 1967 980 ab
1996 925 2128 996 ipsis
2151 928 2385 997 postulat
2407 930 2669 984 orationis
2700 929 2982 995 auxilium,
3011 940 3138 988 tunc
3163 933 3328 988 etiam
3355 934 3472 1004 ipse

1897 1029 1996 1085 pro
2020 1015 2102 1070 eis
2132 1017 2312 1070 omnia
2341 1017 2482 1084 bona
2510 1019 2848 1088 deprecatur.
2875 1038 2892 1072 ι
2923 1021 3066 1076 Deus
3091 1031 3269 1077 autem
3299 1025 3470 1094 pacis,
3551 1021 3553 1024 ⁴

1905 1125 1924 1162 t
1957 1109 2048 1180 qui
2073 1110 2260 1165 eduxit
2286 1111 2352 1167 de
2376 1113 2602 1168 mortuis
2627 1121 2899 1182 pastorem
2923 1128 3176 1185 magnum
3211 1115 3391 1170 ovium
3417 1117 3472 1172 in

1904 1219 1924 1253 ι
1962 1202 2222 1272 sanguine
2254 1205 2556 1258 testamenti
2589 1205 2774 1259 mterni
2799 1204 3083 1260 Dominum
3113 1214 3358 1261 nostrum
3386 1206 3470 1263 Je-

1903 1309 1922 1344 r
1953 1305 2073 1346 sum
2099 1291 2390 1358 Christum,
2420 1302 2672 1363 aptetvos
2694 1293 2748 1348 in
2772 1294 2916 1349 omni
2941 1309 3105 1366 opere
3130 1294 3291 1362 bono,
3319 1296 3476 1350 utfa—

1905 1401 1923 1435 σ
1962 1383 2116 1438 ciatis
2140 1383 2469 1438 voluntatem
2500 1383 2645 1452 ejus,
2677 1383 2880 1440 faciens
2907 1385 2959 1440 in
3008 1384 3160 1441 vobis
3192 1386 3334 1456 quod
3361 1385 3476 1456 pla-

1903 1490 1922 1523 ι
1959 1478 2081 1526 ceat
2116 1486 2300 1526 coram
2341 1487 2429 1538 se,
2477 1488 2575 1544 per
2601 1473 2784 1529 Jesum
2827 1472 3121 1540 Christum,
3172 1475 3257 1530 cui
3302 1476 3473 1547 gloria

1903 1581 1922 1614 ι
1953 1562 2005 1616 in
2035 1562 2232 1617 saecula
2276 1563 2614 1619 saeculorum.
2670 1564 2865 1620 Amen.
2915 1584 2933 1617 ι
2967 1564 3109 1620 Deus
3151 1573 3350 1632 autem,
3399 1567 3476 1620 iu-

1896 1653 2037 1724 quit,
2065 1653 2233 1723 pacis.
2271 1653 2449 1710 Nolite
2491 1655 2653 1727 igitur
2679 1655 2941 1713 dissidere
2965 1671 2994 1711 a
3020 1655 3199 1722 nobis,
3243 1656 3288 1712 si
3315 1657 3478 1714 vultis

1897 1744 2067 1800 Deum
2095 1745 2246 1814 pacis
2270 1745 2471 1802 habere
2498 1746 2810 1817 propitium.
2847 1765 2863 1796 ι
2888 1745 2990 1813 Qui
3020 1747 3234 1812 eduxit,
3281 1746 3476 1817 inquit,

213 1857 394 1898 sermo
433 1842 552 1897 est?
583 1861 600 1893 ‹
629 1839 734 1911 lpsi
777 1841 921 1896 enim
951 1829 1171 1912 vigilant
1210 1855 1310 1911 pro
1335 1840 1490 1896 vobis
1529 1839 1794 1894 rationem
1822 1853 1871 1913 Β
1899 1839 1965 1895 de
1989 1847 2135 1894 terra
2171 1848 2442 1909 pastorem
2471 1854 2746 1910 pecorum.
2783 1859 2802 1891 ι
2845 1837 2960 1895 Hoc
2987 1840 3052 1894 de
3080 1839 3479 1895 resurrectione

214 1933 500 1988 reddituri.
541 1953 559 1986 ι
607 1933 844 1988 Audiant
885 1940 938 1988 et
971 1933 1264 2004 principes,
1292 1947 1397 1988 non
1441 1931 1541 1987 soli
1578 1931 1654 1986 illi
1702 1931 1794 2000 qui

211 2031 478 2092 reguntur
523 2037 554 2076 a
605 2022 960 2094 principibus,
993 2022 1247 2092 quoniam
1305 2023 1444 2078 sicut
1484 2021 1798 2077 obedientes

212 2120 427 2182 oportet
476 2126 594 2167 esse
641 2113 732 2182 qui
783 2121 1078 2184 reguntur,
1122 2113 1201 2168 sic
1244 2113 1408 2167 etiam
1456 2122 1696 2168 rectores
1741 2121 1795 2167 et

211 2203 486 2274 principes
509 2203 792 2275 vigilantes
815 2219 933 2260 esse
955 2205 1124 2260 decet.
1148 2204 1496 2275 l-Ioc,.inquit,
1524 2206 1662 2271 dico,
1686 2198 1713 2258 ἰ
1735 2214 1796 2262 ut

213 2309 334 2348 cum
361 2295 554 2367 gaudio
581 2295 781 2350 faciant
804 2303 856 2350 et
886 2311 992 2351 non
1019 2296 1498 2368 congemiscentes,
1517 2312 1620 2352 non
1650 2297 1796 2352 enim

212 2384 431 2454 expedit
461 2385 631 2440 vobis.
668 2403 687 2436 ›
719 2383 950 2440 Intueris
984 2385 1238 2455 quoniam
1269 2400 1392 2440 cum
1429 2384 1796 2442 contemnit'ur

209 2477 489 2546 princeps,
506 2490 611 2530 non
641 2483 853 2546 oportet
877 2475 1106 2532 ultiones
1127 2477 1390 2548 ingerere,
1410 2477 1501 2533 sed
1527 2486 1634 2534 tota
1661 2477 1824 2548 ultio.

210 2574 294 2620 est
314 2565 551 2636 plorare,
575 2565 960 2637 ingemiscere;
997 2582 1119 2621 nam
1146 2575 1201 2622 et
1231 2568 1470 2623 medicus
1491 2567 1707 2638 quando
1725 2569 1796 2626 ab

209 2665 416 2727 aegroto
439 2657 823 2723 contemnitur,
851 2673 959 2712 non
986 2673 1045 2714 se
1071 2657 1352 2712 ulciscitur
1369 2699 1384 2724 ,
1415 2658 1508 2714 sed
1538 2659 1714 2729 plorat
1739 2667 1795 2715 et

210 2747 538 2818 ingemiscit.
579 2747 687 2804 Sed
713 2747 850 2804 dicis
873 2749 998 2820 quia
1021 2749 1066 2804 si
1109 2748 1196 2804 ille
1223 2749 1551 2820 ingemiscit,
1576 2749 1796 2806 ulcisci-

211 2850 300 2895 tur
350 2842 404 2896 in
437 2849 492 2896 te
516 2840 660 2896 Deus
689 2859 702 2894 :
736 2841 782 2896 si
810 2841 956 2896 enim
997 2855 1096 2910 pro
1133 2840 1336 2896 nostris
1373 2841 1611 2911 peccatis
1646 2839 1795 2911 inge-

210 2933 510 2998 niiscimus,
539 2933 855 2991 adducimus
872 2933 938 2988 ad
965 2947 1066 2988 nos
1090 2931 1525 3003 pr0pitiationem
1555 2931 1673 2999 Dei,
1694 2947 1794 3004 pro

211 3025 446 3080 aliorum
484 3039 614 3080 vero
643 3023 892 3095 superbia
935 3023 1022 3079 vel
1062 3031 1371 3094 contemptu
1407 3037 1529 3078 cum
1568 3021 1796 3092 ingemi-

209 3116 434 3182 scimus,
479 3129 658 3172 nonne
693 3114 923 3185 amplius
951 3114 1278 3171 advocamus
1311 3113 1518 3169 Deum?
1551 3113 1796 3169 Gemitus

1897 1930 2098 1986 dictum
2115 1938 2216 1986 est.
2245 1930 2380 1985 Hinc
2393 1932 2535 1986 enim
2551 1945 2721 2000 usque
2741 1929 2809 1985 ad
2835 1929 2998 1985 ﬁnem
3025 1930 3288 1986 orationis
3312 1930 3480 1986 ratio-

1895 2035 2020 2075 nem
2062 2020 2142 2075 eis
2188 2021 2254 2076 de
2316 2020 2719 2076 resurrectione
2769 2020 3088 2087 confirmat,
3127 2028 3182 2076 et
3223 2020 3477 2076 testifica-

1898 2123 1987 2170 tur
2031 2113 2112 2169 eis
2145 2112 2347 2182 majora
2404 2114 2610 2185 perﬁci.
2651 2114 2734 2169 Ad
2772 2113 2894 2170 illos
2919 2114 3062 2170 enim
3089 2114 3344 2186 pertinet,
3385 2115 3478 2186 qui

1889 2205 2002 2276 jam
2040 2220 2318 2276 sumpsere
2349 2206 2695 2276 principium,
2737 2213 2794 2261 et
2829 2222 3062 2276 quorum
3093 2207 3160 2262 ad
3180 2205 3478 2278 perfectio-

1897 2311 2020 2352 nem
2067 2296 2244 2352 omnis
2287 2311 2478 2352 cursus
2510 2296 2757 2351 intendit.
2805 2295 3045 2366 Oratque
3079 2311 3179 2367 pro
3205 2297 3304 2363 eis,
3333 2297 3480 2368 quod

1895 2388 2130 2458 pertinet
2156 2387 2223 2442 ad
2248 2395 2540 2442 amantem.
2563 2385 2632 2441 Et
2657 2387 2710 2442 in
2743 2386 2863 2442 aliis
2899 2386 3116 2457 quidem
3153 2387 3396 2457 epistolis
3421 2387 3476 2441 in

1895 2479 2132 2536 exordiis
2157 2487 2294 2542 orat,
2326 2479 2415 2534 hic
2441 2486 2624 2534 autem
2653 2478 2707 2532 in
2734 2477 2858 2533 ﬁne.
2895 2496 2914 2529 ε
2943 2477 3106 2548 Aptet
3127 2492 3243 2543 vos,
3275 2477 3473 2548 inquit,

1897 2571 1952 2626 in
2006 2570 2153 2626 omni
2197 2582 2360 2641 opere
2401 2568 2546 2626 bono
2570 2609 2586 2635 ,
2635 2577 2698 2624 ut
2731 2567 2944 2624 faciatis
2973 2566 3307 2622 voluntatem
3338 2566 3476 2638 ejus,

1898 2663 2100 2720 faciens
2134 2664 2188 2718 in
2234 2663 2388 2718 vobis
2428 2661 2572 2732 quod
2608 2661 2819 2732 placeat
2846 2674 3030 2716 coram
3061 2674 3138 2715 se.
3179 2677 3198 2712 ι
3250 2657 3480 2713 Intueris

1898 2756 2130 2826 qualiter
2171 2755 2407 2811 ostendit
2450 2755 2758 2826 ingenerari
2792 2767 2951 2824 posse
2987 2753 3263 2816 virtutem,
3305 2763 3480 2819 neque

1897 2863 1964 2904 ex
1993 2848 2104 2902 Deo
2131 2845 2261 2901 dicit
2291 2854 2482 2910 totum,
2509 2859 2685 2915 neque
2713 2859 2780 2898 ex
2815 2845 2972 2900 nobis
3006 2857 3127 2898 eam
3153 2839 3340 2913 perﬁci
3362 2845 3481 2894 tan-

1899 2951 2033 3000 tum.
2060 2943 2195 2997 Nam
2221 2941 2364 3012 quod
2389 2939 2540 3006 dicit,
2562 2947 2650 2994 «ut
2677 2938 2926 3010 perﬁciat
2949 2953 3052 2994 vos
3068 2936 3123 2992 in
3144 2935 3293 2992 omni
3318 2947 3481 3005 opere

1897 3037 2091 3101 bono,»
2126 3035 2231 3090 hoc
2257 3033 2524 3106 signiﬁcat
2549 3031 2810 3088 :llabetis,
2845 3030 3064 3102 quidem
3087 3029 3366 3095 virtutem,
3397 3028 3482 3084 in-

1901 3129 2094 3200 digetis
2133 3135 2312 3183 autem
2345 3126 2758 3197 complemento.
2802 3124 2941 3192 Quid
2987 3131 3168 3180 autem
3211 3129 3294 3178 est
3334 3121 3479 3194 quod

186 3200 358 3263 ‘cnim
398 3207 544 3262 omni
574 3204 681 3261 erit
705 3204 906 3260 ultione
948 3204 1208 3260 deterior.
1237 3203 1460 3271 Quando
1489 3203 1632 3259 enim
1677 3203 1790 3274 ipse
1816 3203 1862 3268 C
1897 3219 2025 3276 dicit
2061 3237 2079 3272 ε
2111 3219 2166 3274 in
2195 3218 2344 3274 omni
2373 3233 2536 3288 opere
2571 3224 2627 3272 ει
2664 3230 2912 3273 sermone
2947 3216 3128 3272 bono?
3162 3235 3182 3268 ,
3215 3214 3285 3272 υι
3312 3214 3479 3269 vitam

213 3315 322 3354 non
380 3297 632 3368 intelligit
677 3297 1072 3367 ingemiscens,
1129 3296 1346 3350 invocat
1394 3294 1701 3361 Dominum,
1739 3301 1795 3349 et

212 3392 356 3446 sicut
400 3406 525 3446 cum
560 3391 749 3445 doctor
775 3390 1138 3444 contemnitur
1181 3404 1210 3442 a
1250 3402 1447 3458 puero,
1471 3388 1794 3459 pmdagogus

211 3493 458 3550 vocatur,
493 3483 850 3552 quiseverius
875 3482 1098 3538 accedat
1134 3482 1201 3536 ad
1228 3495 1454 3551 puerum
1480 3497 1493 3535 :
1519 3481 1598 3535 sic
1627 3482 1794 3535 etiam

209 3575 266 3629 bi
311 3575 743 3631 inobedientibus
777 3572 1055 3642 discipulis
1079 3572 1443 3642 loquuntur...
1470 3571 1791 3642 periculum.

289 3685 308 3717 ι
347 3664 512 3721 Orate
553 3680 653 3735 pro
678 3664 868 3729 nobis;
901 3663 1220 3719 conﬁdimus
1259 3661 1404 3717 enim
1445 3661 1572 3732 quia
1600 3659 1795 3716 bonam

211 3777 233 3811 ι
275 3758 541 3813 habemus
571 3755 955 3812 conscientiam
998 3754 1052 3808 in
1094 3752 1344 3808 omnibus
1382 3751 1520 3807 bene
1557 3751 1798 3808 volentes

212 3868 235 3901 σ
271 3848 616 3905 Conversari.
643 3867 661 3900 ι
695 3847 924 3903 Intueris
953 3846 1208 3916 quoniam
1251 3845 1366 3899 haec
1390 3843 1797 3912 deprecationes

204 3950 363 4006 sunt,
379 3939 542 3996 veluti
557 3938 623 3993 ad
638 3939 986 3994 contristatos
1013 3937 1258 3992 scribens
1280 3932 1636 4007 [scribentis],
1656 3942 1709 3989 et
1730 3932 1798 3987 ad

207 4036 306 4106 qui
323 4049 419 4089 eos
433 4033 830 4097 avertebantur,
851 4041 905 4088 et
924 4031 1015 4102 qui
1031 4031 1174 4086 circa
1187 4043 1310 4085 eum
1327 4028 1488 4084 veluti
1503 4028 1646 4083 circa
1669 4044 1801 4097 prm-

209 4136 458 4182 catorem
481 4125 868 4191 alliciebantur,
889 4140 996 4180 non
1017 4124 1254 4179 ferentes
1273 4136 1446 4192 neque
1469 4135 1662 4176 nomen
1684 4119 1801 4190 ejus

207 4220 424 4274 audire.
475 4218 739 4286 Quoniam
795 4217 958 4288 igitur
1007 4217 1075 4272 ab
1109 4215 1416 4270 odientibus
1451 4228 1510 4269 se
1547 4212 1669 4268 talia
1701 4225 1800 4281 po-

207 4309 478 4375 stulabat,
518 4309 698 4380 qualia
743 4309 867 4379 quis
908 4323 938 4362 a
981 4307 1329 4363 dilectoribus
1365 4313 1544 4374 potest
1592 4319 1798 4374 przesu-

207 4416 394 4466 mere,
437 4409 722 4471 pmpterea
767 4399 820 4454 in
850 4397 952 4455 hoc
986 4398 1102 4453 loco
1134 4398 1237 4452 hoc
1277 4396 1558 4452 constituit
1594 4395 1798 4462 dicens,

209 4510 242 4549 σ
279 4493 624 4557 conﬁdimus,
657 4492 781 4563 quia
815 4490 1010 4545 bonam
1045 4489 1431 4544 conscientiam
1457 4487 1738 4542 habemus.
1775 4505 1794 4537 ι

1895 3312 2149 3368 videlicet
2172 3318 2377 3368 rectam
2401 3311 2666 3367 haberent
2683 3316 2739 3366 et
2760 3310 3031 3380 dogmata.
3059 3307 3368 3364 Secundum
3388 3321 3482 3363 vo—

1897 3404 2159 3460 luntatem
2181 3402 2316 3472 ejus,
2347 3401 2542 3472 inquit,
2573 3401 2804 3458 «faciens
2832 3401 2884 3455 in
2905 3399 3058 3455 vobis
3083 3398 3480 3469 beneplacitum

1897 3495 1954 3549 in
1975 3501 2262 3565 conspectu
2284 3493 2451 3564 ejus.»
2483 3491 2604 3547 Haec
2624 3493 2822 3562 quippe
2840 3499 2926 3546 est
2949 3489 3183 3546 maxima
3205 3491 3376 3545 virtus
3407 3488 3485 3545 fa-

1898 3597 2024 3640 cere
2045 3582 2440 3654 beneplacitum
2464 3583 2516 3637 in
2546 3588 2838 3650 conspectu
2864 3579 2989 3646 Dei;
3017 3580 3309 3635 secundum
3335 3579 3481 3650 quod

1899 3675 2062 3730 etiam
2091 3673 2361 3743 Propheta
2389 3672 2629 3744 loquitur
2647 3672 2850 3736 dicens,
2880 3689 2899 3722 ‹
2927 3678 2981 3726 et
3007 3669 3300 3727 secundum
3325 3686 3482 3725 mun-

1900 3765 2086 3828 ditiam
2113 3778 2368 3819 manuum
2391 3777 2657 3829 mearum,
2674 3761 2868 3833 inquit,
2899 3761 2954 3815 in
2978 3767 3270 3830 conspectu
3292 3758 3480 3814 oculo-

1900 3874 2020 3914 rum
2054 3856 2190 3926 ejus.
2217 3877 2234 3910 ι
2256 3854 2570 3928 (Ραρήηαε.)
2589 3855 2755 3910 Deum
2781 3867 2995 3924 quoque
3015 3858 3201 3923 aptare
3219 3851 3333 3907 sive
3353 3865 3482 3907 con-

1902 3950 2118 4005 ﬁrmare
2133 3948 2342 4004 animos
2367 3954 2583 4002 nostros
2609 3945 2676 4000 ad
2697 3959 2856 4001 omne
2875 3958 3011 4013 opus
3036 3942 3258 4008 bonum,
3275 3949 3328 3996 et
3348 3955 3480 4012 ope-

1902 4042 2012 4096 rari
2037 4039 2092 4095 in
2123 4038 2280 4094 nobis
2303 4052 2362 4093 ea
2385 4051 2505 4106 qum
2524 4035 2624 4091 sibi
2640 4043 2764 4090 sunt
2784 4033 3001 4104 placita,
3023 4031 3312 4102 Apostolus
3327 4033 3482 4087 docet

1902 4131 2126 4186 dicens:
2160 4147 2178 4180 ‹
2209 4129 2352 4183 Deus
2381 4133 2558 4182 autem
2595 4125 2764 4196 pacis,
2809 4125 2902 4195 qui
2931 4123 3119 4180 eduxit
3147 4124 3214 4180 de
3245 4122 3486 4180 tenebris

1902 4229 2173 4294 pastorem
2226 4234 2480 4291 magnum
2529 4219 2711 4274 ovium
2761 4219 2817 4273 in
2865 4217 3126 4289 sanguine
3174 4217 3482 4273 testamenti

1902 4311 2088 4366 teterni
2113 4307 2295 4365 Iesum
2323 4307 2618 4373 Christum,
2645 4316 2794 4376 aptet
2825 4321 2922 4362 vos
2949 4307 3003 4362 in
3037 4307 3182 4364 omni
3224 4307 3365 4362 bono
3400 4306 3484 4362 fa-

1903 4403 2054 4458 ciens
2079 4401 2133 4456 in
2158 4399 2332 4465 vobis,
2356 4399 2498 4470 quod
2523 4399 2731 4470 placeat
2759 4413 2941 4454 coram
2980 4413 3057 4464 se,
3088 4417 3108 4451 ι
3147 4400 3289 4468 quod
3317 4398 3480 4454 etiam

1905 4491 2479 4550 Thessalonicensibus
2505 4499 2566 4545 ut
2589 4490 2805 4546 eveniat
2845 4489 2918 4544 ita
2961 4497 3214 4560 precatur
3253 4490 3440 4545 dicens
3464 4508 3482 4544 :

209 4585 399 4641 Veluti
438 4585 484 4639 si
524 4586 760 4649 diceret,
799 4583 933 4638 Nolo
978 4583 1110 4637 mihi
1161 4581 1536 4637 accusationes
1591 4580 1802 4649 aliquas
1826 4572 1879 4632 D
1911 4605 1930 4638 ι
1961 4585 2078 4655 ipse
2116 4592 2299 4639 autem
2345 4583 2606 4638 Dominus
2627 4580 2784 4638 Jesus
2807 4580 3057 4637 Christus
3082 4589 3138 4635 et
3163 4581 3304 4636 Deus
3323 4580 3489 4636 Pater

201 4675 530 4748 proferatis.
581 4673 945 4738 Conscientia,
986 4674 1180 4742 inquit,
1223 4683 1405 4726 nostra
1447 4687 1546 4726 nos
1573 4672 1624 4727 in
1655 4669 1800 4725 nullo

205 4767 568 4833 condemnat,
598 4783 772 4838 neque
794 4765 951 4822 nobis
975 4765 1177 4836 aliquid
1209 4765 1408 4820 conscii
1436 4780 1644 4828 sumus,
1668 4779 1800 4834 quo-

206 4863 368 4918 niam
399 4861 554 4917 vobis
579 4860 803 4916 insidias
835 4859 1145 4915 fecerimus.
1179 4877 1197 4909 ι
1231 4857 1582 4923 Confidimus,
1603 4856 1797 4932 inquit,

206 4953 474 5025 quoniam
498 4954 695 5008 bonam
717 4953 1100 5009 conscientiam
1121 4950 1450 5006 habemusin
1467 4949 1736 5014 omnibus,
1773 4968 1795 5002 ι

203 5063 328 5102 non
361 5046 414 5100 in
442 5045 690 5117 gentibus
714 5053 944 5111 tantum,
976 5045 1069 5101 sed
1087 5045 1323 5099 etiamin
1347 5043 1518 5098 vobis.
1541 5040 1684 5096 Nihil
1711 5057 1799 5097 ne-

208 5137 540 5209 gotiationis
563 5138 738 5208 gratia
775 5137 1021 5201 fecimus,
1049 5135 1182 5190 nihil
1217 5151 1338 5190 cum
1368 5133 1588 5189 ﬁctione
1608 5142 1793 5203 protu-

205 5233 404 5296 limus,
439 5231 668 5286 fortasse
691 5231 834 5286 enim
866 5231 919 5284 in
952 5229 1148 5284 talibus
1177 5229 1534 5283 accusabatur
1573 5244 1586 5280 :
1630 5245 1648 5276 ι
1684 5225 1795 5278 Au-

206 5325 439 5380 dierant
469 5325 644 5390 enim,
672 5323 875 5393 inquit,
909 5323 975 5378 de
1006 5330 1080 5385 te,
1115 5320 1374 5391 quoniam
1412 5318 1796 5373 discessionem

207 5417 382 5473 doces
405 5432 437 5471 a
467 5416 580 5487 lege
611 5415 749 5488 (Act.
773 5411 909 5485 xxi).
947 5434 964 5464 ι
996 5413 1113 5468 Non
1144 5413 1284 5466 sicut
1305 5410 1576 5474 inimicus,
1599 5409 1792 5480 inquit,

205 5523 397 5578 neque
446 5508 586 5563 sicut
633 5508 824 5572 hostis,
875 5505 967 5561 sed
1005 5503 1376 5560 sicutamicus
1421 5503 1534 5556 haec
1571 5499 1795 5555 scribo:

204 5601 321 5656 hoc
375 5599 539 5654 etiam
592 5614 659 5654 ex
715 5598 800 5653 his
878 5611 999 5668 quae
1070 5602 1366 5663 sequuntur
1436 5591 1794 5647 ostenditur:

214 5712 236 5742 ε
272 5690 520 5761 Amplius
553 5698 730 5745 autem
777 5687 1036 5758 deprecor
1075 5700 1172 5742 vos
1207 5684 1310 5739 hoc
1350 5682 1552 5747 facere,
1592 5689 1652 5734 ut
1690 5695 1794 5750 quo

220 5805 243 5840 ι
283 5783 514 5841 celerius
570 5781 826 5837 restituar
885 5777 1052 5835 vobis.
1117 5796 1134 5829 ›
1197 5775 1308 5831 Hoc
1361 5773 1505 5831 enim
1568 5771 1792 5828 nimium

1907 4685 2112 4741 noster,
2143 4675 2235 4746 qui
2263 4673 2450 4729 dilexit
2478 4687 2576 4728 nos
2603 4680 2658 4726 et
2693 4671 2839 4727 dedit
2868 4669 3288 4726 consolationem
3326 4679 3484 4727 aiter-

1903 4783 2027 4824 nam
2069 4776 2125 4822 et
2165 4780 2314 4837 spem
2362 4767 2560 4820 bonam
2628 4763 2681 4818 in
2725 4762 2919 4833 gratia,
2962 4761 3277 4816 exhortctur
3317 4763 3484 4818 corda

1903 4867 2082 4914 vestra
2108 4866 2162 4912 et
2187 4855 2472 4910 conﬁrmet
2497 4854 2549 4907 in
2589 4852 2735 4907 omni
2781 4865 2944 4920 opere
2980 4856 3035 4904 et
3063 4865 3313 4906 sermone
3341 4851 3486 4906 bono

1901 4949 1999 5022 (II
2027 4948 2205 5003 Thess.
2238 4945 2329 5018 ιι).
2371 4963 2389 4998 ι
2435 4943 2610 5015 Ipsum
2654 4941 2883 5011 denique
2923 4941 3172 4996 timorem
3203 4939 3334 5007 Dei,
3374 4957 3486 5012 quo

1903 5041 2132 5096 firmiter
2157 5053 2281 5094 eum
2307 5044 2490 5090 tenere
2515 5033 2805 5105 possimus,
2837 5047 2868 5086 a
2902 5031 3129 5086 Domino
3153 5031 3307 5087 nobis
3329 5030 3482 5088 Jere-

1902 5134 2040 5188 mias
2063 5130 2326 5200 pr0pbeta
2357 5141 2423 5182 ex
2451 5139 2681 5196 persona
2714 5123 2810 5178 Dei
2836 5121 3118 5178 manifeste
3146 5131 3376 5178 testatur
3399 5122 3481 5178 in-

1903 5222 2076 5287 fundi,
2099 5222 2174 5275 ita
2199 5219 2415 5274 dicens:
2449 5236 2466 5270 ι
2488 5217 2555 5272 Et
2580 5217 2718 5272 dabo
2741 5215 2821 5270 eis
2840 5229 2936 5269 cor
2957 5230 3145 5280 unum,
3170 5223 3224 5268 et
3245 5214 3484 5270 animam

1901 5328 2097 5376 unam,
2138 5320 2199 5366 ut
2241 5311 2463 5365 timeant
2498 5322 2585 5364 me
2612 5306 2878 5362 universis
2919 5306 3132 5372 diebus,
3157 5315 3214 5362 et
3244 5305 3384 5361 bene
3411 5306 3483 5362 sit

1900 5406 1981 5461 eis
2007 5412 2063 5459 et
2088 5403 2211 5458 ﬁliis
2231 5416 2416 5458 eorum
2436 5407 2557 5471 post
2579 5415 2673 5455 eos
2703 5407 2758 5454 et
2781 5398 2970 5453 feriam
2997 5399 3076 5454 eis
3099 5407 3315 5469 pactum
3335 5412 3480 5452 sem-

1901 5495 2197 5566 piternum,
2221 5500 2275 5547 et
2299 5506 2404 5546 non
2429 5490 2666 5545 desinam
2693 5489 2773 5544 eis
2798 5487 3132 5553 benefacere,
3155 5495 3209 5542 et
3233 5485 3483 5541 timorem

1903 5597 2082 5639 meum
2104 5581 2244 5636 dabo
2272 5580 2326 5635 in
2355 5580 2519 5635 corda
2553 5594 2768 5642 eorum,
2801 5586 2864 5632 ut
2896 5592 3005 5633 non
3052 5576 3306 5632 recedant
3332 5591 3362 5629 a
3393 5591 3484 5632 me

1905 5675 2049 5746 (Jer.
2087 5670 2296 5742 xxxii).
2337 5689 2356 5724 ι
2393 5670 2640 5726 Ezechiel
2666 5683 2918 5740 quoque:
2962 5687 2980 5720 ι
3016 5668 3080 5722 Et
3110 5666 3250 5724 dabo
3278 5666 3360 5722 eis
3384 5681 3486 5722 cor

1902 5783 2120 5834 novum,
2144 5774 2199 5821 et
2224 5764 2471 5837 spiritum
2503 5779 2695 5820 novum
2721 5763 2948 5819 tribuam
2979 5761 3032 5816 in
3061 5758 3358 5816 visceribus
3381 5774 3479 5817 eo-
