3972 6336
545 348 645 406 851

1179 345 1239 411 11.
1281 302 1540 401 asas-£1
1578 336 1799 396 11.111111
1834 331 2156 392 ARCHIEP.
2197 329 2506 388 uocum.
2547 325 2835 385 orenuu
2872 324 3054 383 mus
3092 325 3197 382 111:.

3739 316 3848 375 831

546 477 689 526 rum,
725 471 780 516 et
823 460 1066 516 auferam
1107 473 1202 514 cor
1240 456 1510 527 lapideum
1549 453 1614 508 de
1641 463 1804 507 carne
1833 461 2041 508 eorum,
2079 450 2134 498 et
2160 453 2209 514 Α
2237 441 2536 506 trahamus,
2565 440 2865 496 auditorem
2888 449 3135 496 nostrum
3162 438 3231 495 ad
3261 435 3534 496 fastidium
3565 437 3846 508 perduca-

546 553 688 609 dabo
713 552 794 607 eis
811 566 907 606 cor
929 565 1207 615 carneum,
1231 557 1292 605 ut
1311 549 1364 603 in
1386 544 1669 624 praeceptis
1693 541 1828 596 meis
1859 538 2134 596 ambulent

547 651 604 698 et
625 641 828 713 judicia
857 657 977 697 mea
1007 641 1334 705 custodiant,
1357 638 1661 706 faciantque
1682 651 1766 701 ea,
1797 642 1851 690 et
1875 633 2132 689 sintmihi

549 733 602 787 in
633 732 886 803 populum
917 740 967 786 et
996 745 1095 801 ego
1139 731 1241 786 sim
1280 730 1358 785 eis
1390 729 1442 783 in
1478 729 1644 782 Deum
1690 723 1917 796 (Ezech.
1955 722 2064 792 ιι).
2109 741 2128 774 1

549 822 754 889 Quibus
780 821 1216 878 manifestissime
1249 821 1604 890 perdocemur
1627 824 1683 872 et
1710 813 2135 870 initiumvolun-

550 913 677 970 tatis
705 913 860 968 bona:
891 913 1066 978 nobis,
1110 911 1338 968 Domino
1363 909 1969 982 inspirante,c0ncedi-,
2011 923 2134 963 cum

551 1009 644 1056 aut
673 1017 767 1072 per
787 1007 866 1069 Se,
890 1011 981 1058 aut
1001 1019 1098 1074 per
1117 1003 1547 1058 exhortationem
1573 1003 1856 1073 cujuslibet
1877 1002 2133 1067 hominis,

550 1099 643 1145 aut
668 1108 764 1161 per
789 1093 1170 1150 necessitatem
1193 1109 1292 1149 nos
1323 1093 1388 1148 ad
1419 1093 1610 1148 salutis
1639 1093 1865 1148 attrahit
1889 1093 2053 1158 viam,
2081 1101 2138 1150 et

548 1181 940 1252 perfectionem
967 1184 1224 1240 virtutum
1249 1185 1315 1240 ab
1338 1185 1526 1240 eodem
1548 1185 1799 1240 similiter
1816 1185 2131 1250 condonari,

550 1283 794 1330 nostrum
815 1291 942 1331 vero
964 1277 1066 1332 hoc
1085 1291 1226 1341 esse,
1241 1286 1301 1332 ιιι
1318 1277 1750 1332 adhortationem
1770 1277 2137 1346 auxiliumque

549 1362 646 1418 Dei
675 1363 760 1418 vel
788 1364 1168 1419 remissiusvel
1185 1365 1403 1420 enixius
1424 1381 1775 1435 exequamur,
1799 1374 1855 1422 et
1875 1381 1972 1436 pro
1994 1365 2135 1439 [per]

549 1453 654 1508 hoc
681 1468 781 1508 nos
810 1454 894 1508 vel
919 1455 1404 1510 remunerationem
1428 1454 1792 1524 vel-supplicia
1822 1455 2136 1523 dignissima

547 1546 880 1614 promereri,
914 1545 1223 1616 quodejus
1255 1546 1642 1616 dispensationi
1685 1562 1748 1600 ac
1789 1536 2139 1617 providentiae

549 1650 680 1705 erga
708 1652 803 1693 nos
836 1638 1224 1707 benignissima
1251 1638 1559 1708 dignatione
1585 1636 1812 1700 collatae,
1853 1637 1937 1692 vel
1961 1637 2139 1707 negle-

547 1726 726 1781 ximus
747 1767 774 1792 ,Α
809 1727 894 1783 vel
941 1728 1246 1792 studuimus
1285 1737 1484 1782 nostra:
1512 1728 1831 1784 obedientite
1853 1728 2137 1784 devotione

2233 548 2372 588 mus.
2405 530 2559 586 Unde
2589 530 2730 586 idem
2761 531 3082 608 prmdicator
3106 530 3354 600 egregius
3375 527 3621 586 Hebraeis
3655 527 3844 600 lo’qui-

2233 633 2324 680 tur
2369 625 2593 680 dicens:
2646 640 2664 673 ι
2707 621 2946 678 Obsecro
2995 637 3118 690 vos,
3157 621 3389 686 fratres,
3437 629 3498 675 ut
3543 619 3844 676 sufferatis

2231 716 2455 772 verbum
2505 713 2722 770 solatii:
2772 715 2975 770 etenim
3027 730 3296 785 perpauca
3343 713 3538 784 scripsi
3581 711 3777 788 vobis.
3817 731 3840 766 ι

2232 807 2347 865 Ηοε
2375 818 2554 864 tamen
2577 808 2809 864 infirmis
2829 808 3097 879 praecipue
3121 808 3392 878 congruit,
3421 816 3479 861 nt
3503 823 3688 878 pauca
3715 807 3845 877 qni-

2233 900 2355 954 dem
2375 915 2494 972 quae
2514 915 2710 970 capere
2733 899 3080 970 prtevaleant,
3105 900 3343 965 audiant,
3370 899 3461 956 sed
3485 916 3606 968 qua:
3635 914 3843 953 eorum

2234 999 2444 1047 mentes
2466 991 2520 1046 in
2543 990 2873 1062 ptenitentiae
2897 989 3082 1044 dolore
3103 999 3478 1060 compungant.
3511 988 3653 1044 Nam
3683 989 3734 1043 si
3761 989 3844 1042 eis

2234 1098 2340 1139 uno
2363 1083 2418 1136 in
2441 1090 2682 1152 tempore
2716 1081 3116 1137 exhortationis
3147 1096 3325 1136 sermo
3369 1081 3535 1135 fuerit
3560 1079 3846 1149 multipli-

2235 1175 2372 1228 citer
2412 1174 2624 1239 dictus,
2658 1173 2785 1244 quia
2813 1159 3256 1228 multareu'nere
3286 1187 3392 1226 non
3422 1171 3643 1236 valent,
3673 1171 3846 1225 simul

2235 1265 2490 1320 amittunt
2514 1264 2714 1320 omnia.
2758 1261 2913 1318 Unde
2949 1273 3005 1318 et
3045 1263 3238 1318 medici
3263 1277 3553 1334 corporum
3578 1277 3844 1331 pannos.

2217 1373 2372 1428 “quos
2398 1357 2793 1412 infirmantibus
2821 1357 3114 1412 stomachis
3150 1364 3390 1426 ponunt,
3434 1364 3560 1426 apto
3603 1355 3844 1425 quidem

2235 1450 2595 1506 medicamine
2615 1450 2710 1506 sed
2742 1449 3009 1504 subtiliter
3032 1448 3246 1514 liniunt,
3277 1463 3346 1503 ne
3372 1448 3416 1503 si
3441 1447 3638 1517 repleti
3668 1446 3846 1502 multo

2236 1541 2593 1596 medicamine
2623 1539 2823 1595 fuerint
2848 1539 3218 1595 infirmitatem
3245 1539 3510 1594 stomachi
3536 1553 3650 1592 non
3679 1539 3846 1592 robo.

2236 1640 2419 1687 rantes
2433 1631 2706 1700 adjuvent,
2723 1633 2816 1688 sed
2827 1633 3193 1703 Opprimenles
3213 1639 3452 1703 gravent.
3473 1629 3532 1701 (1
3537 1630 3700 1700 oan.)
3713 1629 3846 1686 «Εε-

2242 1742 2261 1774 c
2294 1725 2537 1796 gnoscite
2583 1723 2807 1784 fratrem
2853 1734 3100 1780 nostrum
3130 1725 3472 1779 Timotheum
3520 1723 3841 1780 dimissum.

545 1818 1042 1887 congruere..un
1082 1817 1358 1872 evidenter
1397 1817 1450 1872 in
1477 1817 1893 1872 Deuteronomio
1923 1825 2138 1888 aperte~
2165 1815 2211 1876 B
2245 1836 2262 1865 ι
2300 1816 2444 1886 quod
2482 1816 2528 1872 si
2557 1816 2786 1872 celerius
2824 1817 3057 1882 venerit.
3084 1817 3276 1871 Videbo
3314 1831 3431 1871 "05-
3477 1835 3498 1869 ³
3538 1815 3662 1871 Ποο
3694 1817 3842 1872 cnim

549 1923 656 1976 que
683 1908 1048 1964 describitur:
1095 1928 1112 1960 ι
1147 1908 1300 1975 Cum,
1331 1909 1524 1979 inquit,
1551 1909 1914 1964 introduxerit
1951 1919 2002 1966 te
2028 1909 2137 1965 Do-

547 1999 728 2074 minus
755 2000 896 2054 Deus
925 2010 1047 2055 tuus
1074 2001 1126 2054 in
1162 2008 1360 2055 terram
1397 2017 1555 2071 quam
1584 2014 1935 2070 possessurus
1957 2001 2136 2072 ingre-

547 2087 730 2150 dicris,
759 2090 1097 2146 et.delevcrit
1117 2099 1304 2162 gentes
1333 2091 1528 2146 multas
1549 2106 1730 2146 coram
1760 2100 1840 2156 te,
1861 2090 2136 2148 Cetbteum

545 2188 602 2234 et
629 2179 1022 2252 Gergassmum,
1053 2191 1108 2236 et
1131 2181 1505 2236 Amorrhrcum
1525 2221 1539 2247 ,
1585 2190 1638 2236 et
1665 2179 2053 2248 Chananazum,
2083 2190 2137 2238 et

545 2271 916 2338 Pherezteum,
945 2281 999 2326 et
1034 2272 1308 2342 lleva'mm,
1333 2281 1388 2328 et
1417 2271 1746 2344 Jebusacum,
1773 2281 1978 2344 septem
1997 2289 2137 2346 gen-

547 2369 632 2416 tes
660 2362 830 2417 multo
857 2362 1077 2431 majoris
1099 2364 1310 2418 numeri
1337 2371 1392 2417 et
1426 2365 1758 2419 robustiores
1791 2373 1871 2430 te,
1901 2365 2137 2420 tradide-

547 2454 725 2522 ritque
753 2470 865 2509 eas-
896 2455 1154 2510 Dominus
1195 2455 1311 2522 tibi,
1334 2456 1604 2526 percuties
1633 2469 1726 2511 eas
1765 2472 1934 2527 usque
1964 2457 2031 2511 ad
2057 2457 2137 2512 in-

550 2543 941 2608 ternecionem,
957 2561 1062 2600 non
1086 2545 1246 2600 inibis
1265 2545 1472 2601 carneis
1489 2546 1684 2612 tmdus,
1704 2560 1878 2617 neque
1902 2548 2138 2604 sociabis

547 2649 671 2689 cum
697 2637 776 2691 eis
797 2635 1050 2708 conjugia
1075 2636 1273 2708 -(Dcut.
1299 2639 1417 2706 v11).
1457 2660 1474 2690 ι
1511 2637 1664 2705 Quod
1704 2640 1866 2708 igitur
1895 2641 2137 2695 introdu-

548 2733 746 2779 cuntur
769 2725 821 2779 in
857 2733 1053 2780 terram
1087 2727 1541 2798 repromissionis,
1565 2728 1708 2797 quod
1730 2728 1980 2784 delentur
2003 2745 2132 2800 gen-

544 2825 630 2892 tes
659 2817 840 2872 multa:
876 2833 1058 2874 coram
1089 2819 1188 2884 eis,
1220 2819 1362 2888 quod
1412 2821 1697 2874 traduntur
1727 2821 1778 2875 in
1816 2837 2009 2877 manus
2047 2837 2137 2878 eo-

541 2924 663 2964 rum
704 2895 951 2968 nationes
989 2912 1208 2982 majoris
1253 2914 1486 2980 numeri,
1513 2926 1567 2969 et
1612 2915 1945 2990 robustiores
1971 2931 2134 2986 quam

541 3003 772 3074 papulus
791 3004 981 3070 Israel,
1000 3005 1092 3061 Dei
1115 3021 1234 3062 esse
1260 3009 1489 3077 gratiam
1507 3007 1782 3078 Scriptura
1799 3011 2130 3080 pronuntiat.

544 3095 738 3151 Utrum
771 3099 1244 3168 autempercutiat
1272 3114 1366 3155 eas
1401 3099 1565 3155 lsrael
1601 3116 1770 3170 usque
1799 3103 1867 3156 ad
1893 3103 2133 3157 interne-

2238 1907 2496 1961 idoneum
2515 1915 2652 1972 erat,
2680 1915 2737 1962 ut
2758 1908 3278 1962 eos-mansuetiores
3313 1905 3575 1972 efliceret,
3603 1906 3766 1976 quod
3789 1923 3844 1962 se

2235 1997 2648 2066 paratumdixit
2685 1997 2751 2052 ad
2781 2012 2874 2052 eos
2907 1997 3202 2061 venire,_ut
3242 1983 3490 2053 eoscum
3529 2012 3633 2052 suo
3671 1997 3841 2052 disci-

2235 2086 2362 2156 pulo
2408 2087 2636 2143 videret.
2681 2087 2934 2142 Arbitror
2962 2095 3168 2142 autem
3218 2101 3314 2142 eos
3359 2087 3485 2156 quia
3537 2087 3698 2141 circa
3749 2085 3842 2140 Ti-

2235 2177 2515 2232 motheum
2557 2191 2665 2232 non
2694 2193 2777 2232 se
2819 2177 3092 2232 habebant
3131 2175 3426 2242 infensius,
3473 2177 3624 2232 unde
3673 2178 3840 2232 etiam

2237 2267 2414 2338 ipsum
2439 2268 2750 2339 praeposuit,
2776 2287 2792 2320 ι
2827 2269 3157 2340 cognoscite,
3181 2269 3379 2339 inquit,
3401 2267 3634 2324 fratrem
3657 2269 3841 2324 Timo-

2237 2359 2422 2413 theum
2455 2359 2759 2424 dimissum,
2775 2376 2897 2415 cum
2920 2375 3028 2430 quo
3047 2360 3094 2415 si
3119 2359 3371 2416 celeriter
3395 2361 3839 2417 veneritividebo

2236 2467 2351 2508 vos.
2373 2471 2391 2504 ι
2439 2453 2730 2508 Dimissum
2778 2461 2960 2509 autem
3010 2454 3165 2519 dixit,
3190 2454 3378 2509 unde?
3408 2454 3674 2511 Arbitmr
3695 2458 3836 2512 enim

2235 2542 2380 2612 quod
2407 2541 2460 2598 in
2489 2543 2729 2599 custodia
2754 2542 2914 2600 fuerit
2938 2531 3262 2613 missus,aut
3287 2547 3333 2602 si
3353 2547 3460 2602 hoc
3485 2563 3600 2603 non
3623 2557 3740 2614 est,
3761 2549 3836 2603 di-

2235 2634 2458 2689 missum
2489 2635 2616 2690 dicit
2653 2636 2720 2691 ab
2771 2637 3026 2700 Athenis;
3061 2654 3186 2693 nam
3245 2646 3300 2694 et
3349 2639 3404 2694 in
3447 2640 3824 2710 apostolorum

2234 2725 2459 2782 Actibus
2501 2727 2582 2782 sic
2620 2728 2870 2783 habetur.
2908 2749 2927 2780 ‹
2973 2728 3217 2785 Salutate
3268 2745 3470 2806 omnes,
3505 2734 3835 2803 prarpositos

2241 2838 2258 2872 ι
2305 2830 2512 2878 vestros
2543 2831 2598 2878 et
2629 2837 2817 2880 omnes
2837 2835 3088 2892 sanctos;
3115 2826 3350 2899 salutant
3387 2826 3596 2885 fratres
3633 2845 3737 2885 vos
3773 2833 3834 2885 de

2241 2929 2260 2962 1
2302 2911 2487 2978 italia;
2524 2915 2695 2985 gratia
2720 2931 2844 2971 cum
2870 2917 3120 2972 omnibus
3144 2919 3317 2983 vobis,
3341 2918 3538 2974 Amen.
3585 2939 3604 2973 ι
3649 2920 3831 2976 lntue~

2236 3003 2311 3058 ris
2334 3006 2601 3073 quomodo
2626 3020 2719 3060 eos
2746 3005 3134 3078 honorabiliter
3167 3009 3406 3064 tractat?
3455 3009 3740 3080 siquidem
3769 3012 3832 3066 ad

2236 3092 2356 3148 illos
2379 3109 2476 3164 pro
2494 3094 2601 3150 illis
2623 3096 2921 3152 scribebat.
2948 3117 2966 3148 ς
2985 3097 3402 3171 Gratia,iuq11it,
3427 3115 3555 3156 cum
3581 3103 3832 3164 omnibus

541 3189 779 3254 cionem,
813 3202 1159 3247 an.reservet
1197 3207 1294 3247 eas
1321 3202 1382 3247 ct
1415 3203 1623 3262 parcat,
1669 3204 1723 3249 et
1765 3203 1946 3249 utrum
1990 3196 2137 3250 ineat
2163 3185 2206 3247 C
2238 3185 2412 3250 vobis.
2442 3186 2634 3242 Amen.
2656 3209 2674 3240 ι
2715 3187 2958 3244 Gratiam
2993 3191 3073 3245 eis
3103 3200 3273 3262 optat.
3302 3193 3446 3262 quod
3472 3203 3564 3248 est
3587 3195 3828 3249 omnium

540 3295 663 3334 cum
692 3281 772 3335 eis
798 3279 1006 3344 ftedos,
1023 3290 1077 3336 et
1106 3290 1283 3336 utrum
1308 3284 1481 3337 societ
1514 3299 1638 3337 cum
1663 3285 1743 3339 eis
1765 3284 2034 3356 conjugia,
2061 3301 2128 3340 an

539 3385 647 3424 non
666 3371 852 3433 societ,
875 3373 1112 3442 ipsorum
1136 3388 1254 3428 esse
1284 3382 1528 3430 testatur.
1546 3375 1662 3442 Quo
1689 3378 1994 3432 testimonio
2017 3394 2130 3432 ma-

538 3459 734 3514 nifeste
760 3462 1084 3517 discernitur
1126 3466 1253 3535 quid
1297 3466 1726 3522 libero-arbitrio
1747 3510 1760 3534 ,
1789 3470 1982 3538 quidve
2017 3472 2128 3527 dis-

537 3553 859 3620 pensationi,
877 3555 959 3609 vel
979 3557 1293 3624 quotidiana
1319 3558 1584 3628 adjutorio
1606 3561 1814 3616 Domini
1835 3561 2128 3618 debeamus

537 3643 830 3708 ascribere,
856 3654 912 3700 et
936 3645 1079 3715 quod
1103 3648 1300 3703 divinae
1347 3650 1418 3705 sit
1457 3651 1646 3722 gratia:
1683 3661 1942 3722 praestare
1970 3653 2127 3710 nobis

537 3736 854 3792 occasiones
890 3738 1084 3794 salutis
1112 3748 1168 3794 et
1205 3751 1498 3810 proventus
1529 3745 1795 3799 secundos
1841 3753 2007 3816 atque
2040 3748 2125 3801 vi-

535 3825 800 3892 ctoriam;
833 3836 1094 3882 nostrum-
1109 3845 1238 3885 vero
1265 3840 1323 3884 ut
1351 3847 1604 3888 concessa
1632 3833 1725 3890 Dei
1755 3835 2015 3892 beneﬁcia
2043 3837 2126 3893 vel

536 3915 815 3984 intentius,
841 3920 923 3974 vel
953 3922 1172 3992 segnius
1195 3939 1576 3994 exsequamur.

612 4026 630 4058 ι
670 4002 819 4078 Riigo
847 4020 1028 4090 autem
1061 4028 1188 4077 vos,
1239 4013 1434 4071 fratres
1455 4057 1470 4081 ,
1509 4027 1569 4072 ut
1598 4018 1871 4078 sufferatis
1897 4025 2120 4092 verbum

542 4117 561 4149 ι
599 4098 820 4155 solatii:
851 4104 1053 4158 etenim
1079 4108 1365 4175 perpaucis
1391 4109 1586 4178 scripsi
1624 4112 1796 4166 vobis.
1840 4134 1858 4166 ι
1891 4115 2123 4172 Intueris

534 4191 662 4258 quia
691 4194 832 4261 quod
863 4194 1026 4249 nullis
1047 4197 1265 4266 scripsit
1289 4199 1408 4253 istis
1435 4202 1652 4267 scribit,
1677 4205 1895 4270 etenim,
1926 4205 2117 4276 inquit,

535 4300 644 4339 non
662 4286 812 4340 vobis
834 4302 951 4341 sum
977 4288 1234 4344 molestus
1259 4291 1420 4361 longo
1445 4295 1931 4368 sermone.(Joan.')
1948 4298 2120 4354 Tanta

533 4377 778 4431 scribens
810 4375 1098 4446 Apostolus
1139 4395 1303 4448 parva
1327 4381 1415 4436 illa
1439 4397 1558 4438 esse
1585 4385 1737 4450 dixit,
1765 4387 1816 4441 in
1841 4402 2121 4458 compara-

535 4467 684 4522 tione
695 4468 908 4524 scilicet
920 4483 1106 4524 eorum
1116 4487 1245 4540 qua:
1259 4473 1502 4530 dicturus
1515 4485 1652 4540 erat,
1669 4479 1960 4534 secundum
1977 4484 2118 4550 quod

2235 3275 2797 3346 commune.Qualiter
2826 3288 3006 3352 autem
3034 3279 3275 3351 fltgratia
3301 3282 3706 3339 nobiseumISi
3728 3301 3832 3340 non

2233 3364 2484 3433 injuriam
2523 3369 2570 3423 ei
2621 3370 2908 3437 faciamus,
2937 3373 3153 3441 quando
3186 3374 3344 3429 nobis
3389 3375 3664 3432 beneﬁcia
3708 3393 3828 3433 cott-

2207 3526 2209 3530 ι
2233 3456 2497 3524 feruntur,
2523 3461 2568 3515 si
2598 3462 2929 3533 negligentes
2951 3480 3056 3519 non
3081 3466 3376 3524 existamus
3422 3470 3575 3526 circa
3604 3486 3826 3527 munera

2230 3549 2344 3604 Dei.
2373 3549 2509 3618 Quid
2539 3562 2622 3607 est
2646 3555 2857 3624 gratia?
2889 3556 3157 3613 Rcmissio
3180 3559 3433 3616 videlicet
3477 3572 3538 3616 et
3581 3565 3838 3636 purgatio

2227 3651 2598 3709 peccatorum,
2613 3644 2726 3700 haec
2741 3647 3020 3702 nobiscum
3043 3657 3145 3716 est,
3161 3650 3203 3703 si
3229 3650 3367 3705 bene
3382 3655 3682 3724 egerimus.
3697 3654 3828 3709 Nam

2226 3735 2348 3805 quis
2388 3737 2680 3808 injurlosus
2718 3739 2915 3810 poterit
2962 3740 3122 3796 istam
3192 3756 3414 3798 servare
3461 3747 3719 3814 gratiam,
3773 3755 3830 3800 et

2227 3843 2336 3883 non
2375 3823 2558 3885 statim
2580 3841 2870 3888 evacuatus
2889 3830 3153 3888 efﬁcitur?
3173 3831 3336 3890 Verbi
3374 3838 3574 3906 gratia,
3610 3837 3826 3892 domvit

2226 3918 2328 3974 tibi.
2358 3921 2538 3975 omnia
2567 3931 2808 3992 peccata,
2838 3923 3106 3994 quomodo
3138 3933 3315 3980 tecum
3336 3927 3513 3996 gratia
3546 3943 3825 3998 permane-

2223 4009 2467 4073 bit..sive
2493 4013 2714 4083 Spiritus
2746 4015 2920 4070 sancti
2958 4015 3222 4086 operatio,
3264 4017 3370 4072 nisi
3400 4034 3526 4074 eam
3571 4021 3824 4091 perbona

2223 4114 2385 4170 opera
2403 4102 2470 4156 ad
2495 4105 2836 4175 temetipsum
2853 4107 3140 4161 attraxeris
3153 4107 3175 4160 ?
3189 4108 3314 4164 Hice
3335 4111 3539 4182 quippe
3555 4122 3638 4168 est
3663 4128 3818 4169 causa

2223 4192 2463 4246 omnium
2494 4193 2784 4260 honorum,
2805 4196 2850 4252 si
2884 4196 2935 4251 in
2976 4197 3131 4276 nobis
3150 4199 3411 4269 spiritalis
3434 4204 3614 4274 gratia
3641 4220 3821 4274 perse-

2221 4293 2393 4338 verat.
2411 4284 2534 4341 Haec
2549 4287 2752 4357 quippe
2770 4304 2870 4344 nos
2897 4289 2963 4342 ad
2985 4291 3167 4345 omnia
3189 4291 3338 4346 bona
3351 4306 3506 4349 recto
3532 4296 3726 4351 itinere
3741 4299 3820 4351 de-

2222 4375 2548 4441 ducit,sicut
2580 4378 2742 4434 etiam
2775 4379 2996 4450 quando
3017 4381 3085 4434 ab
3111 4384 3817 4456 eagexcedimus,perimus,

2223 4467 2504 4522 et'deserti
2544 4467 2808 4524 eflicimur
2838 4471 2984 4524 omni
3011 4470 3171 4527 bono.
3200 4471 3318 4528 Non
3353 4475 3539 4546 itaque
3587 4493 3708 4532 eam
3734 4493 3815 4532 re

533 4569 585 4614 et
613 4559 738 4614 alibi
777 4561 914 4615 dixit
938 4579 952 4614 :
975 4579 1001 4612 1-
1035 4559 1187 4616 Sient
1211 4563 1402 4633 scripsi
1429 4565 1576 4621 vobis
1603 4567 1658 4623 in
1698 4569 1908 4624 modico
1929 4587 2121 4626 secun-
2146 4553 2198 4614 D
2225 4558 2503 4629 pellamus-
2541 4561 2599 4617 ιιι
2652 4563 2806 4618 “Obis
2842 4563 3041 4634 quippe
3065 4574 3150 4619 εει
3177 4567 3370 4634 ﬁliam.
3397 4579 3458 4624 ιιι
3500 4582 3816 4640 Permane”

539 4669 557 4701 ι
593 4651 721 4706 dum
753 4653 894 4722 quod
925 4654 1158 4724 potestis-
1180 4654 1417 4726 legentes
1453 4657 1750 4730 intelligere
1777 4662 2117 4731 prudentiam

538 4759 558 4792 ι
591 4757 766 4796 meam
796 4743 848 4797 in
884 4744 1142 4814 mysterio
1165 4744 1364 4802 Christi
1394 4747 1608 4818 (Ephes.
1640 4752 1777 4818 111).»
1808 4750 2022 4806 Etvidc
2041 4767 2122 4808 sa-

531 4831 790 4900 pientiam
821 4833 970 4902 ejus:
1001 4849 1107 4888 non
1133 4835 1282 4900 dicit,
1307 4835 1546 4892 Obsecro
1576 4853 1672 4892 vos
1699 4839 1964 4896 sustinere
2001 4857 2120 4897 ver-

530 4923 660 4976 imm
709 4922 1115 4991 admonitionis,
1141 4927 1254 4991 sed,
1283 4947 1300 4978 ι
1331 4925 1608 4984 Sustinete
1650 4929 1874 4985 verbum
1918 4948 2115 4989 conso-

531 5013 773 5080 lationis,
805 5035 822 5066 ι
872 5015 973 5070 Ιιοε
1017 5026 1102 5072 est
1145 5019 1367 5074 verbum
1412 5018 1613 5084 solatii,
1651 5021 1874 5076 verbum
1916 5025 2117 5080 adhor-

531 5106 772 5160 tationis.
805 5106 920 5160 Non
953 5117 1132 5177 potest
1158 5110 1468 5178 quisquam,
1507 5111 1708 5180 inquit,
1732 5111 2116 5183 longitudinem

527 5197 797 5252 sermonis
839 5197 1073 5253 abnuere
1114 5199 1214 5254 nisi
1249 5201 1302 5254 in
1341 5202 1620 5270 patientia.
1648 5203 1759 5257 lloc
1781 5206 1976 5275 quippe
2001 5217 2118 5262 erat

527 5288 671 5358 quod
703 5303 796 5344 eos
829 5289 1065 5344 aversari
1098 5289 1346 5345 faciebat.
1378 5292 1491 5346 Non
1537 5294 1651 5347 vult
1686 5294 1788 5348 hoc
1808 5297 2113 5362 ostendere,

526 5379 621 5434 sed
643 5379 872 5434 latenter
905 5380 1007 5434 hoc
1033 5380 1178 5442 dicit,
1214 5389 1470 5452 tanquam
1494 5382 1538 5437 si
1569 5384 1802 5439 diceret:
1825 5388 1924 5441 ctsi
1953 5389 2117 5457 pusil-

525 5472 754 5527 lanimes
781 5473 936 5536 estis,
975 5471 1160 5526 talium
1185 5480 1267 5526 est
1292 5474 1435 5528 enim
1464 5491 1568 5529 non
1604 5486 1688 5531 est
1737 5476 1881 5533 ferre
1912 5495 2115 5534 sermo-

523 5566 612 5620 nis
654 5564 1056 5634 longitudinem.
1091 5562 1292 5635 (Greg.)
1335 5565 1645 5623 Curandum
1692 5586 1907 5642 quoque
1952 5587 2122 5641 quan-

528 5662 641 5706 tum
684 5652 1002 5720 loquamur,
1050 5667 1118 5706 ne
1148 5653 1192 5706 si
1219 5653 1266 5707 ei
1293 5656 1382 5723 qui
1420 5657 1584 5712 multa
1626 5661 1772 5716 ferre
1801 5677 1906 5716 non
1942 5661 2118 5725 valet,

526 5743 744 5803 verbum
778 5742 857 5798 vel
897 5744 1305 5812 exhortationis,
1342 5747 1420 5801 vel
1469 5749 1872 5818 increpationis,
1906 5753 2115 5820 longius

2229 4652 2283 4709 in
2323 4656 2627 4722 nobis,-vcl
2679 4666 2739 4712 ut
2771 4657 3012 4713 discedat
3060 4674 3090 4712 a
3134 4661 3331 4726 nobis;
3377 4661 3509 4717 illud
3567 4664 3715 4718 enim
3762 4664 3816 4716 fit

2222 4748 2436 4817 quando
2471 4748 2713 4804 caelestia
2742 4749 3100 4806 mcditamur:
3129 4752 3232 4808 hoc
3262 4761 3470 4818 autem,
3500 4755 3722 4824 quando
3750 4754 3808 4807 ad

2221 4838 2499 4894 saecularia
2513 4838 2866 4894 declinamus.
2889 4859 2906 4891 ι
2929 4839 3099 4908 Quem
3115 4842 3370 4908 mundus,
3391 4843 3592 4914 inquit,
3610 4859 3716 4897 non
3733 4857 3812 4912 po-

2222 4927 2326 4984 test
2355 4929 2618 5000 accipcre,
2649 4930 2903 5000 quoniam
2943 4947 3049 4987 non
3080 4933 3224 4988 videt
3251 4949 3396 4999 eum,
3425 4951 3604 5006 neque
3628 4951 3811 5006 σου»

2224 5021 2327 5074 scit
2347 5035 2490 5074 eum.
2523 5039 2542 5071 ι
2562 5019 3158 5094 Contemplarisigitur,
3185 5025 3444 5094 quoniam
3469 5040 3578 5080 non
3605 5037 3688 5082 est
3717 5043 3810 5082 sa-

2221 5110 2421 5164 eularis
2455 5110 2650 5166 anima:
2670 5112 2870 5167 habere
2895 5113 3144 5182 spiritum
3167 5115 3450 5170 sanctum?
3475 5116 3638 5172 Multo
3661 5118 3808 5171 nobis

2224 5202 2404 5270 itaque
2428 5215 2563 5270 opus
2585 5210 2670 5255 est
2685 5201 2882 5268 studio,
2908 5210 2971 5256 ut
2985 5217 3114 5258 eum
3128 5203 3269 5273 apud
3298 5207 3658 5275 nosmetipsos
3683 5208 3806 5259 reti-

2220 5307 2348 5347 nere
2377 5292 2664 5362 possimus,
2691 5302 2744 5348 et
2775 5295 3013 5350 munitos
3043 5311 3140 5351 nos
3163 5297 3389 5352 reddere
3413 5307 3581 5368 atque
3607 5300 3658 5353 in
3683 5314 3806 5368 pace

2223 5383 2504 5437 collocare.
2537 5382 2692 5438 Sicut
2721 5385 2861 5438 enim
2902 5386 3054 5441 navis
3099 5372 3218 5456 quae
3241 5403 3504 5458 prospero
3523 5387 3684 5444 ﬂuctu
3711 5389 3808 5443 fer-

2228 5482 2314 5526 tur
2361 5474 2414 5528 in
2463 5473 2650 5544 pelago
2700 5489 2804 5528 non
2858 5485 3034 5545 potest
3077 5477 3323 5546 impediri
3365 5493 3541 5547 neque
3573 5477 3804 5547 demergi

2226 5579 2501 5633 usquequo
2524 5579 2782 5634 prospero
2811 5575 2972 5622 vento
2997 5583 3060 5622 ac
3090 5578 3471 5638 perseverante
3497 5584 3584 5638 per
3598 5570 3804 5626 fruitur.

2228 5656 2319 5710 sed
2359 5656 2520 5710 etiam
2550 5664 2671 5726 post
2717 5655 3114 5728 navigationem
3145 5659 3313 5731 gloria
3352 5659 3432 5714 eis
3461 5674 3654 5729 magna
3685 5674 3803 5712 eon-

2231 5750 2405 5822 tingit,
2427 5750 2538 5805 sive
2569 5750 2766 5816 nautis,
2789 5750 2900 5806 sive
2927 5751 3184 5823 epibatis;
3213 5750 3314 5807 illis
3331 5751 3546 5821 quidem
3569 5749 3810 5820 requiem-
