3972 6336
153 379 250 435 833

956 367 1059 424 ⁷Δῦ
1085 363 1635 426 ΕΝΛΠΒΑἸῚΟΝΕΒ
1672 365 1738 423 ΙΝ
1781 367 1929 423 ΕΡΡ.
1964 365 2172 423 PAULI
2211 365 2569 422 APPENDIX.

3305 365 3410 422 85!

153 493 379 546 tribuens
407 528 422 553 ,
469 485 614 557 quod
657 484 840 541 labore
897 485 1268 554 remigationis
1343 499 1451 542 non
1520 481 1721 537 fuerint
1749 487 1794 545 Α
1823 495 1913 535 ces
1937 481 1984 536 ei
2007 479 2214 536 reddita
2242 487 2325 533 est
2346 477 2552 548 integra
2571 483 2627 534 et
2646 475 3052 548 perfecta.Sint
3073 477 3236 549 igitur
3258 479 3418 535 nobis

155 577 500 652 fatigatizistis
528 584 708 630 autem
739 573 882 645 quod
909 587 1003 630 eos
1033 575 1198 630 maris
1232 573 1486 630 molestia
1521 571 1720 626 libera-

156 672 230 727 vit
265 679 315 727 et
357 667 755 738 navigationem
799 665 970 735 ipsam
1012 665 1238 720 hilarem
1288 664 1439 730 fecit,
1469 672 1526 719 et
1577 662 1726 717 velut

159 759 504 831 spectaculum
532 756 635 812 illis
649 755 945 826 jucundum
963 755 1134 825 iptam
1155 755 1574 825 prosperitatem
1599 768 1726 807 eur-

161 865 247 906 sus
269 849 539 915 attribuit;
570 848 650 903 sic
676 847 840 901 etiam
871 846 1051 900 anima
1083 847 1262 901 divino
1309 845 1492 915 adjuta
1533 844 1726 914 spiritu

159 941 394 998 omnibus
414 941 575 998 rebus
595 937 842 1008 superior
863 938 1068 1003 existit,
1084 945 1138 992 et
1156 937 1408 992 omnibus
1424 935 1728 991 fluctuatio-

161 1032 306 1086 nibus
328 1031 453 1084 vita:
475 1029 638 1097 hujus
667 1029 944 1094 eminebit,
965 1038 1020 1084 et
1054 1029 1194 1082 viam
1221 1029 1276 1083 in
1303 1027 1499 1082 coelum
1527 1027 1730 1081 ducen-

161 1131 261 1178 tem
279 1121 848 1189 vehementius,quam
872 1120 960 1174 illa
983 1120 1134 1174 navis
1157 1119 1370 1184 incedit,
1391 1125 1588 1188 utpote
1612 1135 1732 1189 qnze

162 1221 261 1267 non
292 1219 449 1266 vento
505 1210 856 1280 impellitur,-
893 1211 989 1266 sed
1022 1210 1091 1264 ab
1119 1211 1235 1280 ipso
1265 1209 1527 1280 paraelito
1555 1208 1735 1264 fertur

163 1302 348 1357 munda
368 1300 498 1356 vela
516 1301 800 1372 possidens
821 1301 1048 1372 et-plena
1064 1302 1348 1373 prosperis
1375 1301 1594 1358 ﬂatibus
1616 1317 1735 1357 om-

161 1408 278 1448 nem
325 1392 704 1448 remissionem
731 1400 814 1447 «et
859 1392 1266 1448 dissolutionem
1323 1408 1354 1448 a
1405 1408 1503 1448 sua
1555 1402 1738 1449 mente

163 1487 485 1542 discutiens:
517 1485 660 1540 sicut
680 1485 823 1539 enim
870 1485 922 1539 in
949 1485 1089 1540 velis
1114 1484 1334 1554 jactatis
1367 1492 1562 1540 ventus
1602 1485 1740 1540 inci-

163 1576 288 1631 dens
333 1575 465 1630 nihil
498 1583 796 1644 operatur:
841 1574 920 1630 sic
951 1575 1117 1632 etiam
1165 1574 1402 1645 Spiritus
1424 1584 1644 1630 sanctus
1684 1575 1738 1630 in

162 1667 333 1721 anima
361 1667 588 1722 remissa
619 1675 675 1722 et
702 1668 853 1738 segni
882 1684 986 1724 non
1017 1669 1224 1740 patitur
1250 1683 1590 1741 permanere,
1643 1669 1740 1724 sed

161 1771 290 1827 opus
331 1765 415 1812 est
477 1757 633 1812 nobis
678 1759 824 1814 omni
887 1759 1226 1816 districtione
1269 1761 1524 1830 omnique
1572 1761 1739 1816 vehe-

1827 572 2025 626 munda
2046 571 2184 634 vela,
2202 586 2310 625 non
2338 570 2447 624 sint
2471 571 2778 625 veterno‘sa.
2811 569 2982 626 Omne
3011 585 3245 641 namque
3270 571 3418 641 quod

1825 662 2132 726 veterascit,
2151 669 2206 716 et
2233 663 2287 715 in
2309 659 2518 714 senium
2540 660 2703 725 cadit,
2723 660 2964 716 interitui
2987 661 3291 730 proximum
3310 671 3420 729 est,

1827 770 1935 809 non
1961 755 2068 809 sint
2093 753 2322 808 contrita
2349 762 2405 808 et
2424 753 2660 824 dirupta,
2691 764 2752 809 ut
2787 755 3062 824 spiritales
3104 754 3264 811 flatus
3308 771 3420 812 non

1832 830 2068 905 teneant.
2100 862 2118 893 ‹
2145 842 2408 897 Animalis
2440 843 2584 899 enim
2617 844 2800 909 homo,
2824 845 2963 900 dixit
2980 846 3286 916 Apostolus,
3309 863 3421 904 non

1830 935 2058 1006 percipit
2084 951 2203 1006 quae
2235 942 2363 990 sunt
2409 936 2632 1004 spiritus
2663 935 2714 1007 (1
2733 935 2864 990 Cor.
2890 937 2975 1008 tt).
3024 957 3044 990 ι
3080 937 3232 994 Sicut
3273 939 3421 994 enim

1832 1041 2153 1082 aranearum
2179 1026 2412 1080 stamina
2436 1025 2622 1080 flatum
2651 1029 2796 1082 venti
2835 1043 2944 1082 non
2992 1029 3316 1099 suscipiunt,
3343 1030 3422 1085 sic

1833 1132 2007 1186 neque
2021 1116 2200 1170 anima
2223 1117 2518 1182 saecularis,
2536 1133 2709 1188 neque
2735 1119 2897 1174 homo
2919 1118 3168 1174 animalis
3189 1121 3424 1190 gratiam

1833 1207 2034 1278 poterit
2057 1206 2293 1278 Spiritus
2315 1209 2490 1263 sancti
2515 1210 2809 1280 suscipere,
2833 1210 2967 1265 nihil
2997 1210 3142 1265 enim
3167 1210 3426 1268 differunt

1835 1299 1902 1353 ab
1930 1298 2035 1353 illis
2061 1297 2382 1353 staminibus
2403 1299 2759 1370 cogitationes
2791 1310 3014 1378 nostrae,
3041 1299 3155 1356 solo
3181 1301 3299 1356 visu
3331 1303 3427 1357 ha-

1834 1390 2026 1445 bentes
2045 1379 2504 1460 consequentiam,
2555 1392 2720 1446 totius
2757 1381 2938 1447 autem
2992 1394 3207 1450 virtutis
3241 1411 3427 1451 vacuae

1838 1493 2173 1553 permanent.
2200 1481 2306 1538 Sed
2343 1491 2523 1538 nostra
2553 1499 2660 1538 non
2687 1486 2883 1540 debent
2911 1500 3030 1541 esse
3074 1486 3229 1551 talia;
3255 1487 3428 1557 siqui-

1839 1573 1962 1627 dem
1991 1573 2155 1628 sobrii
2185 1588 2407 1628 sumus:
2439 1573 2695 1643 quidquid
2727 1575 2994 1641 inciderit,
3031 1576 3212 1631 omnia
3237 1578 3431 1632 tolerat

1839 1665 2178 1722 Christianus
2193 1672 2250 1720 et
2277 1664 2528 1721 omnibus
2557 1673 2635 1720 est
2667 1668 2934 1736 superior,
2957 1667 3104 1722 omni
3139 1668 3292 1739 plaga
3321 1668 3432 1724 for-

1843 1745 1968 1813 t'ior.
1994 1757 2080 1811 Sit
2107 1756 2250 1810 enim
2279 1757 2506 1826 quisque
2529 1757 2796 1827 spiritalis
2825 1759 2926 1823 vir,
2959 1766 3014 1812 et
3039 1770 3328 1822 occurrant
3357 1759 3432 1815 illi

160 1847 375 1913 mantia,
421 1856 482 1902 ut
523 1864 678 1904 mens
717 1859 898 1906 nostra
938 1853 1135 1907 ardens
1161 1852 1216 1906 in
1253 1852 1408 1908 nobis
1423 1852 1639 1918 existat,
1687 1861 1744 1909 et
1770 1848 1816 1909 B
1844 1849 1988 1904 mille
2007 1849 2146 1904 mala
2171 1849 2318 1904 nullo
2344 1850 2502 1905 modo
2526 1850 2779 1904 vincitur.
2815 1851 2880 1905 Et
2898 1852 3026 1920 quid
3053 1852 3211 1908 dico?
3233 1852 3434 1908 incidat

158 1939 334 1994 omnia
368 1938 424 1993 in
465 1939 623 1994 nobis
671 1955 836 2010 opera
890 1942 1095 1998 intenta
1128 1943 1236 1998 sint
1279 1951 1334 1999 et
1364 1943 1549 1999 fortia.
1579 1926 1742 2000 Verbi

159 2028 355 2098 yatia,
376 2029 592 2099 quando
621 2044 862 2085 noramus
908 2047 1030 2086 eum
1079 2032 1247 2087 multa
1297 2033 1616 2098 intentione,
1641 2033 1745 2089 hoc

158 2125 366 2187 oportet
391 2116 626 2183 efﬁcere,
643 2118 982 2176 intendentes
1010 2121 1248 2176 animum
1272 2131 1515 2178 nostrum
1545 2124 1614 2178 ad
1638 2137 1746 2178 em-

156 2206 268 2262 lum
297 2224 404 2264 non
437 2208 672 2275 funibus,
725 2211 820 2267 sed
850 2211 1119 2269 desiderio
1172 2214 1369 2270 valido.
1413 2214 1546 2269 Item
1574 2230 1746 2286 quan-

156 2299 228 2355 do
257 2301 682 2358 misericordiam
723 2301 1008 2369 faciamus,
1041 2306 1341 2361 intcnsione
1368 2321 1504 2376 opus
1537 2314 1640 2374 est,
1677 2323 1746 2363 ne

154 2385 300 2444 forte
328 2405 457 2445 cura
484 2391 675 2447 domus
699 2399 756 2446 et
798 2393 1134 2472 providentia
1168 2393 1399 2450 filiorum
1417 2399 1584 2472 atque
1613 2410 1752 2468 uxos

155 2479 238 2535 ris
260 2479 485 2538 affectus
511 2483 597 2538 vel
616 2482 776 2538 timor
802 2469 1058 2554 egestatis
1089 2485 1400 2542 subintrans
1417 2469 1420 2472 ί
1436 2486 1746 2542 remissiora

155 2573 281 2629 vela
327 2575 480 2631 nobis
528 2576 743 2632 efﬁciat.
783 2576 840 2632 Si
867 2579 1012 2633 enim
1037 2593 1186 2649 spem
1222 2578 1523 2636 futurorum
1565 2590 1748 2637 atten-

155 2665 353 2720 damus
415 2666 675 2737 undique,
731 2668 869 2724 bene
916 2669 1158 2740 suscipit
1209 2671 1576 2741 operationem
1621 2671 1746 2742 Spi-

157 2755 302 2812 ritus
359 2757 570 2824 sancti;
623 2757 730 2813 illis
781 2767 961 2814 autem
1015 2759 1430 2830 cogitationibus
1479 2769 1534 2816 et
1584 2761 1748 2824 mise-

155 2848 260 2903 riis
312 2849 747 2919 impedientibus,
787 2849 937 2904 nihil
975 2850 1042 2906 in
1081 2864 1216 2905 .eam
1264 2851 1450 2923 gratiae
1487 2851 1752 2922 permittit

156 2937 421 3002 incidere,
447 2939 514 2993 ac
545 2939 590 2993 si
621 2938 760 2994 forte
801 2939 1024 3005 incidat,
1057 2940 1226 3010 ipsam
1257 2941 1472 3010 quidem
1501 2940 1634 2996 nihil
1662 2940 1751 2995 la:—

156 3027 263 3092 sit,
316 3029 678 3098 repercutitur
712 3036 891 3083 autem
923 3029 1012 3085 ille
1067 3018 1421 3107 ﬂatuslcitius
1463 3031 1752 3103 gemitibus

157 3119 360 3174 anima:
384 3127 440 3175 et
475 3121 676 3177 excidit
712 3113 993 3177 excussus.
1037 3122 1338 3193 Propterea
1377 3124 1540 3195 igitur
1582 3125 1752 3180 multa

1846 1939 1920 1993 illi
1965 1938 2268 2008 pauperies,
2293 1938 2576 2008 aegritudo,
2603 1938 2832 2007 injuriaa,
2851 1941 3138 2007 detractio,
3162 1942 3435 2013 vitupera-

1847 2029 2044 2095 tiones,
2070 2029 2255 2100 plagae,
2271 2044 2433 2084 omne
2459 2045 2632 2101 genus
2666 2031 2934 2102 supplicii,
2965 2048 3125 2089 omne
3146 2049 3320 2106 genus
3341 2035 3438 2091 de-

1846 2119 2109 2191 ceptionis
2130 2128 2186 2174 et
2213 2119 2660 2190 improperiorum
2688 2131 2743 2176 et
2772 2122 3108 2192 injuriarum,
3148 2125 3242 2179 sed
3273 2125 3437 2180 veluti

1847 2215 1892 2270 si
1912 2222 2064 2268 extra
2086 2214 2342 2268 mundum
2369 2213 2533 2269 fuerit
2553 2216 2903 2281 constitutus,
2921 2225 2977 2272 et
3001 2217 3165 2273 veluti
3192 2218 3238 2272 si
3261 2235 3290 2272 a
3317 2233 3440 2289 pas-

1846 2303 2088 2359 sibnibus
2118 2303 2364 2373 corporis
2392 2302 2530 2359 liber
2561 2304 2779 2371 existat,
2837 2305 2883 2360 si
2924 2314 3117 2361 cuncta
3159 2305 3250 2360 illa
3303 2306 3438 2362 risui

1847 2393 2087 2449 habebit.
2116 2395 2186 2449 Et
2223 2395 2349 2464 quia
2399 2409 2505 2449 non
2559 2395 2675 2451 haec
2718 2397 2895 2453 verbis
2916 2398 3254 2468 amplificare
3293 2399 3438 2464 volo,

1847 2483 2044 2540 multos
2077 2484 2240 2538 etiam
2272 2499 2415 2539 nunc
2437 2485 2576 2541 tales
2621 2486 2893 2553 existimo,
2919 2487 3059 2543 sicut
3087 2489 3141 2543 hi
3170 2489 3262 2559 qui
3286 2505 3346 2545 se
3371 2491 3441 2546 ad

1847 2589 2088 2630 eremum
2109 2575 2471 2630 contulerunt.
2491 2575 2596 2631 Sed
2618 2566 2751 2632 nihil
2773 2579 2874 2634 hoc
2895 2579 3111 2646 mirum,
3128 2596 3252 2635 nam
3273 2582 3441 2636 etiam

1849 2664 1902 2732 in
1953 2665 2262 2722 civitatibus
2300 2666 2468 2722 latere
2513 2667 2648 2724 tales
2677 2665 2981 2742 texistimo.
3013 2671 3164 2738 Quod
3213 2674 3258 2728 si
3296 2673 3440 2740 volo,

1850 2769 2073 2825 possum
2125 2756 2433 2827 huiusmodi
2464 2760 2717 2830 antiquos
2765 2763 3166 2828 ostendere;et
3194 2773 3252 2817 ut
3277 2779 3444 2834 agno-

1851 2862 1990 2911 scas,
2046 2847 2286 2920 intelligo
2323 2849 2587 2914 Paulum;
2623 2852 2753 2920 quid
2799 2853 2887 2906 ille
2926 2868 3034 2908 non
3082 2853 3207 2908 mali
3251 2870 3442 2925 passus

1850 2935 1984 2991 est?
2011 2936 2141 3006 quid
2191 2952 2299 2992 non
2335 2940 2660 3021 sustinuit?
2695 2942 2876 2998 omnia
2915 2941 3129 2998 fortiter
3156 2943 3440 3002 tolerabat.

1852 3025 2008 3098 Hunc
2047 3028 2338 3094 imitemur,
2385 3040 2440 3085 et
2481 3032 2558 3087 sic
2596 3034 2894 3102 poterimus
2925 3036 2993 3090 ad
3024 3044 3213 3106 portus
3260 3037 3445 3093 venire

1855 3119 2199 3190 tranquillos,
2221 3120 2372 3176 lucra
2419 3123 2651 3180 maxima
2701 3124 3028 3181 deferentes.
3077 3127 3444 3184 Extendamus

156 3212 320 3266 nobis
384 3226 520 3282 opus
588 3221 671 3268 est
737 3213 1060 3270 intensione.
1113 3215 1323 3271 Etenim
1369 3214 1484 3284 jam
1543 3230 1642 3271 nos
1701 3207 1828 3271 inC
1860 3210 2023 3282 igitur
2049 3219 2286 3265 nostram
2317 3221 2554 3267 mentem
2580 3221 2635 3268 et
2661 3214 3243 3286 clevemusadcoelum,
3273 3227 3328 3273 et
3353 3219 3445 3273 illo

158 3303 302 3360 mari
357 3319 551 3374 magno
605 3313 661 3360 et
709 3306 946 3376 spatioso
1019 3307 1355 3378 navigamus,
1400 3295 1584 3362 multis
1628 3309 1759 3380 qui;

158 3395 286 3451 dem
312 3397 502 3452 bestiis
525 3397 682 3468 pleno
701 3407 754 3454 et
775 3398 964 3470 multis
978 3399 1242 3469 scopulis:
1267 3401 1369 3456 hoc
1388 3414 1537 3455 mare
1559 3401 1754 3456 multas

160 3489 323 3543 nobis
350 3489 509 3542 etiam
523 3498 881 3560 tempestates
909 3489 1104 3560 ingerit
1118 3499 1173 3546 et
1188 3490 1422 3546 obducto
1443 3491 1580 3546 ccelo
1602 3491 1756 3546 nubi-

161 3577 266 3632 bus
289 3578 524 3647 majores
551 3579 753 3634 excitat
772 3578 994 3635 ﬂuctus:
999 3579 1226 3651 Oportet
1246 3581 1426 3653 igitur,
1443 3580 1489 3636 si
1509 3581 1757 3638 volumus

161 3669 285 3724 sine
313 3670 561 3725 molestia
588 3679 643 3726 et
688 3671 804 3727 sine
830 3672 1069 3742 periculo
1110 3673 1383 3742 navigare,
1408 3666 1537 3728 vela
1556 3684 1756 3732 nostra:

160 3761 348 3828 naris,
371 3762 473 3818 hoc
511 3772 594 3818 est
629 3772 827 3818 nostra:
846 3749 1142 3819 voluntatis
1169 3765 1400 3833 erigere,
1425 3763 1618 3819 suﬂieit
1654 3765 1757 3820 hoc

159 3851 312 3906 enim
337 3851 512 3918 nobis.
546 3852 610 3907 Et
634 3851 909 3906 Abraham
949 3855 1204 3922 quoniam
1227 3852 1554 3907 desiderium
1585 3853 1755 3907 suum

161 3941 439 3997 intentum
477 3941 664 3997 habuit
688 3939 754 3997 ad
784 3941 974 4006 Deum,
999 3949 1054 3997 et
1079 3931 1590 3997 voluntatem‘suam
1622 3942 1757 3997 inte-

158 4047 324 4102 gram
371 4040 424 4086 et
459 4031 749 4110 perfectam
777 4032 970 4088 obtulit
992 4033 1129 4100 .Deo,
1159 4032 1291 4100 nihil
1322 4032 1466 4088 aliud
1495 4048 1630 4104 opus
1655 4033 1754 4088 ha-

159 4124 306 4189 buit,
329 4142 351 4174 c
381 4125 474 4179 sed
492 4125 726 4180 credith
747 4125 878 4189 Deo,
901 4132 959 4179 et
987 4133 1288 4194 reputatum
1303 4133 1386 4178 est
1411 4123 1484 4178 illi
1511 4124 1577 4178 ad
1600 4121 1760 4192 justi-

159 4213 361 4268 tiam.»
401 4213 561 4269 Fides
581 4223 760 4269 autem
794 4213 1003 4285 integra
1031 4223 1086 4270 et
1109 4230 1363 4286 germana
1388 4213 1635 4269 voluntas
1655 4221 1757 4268 est.

155 4305 381 4364 Obtulit
408 4307 576 4364 ﬁlium
604 4297 781 4376 suum,
807 4319 860 4366 et
882 4297 988 4366 non
1015 4326 1137 4366 eum
1166 4311 1441 4376 occidens,
1464 4310 1760 4366 occidentis

1857 3314 2043 3380 amore
2072 3308 2375 3376 teneamur,
2405 3309 2461 3356 et
2483 3301 2593 3372 igni
2630 3304 2859 3374 spiritali
2905 3306 3322 3376 magnanimiter
3359 3309 3443 3364 in-

1859 3392 2106 3446 duamur.
2129 3390 2420 3449 .Salvemus
2447 3396 2805 3466 nosmetipsos
2831 3396 3168 3453 flammarum
3199 3399 3448 3456 incendio

1859 3485 2183 3551 divinarum,
2216 3485 2396 3541 nullus
2425 3486 2492 3541 iis
2523 3485 2757 3544 flammis
2799 3489 3190 3560 circumseptus
3221 3491 3449 3562 alicujus

1859 3574 2115 3630 formidat
2143 3577 2412 3642 incursus,
2437 3577 2550 3633 sive
2577 3577 2738 3633 fuerit
2767 3580 2948 3646 homo,
2981 3583 3093 3637 sive
3113 3583 3308 3649 bestia,
3335 3585 3452 3640 sive

1860 3666 2005 3720 mille
2036 3667 2364 3738 muscipula,
2407 3669 2642 3738 quandiu
2671 3671 2816 3726 enim
2862 3673 3090 3742 quisque
3139 3674 3340 3745 ignitus
3367 3676 3448 3730 in-

1861 3758 2022 3822 cedit,
2053 3759 2237 3814 omnia
2259 3769 2496 3829 superat,
2528 3763 2708 3816 omnia
2742 3765 2972 3829 excedit,
3002 3766 3182 3820 omnia
3210 3776 3451 3822 contem-

1862 3850 1970 3915 nit;
2002 3850 2218 3904 flamma
2240 3852 2437 3922 quippe
2489 3853 2869 3924 insuperabilis
2908 3871 2996 3911 res
3033 3865 3137 3922 est,
3166 3865 3220 3912 et
3251 3858 3450 3928 impor-

1864 3942 2025 3998 tabile
2051 3950 2135 3997 est
2160 3944 2370 3998 cunctis
2402 3943 2563 4000 rebus
2589 3945 2916 4015 incendium,
2939 3947 3076 4019 ignis
3098 3949 3294 4018 quippe
3319 3965 3452 4004 cun-

1864 4042 1951 4090 cta
2004 4035 2294 4090 consumit.
2355 4034 2468 4090 Hoc
2525 4037 2707 4106 itaque
2775 4037 2899 4108 igne
2969 4039 3454 4109 circumsepiamur

1863 4126 2138 4190 exhortor,
2203 4125 2429 4197 gloriam
2483 4125 2771 4182 offerentes
2831 4127 3057 4181 Domino
3105 4137 3289 4182 nostro
3321 4128 3452 4184 Jesu

1865 4212 2239 4278 Christo,cum
2269 4231 2377 4285 quo
2402 4215 2692 4281 Patri,una
2723 4231 2847 4272 cum
2878 4227 3067 4286 sancto
3091 4216 3317 4288 Spiritu,
3338 4219 3453 4288 glo-

1869 4307 1969 4374 ria,
2001 4307 2310 4378 imperium,
2355 4309 2549 4375 honor,
2584 4324 2726 4364 nunc
2755 4319 2810 4365 et
2860 4324 3074 4382 seraper
3097 4319 3152 4365 ct
3179 4311 3232 4364 in
3259 4311 3454 4367 szccula

147 4407 386 4456 certum
411 4395 497 4456 eSt
524 4401 792 4472 recepisse
814 4401 1143 4468 mercedem,
1167 4412 1222 4458 et
1241 4417 1300 4458 re
1321 4417 1428 4457 non
1449 4401 1590 4456 facta
1618 4416 1761 4455 mer—
1871 4397 2216 4453 saeculorum.
2248 4399 2445 4454 Amen.
2797 4441 2800 4444 .
3173 4433 3176 4438 -
3390 4414 3420 4440 ο

1774 4813 1854 4853 AD

359 4947 979 5010 ENARRATIONES
1020 4946 1326 5008 RABANI
1369 4943 1628 5006 MAURI
1673 4943 1752 5002 IN
1797 4941 2235 5005 EPISTOLAS
2278 4947 2517 5008 BEATI
2562 4949 2797 5010 PAULI
2843 4951 3260 5014 APOSTOLI.

1348 5168 1735 5244 JACOBI
1819 5167 1956 5240 ΡΛ
1969 5171 2049 5238 Μ
2063 5167 2282 5239 Ειιι

630 5321 1183 5400 EXPOSlTIO
1262 5264 1370 5398 ΙΝ
1452 5315 2043 5394 EPISTOLAM
2122 5315 2252 5390 AD
2326 5314 3044 5394 PHILEMONEM.

1802 5533 2022 5599 Dlacto
2075 5529 2405 5586 OEcumenio
2459 5535 2513 5583 et
2551 5527 2912 5594 Theodoreto,
2980 5528 3148 5583 fuisse
3201 5528 3458 5599 quosdam

1876 5603 1988 5674 jam
2017 5603 2144 5658 olim
2172 5602 2262 5704 qui
2311 5601 2450 5655 hanc
2496 5600 2564 5655 ad
2592 5599 2958 5656 Philemonem
3009 5598 3280 5680 noluerint
3323 5597 3462 5675 inter

1887 5675 2148 5704 Ωηζσιηιηο
2175 5671 2200 5704 ι
2221 5671 2323 5704 nuli
2373 5670 2612 5704 popino-ua
2679 5672 2820 5704 ηιιηιι
2849 5671 2913 5704 .ln
2941 5685 2998 5704 um
3024 5684 3174 5704 nar-1's
3206 5675 3458 5704 ninnu-nh

1887 5668 2152 5749 Epistolas
2175 5668 2326 5726 Pauli
2373 5670 2650 5749 recipere,
2679 5671 2913 5749 quodde
2941 5685 3002 5749 re
3024 5668 3176 5749 parsi
3206 5668 3459 5749 momenti

1885 5734 2084 5817 scripta
2108 5745 2198 5811 sit,
2247 5753 2340 5798 aut
2366 5734 2515 5798 certe
2545 5743 2588 5798 si
2615 5734 2764 5796 Pauli
2797 5742 2888 5806 sit,
2929 5734 3064 5794 nihil
3092 5734 3462 5802 habereuuod

781 5540 1170 5600 PREFATIO.

237 5686 532 5759 Imprimis
563 5685 617 5742 id
655 5687 745 5742 hic
776 5683 1161 5759 advertendum
1188 5688 1273 5738 est
1313 5679 1456 5750 quod
1488 5677 1774 5759 adnotetur

145 5771 292 5819 tam
331 5748 403 5814 ab
435 5757 763 5830 Hieronymo
793 5772 953 5828 quam
991 5748 1448 5826 aChrysosto'mo,
1494 5748 1780 5819 Theophy-
