  <div class='ocr_page' id='page_1' title='image "/cluster/home/n/w/nwhite01/storage/ocr_20150623/112/hvd.32044015685407/430.png"; bbox 0 0 3972 6336; ppageno 0'>
   <div class='ocr_carea' id='block_1_1' title="bbox 277 367 383 426">
    <p class='ocr_par' dir='ltr' id='par_1_1' title="bbox 277 367 383 426">
     <span class='ocr_line' id='line_1_1' title="bbox 277 367 383 426; baseline -0.038 0"><span class='ocrx_word' id='word_1_1' title='bbox 277 367 383 426; x_wconf 75' lang='grc'><strong>849</strong></span> 
     </span>
    </p>
   </div>
   <div class='ocr_carea' id='block_1_2' title="bbox 1243 364 2600 426">
    <p class='ocr_par' dir='ltr' id='par_1_2' title="bbox 1243 364 2600 426">
     <span class='ocr_line' id='line_1_2' title="bbox 1243 364 2600 426; baseline 0 -3"><span class='ocrx_word' id='word_1_2' title='bbox 1243 365 1668 426; x_wconf 65' lang='grc' dir='ltr'><strong>ΑιιΕϐοιιιᾹε</strong></span> <span class='ocrx_word' id='word_1_3' title='bbox 1705 365 1776 423; x_wconf 83' lang='lat' dir='ltr'><strong>IN</strong></span> <span class='ocrx_word' id='word_1_4' title='bbox 1816 365 2096 423; x_wconf 75' lang='lat' dir='ltr'><strong>SACBAM</strong></span> <span class='ocrx_word' id='word_1_5' title='bbox 2135 364 2600 424; x_wconf 77' lang='lat' dir='ltr'><strong>SCRIPTUBAM.</strong></span> 
     </span>
    </p>
   </div>
   <div class='ocr_carea' id='block_1_3' title="bbox 1264 521 2746 535">
    <p class='ocr_par' dir='ltr' id='par_1_3' title="bbox 1264 521 2746 535">
     <span class='ocr_line' id='line_1_3' title="bbox 1264 521 2746 535; baseline -0.001 -1"><span class='ocrx_word' id='word_1_6' title='bbox 1264 522 2174 535; x_wconf 58' lang='grc' dir='ltr'><strong>-Μ--ι</strong></span> <span class='ocrx_word' id='word_1_7' title='bbox 2193 521 2746 535; x_wconf 59' lang='lat' dir='ltr'><strong>w-—-_-~w——---u-</strong></span> 
     </span>
    </p>
   </div>
   <div class='ocr_carea' id='block_1_4' title="bbox 877 656 2986 771">
    <p class='ocr_par' dir='ltr' id='par_1_4' title="bbox 877 656 2986 771">
     <span class='ocr_line' id='line_1_4' title="bbox 877 656 2986 771; baseline -0 0"><span class='ocrx_word' id='word_1_8' title='bbox 877 657 1455 771; x_wconf 74' lang='grc' dir='ltr'><strong>ΒΕΔἸῚ</strong></span> <span class='ocrx_word' id='word_1_9' title='bbox 1535 656 2297 769; x_wconf 73' lang='grc' dir='ltr'><strong>ΒΔΒΔΝῙ</strong></span> <span class='ocrx_word' id='word_1_10' title='bbox 2369 657 2986 770; x_wconf 72' lang='grc' dir='ltr'><strong>ΜΔΠΒῙ</strong></span> 
     </span>
    </p>
   </div>
   <div class='ocr_carea' id='block_1_5' title="bbox 3462 363 3566 422">
    <p class='ocr_par' dir='ltr' id='par_1_5' title="bbox 3462 363 3566 422">
     <span class='ocr_line' id='line_1_5' title="bbox 3462 363 3566 422; baseline -0.019 -4"><span class='ocrx_word' id='word_1_11' title='bbox 3462 363 3566 422; x_wconf 71' lang='grc' dir='ltr'><strong>8Ῑ3υ</strong></span> 
     </span>
    </p>
   </div>
   <div class='ocr_carea' id='block_1_6' title="bbox 1006 865 2832 925">
    <p class='ocr_par' dir='ltr' id='par_1_6' title="bbox 1006 865 2832 925">
     <span class='ocr_line' id='line_1_6' title="bbox 1006 865 2832 925; baseline -0.002 0"><span class='ocrx_word' id='word_1_12' title='bbox 1006 866 1396 925; x_wconf 86' lang='lat' dir='ltr'><strong>FULDENSlS</strong></span> <span class='ocrx_word' id='word_1_13' title='bbox 1432 866 1726 923; x_wconf 81' lang='lat' dir='ltr'><strong>ABBATIS</strong></span> <span class='ocrx_word' id='word_1_14' title='bbox 1760 868 1851 924; x_wconf 88' lang='lat' dir='ltr'>ET</span> <span class='ocrx_word' id='word_1_15' title='bbox 1888 867 2274 924; x_wconf 83' lang='lat' dir='ltr'><strong>MOGUNTINI</strong></span> <span class='ocrx_word' id='word_1_16' title='bbox 2309 865 2832 924; x_wconf 82' lang='lat' dir='ltr'><strong>ARCHIEPISCOPI</strong></span> 
     </span>
    </p>
   </div>
   <div class='ocr_carea' id='block_1_7' title="bbox 306 1029 3511 1196">
    <p class='ocr_par' dir='ltr' id='par_1_7' title="bbox 306 1029 3511 1196">
     <span class='ocr_line' id='line_1_7' title="bbox 306 1029 3511 1196; baseline 0.001 -4"><span class='ocrx_word' id='word_1_17' title='bbox 306 1035 958 1196; x_wconf 75' lang='lat' dir='ltr'><strong>ALLEGllRIlll</strong></span> <span class='ocrx_word' id='word_1_18' title='bbox 1071 1036 1204 1189; x_wconf 86' lang='lat' dir='ltr'><strong>IN</strong></span> <span class='ocrx_word' id='word_1_19' title='bbox 1314 1031 1992 1191; x_wconf 74' lang='lat' dir='ltr'><strong>UNIVERSAM</strong></span> <span class='ocrx_word' id='word_1_20' title='bbox 2103 1031 2571 1188; x_wconf 75' lang='lat' dir='ltr'><strong>SAGRAM</strong></span> <span class='ocrx_word' id='word_1_21' title='bbox 2650 1035 3393 1194; x_wconf 78' lang='lat' dir='ltr'><strong>SGRIPTUBAM</strong></span> <span class='ocrx_word' id='word_1_22' title='bbox 3474 1029 3511 1074; x_wconf 70' lang='grc'>⁸</span> 
     </span>
    </p>
   </div>
   <div class='ocr_carea' id='block_1_8' title="bbox 347 1383 3566 1460">
    <p class='ocr_par' dir='ltr' id='par_1_8' title="bbox 347 1383 3566 1460">
     <span class='ocr_line' id='line_1_8' title="bbox 347 1383 3566 1460; baseline 0 -18"><span class='ocrx_word' id='word_1_23' title='bbox 347 1387 607 1458; x_wconf 89' lang='lat' dir='ltr'><strong>Quisquis</strong></span> <span class='ocrx_word' id='word_1_24' title='bbox 637 1386 706 1441; x_wconf 90' lang='lat' dir='ltr'><strong>ad</strong></span> <span class='ocrx_word' id='word_1_25' title='bbox 752 1401 922 1441; x_wconf 66' lang='lat' dir='ltr'><strong>sacrae</strong></span> <span class='ocrx_word' id='word_1_26' title='bbox 952 1384 1251 1456; x_wconf 72' lang='lat' dir='ltr'><strong>Scriptum</strong></span> <span class='ocrx_word' id='word_1_27' title='bbox 1295 1386 1546 1443; x_wconf 75' lang='lat' dir='ltr'><strong>notitiam</strong></span> <span class='ocrx_word' id='word_1_28' title='bbox 1595 1387 1872 1442; x_wconf 85' lang='lat' dir='ltr'><strong>desiderat</strong></span> <span class='ocrx_word' id='word_1_29' title='bbox 1897 1389 1952 1451; x_wconf 80' lang='grc' dir='ltr'><strong>Α</strong></span> <span class='ocrx_word' id='word_1_30' title='bbox 1977 1385 2105 1440; x_wconf 92' lang='lat' dir='ltr'><strong>dum</strong></span> <span class='ocrx_word' id='word_1_31' title='bbox 2136 1401 2234 1456; x_wconf 89' lang='lat' dir='ltr'><strong>per</strong></span> <span class='ocrx_word' id='word_1_32' title='bbox 2262 1383 2530 1457; x_wconf 68' lang='lat' dir='ltr'><strong>allegorice</strong></span> <span class='ocrx_word' id='word_1_33' title='bbox 2557 1387 2879 1441; x_wconf 78' lang='lat' dir='ltr'><strong>exercitium</strong></span> <span class='ocrx_word' id='word_1_34' title='bbox 2915 1384 3042 1442; x_wconf 84' lang='lat' dir='ltr'><strong>ﬁdei</strong></span> <span class='ocrx_word' id='word_1_35' title='bbox 3071 1387 3330 1460; x_wconf 83' lang='lat' dir='ltr'><strong>mysteria</strong></span> <span class='ocrx_word' id='word_1_36' title='bbox 3357 1387 3566 1458; x_wconf 84' lang='lat' dir='ltr'><strong>pandit,</strong></span> 
     </span>
    </p>
   </div>
   <div class='ocr_carea' id='block_1_9' title="bbox 263 1477 1871 1555">
    <p class='ocr_par' dir='ltr' id='par_1_9' title="bbox 263 1477 1871 1555">
     <span class='ocr_line' id='line_1_9' title="bbox 263 1477 1871 1555; baseline -0.005 -16"><span class='ocrx_word' id='word_1_37' title='bbox 263 1482 580 1555; x_wconf 79' lang='lat' dir='ltr'><strong>pervenire,</strong></span> <span class='ocrx_word' id='word_1_38' title='bbox 607 1479 760 1547; x_wconf 89' lang='lat' dir='ltr'><strong>prius</strong></span> <span class='ocrx_word' id='word_1_39' title='bbox 789 1477 1075 1549; x_wconf 77' lang='lat' dir='ltr'><strong>diligenter</strong></span> <span class='ocrx_word' id='word_1_40' title='bbox 1113 1477 1422 1533; x_wconf 86' lang='lat' dir='ltr'><strong>consideret</strong></span> <span class='ocrx_word' id='word_1_41' title='bbox 1451 1477 1670 1548; x_wconf 83' lang='lat' dir='ltr'><strong>quando</strong></span> <span class='ocrx_word' id='word_1_42' title='bbox 1695 1478 1871 1532; x_wconf 88' lang='lat' dir='ltr'><strong>histo-</strong></span> 
     </span>
    </p>
   </div>
   <div class='ocr_carea' id='block_1_10' title="bbox 266 1568 1870 1642">
    <p class='ocr_par' dir='ltr' id='par_1_10' title="bbox 266 1568 1870 1642">
     <span class='ocr_line' id='line_1_10' title="bbox 266 1568 1870 1642; baseline -0.004 -13"><span class='ocrx_word' id='word_1_43' title='bbox 266 1575 408 1638; x_wconf 87' lang='lat' dir='ltr'><strong>rice,</strong></span> <span class='ocrx_word' id='word_1_44' title='bbox 439 1571 658 1642; x_wconf 88' lang='lat' dir='ltr'><strong>quando</strong></span> <span class='ocrx_word' id='word_1_45' title='bbox 688 1569 1000 1642; x_wconf 85' lang='lat' dir='ltr'><strong>allegorice,</strong></span> <span class='ocrx_word' id='word_1_46' title='bbox 1032 1568 1249 1639; x_wconf 89' lang='lat' dir='ltr'><strong>quando</strong></span> <span class='ocrx_word' id='word_1_47' title='bbox 1281 1568 1608 1640; x_wconf 83' lang='lat' dir='ltr'><strong>anagogice,</strong></span> <span class='ocrx_word' id='word_1_48' title='bbox 1652 1569 1870 1639; x_wconf 88' lang='lat' dir='ltr'><strong>quando</strong></span> 
     </span>
    </p>
   </div>
   <div class='ocr_carea' id='block_1_11' title="bbox 267 1662 1872 1739">
    <p class='ocr_par' dir='ltr' id='par_1_11' title="bbox 267 1662 1872 1739">
     <span class='ocr_line' id='line_1_11' title="bbox 267 1662 1872 1739; baseline -0.004 -17"><span class='ocrx_word' id='word_1_49' title='bbox 267 1666 605 1739; x_wconf 76' lang='lat' dir='ltr'><strong>tropologiee</strong></span> <span class='ocrx_word' id='word_1_50' title='bbox 631 1680 782 1719; x_wconf 92' lang='lat' dir='ltr'><strong>suam</strong></span> <span class='ocrx_word' id='word_1_51' title='bbox 805 1664 1171 1718; x_wconf 89' lang='lat' dir='ltr'><strong>narrationem</strong></span> <span class='ocrx_word' id='word_1_52' title='bbox 1196 1671 1468 1720; x_wconf 88' lang='lat' dir='ltr'><strong>contexat.</strong></span> <span class='ocrx_word' id='word_1_53' title='bbox 1503 1662 1612 1718; x_wconf 84' lang='lat' dir='ltr'><strong>Has</strong></span> <span class='ocrx_word' id='word_1_54' title='bbox 1635 1677 1872 1732; x_wconf 86' lang='lat' dir='ltr'><strong>namque</strong></span> 
     </span>
    </p>
   </div>
   <div class='ocr_carea' id='block_1_12' title="bbox 267 1754 1871 1831">
    <p class='ocr_par' dir='ltr' id='par_1_12' title="bbox 267 1754 1871 1831">
     <span class='ocr_line' id='line_1_12' title="bbox 267 1754 1871 1831; baseline -0.003 -18"><span class='ocrx_word' id='word_1_55' title='bbox 267 1766 510 1831; x_wconf 83' lang='lat' dir='ltr'><strong>quatuor</strong></span> <span class='ocrx_word' id='word_1_56' title='bbox 553 1755 961 1826; x_wconf 86' lang='lat' dir='ltr'><strong>intelligentias,</strong></span> <span class='ocrx_word' id='word_1_57' title='bbox 1013 1756 1267 1811; x_wconf 77' lang='lat' dir='ltr'><strong>videlicet</strong></span> <span class='ocrx_word' id='word_1_58' title='bbox 1318 1756 1614 1820; x_wconf 74' lang='lat' dir='ltr'><strong>historiam,</strong></span> <span class='ocrx_word' id='word_1_59' title='bbox 1669 1754 1871 1826; x_wconf 88' lang='lat' dir='ltr'><strong>allego-</strong></span> 
     </span>
    </p>
   </div>
   <div class='ocr_carea' id='block_1_13' title="bbox 271 1847 1872 1918">
    <p class='ocr_par' dir='ltr' id='par_1_13' title="bbox 271 1847 1872 1918">
     <span class='ocr_line' id='line_1_13' title="bbox 271 1847 1872 1918; baseline -0.002 -14"><span class='ocrx_word' id='word_1_60' title='bbox 271 1851 430 1914; x_wconf 81' lang='lat' dir='ltr'><strong>riam,</strong></span> <span class='ocrx_word' id='word_1_61' title='bbox 481 1847 850 1918; x_wconf 85' lang='lat' dir='ltr'><strong>tropologiam,</strong></span> <span class='ocrx_word' id='word_1_62' title='bbox 900 1849 1236 1918; x_wconf 85' lang='lat' dir='ltr'><strong>anagogiam,</strong></span> <span class='ocrx_word' id='word_1_63' title='bbox 1279 1856 1514 1916; x_wconf 83' lang='lat' dir='ltr'><strong>quatuor</strong></span> <span class='ocrx_word' id='word_1_64' title='bbox 1549 1847 1742 1901; x_wconf 89' lang='lat' dir='ltr'><strong>matris</strong></span> <span class='ocrx_word' id='word_1_65' title='bbox 1784 1861 1872 1900; x_wconf 87' lang='lat' dir='ltr'><strong>sa-</strong></span> 
     </span>
    </p>
   </div>
   <div class='ocr_carea' id='block_1_14' title="bbox 265 1939 1869 2017">
    <p class='ocr_par' dir='ltr' id='par_1_14' title="bbox 265 1939 1869 2017">
     <span class='ocr_line' id='line_1_14' title="bbox 265 1939 1869 2017; baseline -0.004 -17"><span class='ocrx_word' id='word_1_66' title='bbox 265 1946 492 2017; x_wconf 67' lang='lat' dir='ltr'><strong>pientia:</strong></span> <span class='ocrx_word' id='word_1_67' title='bbox 545 1943 682 1998; x_wconf 88' lang='lat' dir='ltr'><strong>ﬁlias</strong></span> <span class='ocrx_word' id='word_1_68' title='bbox 738 1958 1018 2007; x_wconf 88' lang='lat' dir='ltr'><strong>vocamus,</strong></span> <span class='ocrx_word' id='word_1_69' title='bbox 1068 1942 1096 1981; x_wconf 73' lang='grc'><strong>1)</strong></span> <span class='ocrx_word' id='word_1_70' title='bbox 1139 1942 1208 1995; x_wconf 91' lang='lat' dir='ltr'><strong>ad</strong></span> <span class='ocrx_word' id='word_1_71' title='bbox 1254 1939 1408 2008; x_wconf 87' lang='lat' dir='ltr'><strong>cujus</strong></span> <span class='ocrx_word' id='word_1_72' title='bbox 1458 1940 1869 2011; x_wconf 86' lang='lat' dir='ltr'><strong>inquisitionem</strong></span> 
     </span>
    </p>
   </div>
   <div class='ocr_carea' id='block_1_15' title="bbox 266 2031 1869 2108">
    <p class='ocr_par' dir='ltr' id='par_1_15' title="bbox 266 2031 1869 2108">
     <span class='ocr_line' id='line_1_15' title="bbox 266 2031 1869 2108; baseline -0.004 -18"><span class='ocrx_word' id='word_1_73' title='bbox 266 2038 430 2108; x_wconf 86' lang='lat' dir='ltr'><strong>plena</strong></span> <span class='ocrx_word' id='word_1_74' title='bbox 464 2035 701 2104; x_wconf 88' lang='lat' dir='ltr'><strong>ipsarum</strong></span> <span class='ocrx_word' id='word_1_75' title='bbox 737 2034 944 2104; x_wconf 80' lang='lat' dir='ltr'><strong>agnitio</strong></span> <span class='ocrx_word' id='word_1_76' title='bbox 973 2033 1162 2098; x_wconf 87' lang='lat' dir='ltr'><strong>totius,</strong></span> <span class='ocrx_word' id='word_1_77' title='bbox 1203 2032 1346 2102; x_wconf 93' lang='lat' dir='ltr'><strong>quod</strong></span> <span class='ocrx_word' id='word_1_78' title='bbox 1374 2032 1424 2086; x_wconf 88' lang='lat' dir='ltr'><strong>ei</strong></span> <span class='ocrx_word' id='word_1_79' title='bbox 1457 2031 1615 2096; x_wconf 88' lang='lat' dir='ltr'><strong>inest,</strong></span> <span class='ocrx_word' id='word_1_80' title='bbox 1649 2031 1869 2096; x_wconf 86' lang='lat' dir='ltr'><strong>secreti,</strong></span> 
     </span>
    </p>
   </div>
   <div class='ocr_carea' id='block_1_16' title="bbox 266 2124 1870 2195">
    <p class='ocr_par' dir='ltr' id='par_1_16' title="bbox 266 2124 1870 2195">
     <span class='ocr_line' id='line_1_16' title="bbox 266 2124 1870 2195; baseline -0.003 -12"><span class='ocrx_word' id='word_1_81' title='bbox 266 2131 350 2184; x_wconf 89' lang='lat' dir='ltr'><strong>sic</strong></span> <span class='ocrx_word' id='word_1_82' title='bbox 398 2126 764 2182; x_wconf 87' lang='lat' dir='ltr'><strong>manifestatio</strong></span> <span class='ocrx_word' id='word_1_83' title='bbox 803 2125 908 2180; x_wconf 89' lang='lat' dir='ltr'><strong>nisi</strong></span> <span class='ocrx_word' id='word_1_84' title='bbox 957 2124 1170 2180; x_wconf 89' lang='lat' dir='ltr'><strong>illarum</strong></span> <span class='ocrx_word' id='word_1_85' title='bbox 1199 2125 1353 2194; x_wconf 87' lang='lat' dir='ltr'><strong>prius</strong></span> <span class='ocrx_word' id='word_1_86' title='bbox 1381 2125 1640 2195; x_wconf 90' lang='lat' dir='ltr'><strong>inquisita</strong></span> <span class='ocrx_word' id='word_1_87' title='bbox 1681 2125 1870 2195; x_wconf 84' lang='lat' dir='ltr'><strong>cogni—</strong></span> 
     </span>
    </p>
   </div>
   <div class='ocr_carea' id='block_1_17' title="bbox 269 2217 1870 2290">
    <p class='ocr_par' dir='ltr' id='par_1_17' title="bbox 269 2217 1870 2290">
     <span class='ocr_line' id='line_1_17' title="bbox 269 2217 1870 2290; baseline -0.002 -15"><span class='ocrx_word' id='word_1_88' title='bbox 269 2221 439 2284; x_wconf 82' lang='lat' dir='ltr'><strong>tione,</strong></span> <span class='ocrx_word' id='word_1_89' title='bbox 475 2219 784 2290; x_wconf 80' lang='lat' dir='ltr'><strong>pertingere</strong></span> <span class='ocrx_word' id='word_1_90' title='bbox 809 2219 1115 2288; x_wconf 87' lang='lat' dir='ltr'><strong>nequimus.</strong></span> <span class='ocrx_word' id='word_1_91' title='bbox 1152 2217 1324 2273; x_wconf 84' lang='lat' dir='ltr'><strong>Mater</strong></span> <span class='ocrx_word' id='word_1_92' title='bbox 1371 2218 1569 2288; x_wconf 90' lang='lat' dir='ltr'><strong>quippe</strong></span> <span class='ocrx_word' id='word_1_93' title='bbox 1599 2217 1870 2289; x_wconf 85' lang='lat' dir='ltr'><strong>Sapientia</strong></span> 
     </span>
    </p>
   </div>
   <div class='ocr_carea' id='block_1_18' title="bbox 265 2310 1867 2387">
    <p class='ocr_par' dir='ltr' id='par_1_18' title="bbox 265 2310 1867 2387">
     <span class='ocr_line' id='line_1_18' title="bbox 265 2310 1867 2387; baseline -0.004 -17"><span class='ocrx_word' id='word_1_94' title='bbox 265 2331 370 2387; x_wconf 88' lang='lat' dir='ltr'><strong>per</strong></span> <span class='ocrx_word' id='word_1_95' title='bbox 403 2316 502 2368; x_wconf 79' lang='lat' dir='ltr'><strong>Iros</strong></span> <span class='ocrx_word' id='word_1_96' title='bbox 548 2312 854 2383; x_wconf 87' lang='lat' dir='ltr'><strong>adoptionis</strong></span> <span class='ocrx_word' id='word_1_97' title='bbox 887 2312 1024 2366; x_wconf 93' lang='lat' dir='ltr'><strong>ﬁlios</strong></span> <span class='ocrx_word' id='word_1_98' title='bbox 1051 2312 1246 2383; x_wconf 90' lang='lat' dir='ltr'><strong>pascit,</strong></span> <span class='ocrx_word' id='word_1_99' title='bbox 1284 2310 1573 2367; x_wconf 87' lang='lat' dir='ltr'><strong>conferens</strong></span> <span class='ocrx_word' id='word_1_100' title='bbox 1607 2311 1867 2381; x_wconf 87' lang='lat' dir='ltr'><strong>insipien-</strong></span> 
     </span>
    </p>
   </div>
   <div class='ocr_carea' id='block_1_19' title="bbox 269 2402 1870 2476">
    <p class='ocr_par' dir='ltr' id='par_1_19' title="bbox 269 2402 1870 2476">
     <span class='ocr_line' id='line_1_19' title="bbox 269 2402 1870 2476; baseline -0.002 -16"><span class='ocrx_word' id='word_1_101' title='bbox 269 2406 418 2460; x_wconf 86' lang='lat' dir='ltr'><strong>tibus</strong></span> <span class='ocrx_word' id='word_1_102' title='bbox 466 2402 896 2476; x_wconf 87' lang='lat' dir='ltr'><strong>[incipientibus]</strong></span> <span class='ocrx_word' id='word_1_103' title='bbox 949 2411 1115 2474; x_wconf 87' lang='lat' dir='ltr'><strong>atque</strong></span> <span class='ocrx_word' id='word_1_104' title='bbox 1163 2404 1365 2459; x_wconf 87' lang='lat' dir='ltr'><strong>teneris</strong></span> <span class='ocrx_word' id='word_1_105' title='bbox 1395 2414 1582 2473; x_wconf 89' lang='lat' dir='ltr'><strong>potum</strong></span> <span class='ocrx_word' id='word_1_106' title='bbox 1630 2404 1683 2458; x_wconf 93' lang='lat' dir='ltr'><strong>in</strong></span> <span class='ocrx_word' id='word_1_107' title='bbox 1728 2403 1870 2458; x_wconf 91' lang='lat' dir='ltr'><strong>laete</strong></span> 
     </span>
    </p>
   </div>
   <div class='ocr_carea' id='block_1_20' title="bbox 266 2496 1870 2568">
    <p class='ocr_par' dir='ltr' id='par_1_20' title="bbox 266 2496 1870 2568">
     <span class='ocr_line' id='line_1_20' title="bbox 266 2496 1870 2568; baseline -0.001 -16"><span class='ocrx_word' id='word_1_108' title='bbox 266 2499 545 2563; x_wconf 73' lang='lat' dir='ltr'><strong>historiw,‘</strong></span> <span class='ocrx_word' id='word_1_109' title='bbox 569 2498 621 2552; x_wconf 93' lang='lat' dir='ltr'><strong>in</strong></span> <span class='ocrx_word' id='word_1_110' title='bbox 655 2498 756 2552; x_wconf 93' lang='lat' dir='ltr'><strong>ﬁde</strong></span> <span class='ocrx_word' id='word_1_111' title='bbox 783 2507 961 2552; x_wconf 88' lang='lat' dir='ltr'><strong>autem</strong></span> <span class='ocrx_word' id='word_1_112' title='bbox 988 2497 1418 2568; x_wconf 88' lang='lat' dir='ltr'><strong>proﬁcientibus,</strong></span> <span class='ocrx_word' id='word_1_113' title='bbox 1444 2496 1629 2552; x_wconf 89' lang='lat' dir='ltr'><strong>cibum</strong></span> <span class='ocrx_word' id='word_1_114' title='bbox 1653 2497 1706 2552; x_wconf 93' lang='lat' dir='ltr'><strong>in</strong></span> <span class='ocrx_word' id='word_1_115' title='bbox 1728 2511 1870 2568; x_wconf 89' lang='lat' dir='ltr'><strong>pane</strong></span> 
     </span>
    </p>
   </div>
   <div class='ocr_carea' id='block_1_21' title="bbox 269 2589 1871 2660">
    <p class='ocr_par' dir='ltr' id='par_1_21' title="bbox 269 2589 1871 2660">
     <span class='ocr_line' id='line_1_21' title="bbox 269 2589 1871 2660; baseline 0 -16"><span class='ocrx_word' id='word_1_116' title='bbox 269 2589 574 2660; x_wconf 78' lang='lat' dir='ltr'><strong>allegoriw;</strong></span> <span class='ocrx_word' id='word_1_117' title='bbox 621 2590 780 2645; x_wconf 90' lang='lat' dir='ltr'><strong>bonis</strong></span> <span class='ocrx_word' id='word_1_118' title='bbox 831 2605 962 2644; x_wconf 88' lang='lat' dir='ltr'><strong>vero</strong></span> <span class='ocrx_word' id='word_1_119' title='bbox 1003 2598 1058 2644; x_wconf 90' lang='lat' dir='ltr'><strong>et</strong></span> <span class='ocrx_word' id='word_1_120' title='bbox 1109 2598 1333 2644; x_wconf 88' lang='lat' dir='ltr'><strong>strenue</strong></span> <span class='ocrx_word' id='word_1_121' title='bbox 1375 2589 1760 2660; x_wconf 88' lang='lat' dir='ltr'><strong>operantibus,</strong></span> <span class='ocrx_word' id='word_1_122' title='bbox 1815 2597 1871 2644; x_wconf 92' lang='lat' dir='ltr'><strong>et</strong></span> 
     </span>
    </p>
   </div>
   <div class='ocr_carea' id='block_1_22' title="bbox 266 2683 1870 2755">
    <p class='ocr_par' dir='ltr' id='par_1_22' title="bbox 266 2683 1870 2755">
     <span class='ocr_line' id='line_1_22' title="bbox 266 2683 1870 2755; baseline -0.002 -15"><span class='ocrx_word' id='word_1_123' title='bbox 266 2684 530 2755; x_wconf 87' lang='lat' dir='ltr'><strong>operibus</strong></span> <span class='ocrx_word' id='word_1_124' title='bbox 577 2684 736 2740; x_wconf 90' lang='lat' dir='ltr'><strong>bonis</strong></span> <span class='ocrx_word' id='word_1_125' title='bbox 769 2685 1167 2749; x_wconf 87' lang='lat' dir='ltr'><strong>insudantibus,</strong></span> <span class='ocrx_word' id='word_1_126' title='bbox 1219 2683 1528 2738; x_wconf 75' lang='lat' dir='ltr'><strong>satietatem</strong></span> <span class='ocrx_word' id='word_1_127' title='bbox 1575 2684 1630 2737; x_wconf 92' lang='lat' dir='ltr'><strong>in</strong></span> <span class='ocrx_word' id='word_1_128' title='bbox 1682 2683 1870 2752; x_wconf 81' lang='lat' dir='ltr'><strong>sapida</strong></span> 
     </span>
    </p>
   </div>
   <div class='ocr_carea' id='block_1_23' title="bbox 1977 1477 3569 1535">
    <p class='ocr_par' dir='ltr' id='par_1_23' title="bbox 1977 1477 3569 1535">
     <span class='ocr_line' id='line_1_23' title="bbox 1977 1477 3569 1535; baseline 0.001 -3"><span class='ocrx_word' id='word_1_129' title='bbox 1977 1477 2242 1534; x_wconf 85' lang='lat' dir='ltr'><strong>fabricam</strong></span> <span class='ocrx_word' id='word_1_130' title='bbox 2285 1478 2487 1533; x_wconf 90' lang='lat' dir='ltr'><strong>mentis</strong></span> <span class='ocrx_word' id='word_1_131' title='bbox 2517 1478 2572 1532; x_wconf 91' lang='lat' dir='ltr'><strong>in</strong></span> <span class='ocrx_word' id='word_1_132' title='bbox 2607 1494 2850 1534; x_wconf 85' lang='lat' dir='ltr'><strong>amorem</strong></span> <span class='ocrx_word' id='word_1_133' title='bbox 2888 1479 3136 1534; x_wconf 82' lang='lat' dir='ltr'><strong>veritatis</strong></span> <span class='ocrx_word' id='word_1_134' title='bbox 3166 1480 3376 1535; x_wconf 81' lang='lat' dir='ltr'><strong>extollit</strong></span> <span class='ocrx_word' id='word_1_135' title='bbox 3398 1498 3412 1510; x_wconf 71' lang='grc' dir='ltr'><strong>ο</strong></span> <span class='ocrx_word' id='word_1_136' title='bbox 3441 1479 3569 1535; x_wconf 86' lang='lat' dir='ltr'><strong>dum</strong></span> 
     </span>
    </p>
   </div>
   <div class='ocr_carea' id='block_1_24' title="bbox 1974 1569 3572 1642">
    <p class='ocr_par' dir='ltr' id='par_1_24' title="bbox 1974 1569 3572 1642">
     <span class='ocr_line' id='line_1_24' title="bbox 1974 1569 3572 1642; baseline 0.001 -18"><span class='ocrx_word' id='word_1_137' title='bbox 1974 1585 2107 1624; x_wconf 88' lang='lat' dir='ltr'><strong>vero</strong></span> <span class='ocrx_word' id='word_1_138' title='bbox 2129 1583 2228 1640; x_wconf 88' lang='lat' dir='ltr'><strong>per</strong></span> <span class='ocrx_word' id='word_1_139' title='bbox 2258 1569 2530 1640; x_wconf 74' lang='lat' dir='ltr'><strong>anagogia:</strong></span> <span class='ocrx_word' id='word_1_140' title='bbox 2555 1569 2940 1625; x_wconf 88' lang='lat' dir='ltr'><strong>sublimitatem</strong></span> <span class='ocrx_word' id='word_1_141' title='bbox 2970 1571 3036 1625; x_wconf 90' lang='lat' dir='ltr'><strong>de</strong></span> <span class='ocrx_word' id='word_1_142' title='bbox 3076 1579 3296 1626; x_wconf 75' lang='lat' dir='ltr'><strong>aeternis</strong></span> <span class='ocrx_word' id='word_1_143' title='bbox 3323 1586 3572 1642; x_wconf 66' lang='lat' dir='ltr'><strong>supernae</strong></span> 
     </span>
    </p>
   </div>
   <div class='ocr_carea' id='block_1_25' title="bbox 1973 1661 3569 1734">
    <p class='ocr_par' dir='ltr' id='par_1_25' title="bbox 1973 1661 3569 1734">
     <span class='ocr_line' id='line_1_25' title="bbox 1973 1661 3569 1734; baseline 0.003 -20"><span class='ocrx_word' id='word_1_144' title='bbox 1973 1661 2166 1733; x_wconf 69' lang='lat' dir='ltr'><strong>patria:</strong></span> <span class='ocrx_word' id='word_1_145' title='bbox 2192 1661 2401 1732; x_wconf 82' lang='lat' dir='ltr'><strong>gaudiis</strong></span> <span class='ocrx_word' id='word_1_146' title='bbox 2429 1661 2670 1728; x_wconf 89' lang='lat' dir='ltr'><strong>disserit,</strong></span> <span class='ocrx_word' id='word_1_147' title='bbox 2703 1663 3101 1732; x_wconf 86' lang='lat' dir='ltr'><strong>quodammodo</strong></span> <span class='ocrx_word' id='word_1_148' title='bbox 3143 1672 3349 1720; x_wconf 90' lang='lat' dir='ltr'><strong>tectum</strong></span> <span class='ocrx_word' id='word_1_149' title='bbox 3381 1678 3569 1734; x_wconf 89' lang='lat' dir='ltr'><strong>super-</strong></span> 
     </span>
    </p>
   </div>
   <div class='ocr_carea' id='block_1_26' title="bbox 1972 1755 3566 1830">
    <p class='ocr_par' dir='ltr' id='par_1_26' title="bbox 1972 1755 3566 1830">
     <span class='ocr_line' id='line_1_26' title="bbox 1972 1755 3566 1830; baseline 0.004 -21"><span class='ocrx_word' id='word_1_150' title='bbox 1972 1755 2128 1827; x_wconf 90' lang='lat' dir='ltr'><strong>ponit</strong></span> <span class='ocrx_word' id='word_1_151' title='bbox 2160 1773 2173 1808; x_wconf 91' lang='lat'>:</span> <span class='ocrx_word' id='word_1_152' title='bbox 2209 1756 2335 1810; x_wconf 93' lang='lat' dir='ltr'><strong>dum</strong></span> <span class='ocrx_word' id='word_1_153' title='bbox 2377 1764 2559 1810; x_wconf 89' lang='lat' dir='ltr'><strong>autem</strong></span> <span class='ocrx_word' id='word_1_154' title='bbox 2601 1758 2891 1828; x_wconf 87' lang='lat' dir='ltr'><strong>mysticum</strong></span> <span class='ocrx_word' id='word_1_155' title='bbox 2924 1759 2977 1812; x_wconf 93' lang='lat' dir='ltr'><strong>in</strong></span> <span class='ocrx_word' id='word_1_156' title='bbox 3008 1759 3320 1830; x_wconf 84' lang='lat' dir='ltr'><strong>trapologia,</strong></span> <span class='ocrx_word' id='word_1_157' title='bbox 3354 1760 3566 1815; x_wconf 89' lang='lat' dir='ltr'><strong>intelle-</strong></span> 
     </span>
    </p>
   </div>
   <div class='ocr_carea' id='block_1_27' title="bbox 1976 1847 3567 1923">
    <p class='ocr_par' dir='ltr' id='par_1_27' title="bbox 1976 1847 3567 1923">
     <span class='ocr_line' id='line_1_27' title="bbox 1976 1847 3567 1923; baseline 0.003 -22"><span class='ocrx_word' id='word_1_158' title='bbox 1976 1855 2124 1902; x_wconf 93' lang='lat' dir='ltr'><strong>ctum</strong></span> <span class='ocrx_word' id='word_1_159' title='bbox 2174 1862 2272 1918; x_wconf 90' lang='lat' dir='ltr'><strong>per</strong></span> <span class='ocrx_word' id='word_1_160' title='bbox 2311 1847 2833 1919; x_wconf 89' lang='lat' dir='ltr'><strong>contemplationum</strong></span> <span class='ocrx_word' id='word_1_161' title='bbox 2884 1851 3174 1923; x_wconf 79' lang='lat' dir='ltr'><strong>investigat</strong></span> <span class='ocrx_word' id='word_1_162' title='bbox 3221 1852 3567 1919; x_wconf 78' lang='lat' dir='ltr'><strong>exercitium,</strong></span> 
     </span>
    </p>
   </div>
   <div class='ocr_carea' id='block_1_28' title="bbox 1977 1938 3566 2011">
    <p class='ocr_par' dir='ltr' id='par_1_28' title="bbox 1977 1938 3566 2011">
     <span class='ocr_line' id='line_1_28' title="bbox 1977 1938 3566 2011; baseline 0.002 -17"><span class='ocrx_word' id='word_1_163' title='bbox 1977 1939 2043 1994; x_wconf 90' lang='lat' dir='ltr'><strong>de</strong></span> <span class='ocrx_word' id='word_1_164' title='bbox 2075 1954 2183 2009; x_wconf 90' lang='lat' dir='ltr'><strong>quo</strong></span> <span class='ocrx_word' id='word_1_165' title='bbox 2216 1938 2510 2009; x_wconf 84' lang='lat' dir='ltr'><strong>loquimur,</strong></span> <span class='ocrx_word' id='word_1_166' title='bbox 2554 1940 2837 2011; x_wconf 89' lang='lat' dir='ltr'><strong>spirituale</strong></span> <span class='ocrx_word' id='word_1_167' title='bbox 2880 1942 3170 1998; x_wconf 63' lang='lat' dir='ltr'><strong>aediﬁcium</strong></span> <span class='ocrx_word' id='word_1_168' title='bbox 3203 1944 3432 2000; x_wconf 85' lang='lat' dir='ltr'><strong>diversis</strong></span> <span class='ocrx_word' id='word_1_169' title='bbox 3453 1945 3566 1998; x_wconf 90' lang='lat' dir='ltr'><strong>vir-</strong></span> 
     </span>
    </p>
   </div>
   <div class='ocr_carea' id='block_1_29' title="bbox 1967 2030 3571 2106">
    <p class='ocr_par' dir='ltr' id='par_1_29' title="bbox 1967 2030 3571 2106">
     <span class='ocr_line' id='line_1_29' title="bbox 1967 2030 3571 2106; baseline 0.006 -24"><span class='ocrx_word' id='word_1_170' title='bbox 1967 2030 2208 2095; x_wconf 76' lang='lat' dir='ltr'><strong>tutibus,</strong></span> <span class='ocrx_word' id='word_1_171' title='bbox 2240 2037 2354 2084; x_wconf 90' lang='lat' dir='ltr'><strong>tam</strong></span> <span class='ocrx_word' id='word_1_172' title='bbox 2381 2031 2448 2087; x_wconf 90' lang='lat' dir='ltr'><strong>iis</strong></span> <span class='ocrx_word' id='word_1_173' title='bbox 2476 2048 2597 2102; x_wconf 65' lang='lat' dir='ltr'><strong>qua:</strong></span> <span class='ocrx_word' id='word_1_174' title='bbox 2639 2033 2785 2088; x_wconf 88' lang='lat' dir='ltr'><strong>intus</strong></span> <span class='ocrx_word' id='word_1_175' title='bbox 2831 2033 2899 2087; x_wconf 90' lang='lat' dir='ltr'><strong>ad</strong></span> <span class='ocrx_word' id='word_1_176' title='bbox 2940 2035 3228 2089; x_wconf 89' lang='lat' dir='ltr'><strong>Dominum</strong></span> <span class='ocrx_word' id='word_1_177' title='bbox 3257 2052 3420 2106; x_wconf 85' lang='lat' dir='ltr'><strong>quam</strong></span> <span class='ocrx_word' id='word_1_178' title='bbox 3451 2053 3571 2106; x_wconf 75' lang='lat' dir='ltr'><strong>quae</strong></span> 
     </span>
    </p>
   </div>
   <div class='ocr_carea' id='block_1_30' title="bbox 1976 2123 3569 2196">
    <p class='ocr_par' dir='ltr' id='par_1_30' title="bbox 1976 2123 3569 2196">
     <span class='ocr_line' id='line_1_30' title="bbox 1976 2123 3569 2196; baseline 0.003 -19"><span class='ocrx_word' id='word_1_179' title='bbox 1976 2131 2130 2177; x_wconf 86' lang='lat' dir='ltr'><strong>extra</strong></span> <span class='ocrx_word' id='word_1_180' title='bbox 2158 2123 2434 2192; x_wconf 85' lang='lat' dir='ltr'><strong>pertinent</strong></span> <span class='ocrx_word' id='word_1_181' title='bbox 2480 2127 2547 2180; x_wconf 92' lang='lat' dir='ltr'><strong>ad</strong></span> <span class='ocrx_word' id='word_1_182' title='bbox 2595 2126 2928 2196; x_wconf 90' lang='lat' dir='ltr'><strong>proximum,</strong></span> <span class='ocrx_word' id='word_1_183' title='bbox 2973 2141 3071 2196; x_wconf 86' lang='lat' dir='ltr'><strong>per</strong></span> <span class='ocrx_word' id='word_1_184' title='bbox 3101 2128 3448 2183; x_wconf 88' lang='lat' dir='ltr'><strong>mortalitatis</strong></span> <span class='ocrx_word' id='word_1_185' title='bbox 3476 2144 3569 2182; x_wconf 90' lang='lat' dir='ltr'><strong>ve-</strong></span> 
     </span>
    </p>
   </div>
   <div class='ocr_carea' id='block_1_31' title="bbox 1975 2217 3572 2288">
    <p class='ocr_par' dir='ltr' id='par_1_31' title="bbox 1975 2217 3572 2288">
     <span class='ocr_line' id='line_1_31' title="bbox 1975 2217 3572 2288; baseline 0.004 -20"><span class='ocrx_word' id='word_1_186' title='bbox 1975 2223 2250 2269; x_wconf 90' lang='lat' dir='ltr'><strong>nustatem</strong></span> <span class='ocrx_word' id='word_1_187' title='bbox 2276 2217 2432 2286; x_wconf 91' lang='lat' dir='ltr'><strong>quasi</strong></span> <span class='ocrx_word' id='word_1_188' title='bbox 2460 2217 2734 2273; x_wconf 90' lang='lat' dir='ltr'><strong>distinctis</strong></span> <span class='ocrx_word' id='word_1_189' title='bbox 2755 2217 3104 2288; x_wconf 91' lang='lat' dir='ltr'><strong>pulchrorum</strong></span> <span class='ocrx_word' id='word_1_190' title='bbox 3129 2220 3371 2275; x_wconf 89' lang='lat' dir='ltr'><strong>colorum</strong></span> <span class='ocrx_word' id='word_1_191' title='bbox 3396 2221 3572 2275; x_wconf 89' lang='lat' dir='ltr'><strong>varie-</strong></span> 
     </span>
    </p>
   </div>
   <div class='ocr_carea' id='block_1_32' title="bbox 1975 2307 3570 2382">
    <p class='ocr_par' dir='ltr' id='par_1_32' title="bbox 1975 2307 3570 2382">
     <span class='ocr_line' id='line_1_32' title="bbox 1975 2307 3570 2382; baseline 0.005 -22"><span class='ocrx_word' id='word_1_192' title='bbox 1975 2307 2179 2362; x_wconf 85' lang='lat' dir='ltr'><strong>tatibus</strong></span> <span class='ocrx_word' id='word_1_193' title='bbox 2207 2317 2384 2362; x_wconf 89' lang='lat' dir='ltr'><strong>ornat.</strong></span> <span class='ocrx_word' id='word_1_194' title='bbox 2417 2307 2552 2363; x_wconf 90' lang='lat' dir='ltr'><strong>Cum</strong></span> <span class='ocrx_word' id='word_1_195' title='bbox 2581 2309 2748 2380; x_wconf 84' lang='lat' dir='ltr'><strong>igitur</strong></span> <span class='ocrx_word' id='word_1_196' title='bbox 2774 2319 2987 2365; x_wconf 90' lang='lat' dir='ltr'><strong>constet</strong></span> <span class='ocrx_word' id='word_1_197' title='bbox 3015 2311 3116 2366; x_wconf 91' lang='lat' dir='ltr'><strong>has</strong></span> <span class='ocrx_word' id='word_1_198' title='bbox 3139 2321 3374 2382; x_wconf 89' lang='lat' dir='ltr'><strong>quatuor</strong></span> <span class='ocrx_word' id='word_1_199' title='bbox 3398 2328 3570 2368; x_wconf 61' lang='lat' dir='ltr'><strong>sacrae</strong></span> 
     </span>
    </p>
   </div>
   <div class='ocr_carea' id='block_1_33' title="bbox 1976 2394 3572 2479">
    <p class='ocr_par' dir='ltr' id='par_1_33' title="bbox 1976 2394 3572 2479">
     <span class='ocr_line' id='line_1_33' title="bbox 1976 2394 3572 2479; baseline 0.007 -28"><span class='ocrx_word' id='word_1_200' title='bbox 1976 2397 2273 2468; x_wconf 72' lang='lat' dir='ltr'><strong>Scriptum</strong></span> <span class='ocrx_word' id='word_1_201' title='bbox 2302 2399 2715 2472; x_wconf 81' lang='lat' dir='ltr'><strong>intelligentias,</strong></span> <span class='ocrx_word' id='word_1_202' title='bbox 2747 2418 2910 2458; x_wconf 92' lang='lat' dir='ltr'><strong>omne</strong></span> <span class='ocrx_word' id='word_1_203' title='bbox 2931 2405 3076 2474; x_wconf 91' lang='lat' dir='ltr'><strong>quod</strong></span> <span class='ocrx_word' id='word_1_204' title='bbox 3109 2413 3166 2460; x_wconf 90' lang='lat' dir='ltr'><strong>et</strong></span> <span class='ocrx_word' id='word_1_205' title='bbox 3198 2403 3291 2477; x_wconf 83' lang='lat' dir='ltr'><strong>[F.</strong></span> <span class='ocrx_word' id='word_1_206' title='bbox 3328 2405 3402 2479; x_wconf 88' lang='lat' dir='ltr'><strong>ei]</strong></span> <span class='ocrx_word' id='word_1_207' title='bbox 3429 2394 3572 2462; x_wconf 72' lang='lat' dir='ltr'><strong>inest</strong></span> 
     </span>
    </p>
   </div>
   <div class='ocr_carea' id='block_1_34' title="bbox 1975 2490 3572 2568">
    <p class='ocr_par' dir='ltr' id='par_1_34' title="bbox 1975 2490 3572 2568">
     <span class='ocr_line' id='line_1_34' title="bbox 1975 2490 3572 2568; baseline 0.004 -23"><span class='ocrx_word' id='word_1_208' title='bbox 1975 2498 2250 2545; x_wconf 88' lang='lat' dir='ltr'><strong>secretum</strong></span> <span class='ocrx_word' id='word_1_209' title='bbox 2285 2490 2550 2557; x_wconf 89' lang='lat' dir='ltr'><strong>revelare,</strong></span> <span class='ocrx_word' id='word_1_210' title='bbox 2577 2493 2734 2548; x_wconf 91' lang='lat' dir='ltr'><strong>nobis</strong></span> <span class='ocrx_word' id='word_1_211' title='bbox 2759 2494 3216 2549; x_wconf 90' lang='lat' dir='ltr'><strong>considerandum</strong></span> <span class='ocrx_word' id='word_1_212' title='bbox 3240 2505 3324 2551; x_wconf 91' lang='lat' dir='ltr'><strong>est</strong></span> <span class='ocrx_word' id='word_1_213' title='bbox 3348 2497 3572 2568; x_wconf 88' lang='lat' dir='ltr'><strong>quando</strong></span> 
     </span>
    </p>
   </div>
   <div class='ocr_carea' id='block_1_35' title="bbox 1975 2582 3568 2657">
    <p class='ocr_par' dir='ltr' id='par_1_35' title="bbox 1975 2582 3568 2657">
     <span class='ocr_line' id='line_1_35' title="bbox 1975 2582 3568 2657; baseline 0.006 -21"><span class='ocrx_word' id='word_1_214' title='bbox 1975 2582 2277 2636; x_wconf 87' lang='lat' dir='ltr'><strong>secundum</strong></span> <span class='ocrx_word' id='word_1_215' title='bbox 2323 2597 2489 2636; x_wconf 90' lang='lat' dir='ltr'><strong>unam</strong></span> <span class='ocrx_word' id='word_1_216' title='bbox 2535 2583 2729 2652; x_wconf 92' lang='lat' dir='ltr'><strong>solam,</strong></span> <span class='ocrx_word' id='word_1_217' title='bbox 2779 2587 2998 2657; x_wconf 91' lang='lat' dir='ltr'><strong>quando</strong></span> <span class='ocrx_word' id='word_1_218' title='bbox 3048 2590 3345 2644; x_wconf 90' lang='lat' dir='ltr'><strong>secundum</strong></span> <span class='ocrx_word' id='word_1_219' title='bbox 3393 2591 3568 2657; x_wconf 89' lang='lat' dir='ltr'><strong>duas,</strong></span> 
     </span>
    </p>
   </div>
   <div class='ocr_carea' id='block_1_36' title="bbox 1976 2676 3571 2752">
    <p class='ocr_par' dir='ltr' id='par_1_36' title="bbox 1976 2676 3571 2752">
     <span class='ocr_line' id='line_1_36' title="bbox 1976 2676 3571 2752; baseline 0.007 -22"><span class='ocrx_word' id='word_1_220' title='bbox 1976 2676 2194 2749; x_wconf 86' lang='lat' dir='ltr'><strong>quando</strong></span> <span class='ocrx_word' id='word_1_221' title='bbox 2244 2678 2544 2733; x_wconf 89' lang='lat' dir='ltr'><strong>secundum</strong></span> <span class='ocrx_word' id='word_1_222' title='bbox 2605 2689 2736 2746; x_wconf 91' lang='lat' dir='ltr'><strong>tres,</strong></span> <span class='ocrx_word' id='word_1_223' title='bbox 2795 2684 3012 2752; x_wconf 79' lang='lat' dir='ltr'><strong>quando</strong></span> <span class='ocrx_word' id='word_1_224' title='bbox 3061 2685 3224 2739; x_wconf 83' lang='lat' dir='ltr'><strong>etiarn</strong></span> <span class='ocrx_word' id='word_1_225' title='bbox 3270 2687 3571 2741; x_wconf 90' lang='lat' dir='ltr'><strong>secundum</strong></span> 
     </span>
    </p>
   </div>
   <div class='ocr_carea' id='block_1_37' title="bbox 269 2759 3570 2848">
    <p class='ocr_par' dir='ltr' id='par_1_37' title="bbox 269 2759 3570 2848">
     <span class='ocr_line' id='line_1_37' title="bbox 269 2759 3570 2848; baseline 0 -16"><span class='ocrx_word' id='word_1_226' title='bbox 269 2776 575 2832; x_wconf 77' lang='lat' dir='ltr'><strong>refectione</strong></span> <span class='ocrx_word' id='word_1_227' title='bbox 621 2775 968 2847; x_wconf 74' lang='lat' dir='ltr'><strong>tropologiaz;</strong></span> <span class='ocrx_word' id='word_1_228' title='bbox 1008 2775 1114 2830; x_wconf 91' lang='lat' dir='ltr'><strong>illis</strong></span> <span class='ocrx_word' id='word_1_229' title='bbox 1157 2775 1389 2844; x_wconf 85' lang='lat' dir='ltr'><strong>denique</strong></span> <span class='ocrx_word' id='word_1_230' title='bbox 1437 2775 1529 2844; x_wconf 88' lang='lat' dir='ltr'><strong>qui</strong></span> <span class='ocrx_word' id='word_1_231' title='bbox 1570 2782 1626 2829; x_wconf 86' lang='lat' dir='ltr'><strong>et</strong></span> <span class='ocrx_word' id='word_1_232' title='bbox 1651 2775 1720 2828; x_wconf 85' lang='lat' dir='ltr'><strong>ab</strong></span> <span class='ocrx_word' id='word_1_233' title='bbox 1751 2774 1876 2828; x_wconf 89' lang='lat' dir='ltr'><strong>imis</strong></span> <span class='ocrx_word' id='word_1_234' title='bbox 1904 2759 1954 2821; x_wconf 88' lang='grc' dir='ltr'><strong>Β</strong></span> <span class='ocrx_word' id='word_1_235' title='bbox 1981 2783 2172 2824; x_wconf 87' lang='lat' dir='ltr'><strong>omnes</strong></span> <span class='ocrx_word' id='word_1_236' title='bbox 2197 2768 2360 2823; x_wconf 90' lang='lat' dir='ltr'><strong>simul</strong></span> <span class='ocrx_word' id='word_1_237' title='bbox 2381 2778 2618 2840; x_wconf 90' lang='lat' dir='ltr'><strong>quatuor</strong></span> <span class='ocrx_word' id='word_1_238' title='bbox 2639 2772 2867 2841; x_wconf 83' lang='lat' dir='ltr'><strong>intelligi</strong></span> <span class='ocrx_word' id='word_1_239' title='bbox 2890 2774 3038 2830; x_wconf 89' lang='lat' dir='ltr'><strong>velit.</strong></span> <span class='ocrx_word' id='word_1_240' title='bbox 3064 2775 3310 2848; x_wconf 87' lang='lat' dir='ltr'><strong>Cumque</strong></span> <span class='ocrx_word' id='word_1_241' title='bbox 3333 2778 3570 2848; x_wconf 91' lang='lat' dir='ltr'><strong>primum</strong></span> 
     </span>
    </p>
   </div>
   <div class='ocr_carea' id='block_1_38' title="bbox 268 2868 1874 2944">
    <p class='ocr_par' dir='ltr' id='par_1_38' title="bbox 268 2868 1874 2944">
     <span class='ocr_line' id='line_1_38' title="bbox 268 2868 1874 2944; baseline -0.004 -17"><span class='ocrx_word' id='word_1_242' title='bbox 268 2886 376 2944; x_wconf 82' lang='lat' dir='ltr'><strong>per</strong></span> <span class='ocrx_word' id='word_1_243' title='bbox 403 2879 772 2941; x_wconf 90' lang='lat' dir='ltr'><strong>contemptum</strong></span> <span class='ocrx_word' id='word_1_244' title='bbox 805 2877 1144 2925; x_wconf 89' lang='lat' dir='ltr'><strong>terrenorum</strong></span> <span class='ocrx_word' id='word_1_245' title='bbox 1175 2868 1446 2938; x_wconf 90' lang='lat' dir='ltr'><strong>suspensi,</strong></span> <span class='ocrx_word' id='word_1_246' title='bbox 1479 2875 1534 2922; x_wconf 93' lang='lat' dir='ltr'><strong>et</strong></span> <span class='ocrx_word' id='word_1_247' title='bbox 1561 2868 1628 2921; x_wconf 92' lang='lat' dir='ltr'><strong>ad</strong></span> <span class='ocrx_word' id='word_1_248' title='bbox 1663 2882 1874 2921; x_wconf 89' lang='lat' dir='ltr'><strong>summa</strong></span> 
     </span>
    </p>
   </div>
   <div class='ocr_carea' id='block_1_39' title="bbox 269 2960 1875 3038">
    <p class='ocr_par' dir='ltr' id='par_1_39' title="bbox 269 2960 1875 3038">
     <span class='ocr_line' id='line_1_39' title="bbox 269 2960 1875 3038; baseline -0.004 -18"><span class='ocrx_word' id='word_1_249' title='bbox 269 2983 374 3038; x_wconf 85' lang='lat' dir='ltr'><strong>per</strong></span> <span class='ocrx_word' id='word_1_250' title='bbox 398 2965 618 3021; x_wconf 79' lang='lat' dir='ltr'><strong>cceleste</strong></span> <span class='ocrx_word' id='word_1_251' title='bbox 650 2964 976 3020; x_wconf 86' lang='lat' dir='ltr'><strong>desiderium</strong></span> <span class='ocrx_word' id='word_1_252' title='bbox 1008 2970 1135 3018; x_wconf 92' lang='lat' dir='ltr'><strong>sunt</strong></span> <span class='ocrx_word' id='word_1_253' title='bbox 1162 2961 1431 3032; x_wconf 88' lang='lat' dir='ltr'><strong>provecti,</strong></span> <span class='ocrx_word' id='word_1_254' title='bbox 1457 2960 1698 3016; x_wconf 88' lang='lat' dir='ltr'><strong>sobriam</strong></span> <span class='ocrx_word' id='word_1_255' title='bbox 1720 2960 1875 3014; x_wconf 88' lang='lat' dir='ltr'><strong>theo-</strong></span> 
     </span>
    </p>
   </div>
   <div class='ocr_carea' id='block_1_40' title="bbox 273 3052 1870 3128">
    <p class='ocr_par' dir='ltr' id='par_1_40' title="bbox 273 3052 1870 3128">
     <span class='ocr_line' id='line_1_40' title="bbox 273 3052 1870 3128; baseline -0.006 -12"><span class='ocrx_word' id='word_1_256' title='bbox 273 3060 407 3116; x_wconf 63' lang='lat' dir='ltr'><strong>ricze</strong></span> <span class='ocrx_word' id='word_1_257' title='bbox 435 3057 908 3128; x_wconf 84' lang='lat' dir='ltr'><strong>contemplationis</strong></span> <span class='ocrx_word' id='word_1_258' title='bbox 958 3055 1279 3112; x_wconf 88' lang='lat' dir='ltr'><strong>ebrietatem</strong></span> <span class='ocrx_word' id='word_1_259' title='bbox 1318 3055 1370 3108; x_wconf 94' lang='lat' dir='ltr'><strong>in</strong></span> <span class='ocrx_word' id='word_1_260' title='bbox 1413 3054 1538 3108; x_wconf 90' lang='lat' dir='ltr'><strong>vino</strong></span> <span class='ocrx_word' id='word_1_261' title='bbox 1581 3052 1870 3123; x_wconf 70' lang='lat' dir='ltr'><strong>anagogiaz.</strong></span> 
     </span>
    </p>
   </div>
   <div class='ocr_carea' id='block_1_41' title="bbox 275 3144 1877 3220">
    <p class='ocr_par' dir='ltr' id='par_1_41' title="bbox 275 3144 1877 3220">
     <span class='ocr_line' id='line_1_41' title="bbox 275 3144 1877 3220; baseline -0.006 -14"><span class='ocrx_word' id='word_1_262' title='bbox 275 3151 522 3206; x_wconf 78' lang='lat' dir='ltr'><strong>Historia</strong></span> <span class='ocrx_word' id='word_1_263' title='bbox 549 3149 616 3205; x_wconf 89' lang='lat' dir='ltr'><strong>ad</strong></span> <span class='ocrx_word' id='word_1_264' title='bbox 642 3157 825 3220; x_wconf 87' lang='lat' dir='ltr'><strong>aptam</strong></span> <span class='ocrx_word' id='word_1_265' title='bbox 846 3163 1030 3203; x_wconf 90' lang='lat' dir='ltr'><strong>rerum</strong></span> <span class='ocrx_word' id='word_1_266' title='bbox 1056 3155 1332 3219; x_wconf 84' lang='lat' dir='ltr'><strong>gestarum</strong></span> <span class='ocrx_word' id='word_1_267' title='bbox 1359 3144 1732 3199; x_wconf 88' lang='lat' dir='ltr'><strong>narrationem</strong></span> <span class='ocrx_word' id='word_1_268' title='bbox 1759 3157 1877 3213; x_wconf 90' lang='lat' dir='ltr'><strong>per-</strong></span> 
     </span>
    </p>
   </div>
   <div class='ocr_carea' id='block_1_42' title="bbox 275 3234 1876 3313">
    <p class='ocr_par' dir='ltr' id='par_1_42' title="bbox 275 3234 1876 3313">
     <span class='ocr_line' id='line_1_42' title="bbox 275 3234 1876 3313; baseline -0.006 -14"><span class='ocrx_word' id='word_1_269' title='bbox 275 3246 437 3310; x_wconf 90' lang='lat' dir='ltr'><strong>tinet,</strong></span> <span class='ocrx_word' id='word_1_270' title='bbox 463 3259 583 3313; x_wconf 73' lang='lat' dir='ltr'><strong>quae</strong></span> <span class='ocrx_word' id='word_1_271' title='bbox 610 3252 667 3296; x_wconf 86' lang='lat' dir='ltr'><strong>et</strong></span> <span class='ocrx_word' id='word_1_272' title='bbox 695 3241 748 3296; x_wconf 94' lang='lat' dir='ltr'><strong>in</strong></span> <span class='ocrx_word' id='word_1_273' title='bbox 779 3239 1067 3312; x_wconf 88' lang='lat' dir='ltr'><strong>superﬁcie</strong></span> <span class='ocrx_word' id='word_1_274' title='bbox 1099 3239 1294 3294; x_wconf 69' lang='lat' dir='ltr'><strong>littera:</strong></span> <span class='ocrx_word' id='word_1_275' title='bbox 1335 3238 1669 3303; x_wconf 88' lang='lat' dir='ltr'><strong>continetur,</strong></span> <span class='ocrx_word' id='word_1_276' title='bbox 1709 3243 1764 3290; x_wconf 91' lang='lat' dir='ltr'><strong>et</strong></span> <span class='ocrx_word' id='word_1_277' title='bbox 1793 3234 1876 3290; x_wconf 89' lang='lat' dir='ltr'><strong>sic</strong></span> 
     </span>
    </p>
   </div>
   <div class='ocr_carea' id='block_1_43' title="bbox 272 3327 1876 3407">
    <p class='ocr_par' dir='ltr' id='par_1_43' title="bbox 272 3327 1876 3407">
     <span class='ocr_line' id='line_1_43' title="bbox 272 3327 1876 3407; baseline -0.007 -15"><span class='ocrx_word' id='word_1_278' title='bbox 272 3336 597 3407; x_wconf 87' lang='lat' dir='ltr'><strong>intelligitur</strong></span> <span class='ocrx_word' id='word_1_279' title='bbox 621 3335 763 3389; x_wconf 90' lang='lat' dir='ltr'><strong>sicut</strong></span> <span class='ocrx_word' id='word_1_280' title='bbox 792 3332 1010 3404; x_wconf 76' lang='lat' dir='ltr'><strong>legitur.</strong></span> <span class='ocrx_word' id='word_1_281' title='bbox 1040 3329 1308 3402; x_wconf 82' lang='lat' dir='ltr'><strong>Allegoria</strong></span> <span class='ocrx_word' id='word_1_282' title='bbox 1336 3345 1465 3385; x_wconf 90' lang='lat' dir='ltr'><strong>vero</strong></span> <span class='ocrx_word' id='word_1_283' title='bbox 1495 3327 1700 3400; x_wconf 90' lang='lat' dir='ltr'><strong>aliquid</strong></span> <span class='ocrx_word' id='word_1_284' title='bbox 1727 3328 1782 3382; x_wconf 91' lang='lat' dir='ltr'><strong>in</strong></span> <span class='ocrx_word' id='word_1_285' title='bbox 1817 3341 1876 3382; x_wconf 87' lang='lat' dir='ltr'><strong>se</strong></span> 
     </span>
    </p>
   </div>
   <div class='ocr_carea' id='block_1_44' title="bbox 271 3420 1873 3501">
    <p class='ocr_par' dir='ltr' id='par_1_44' title="bbox 271 3420 1873 3501">
     <span class='ocr_line' id='line_1_44' title="bbox 271 3420 1873 3501; baseline -0.005 -18"><span class='ocrx_word' id='word_1_286' title='bbox 271 3429 400 3501; x_wconf 90' lang='lat' dir='ltr'><strong>plus</strong></span> <span class='ocrx_word' id='word_1_287' title='bbox 423 3427 683 3493; x_wconf 86' lang='lat' dir='ltr'><strong>continet,</strong></span> <span class='ocrx_word' id='word_1_288' title='bbox 715 3426 860 3497; x_wconf 90' lang='lat' dir='ltr'><strong>quod</strong></span> <span class='ocrx_word' id='word_1_289' title='bbox 889 3441 988 3496; x_wconf 87' lang='lat' dir='ltr'><strong>per</strong></span> <span class='ocrx_word' id='word_1_290' title='bbox 1015 3425 1119 3480; x_wconf 91' lang='lat' dir='ltr'><strong>hoc</strong></span> <span class='ocrx_word' id='word_1_291' title='bbox 1148 3424 1290 3494; x_wconf 90' lang='lat' dir='ltr'><strong>quod</strong></span> <span class='ocrx_word' id='word_1_292' title='bbox 1319 3423 1469 3478; x_wconf 92' lang='lat' dir='ltr'><strong>locus</strong></span> <span class='ocrx_word' id='word_1_293' title='bbox 1497 3420 1592 3494; x_wconf 88' lang='lat' dir='ltr'><strong>[F.</strong></span> <span class='ocrx_word' id='word_1_294' title='bbox 1624 3420 1873 3494; x_wconf 90' lang='lat' dir='ltr'><strong>loquens]</strong></span> 
     </span>
    </p>
   </div>
   <div class='ocr_carea' id='block_1_45' title="bbox 272 3515 1878 3590">
    <p class='ocr_par' dir='ltr' id='par_1_45' title="bbox 272 3515 1878 3590">
     <span class='ocr_line' id='line_1_45' title="bbox 272 3515 1878 3590; baseline -0.006 -12"><span class='ocrx_word' id='word_1_295' title='bbox 272 3523 344 3578; x_wconf 88' lang='lat' dir='ltr'><strong>de</strong></span> <span class='ocrx_word' id='word_1_296' title='bbox 373 3522 452 3577; x_wconf 90' lang='lat' dir='ltr'><strong>rei</strong></span> <span class='ocrx_word' id='word_1_297' title='bbox 483 3521 711 3576; x_wconf 88' lang='lat' dir='ltr'><strong>veritate</strong></span> <span class='ocrx_word' id='word_1_298' title='bbox 743 3520 812 3575; x_wconf 88' lang='lat' dir='ltr'><strong>ad</strong></span> <span class='ocrx_word' id='word_1_299' title='bbox 852 3519 1109 3590; x_wconf 88' lang='lat' dir='ltr'><strong>quiddam</strong></span> <span class='ocrx_word' id='word_1_300' title='bbox 1140 3519 1233 3572; x_wconf 90' lang='lat' dir='ltr'><strong>dat</strong></span> <span class='ocrx_word' id='word_1_301' title='bbox 1282 3516 1692 3588; x_wconf 88' lang='lat' dir='ltr'><strong>intelligendum</strong></span> <span class='ocrx_word' id='word_1_302' title='bbox 1720 3515 1787 3570; x_wconf 88' lang='lat' dir='ltr'><strong>de</strong></span> <span class='ocrx_word' id='word_1_303' title='bbox 1814 3515 1878 3569; x_wconf 94' lang='lat' dir='ltr'><strong>ﬁ-</strong></span> 
     </span>
    </p>
   </div>
   <div class='ocr_carea' id='block_1_46' title="bbox 272 3609 1875 3684">
    <p class='ocr_par' dir='ltr' id='par_1_46' title="bbox 272 3609 1875 3684">
     <span class='ocr_line' id='line_1_46' title="bbox 272 3609 1875 3684; baseline -0.005 -15"><span class='ocrx_word' id='word_1_304' title='bbox 272 3615 364 3670; x_wconf 91' lang='lat' dir='ltr'><strong>dei</strong></span> <span class='ocrx_word' id='word_1_305' title='bbox 394 3614 654 3684; x_wconf 90' lang='lat' dir='ltr'><strong>puritate,</strong></span> <span class='ocrx_word' id='word_1_306' title='bbox 681 3621 735 3667; x_wconf 91' lang='lat' dir='ltr'><strong>et</strong></span> <span class='ocrx_word' id='word_1_307' title='bbox 762 3620 964 3667; x_wconf 58' lang='lat' dir='ltr'><strong>sanctae</strong></span> <span class='ocrx_word' id='word_1_308' title='bbox 995 3610 1254 3666; x_wconf 68' lang='lat' dir='ltr'><strong>Ecclesiae</strong></span> <span class='ocrx_word' id='word_1_309' title='bbox 1283 3609 1565 3680; x_wconf 88' lang='lat' dir='ltr'><strong>mysteria,</strong></span> <span class='ocrx_word' id='word_1_310' title='bbox 1598 3609 1713 3663; x_wconf 91' lang='lat' dir='ltr'><strong>sive</strong></span> <span class='ocrx_word' id='word_1_311' title='bbox 1739 3623 1875 3678; x_wconf 77' lang='lat' dir='ltr'><strong>prac-</strong></span> 
     </span>
    </p>
   </div>
   <div class='ocr_carea' id='block_1_47' title="bbox 272 3699 1874 3770">
    <p class='ocr_par' dir='ltr' id='par_1_47' title="bbox 272 3699 1874 3770">
     <span class='ocr_line' id='line_1_47' title="bbox 272 3699 1874 3770; baseline -0.004 -10"><span class='ocrx_word' id='word_1_312' title='bbox 272 3706 480 3769; x_wconf 87' lang='lat' dir='ltr'><strong>scntia,</strong></span> <span class='ocrx_word' id='word_1_313' title='bbox 514 3705 629 3760; x_wconf 89' lang='lat' dir='ltr'><strong>sive</strong></span> <span class='ocrx_word' id='word_1_314' title='bbox 676 3703 879 3769; x_wconf 86' lang='lat' dir='ltr'><strong>futura,</strong></span> <span class='ocrx_word' id='word_1_315' title='bbox 912 3703 1060 3757; x_wconf 90' lang='lat' dir='ltr'><strong>aliud</strong></span> <span class='ocrx_word' id='word_1_316' title='bbox 1106 3701 1314 3767; x_wconf 89' lang='lat' dir='ltr'><strong>dicens,</strong></span> <span class='ocrx_word' id='word_1_317' title='bbox 1347 3699 1489 3754; x_wconf 90' lang='lat' dir='ltr'><strong>aliud</strong></span> <span class='ocrx_word' id='word_1_318' title='bbox 1537 3699 1874 3770; x_wconf 80' lang='lat' dir='ltr'><strong>signiﬁcans,</strong></span> 
     </span>
    </p>
   </div>
   <div class='ocr_carea' id='block_1_48' title="bbox 272 3789 1878 3867">
    <p class='ocr_par' dir='ltr' id='par_1_48' title="bbox 272 3789 1878 3867">
     <span class='ocr_line' id='line_1_48' title="bbox 272 3789 1878 3867; baseline -0.004 -16"><span class='ocrx_word' id='word_1_319' title='bbox 272 3811 496 3866; x_wconf 87' lang='lat' dir='ltr'><strong>semper</strong></span> <span class='ocrx_word' id='word_1_320' title='bbox 522 3804 702 3850; x_wconf 90' lang='lat' dir='ltr'><strong>autem</strong></span> <span class='ocrx_word' id='word_1_321' title='bbox 735 3794 1007 3867; x_wconf 90' lang='lat' dir='ltr'><strong>ﬁgmentis</strong></span> <span class='ocrx_word' id='word_1_322' title='bbox 1036 3801 1091 3849; x_wconf 91' lang='lat' dir='ltr'><strong>et</strong></span> <span class='ocrx_word' id='word_1_323' title='bbox 1116 3793 1309 3849; x_wconf 88' lang='lat' dir='ltr'><strong>velatis</strong></span> <span class='ocrx_word' id='word_1_324' title='bbox 1337 3792 1594 3848; x_wconf 90' lang='lat' dir='ltr'><strong>ostendit.</strong></span> <span class='ocrx_word' id='word_1_325' title='bbox 1627 3789 1878 3862; x_wconf 85' lang='lat' dir='ltr'><strong>Tropolo-</strong></span> 
     </span>
    </p>
   </div>
   <div class='ocr_carea' id='block_1_49' title="bbox 271 3884 1878 3961">
    <p class='ocr_par' dir='ltr' id='par_1_49' title="bbox 271 3884 1878 3961">
     <span class='ocr_line' id='line_1_49' title="bbox 271 3884 1878 3961; baseline -0.001 -19"><span class='ocrx_word' id='word_1_326' title='bbox 271 3891 366 3961; x_wconf 83' lang='lat' dir='ltr'><strong>gia</strong></span> <span class='ocrx_word' id='word_1_327' title='bbox 396 3903 611 3958; x_wconf 90' lang='lat' dir='ltr'><strong>quoque</strong></span> <span class='ocrx_word' id='word_1_328' title='bbox 639 3897 695 3943; x_wconf 91' lang='lat' dir='ltr'><strong>et</strong></span> <span class='ocrx_word' id='word_1_329' title='bbox 725 3889 862 3958; x_wconf 86' lang='lat' dir='ltr'><strong>ipsa,</strong></span> <span class='ocrx_word' id='word_1_330' title='bbox 890 3887 1031 3942; x_wconf 89' lang='lat' dir='ltr'><strong>sicut</strong></span> <span class='ocrx_word' id='word_1_331' title='bbox 1074 3885 1351 3957; x_wconf 86' lang='lat' dir='ltr'><strong>allegoria,</strong></span> <span class='ocrx_word' id='word_1_332' title='bbox 1386 3886 1438 3939; x_wconf 92' lang='lat' dir='ltr'><strong>in</strong></span> <span class='ocrx_word' id='word_1_333' title='bbox 1464 3884 1732 3956; x_wconf 89' lang='lat' dir='ltr'><strong>ﬁguratis,</strong></span> <span class='ocrx_word' id='word_1_334' title='bbox 1765 3885 1878 3940; x_wconf 90' lang='lat' dir='ltr'><strong>sive</strong></span> 
     </span>
    </p>
   </div>
   <div class='ocr_carea' id='block_1_50' title="bbox 273 3977 1876 4050">
    <p class='ocr_par' dir='ltr' id='par_1_50' title="bbox 273 3977 1876 4050">
     <span class='ocr_line' id='line_1_50' title="bbox 273 3977 1876 4050; baseline -0.003 -14"><span class='ocrx_word' id='word_1_335' title='bbox 273 3981 464 4047; x_wconf 88' lang='lat' dir='ltr'><strong>dictis,</strong></span> <span class='ocrx_word' id='word_1_336' title='bbox 497 3982 611 4036; x_wconf 91' lang='lat' dir='ltr'><strong>sive</strong></span> <span class='ocrx_word' id='word_1_337' title='bbox 657 3980 836 4047; x_wconf 88' lang='lat' dir='ltr'><strong>factis,</strong></span> <span class='ocrx_word' id='word_1_338' title='bbox 870 3987 1084 4036; x_wconf 86' lang='lat' dir='ltr'><strong>constat</strong></span> <span class='ocrx_word' id='word_1_339' title='bbox 1117 3998 1129 4033; x_wconf 92' lang='lat'><strong>:</strong></span> <span class='ocrx_word' id='word_1_340' title='bbox 1166 3978 1260 4034; x_wconf 91' lang='lat' dir='ltr'><strong>sed</strong></span> <span class='ocrx_word' id='word_1_341' title='bbox 1303 3978 1356 4032; x_wconf 91' lang='lat' dir='ltr'><strong>in</strong></span> <span class='ocrx_word' id='word_1_342' title='bbox 1387 3979 1490 4032; x_wconf 87' lang='lat' dir='ltr'><strong>hoc</strong></span> <span class='ocrx_word' id='word_1_343' title='bbox 1519 3978 1586 4032; x_wconf 90' lang='lat' dir='ltr'><strong>ab</strong></span> <span class='ocrx_word' id='word_1_344' title='bbox 1619 3977 1876 4050; x_wconf 83' lang='lat' dir='ltr'><strong>allegoria</strong></span> 
     </span>
    </p>
   </div>
   <div class='ocr_carea' id='block_1_51' title="bbox 273 4067 1879 4141">
    <p class='ocr_par' dir='ltr' id='par_1_51' title="bbox 273 4067 1879 4141">
     <span class='ocr_line' id='line_1_51' title="bbox 273 4067 1879 4141; baseline -0.002 -15"><span class='ocrx_word' id='word_1_345' title='bbox 273 4073 446 4126; x_wconf 81' lang='lat' dir='ltr'><strong>distat</strong></span> <span class='ocrx_word' id='word_1_346' title='bbox 480 4070 622 4141; x_wconf 89' lang='lat' dir='ltr'><strong>quod</strong></span> <span class='ocrx_word' id='word_1_347' title='bbox 655 4070 909 4141; x_wconf 78' lang='lat' dir='ltr'><strong>allegoria</strong></span> <span class='ocrx_word' id='word_1_348' title='bbox 950 4070 1170 4140; x_wconf 88' lang='lat' dir='ltr'><strong>quidem</strong></span> <span class='ocrx_word' id='word_1_349' title='bbox 1200 4068 1382 4135; x_wconf 89' lang='lat' dir='ltr'><strong>ﬁdem,</strong></span> <span class='ocrx_word' id='word_1_350' title='bbox 1430 4067 1721 4139; x_wconf 83' lang='lat' dir='ltr'><strong>tropologia</strong></span> <span class='ocrx_word' id='word_1_351' title='bbox 1749 4084 1879 4123; x_wconf 90' lang='lat' dir='ltr'><strong>vero</strong></span> 
     </span>
    </p>
   </div>
   <div class='ocr_carea' id='block_1_52' title="bbox 1983 2861 3575 2941">
    <p class='ocr_par' dir='ltr' id='par_1_52' title="bbox 1983 2861 3575 2941">
     <span class='ocr_line' id='line_1_52' title="bbox 1983 2861 3575 2941; baseline 0.006 -26"><span class='ocrx_word' id='word_1_352' title='bbox 1983 2862 2100 2916; x_wconf 63' lang='lat' dir='ltr'><strong>haec</strong></span> <span class='ocrx_word' id='word_1_353' title='bbox 2129 2861 2311 2916; x_wconf 88' lang='lat' dir='ltr'><strong>omnia</strong></span> <span class='ocrx_word' id='word_1_354' title='bbox 2338 2861 2443 2916; x_wconf 93' lang='lat' dir='ltr'><strong>hoc</strong></span> <span class='ocrx_word' id='word_1_355' title='bbox 2468 2863 2650 2930; x_wconf 92' lang='lat' dir='ltr'><strong>modo,</strong></span> <span class='ocrx_word' id='word_1_356' title='bbox 2684 2864 2820 2920; x_wconf 91' lang='lat' dir='ltr'><strong>duce</strong></span> <span class='ocrx_word' id='word_1_357' title='bbox 2849 2866 2967 2937; x_wconf 90' lang='lat' dir='ltr'><strong>ipsa</strong></span> <span class='ocrx_word' id='word_1_358' title='bbox 3006 2867 3255 2932; x_wconf 90' lang='lat' dir='ltr'><strong>veritate,</strong></span> <span class='ocrx_word' id='word_1_359' title='bbox 3291 2869 3575 2941; x_wconf 85' lang='lat' dir='ltr'><strong>indagave—</strong></span> 
     </span>
    </p>
   </div>
   <div class='ocr_carea' id='block_1_53' title="bbox 1981 2955 3574 3030">
    <p class='ocr_par' dir='ltr' id='par_1_53' title="bbox 1981 2955 3574 3030">
     <span class='ocr_line' id='line_1_53' title="bbox 1981 2955 3574 3030; baseline 0.003 -22"><span class='ocrx_word' id='word_1_360' title='bbox 1981 2955 2154 3010; x_wconf 88' lang='lat' dir='ltr'><strong>rimus</strong></span> <span class='ocrx_word' id='word_1_361' title='bbox 2183 2973 2197 3010; x_wconf 91' lang='lat'>:</span> <span class='ocrx_word' id='word_1_362' title='bbox 2235 2955 2475 3012; x_wconf 89' lang='lat' dir='ltr'><strong>secundo</strong></span> <span class='ocrx_word' id='word_1_363' title='bbox 2503 2971 2725 3014; x_wconf 88' lang='lat' dir='ltr'><strong>necesse</strong></span> <span class='ocrx_word' id='word_1_364' title='bbox 2751 2966 2837 3013; x_wconf 88' lang='lat' dir='ltr'><strong>est</strong></span> <span class='ocrx_word' id='word_1_365' title='bbox 2863 2967 2925 3014; x_wconf 91' lang='lat' dir='ltr'><strong>ut</strong></span> <span class='ocrx_word' id='word_1_366' title='bbox 2951 2959 3149 3030; x_wconf 88' lang='lat' dir='ltr'><strong>quibus</strong></span> <span class='ocrx_word' id='word_1_367' title='bbox 3178 2970 3378 3030; x_wconf 87' lang='lat' dir='ltr'><strong>quotve</strong></span> <span class='ocrx_word' id='word_1_368' title='bbox 3402 2962 3574 3016; x_wconf 78' lang='lat' dir='ltr'><strong>modis</strong></span> 
     </span>
    </p>
   </div>
   <div class='ocr_carea' id='block_1_54' title="bbox 1983 3049 3576 3124">
    <p class='ocr_par' dir='ltr' id='par_1_54' title="bbox 1983 3049 3576 3124">
     <span class='ocr_line' id='line_1_54' title="bbox 1983 3049 3576 3124; baseline 0.004 -21"><span class='ocrx_word' id='word_1_369' title='bbox 1983 3065 2072 3104; x_wconf 87' lang='lat' dir='ltr'><strong>res</strong></span> <span class='ocrx_word' id='word_1_370' title='bbox 2103 3049 2168 3104; x_wconf 89' lang='lat' dir='ltr'><strong>de</strong></span> <span class='ocrx_word' id='word_1_371' title='bbox 2211 3050 2410 3120; x_wconf 91' lang='lat' dir='ltr'><strong>quibus</strong></span> <span class='ocrx_word' id='word_1_372' title='bbox 2459 3059 2664 3106; x_wconf 89' lang='lat' dir='ltr'><strong>tractat</strong></span> <span class='ocrx_word' id='word_1_373' title='bbox 2710 3052 2961 3122; x_wconf 88' lang='lat' dir='ltr'><strong>accipere</strong></span> <span class='ocrx_word' id='word_1_374' title='bbox 3001 3054 3297 3124; x_wconf 89' lang='lat' dir='ltr'><strong>possimus,</strong></span> <span class='ocrx_word' id='word_1_375' title='bbox 3335 3054 3576 3110; x_wconf 89' lang='lat' dir='ltr'><strong>studiose</strong></span> 
     </span>
    </p>
   </div>
   <div class='ocr_carea' id='block_1_55' title="bbox 1978 3142 3576 3224">
    <p class='ocr_par' dir='ltr' id='par_1_55' title="bbox 1978 3142 3576 3224">
     <span class='ocr_line' id='line_1_55' title="bbox 1978 3142 3576 3224; baseline 0.003 -28"><span class='ocrx_word' id='word_1_376' title='bbox 1978 3151 2410 3224; x_wconf 81' lang='lat' dir='ltr'><strong>perscrutemur.</strong></span> <span class='ocrx_word' id='word_1_377' title='bbox 2459 3142 2565 3199; x_wconf 91' lang='lat' dir='ltr'><strong>Pro</strong></span> <span class='ocrx_word' id='word_1_378' title='bbox 2614 3159 2680 3200; x_wconf 91' lang='lat' dir='ltr'><strong>eo</strong></span> <span class='ocrx_word' id='word_1_379' title='bbox 2707 3159 2942 3215; x_wconf 90' lang='lat' dir='ltr'><strong>namque</strong></span> <span class='ocrx_word' id='word_1_380' title='bbox 2992 3147 3137 3216; x_wconf 90' lang='lat' dir='ltr'><strong>quod</strong></span> <span class='ocrx_word' id='word_1_381' title='bbox 3187 3163 3294 3202; x_wconf 90' lang='lat' dir='ltr'><strong>una</strong></span> <span class='ocrx_word' id='word_1_382' title='bbox 3327 3163 3576 3202; x_wconf 87' lang='lat' dir='ltr'><strong>nonnun-</strong></span> 
     </span>
    </p>
   </div>
   <div class='ocr_carea' id='block_1_56' title="bbox 1981 3237 3575 3307">
    <p class='ocr_par' dir='ltr' id='par_1_56' title="bbox 1981 3237 3575 3307">
     <span class='ocr_line' id='line_1_56' title="bbox 1981 3237 3575 3307; baseline 0.004 -17"><span class='ocrx_word' id='word_1_383' title='bbox 1981 3251 2144 3307; x_wconf 89' lang='lat' dir='ltr'><strong>quam</strong></span> <span class='ocrx_word' id='word_1_384' title='bbox 2175 3237 2472 3306; x_wconf 87' lang='lat' dir='ltr'><strong>eademque</strong></span> <span class='ocrx_word' id='word_1_385' title='bbox 2520 3253 2610 3293; x_wconf 89' lang='lat' dir='ltr'><strong>res</strong></span> <span class='ocrx_word' id='word_1_386' title='bbox 2658 3237 2794 3292; x_wconf 88' lang='lat' dir='ltr'><strong>nihil</strong></span> <span class='ocrx_word' id='word_1_387' title='bbox 2830 3238 2934 3294; x_wconf 90' lang='lat' dir='ltr'><strong>sibi</strong></span> <span class='ocrx_word' id='word_1_388' title='bbox 2983 3240 3305 3295; x_wconf 88' lang='lat' dir='ltr'><strong>naturaliter</strong></span> <span class='ocrx_word' id='word_1_389' title='bbox 3352 3241 3575 3296; x_wconf 89' lang='lat' dir='ltr'><strong>insitum</strong></span> 
     </span>
    </p>
   </div>
   <div class='ocr_carea' id='block_1_57' title="bbox 1979 3328 3574 3403">
    <p class='ocr_par' dir='ltr' id='par_1_57' title="bbox 1979 3328 3574 3403">
     <span class='ocr_line' id='line_1_57' title="bbox 1979 3328 3574 3403; baseline 0.003 -20"><span class='ocrx_word' id='word_1_390' title='bbox 1979 3329 2148 3384; x_wconf 88' lang='lat' dir='ltr'><strong>habet</strong></span> <span class='ocrx_word' id='word_1_391' title='bbox 2165 3328 2330 3398; x_wconf 90' lang='lat' dir='ltr'><strong>quod,</strong></span> <span class='ocrx_word' id='word_1_392' title='bbox 2373 3337 2636 3398; x_wconf 89' lang='lat' dir='ltr'><strong>quantum</strong></span> <span class='ocrx_word' id='word_1_393' title='bbox 2669 3329 2737 3384; x_wconf 91' lang='lat' dir='ltr'><strong>ad</strong></span> <span class='ocrx_word' id='word_1_394' title='bbox 2764 3330 3063 3384; x_wconf 88' lang='lat' dir='ltr'><strong>humanum</strong></span> <span class='ocrx_word' id='word_1_395' title='bbox 3087 3333 3352 3388; x_wconf 80' lang='lat' dir='ltr'><strong>duntaxat</strong></span> <span class='ocrx_word' id='word_1_396' title='bbox 3379 3349 3574 3403; x_wconf 86' lang='lat' dir='ltr'><strong>corpo-</strong></span> 
     </span>
    </p>
   </div>
   <div class='ocr_carea' id='block_1_58' title="bbox 1979 3419 3575 3494">
    <p class='ocr_par' dir='ltr' id='par_1_58' title="bbox 1979 3419 3575 3494">
     <span class='ocr_line' id='line_1_58' title="bbox 1979 3419 3575 3494; baseline 0.001 -20"><span class='ocrx_word' id='word_1_397' title='bbox 1979 3419 2094 3474; x_wconf 89' lang='lat' dir='ltr'><strong>rale</strong></span> <span class='ocrx_word' id='word_1_398' title='bbox 2119 3419 2463 3474; x_wconf 90' lang='lat' dir='ltr'><strong>commodum</strong></span> <span class='ocrx_word' id='word_1_399' title='bbox 2491 3426 2548 3473; x_wconf 92' lang='lat' dir='ltr'><strong>et</strong></span> <span class='ocrx_word' id='word_1_400' title='bbox 2587 3419 2988 3478; x_wconf 89' lang='lat' dir='ltr'><strong>incommodum</strong></span> <span class='ocrx_word' id='word_1_401' title='bbox 3023 3430 3250 3491; x_wconf 88' lang='lat' dir='ltr'><strong>spectat,</strong></span> <span class='ocrx_word' id='word_1_402' title='bbox 3281 3430 3334 3477; x_wconf 87' lang='lat' dir='ltr'><strong>et</strong></span> <span class='ocrx_word' id='word_1_403' title='bbox 3356 3423 3575 3494; x_wconf 89' lang='lat' dir='ltr'><strong>probari</strong></span> 
     </span>
    </p>
   </div>
   <div class='ocr_carea' id='block_1_59' title="bbox 1980 3510 3577 3586">
    <p class='ocr_par' dir='ltr' id='par_1_59' title="bbox 1980 3510 3577 3586">
     <span class='ocr_line' id='line_1_59' title="bbox 1980 3510 3577 3586; baseline 0.004 -20"><span class='ocrx_word' id='word_1_404' title='bbox 1980 3520 2034 3566; x_wconf 93' lang='lat' dir='ltr'><strong>et</strong></span> <span class='ocrx_word' id='word_1_405' title='bbox 2068 3511 2348 3580; x_wconf 89' lang='lat' dir='ltr'><strong>reprobari</strong></span> <span class='ocrx_word' id='word_1_406' title='bbox 2384 3510 2530 3565; x_wconf 85' lang='lat' dir='ltr'><strong>valet</strong></span> <span class='ocrx_word' id='word_1_407' title='bbox 2560 3528 2573 3565; x_wconf 90' lang='lat'><strong>:</strong></span> <span class='ocrx_word' id='word_1_408' title='bbox 2606 3511 2723 3581; x_wconf 89' lang='lat' dir='ltr'><strong>ipsa</strong></span> <span class='ocrx_word' id='word_1_409' title='bbox 2750 3512 3009 3567; x_wconf 90' lang='lat' dir='ltr'><strong>nimirum</strong></span> <span class='ocrx_word' id='word_1_410' title='bbox 3033 3530 3136 3568; x_wconf 91' lang='lat' dir='ltr'><strong>una</strong></span> <span class='ocrx_word' id='word_1_411' title='bbox 3167 3515 3465 3586; x_wconf 90' lang='lat' dir='ltr'><strong>eademque</strong></span> <span class='ocrx_word' id='word_1_412' title='bbox 3487 3531 3577 3572; x_wconf 90' lang='lat' dir='ltr'><strong>res</strong></span> 
     </span>
    </p>
   </div>
   <div class='ocr_carea' id='block_1_60' title="bbox 1980 3602 3574 3678">
    <p class='ocr_par' dir='ltr' id='par_1_60' title="bbox 1980 3602 3574 3678">
     <span class='ocr_line' id='line_1_60' title="bbox 1980 3602 3574 3678; baseline 0.003 -21"><span class='ocrx_word' id='word_1_413' title='bbox 1980 3619 2089 3658; x_wconf 92' lang='lat' dir='ltr'><strong>non</strong></span> <span class='ocrx_word' id='word_1_414' title='bbox 2117 3602 2290 3657; x_wconf 91' lang='lat' dir='ltr'><strong>solum</strong></span> <span class='ocrx_word' id='word_1_415' title='bbox 2320 3602 2613 3667; x_wconf 87' lang='lat' dir='ltr'><strong>diversam,</strong></span> <span class='ocrx_word' id='word_1_416' title='bbox 2643 3603 2740 3658; x_wconf 91' lang='lat' dir='ltr'><strong>sed</strong></span> <span class='ocrx_word' id='word_1_417' title='bbox 2768 3613 2824 3658; x_wconf 92' lang='lat' dir='ltr'><strong>et</strong></span> <span class='ocrx_word' id='word_1_418' title='bbox 2857 3603 3144 3660; x_wconf 90' lang='lat' dir='ltr'><strong>adversam</strong></span> <span class='ocrx_word' id='word_1_419' title='bbox 3187 3605 3482 3678; x_wconf 89' lang='lat' dir='ltr'><strong>aliquando</strong></span> <span class='ocrx_word' id='word_1_420' title='bbox 3517 3608 3574 3662; x_wconf 95' lang='lat' dir='ltr'><strong>in</strong></span> 
     </span>
    </p>
   </div>
   <div class='ocr_carea' id='block_1_61' title="bbox 1982 3695 3580 3772">
    <p class='ocr_par' dir='ltr' id='par_1_61' title="bbox 1982 3695 3580 3772">
     <span class='ocr_line' id='line_1_61' title="bbox 1982 3695 3580 3772; baseline 0.003 -21"><span class='ocrx_word' id='word_1_421' title='bbox 1982 3695 2263 3766; x_wconf 90' lang='lat' dir='ltr'><strong>Scriptura</strong></span> <span class='ocrx_word' id='word_1_422' title='bbox 2318 3712 2473 3752; x_wconf 87' lang='lat' dir='ltr'><strong>sacra</strong></span> <span class='ocrx_word' id='word_1_423' title='bbox 2517 3696 2975 3768; x_wconf 88' lang='lat' dir='ltr'><strong>signiﬁcationem</strong></span> <span class='ocrx_word' id='word_1_424' title='bbox 3019 3700 3220 3754; x_wconf 89' lang='lat' dir='ltr'><strong>habere</strong></span> <span class='ocrx_word' id='word_1_425' title='bbox 3268 3710 3468 3772; x_wconf 88' lang='lat' dir='ltr'><strong>potest.</strong></span> <span class='ocrx_word' id='word_1_426' title='bbox 3507 3701 3580 3758; x_wconf 91' lang='lat' dir='ltr'><strong>Ut</strong></span> 
     </span>
    </p>
   </div>
   <div class='ocr_carea' id='block_1_62' title="bbox 1979 3788 3575 3862">
    <p class='ocr_par' dir='ltr' id='par_1_62' title="bbox 1979 3788 3575 3862">
     <span class='ocr_line' id='line_1_62' title="bbox 1979 3788 3575 3862; baseline 0.002 -19"><span class='ocrx_word' id='word_1_427' title='bbox 1979 3789 2148 3855; x_wconf 87' lang='lat' dir='ltr'><strong>enim,</strong></span> <span class='ocrx_word' id='word_1_428' title='bbox 2194 3788 2428 3858; x_wconf 81' lang='lat' dir='ltr'><strong>exempli</strong></span> <span class='ocrx_word' id='word_1_429' title='bbox 2473 3803 2661 3854; x_wconf 89' lang='lat' dir='ltr'><strong>causa,</strong></span> <span class='ocrx_word' id='word_1_430' title='bbox 2701 3789 2768 3844; x_wconf 91' lang='lat' dir='ltr'><strong>de</strong></span> <span class='ocrx_word' id='word_1_431' title='bbox 2824 3790 3127 3846; x_wconf 86' lang='lat' dir='ltr'><strong>innumeris</strong></span> <span class='ocrx_word' id='word_1_432' title='bbox 3179 3790 3286 3845; x_wconf 89' lang='lat' dir='ltr'><strong>tria</strong></span> <span class='ocrx_word' id='word_1_433' title='bbox 3327 3791 3575 3862; x_wconf 81' lang='lat' dir='ltr'><strong>profera-</strong></span> 
     </span>
    </p>
   </div>
   <div class='ocr_carea' id='block_1_63' title="bbox 1980 3881 3579 3953">
    <p class='ocr_par' dir='ltr' id='par_1_63' title="bbox 1980 3881 3579 3953">
     <span class='ocr_line' id='line_1_63' title="bbox 1980 3881 3579 3953; baseline 0.002 -15"><span class='ocrx_word' id='word_1_434' title='bbox 1980 3899 2104 3939; x_wconf 88' lang='lat' dir='ltr'><strong>mus</strong></span> <span class='ocrx_word' id='word_1_435' title='bbox 2157 3900 2170 3936; x_wconf 91' lang='lat'><strong>:</strong></span> <span class='ocrx_word' id='word_1_436' title='bbox 2223 3890 2279 3936; x_wconf 90' lang='lat' dir='ltr'><strong>et</strong></span> <span class='ocrx_word' id='word_1_437' title='bbox 2318 3897 2508 3952; x_wconf 64' lang='lat' dir='ltr'><strong>aquae,</strong></span> <span class='ocrx_word' id='word_1_438' title='bbox 2568 3883 2724 3953; x_wconf 82' lang='lat' dir='ltr'><strong>cujus</strong></span> <span class='ocrx_word' id='word_1_439' title='bbox 2781 3881 3002 3937; x_wconf 82' lang='lat' dir='ltr'><strong>ﬂumina</strong></span> <span class='ocrx_word' id='word_1_440' title='bbox 3055 3884 3230 3938; x_wconf 86' lang='lat' dir='ltr'><strong>ﬂuunt</strong></span> <span class='ocrx_word' id='word_1_441' title='bbox 3281 3885 3348 3939; x_wconf 90' lang='lat' dir='ltr'><strong>de</strong></span> <span class='ocrx_word' id='word_1_442' title='bbox 3389 3894 3579 3942; x_wconf 88' lang='lat' dir='ltr'><strong>ventre</strong></span> 
     </span>
    </p>
   </div>
   <div class='ocr_carea' id='block_1_64' title="bbox 1982 3973 3578 4049">
    <p class='ocr_par' dir='ltr' id='par_1_64' title="bbox 1982 3973 3578 4049">
     <span class='ocr_line' id='line_1_64' title="bbox 1982 3973 3578 4049; baseline 0.001 -20"><span class='ocrx_word' id='word_1_443' title='bbox 1982 3973 2286 4039; x_wconf 87' lang='lat' dir='ltr'><strong>credentis,</strong></span> <span class='ocrx_word' id='word_1_444' title='bbox 2325 3983 2409 4028; x_wconf 90' lang='lat' dir='ltr'><strong>est</strong></span> <span class='ocrx_word' id='word_1_445' title='bbox 2458 3988 2598 4043; x_wconf 87' lang='lat' dir='ltr'><strong>aqua</strong></span> <span class='ocrx_word' id='word_1_446' title='bbox 2646 3983 2836 4029; x_wconf 87' lang='lat' dir='ltr'><strong>contra</strong></span> <span class='ocrx_word' id='word_1_447' title='bbox 2889 3990 3054 4045; x_wconf 87' lang='lat' dir='ltr'><strong>quam</strong></span> <span class='ocrx_word' id='word_1_448' title='bbox 3085 3974 3329 4046; x_wconf 89' lang='lat' dir='ltr'><strong>psalmus</strong></span> <span class='ocrx_word' id='word_1_449' title='bbox 3381 3974 3578 4049; x_wconf 84' lang='lat' dir='ltr'><strong>[Psal-</strong></span> 
     </span>
    </p>
   </div>
   <div class='ocr_carea' id='block_1_65' title="bbox 1983 4067 3579 4144">
    <p class='ocr_par' dir='ltr' id='par_1_65' title="bbox 1983 4067 3579 4144">
     <span class='ocr_line' id='line_1_65' title="bbox 1983 4067 3579 4144; baseline 0.003 -21"><span class='ocrx_word' id='word_1_450' title='bbox 1983 4067 2354 4141; x_wconf 86' lang='lat' dir='ltr'><strong>mographus]</strong></span> <span class='ocrx_word' id='word_1_451' title='bbox 2413 4075 2567 4134; x_wconf 91' lang='lat' dir='ltr'><strong>orat,</strong></span> <span class='ocrx_word' id='word_1_452' title='bbox 2627 4084 2697 4124; x_wconf 89' lang='lat' dir='ltr'><strong>ne</strong></span> <span class='ocrx_word' id='word_1_453' title='bbox 2749 4084 2904 4139; x_wconf 74' lang='lat' dir='ltr'><strong>aqua:</strong></span> <span class='ocrx_word' id='word_1_454' title='bbox 2948 4085 3074 4124; x_wconf 89' lang='lat' dir='ltr'><strong>eum</strong></span> <span class='ocrx_word' id='word_1_455' title='bbox 3129 4079 3426 4144; x_wconf 85' lang='lat' dir='ltr'><strong>tempestas</strong></span> <span class='ocrx_word' id='word_1_456' title='bbox 3485 4073 3579 4128; x_wconf 84' lang='lat' dir='ltr'><strong>de-</strong></span> 
     </span>
    </p>
   </div>
   <div class='ocr_carea' id='block_1_66' title="bbox 271 4147 3578 4234">
    <p class='ocr_par' dir='ltr' id='par_1_66' title="bbox 271 4147 3578 4234">
     <span class='ocr_line' id='line_1_66' title="bbox 271 4147 3578 4234; baseline 0.001 -16"><span class='ocrx_word' id='word_1_457' title='bbox 271 4160 513 4218; x_wconf 74' lang='lat' dir='ltr'><strong>:edilicat</strong></span> <span class='ocrx_word' id='word_1_458' title='bbox 541 4161 924 4216; x_wconf 86' lang='lat' dir='ltr'><strong>moralitatem.</strong></span> <span class='ocrx_word' id='word_1_459' title='bbox 959 4161 1229 4231; x_wconf 81' lang='lat' dir='ltr'><strong>Anagogt&#39;a</strong></span> <span class='ocrx_word' id='word_1_460' title='bbox 1253 4167 1466 4225; x_wconf 89' lang='lat' dir='ltr'><strong>autem,</strong></span> <span class='ocrx_word' id='word_1_461' title='bbox 1502 4159 1617 4213; x_wconf 88' lang='lat' dir='ltr'><strong>sive</strong></span> <span class='ocrx_word' id='word_1_462' title='bbox 1661 4159 1873 4225; x_wconf 89' lang='lat' dir='ltr'><strong>velatis,</strong></span> <span class='ocrx_word' id='word_1_463' title='bbox 1904 4147 1950 4208; x_wconf 89' lang='lat' dir='ltr'><strong><em>C</em></strong></span> <span class='ocrx_word' id='word_1_464' title='bbox 1982 4169 2223 4230; x_wconf 86' lang='lat' dir='ltr'><strong>mergat;</strong></span> <span class='ocrx_word' id='word_1_465' title='bbox 2271 4169 2327 4214; x_wconf 93' lang='lat' dir='ltr'><strong>et</strong></span> <span class='ocrx_word' id='word_1_466' title='bbox 2377 4160 2506 4215; x_wconf 92' lang='lat' dir='ltr'><strong>item</strong></span> <span class='ocrx_word' id='word_1_467' title='bbox 2552 4161 2794 4217; x_wconf 87' lang='lat' dir='ltr'><strong>camelus</strong></span> <span class='ocrx_word' id='word_1_468' title='bbox 2820 4202 2836 4230; x_wconf 93' lang='lat'><strong>,</strong></span> <span class='ocrx_word' id='word_1_469' title='bbox 2893 4163 2984 4233; x_wconf 89' lang='lat' dir='ltr'><strong>qui</strong></span> <span class='ocrx_word' id='word_1_470' title='bbox 3027 4177 3124 4234; x_wconf 90' lang='lat' dir='ltr'><strong>per</strong></span> <span class='ocrx_word' id='word_1_471' title='bbox 3161 4169 3403 4220; x_wconf 81' lang='lat' dir='ltr'><strong>torarnen</strong></span> <span class='ocrx_word' id='word_1_472' title='bbox 3447 4181 3578 4220; x_wconf 86' lang='lat' dir='ltr'><strong>acus</strong></span> 
     </span>
    </p>
   </div>
   <div class='ocr_carea' id='block_1_67' title="bbox 271 4255 1883 4327">
    <p class='ocr_par' dir='ltr' id='par_1_67' title="bbox 271 4255 1883 4327">
     <span class='ocr_line' id='line_1_67' title="bbox 271 4255 1883 4327; baseline -0.003 -13"><span class='ocrx_word' id='word_1_473' title='bbox 271 4258 398 4314; x_wconf 88' lang='lat' dir='ltr'><strong>sive</strong></span> <span class='ocrx_word' id='word_1_474' title='bbox 431 4256 634 4327; x_wconf 89' lang='lat' dir='ltr'><strong>apertis</strong></span> <span class='ocrx_word' id='word_1_475' title='bbox 664 4255 845 4322; x_wconf 90' lang='lat' dir='ltr'><strong>dictis,</strong></span> <span class='ocrx_word' id='word_1_476' title='bbox 892 4255 959 4311; x_wconf 89' lang='lat' dir='ltr'><strong>de</strong></span> <span class='ocrx_word' id='word_1_477' title='bbox 988 4255 1207 4310; x_wconf 72' lang='lat' dir='ltr'><strong>mternis</strong></span> <span class='ocrx_word' id='word_1_478' title='bbox 1235 4270 1486 4327; x_wconf 59' lang='lat' dir='ltr'><strong>supernae</strong></span> <span class='ocrx_word' id='word_1_479' title='bbox 1513 4255 1703 4325; x_wconf 69' lang='lat' dir='ltr'><strong>patria:</strong></span> <span class='ocrx_word' id='word_1_480' title='bbox 1748 4270 1883 4326; x_wconf 87' lang='lat' dir='ltr'><strong>gau-</strong></span> 
     </span>
    </p>
   </div>
   <div class='ocr_carea' id='block_1_68' title="bbox 275 4344 1883 4416">
    <p class='ocr_par' dir='ltr' id='par_1_68' title="bbox 275 4344 1883 4416">
     <span class='ocr_line' id='line_1_68' title="bbox 275 4344 1883 4416; baseline -0.001 -14"><span class='ocrx_word' id='word_1_481' title='bbox 275 4347 392 4402; x_wconf 90' lang='lat' dir='ltr'><strong>diis</strong></span> <span class='ocrx_word' id='word_1_482' title='bbox 417 4354 650 4412; x_wconf 90' lang='lat' dir='ltr'><strong>constat,</strong></span> <span class='ocrx_word' id='word_1_483' title='bbox 679 4354 735 4401; x_wconf 90' lang='lat' dir='ltr'><strong>et</strong></span> <span class='ocrx_word' id='word_1_484' title='bbox 759 4359 880 4416; x_wconf 85' lang='lat' dir='ltr'><strong>quae</strong></span> <span class='ocrx_word' id='word_1_485' title='bbox 903 4360 1113 4401; x_wconf 89' lang='lat' dir='ltr'><strong>merces</strong></span> <span class='ocrx_word' id='word_1_486' title='bbox 1134 4344 1218 4399; x_wconf 90' lang='lat' dir='ltr'><strong>vel</strong></span> <span class='ocrx_word' id='word_1_487' title='bbox 1248 4344 1410 4400; x_wconf 87' lang='lat' dir='ltr'><strong>ﬁdem</strong></span> <span class='ocrx_word' id='word_1_488' title='bbox 1441 4353 1667 4412; x_wconf 90' lang='lat' dir='ltr'><strong>rectam,</strong></span> <span class='ocrx_word' id='word_1_489' title='bbox 1693 4345 1782 4400; x_wconf 91' lang='lat' dir='ltr'><strong>vel</strong></span> <span class='ocrx_word' id='word_1_490' title='bbox 1803 4346 1883 4400; x_wconf 88' lang='lat' dir='ltr'><strong>vi-</strong></span> 
     </span>
    </p>
   </div>
   <div class='ocr_carea' id='block_1_69' title="bbox 277 4436 1882 4508">
    <p class='ocr_par' dir='ltr' id='par_1_69' title="bbox 277 4436 1882 4508">
     <span class='ocr_line' id='line_1_69' title="bbox 277 4436 1882 4508; baseline -0.001 -14"><span class='ocrx_word' id='word_1_491' title='bbox 277 4450 398 4494; x_wconf 81' lang='lat' dir='ltr'><strong>tam</strong></span> <span class='ocrx_word' id='word_1_492' title='bbox 428 4447 649 4492; x_wconf 90' lang='lat' dir='ltr'><strong>maneat</strong></span> <span class='ocrx_word' id='word_1_493' title='bbox 676 4446 945 4502; x_wconf 89' lang='lat' dir='ltr'><strong>sanctam,</strong></span> <span class='ocrx_word' id='word_1_494' title='bbox 975 4437 1156 4492; x_wconf 87' lang='lat' dir='ltr'><strong>verbis</strong></span> <span class='ocrx_word' id='word_1_495' title='bbox 1179 4436 1265 4492; x_wconf 90' lang='lat' dir='ltr'><strong>vel</strong></span> <span class='ocrx_word' id='word_1_496' title='bbox 1291 4437 1513 4508; x_wconf 89' lang='lat' dir='ltr'><strong>opertis,</strong></span> <span class='ocrx_word' id='word_1_497' title='bbox 1546 4437 1631 4492; x_wconf 88' lang='lat' dir='ltr'><strong>vel</strong></span> <span class='ocrx_word' id='word_1_498' title='bbox 1675 4438 1882 4508; x_wconf 89' lang='lat' dir='ltr'><strong>apertis</strong></span> 
     </span>
    </p>
   </div>
   <div class='ocr_carea' id='block_1_70' title="bbox 275 4529 1880 4602">
    <p class='ocr_par' dir='ltr' id='par_1_70' title="bbox 275 4529 1880 4602">
     <span class='ocr_line' id='line_1_70' title="bbox 275 4529 1880 4602; baseline -0.004 -10"><span class='ocrx_word' id='word_1_499' title='bbox 275 4539 644 4592; x_wconf 87' lang='lat' dir='ltr'><strong>demonstrat.</strong></span> <span class='ocrx_word' id='word_1_500' title='bbox 678 4532 920 4588; x_wconf 76' lang='lat' dir='ltr'><strong>Historia</strong></span> <span class='ocrx_word' id='word_1_501' title='bbox 965 4547 1199 4601; x_wconf 89' lang='lat' dir='ltr'><strong>namque</strong></span> <span class='ocrx_word' id='word_1_502' title='bbox 1221 4529 1588 4602; x_wconf 89' lang='lat' dir='ltr'><strong>perfectorum</strong></span> <span class='ocrx_word' id='word_1_503' title='bbox 1636 4531 1880 4600; x_wconf 79' lang='lat' dir='ltr'><strong>exempla</strong></span> 
     </span>
    </p>
   </div>
   <div class='ocr_carea' id='block_1_71' title="bbox 272 4624 1884 4699">
    <p class='ocr_par' dir='ltr' id='par_1_71' title="bbox 272 4624 1884 4699">
     <span class='ocr_line' id='line_1_71' title="bbox 272 4624 1884 4699; baseline -0.002 -17"><span class='ocrx_word' id='word_1_504' title='bbox 272 4643 407 4699; x_wconf 76' lang='lat' dir='ltr'><strong>qua:</strong></span> <span class='ocrx_word' id='word_1_505' title='bbox 434 4636 642 4692; x_wconf 89' lang='lat' dir='ltr'><strong>narrat,</strong></span> <span class='ocrx_word' id='word_1_506' title='bbox 675 4627 942 4696; x_wconf 86' lang='lat' dir='ltr'><strong>legentem</strong></span> <span class='ocrx_word' id='word_1_507' title='bbox 973 4625 1041 4680; x_wconf 88' lang='lat' dir='ltr'><strong>ad</strong></span> <span class='ocrx_word' id='word_1_508' title='bbox 1065 4625 1428 4680; x_wconf 88' lang='lat' dir='ltr'><strong>imitationem</strong></span> <span class='ocrx_word' id='word_1_509' title='bbox 1451 4624 1760 4680; x_wconf 81' lang='lat' dir='ltr'><strong>sanctitatis</strong></span> <span class='ocrx_word' id='word_1_510' title='bbox 1790 4639 1884 4679; x_wconf 89' lang='lat' dir='ltr'><strong>ex-</strong></span> 
     </span>
    </p>
   </div>
   <div class='ocr_carea' id='block_1_72' title="bbox 277 4716 1883 4790">
    <p class='ocr_par' dir='ltr' id='par_1_72' title="bbox 277 4716 1883 4790">
     <span class='ocr_line' id='line_1_72' title="bbox 277 4716 1883 4790; baseline -0.002 -15"><span class='ocrx_word' id='word_1_511' title='bbox 277 4721 447 4784; x_wconf 88' lang='lat' dir='ltr'><strong>citat;</strong></span> <span class='ocrx_word' id='word_1_512' title='bbox 501 4717 756 4790; x_wconf 84' lang='lat' dir='ltr'><strong>allegoria</strong></span> <span class='ocrx_word' id='word_1_513' title='bbox 789 4718 842 4772; x_wconf 93' lang='lat' dir='ltr'><strong>in</strong></span> <span class='ocrx_word' id='word_1_514' title='bbox 893 4717 1016 4772; x_wconf 91' lang='lat' dir='ltr'><strong>ﬁdei</strong></span> <span class='ocrx_word' id='word_1_515' title='bbox 1057 4716 1389 4772; x_wconf 90' lang='lat' dir='ltr'><strong>revelatione</strong></span> <span class='ocrx_word' id='word_1_516' title='bbox 1420 4717 1490 4771; x_wconf 89' lang='lat' dir='ltr'><strong>ad</strong></span> <span class='ocrx_word' id='word_1_517' title='bbox 1515 4717 1883 4788; x_wconf 86' lang='lat' dir='ltr'><strong>cognitionem</strong></span> 
     </span>
    </p>
   </div>
   <div class='ocr_carea' id='block_1_73' title="bbox 278 4809 1886 4881">
    <p class='ocr_par' dir='ltr' id='par_1_73' title="bbox 278 4809 1886 4881">
     <span class='ocr_line' id='line_1_73' title="bbox 278 4809 1886 4881; baseline -0.002 -14"><span class='ocrx_word' id='word_1_518' title='bbox 278 4811 562 4876; x_wconf 81' lang='lat' dir='ltr'><strong>veritatis;</strong></span> <span class='ocrx_word' id='word_1_519' title='bbox 588 4809 878 4881; x_wconf 87' lang='lat' dir='ltr'><strong>tropologia</strong></span> <span class='ocrx_word' id='word_1_520' title='bbox 913 4810 968 4863; x_wconf 91' lang='lat' dir='ltr'><strong>in</strong></span> <span class='ocrx_word' id='word_1_521' title='bbox 1012 4809 1372 4864; x_wconf 88' lang='lat' dir='ltr'><strong>instructione</strong></span> <span class='ocrx_word' id='word_1_522' title='bbox 1399 4824 1610 4864; x_wconf 92' lang='lat' dir='ltr'><strong>morum</strong></span> <span class='ocrx_word' id='word_1_523' title='bbox 1635 4809 1703 4863; x_wconf 91' lang='lat' dir='ltr'><strong>ad</strong></span> <span class='ocrx_word' id='word_1_524' title='bbox 1735 4824 1886 4864; x_wconf 86' lang='lat' dir='ltr'><strong>amo-</strong></span> 
     </span>
    </p>
   </div>
   <div class='ocr_carea' id='block_1_74' title="bbox 280 4902 1886 4976">
    <p class='ocr_par' dir='ltr' id='par_1_74' title="bbox 280 4902 1886 4976">
     <span class='ocr_line' id='line_1_74' title="bbox 280 4902 1886 4976; baseline -0.003 -15"><span class='ocrx_word' id='word_1_525' title='bbox 280 4921 406 4961; x_wconf 91' lang='lat' dir='ltr'><strong>rem</strong></span> <span class='ocrx_word' id='word_1_526' title='bbox 434 4905 680 4971; x_wconf 89' lang='lat' dir='ltr'><strong>virtutis;</strong></span> <span class='ocrx_word' id='word_1_527' title='bbox 723 4904 983 4976; x_wconf 84' lang='lat' dir='ltr'><strong>anagogia</strong></span> <span class='ocrx_word' id='word_1_528' title='bbox 1033 4903 1087 4958; x_wconf 92' lang='lat' dir='ltr'><strong>in</strong></span> <span class='ocrx_word' id='word_1_529' title='bbox 1127 4902 1570 4958; x_wconf 86' lang='lat' dir='ltr'><strong>manifestatione</strong></span> <span class='ocrx_word' id='word_1_530' title='bbox 1599 4904 1886 4974; x_wconf 84' lang='lat' dir='ltr'><strong>sempiter-</strong></span> 
     </span>
    </p>
   </div>
   <div class='ocr_carea' id='block_1_75' title="bbox 279 4995 1881 5067">
    <p class='ocr_par' dir='ltr' id='par_1_75' title="bbox 279 4995 1881 5067">
     <span class='ocr_line' id='line_1_75' title="bbox 279 4995 1881 5067; baseline -0.001 -15"><span class='ocrx_word' id='word_1_531' title='bbox 279 5011 484 5052; x_wconf 90' lang='lat' dir='ltr'><strong>norum</strong></span> <span class='ocrx_word' id='word_1_532' title='bbox 515 4996 834 5067; x_wconf 85' lang='lat' dir='ltr'><strong>gaudiorum</strong></span> <span class='ocrx_word' id='word_1_533' title='bbox 871 4996 939 5051; x_wconf 90' lang='lat' dir='ltr'><strong>ad</strong></span> <span class='ocrx_word' id='word_1_534' title='bbox 966 4995 1292 5051; x_wconf 88' lang='lat' dir='ltr'><strong>desiderium</strong></span> <span class='ocrx_word' id='word_1_535' title='bbox 1329 5005 1548 5050; x_wconf 64' lang='lat' dir='ltr'><strong>aeternae</strong></span> <span class='ocrx_word' id='word_1_536' title='bbox 1577 4995 1881 5053; x_wconf 78' lang='lat' dir='ltr'><strong>felicitatis.</strong></span> 
     </span>
    </p>
   </div>
   <div class='ocr_carea' id='block_1_76' title="bbox 275 5087 1883 5161">
    <p class='ocr_par' dir='ltr' id='par_1_76' title="bbox 275 5087 1883 5161">
     <span class='ocr_line' id='line_1_76' title="bbox 275 5087 1883 5161; baseline -0.001 -15"><span class='ocrx_word' id='word_1_537' title='bbox 275 5091 345 5146; x_wconf 87' lang='lat' dir='ltr'><strong>In</strong></span> <span class='ocrx_word' id='word_1_538' title='bbox 397 5097 598 5144; x_wconf 74' lang='lat' dir='ltr'><strong>nostrae</strong></span> <span class='ocrx_word' id='word_1_539' title='bbox 623 5103 756 5161; x_wconf 87' lang='lat' dir='ltr'><strong>ergo</strong></span> <span class='ocrx_word' id='word_1_540' title='bbox 782 5089 978 5143; x_wconf 73' lang='lat' dir='ltr'><strong>anima:</strong></span> <span class='ocrx_word' id='word_1_541' title='bbox 1009 5087 1170 5143; x_wconf 87' lang='lat' dir='ltr'><strong>domo</strong></span> <span class='ocrx_word' id='word_1_542' title='bbox 1204 5089 1428 5142; x_wconf 78' lang='lat' dir='ltr'><strong>historia</strong></span> <span class='ocrx_word' id='word_1_543' title='bbox 1471 5087 1883 5145; x_wconf 83' lang='lat' dir='ltr'><strong>fundamentum</strong></span> 
     </span>
    </p>
   </div>
   <div class='ocr_carea' id='block_1_77' title="bbox 276 5179 1887 5254">
    <p class='ocr_par' dir='ltr' id='par_1_77' title="bbox 276 5179 1887 5254">
     <span class='ocr_line' id='line_1_77' title="bbox 276 5179 1887 5254; baseline 0.002 -20"><span class='ocrx_word' id='word_1_544' title='bbox 276 5181 463 5254; x_wconf 85' lang='lat' dir='ltr'><strong>ponit,</strong></span> <span class='ocrx_word' id='word_1_545' title='bbox 497 5179 750 5252; x_wconf 77' lang='lat' dir='ltr'><strong>allegoria</strong></span> <span class='ocrx_word' id='word_1_546' title='bbox 771 5181 1007 5253; x_wconf 85' lang='lat' dir='ltr'><strong>parietes</strong></span> <span class='ocrx_word' id='word_1_547' title='bbox 1027 5181 1210 5251; x_wconf 88' lang='lat' dir='ltr'><strong>erigit,</strong></span> <span class='ocrx_word' id='word_1_548' title='bbox 1235 5182 1498 5253; x_wconf 87' lang='lat' dir='ltr'><strong>anagogia</strong></span> <span class='ocrx_word' id='word_1_549' title='bbox 1528 5190 1728 5238; x_wconf 87' lang='lat' dir='ltr'><strong>teetum</strong></span> <span class='ocrx_word' id='word_1_550' title='bbox 1757 5199 1887 5254; x_wconf 89' lang='lat' dir='ltr'><strong>sup-</strong></span> 
     </span>
    </p>
   </div>
   <div class='ocr_carea' id='block_1_78' title="bbox 278 5275 1885 5350">
    <p class='ocr_par' dir='ltr' id='par_1_78' title="bbox 278 5275 1885 5350">
     <span class='ocr_line' id='line_1_78' title="bbox 278 5275 1885 5350; baseline 0.001 -20"><span class='ocrx_word' id='word_1_551' title='bbox 278 5276 466 5350; x_wconf 86' lang='lat' dir='ltr'><strong>ponit,</strong></span> <span class='ocrx_word' id='word_1_552' title='bbox 519 5275 812 5347; x_wconf 74' lang='lat' dir='ltr'><strong>trapologia</strong></span> <span class='ocrx_word' id='word_1_553' title='bbox 862 5291 992 5330; x_wconf 91' lang='lat' dir='ltr'><strong>vero</strong></span> <span class='ocrx_word' id='word_1_554' title='bbox 1044 5283 1153 5329; x_wconf 88' lang='lat' dir='ltr'><strong>tam</strong></span> <span class='ocrx_word' id='word_1_555' title='bbox 1203 5275 1434 5330; x_wconf 91' lang='lat' dir='ltr'><strong>interius</strong></span> <span class='ocrx_word' id='word_1_556' title='bbox 1484 5291 1584 5347; x_wconf 90' lang='lat' dir='ltr'><strong>per</strong></span> <span class='ocrx_word' id='word_1_557' title='bbox 1633 5275 1885 5332; x_wconf 81' lang='lat' dir='ltr'><strong>affectum</strong></span> 
     </span>
    </p>
   </div>
   <div class='ocr_carea' id='block_1_79' title="bbox 281 5366 1882 5440">
    <p class='ocr_par' dir='ltr' id='par_1_79' title="bbox 281 5366 1882 5440">
     <span class='ocr_line' id='line_1_79' title="bbox 281 5366 1882 5440; baseline 0 -18"><span class='ocrx_word' id='word_1_558' title='bbox 281 5383 456 5440; x_wconf 87' lang='lat' dir='ltr'><strong>quam</strong></span> <span class='ocrx_word' id='word_1_559' title='bbox 485 5367 727 5423; x_wconf 89' lang='lat' dir='ltr'><strong>exterius</strong></span> <span class='ocrx_word' id='word_1_560' title='bbox 755 5383 852 5438; x_wconf 89' lang='lat' dir='ltr'><strong>per</strong></span> <span class='ocrx_word' id='word_1_561' title='bbox 896 5366 1148 5424; x_wconf 79' lang='lat' dir='ltr'><strong>eﬂ‘ectuin</strong></span> <span class='ocrx_word' id='word_1_562' title='bbox 1177 5368 1306 5424; x_wconf 88' lang='lat' dir='ltr'><strong>boni</strong></span> <span class='ocrx_word' id='word_1_563' title='bbox 1341 5369 1543 5439; x_wconf 91' lang='lat' dir='ltr'><strong>operis,</strong></span> <span class='ocrx_word' id='word_1_564' title='bbox 1584 5369 1750 5424; x_wconf 88' lang='lat' dir='ltr'><strong>variis</strong></span> <span class='ocrx_word' id='word_1_565' title='bbox 1789 5385 1882 5424; x_wconf 89' lang='lat' dir='ltr'><strong>or-</strong></span> 
     </span>
    </p>
   </div>
   <div class='ocr_carea' id='block_1_80' title="bbox 279 5451 1882 5533">
    <p class='ocr_par' dir='ltr' id='par_1_80' title="bbox 279 5451 1882 5533">
     <span class='ocr_line' id='line_1_80' title="bbox 279 5451 1882 5533; baseline -0.001 -15"><span class='ocrx_word' id='word_1_566' title='bbox 279 5461 514 5518; x_wconf 87' lang='lat' dir='ltr'><strong>natibus</strong></span> <span class='ocrx_word' id='word_1_567' title='bbox 540 5461 800 5532; x_wconf 88' lang='lat' dir='ltr'><strong>depingit.</strong></span> <span class='ocrx_word' id='word_1_568' title='bbox 835 5456 972 5516; x_wconf 85' lang='lat' dir='ltr'><strong>Dum</strong></span> <span class='ocrx_word' id='word_1_569' title='bbox 1001 5461 1144 5516; x_wconf 91' lang='lat' dir='ltr'><strong>enim</strong></span> <span class='ocrx_word' id='word_1_570' title='bbox 1175 5462 1312 5527; x_wconf 73' lang='lat' dir='ltr'><strong>haec,</strong></span> <span class='ocrx_word' id='word_1_571' title='bbox 1350 5461 1418 5518; x_wconf 92' lang='lat' dir='ltr'><strong>de</strong></span> <span class='ocrx_word' id='word_1_572' title='bbox 1435 5478 1543 5533; x_wconf 88' lang='lat' dir='ltr'><strong>qua</strong></span> <span class='ocrx_word' id='word_1_573' title='bbox 1587 5451 1882 5532; x_wconf 81' lang='lat' dir='ltr'><strong>loquimur,</strong></span> 
     </span>
    </p>
   </div>
   <div class='ocr_carea' id='block_1_81' title="bbox 1982 4255 3574 4328">
    <p class='ocr_par' dir='ltr' id='par_1_81' title="bbox 1982 4255 3574 4328">
     <span class='ocr_line' id='line_1_81' title="bbox 1982 4255 3574 4328; baseline 0.006 -20"><span class='ocrx_word' id='word_1_574' title='bbox 1982 4255 2217 4321; x_wconf 91' lang='lat' dir='ltr'><strong>transit,</strong></span> <span class='ocrx_word' id='word_1_575' title='bbox 2251 4262 2336 4310; x_wconf 91' lang='lat' dir='ltr'><strong>est</strong></span> <span class='ocrx_word' id='word_1_576' title='bbox 2359 4263 2416 4310; x_wconf 93' lang='lat' dir='ltr'><strong>et</strong></span> <span class='ocrx_word' id='word_1_577' title='bbox 2439 4255 2680 4311; x_wconf 88' lang='lat' dir='ltr'><strong>camelus</strong></span> <span class='ocrx_word' id='word_1_578' title='bbox 2710 4259 2777 4312; x_wconf 91' lang='lat' dir='ltr'><strong>de</strong></span> <span class='ocrx_word' id='word_1_579' title='bbox 2801 4272 2910 4328; x_wconf 92' lang='lat' dir='ltr'><strong>quo</strong></span> <span class='ocrx_word' id='word_1_580' title='bbox 2953 4257 3220 4327; x_wconf 84' lang='lat' dir='ltr'><strong>Rebecca,</strong></span> <span class='ocrx_word' id='word_1_581' title='bbox 3252 4261 3372 4317; x_wconf 92' lang='lat' dir='ltr'><strong>viso</strong></span> <span class='ocrx_word' id='word_1_582' title='bbox 3402 4261 3574 4327; x_wconf 85' lang='lat' dir='ltr'><strong>Isaac,</strong></span> 
     </span>
    </p>
   </div>
   <div class='ocr_carea' id='block_1_82' title="bbox 1985 4345 3572 4422">
    <p class='ocr_par' dir='ltr' id='par_1_82' title="bbox 1985 4345 3572 4422">
     <span class='ocr_line' id='line_1_82' title="bbox 1985 4345 3572 4422; baseline 0.005 -21"><span class='ocrx_word' id='word_1_583' title='bbox 1985 4345 2305 4402; x_wconf 85' lang='lat' dir='ltr'><strong>descendit:</strong></span> <span class='ocrx_word' id='word_1_584' title='bbox 2332 4355 2418 4402; x_wconf 89' lang='lat' dir='ltr'><strong>est</strong></span> <span class='ocrx_word' id='word_1_585' title='bbox 2451 4363 2667 4420; x_wconf 91' lang='lat' dir='ltr'><strong>quoque</strong></span> <span class='ocrx_word' id='word_1_586' title='bbox 2693 4349 2780 4404; x_wconf 93' lang='lat' dir='ltr'><strong>leo</strong></span> <span class='ocrx_word' id='word_1_587' title='bbox 2821 4350 2913 4422; x_wconf 93' lang='lat' dir='ltr'><strong>qui</strong></span> <span class='ocrx_word' id='word_1_588' title='bbox 2952 4351 3084 4406; x_wconf 92' lang='lat' dir='ltr'><strong>vicit</strong></span> <span class='ocrx_word' id='word_1_589' title='bbox 3117 4353 3184 4408; x_wconf 91' lang='lat' dir='ltr'><strong>de</strong></span> <span class='ocrx_word' id='word_1_590' title='bbox 3221 4353 3364 4408; x_wconf 91' lang='lat' dir='ltr'><strong>tribu</strong></span> <span class='ocrx_word' id='word_1_591' title='bbox 3394 4352 3572 4418; x_wconf 85' lang='lat' dir='ltr'><strong>Juda;</strong></span> 
     </span>
    </p>
   </div>
   <div class='ocr_carea' id='block_1_83' title="bbox 1985 4438 3578 4515">
    <p class='ocr_par' dir='ltr' id='par_1_83' title="bbox 1985 4438 3578 4515">
     <span class='ocr_line' id='line_1_83' title="bbox 1985 4438 3578 4515; baseline 0.006 -21"><span class='ocrx_word' id='word_1_592' title='bbox 1985 4448 2069 4494; x_wconf 88' lang='lat' dir='ltr'><strong>est</strong></span> <span class='ocrx_word' id='word_1_593' title='bbox 2116 4438 2201 4494; x_wconf 90' lang='lat' dir='ltr'><strong>leo</strong></span> <span class='ocrx_word' id='word_1_594' title='bbox 2230 4439 2322 4510; x_wconf 88' lang='lat' dir='ltr'><strong>qui</strong></span> <span class='ocrx_word' id='word_1_595' title='bbox 2357 4440 2576 4509; x_wconf 91' lang='lat' dir='ltr'><strong>circuit,</strong></span> <span class='ocrx_word' id='word_1_596' title='bbox 2631 4458 2884 4513; x_wconf 66' lang='lat' dir='ltr'><strong>quaerens</strong></span> <span class='ocrx_word' id='word_1_597' title='bbox 2927 4459 3089 4515; x_wconf 91' lang='lat' dir='ltr'><strong>quem</strong></span> <span class='ocrx_word' id='word_1_598' title='bbox 3151 4447 3392 4502; x_wconf 88' lang='lat' dir='ltr'><strong>devoret.</strong></span> <span class='ocrx_word' id='word_1_599' title='bbox 3444 4446 3578 4515; x_wconf 87' lang='lat' dir='ltr'><strong>Quis</strong></span> 
     </span>
    </p>
   </div>
   <div class='ocr_carea' id='block_1_84' title="bbox 1984 4533 3576 4612">
    <p class='ocr_par' dir='ltr' id='par_1_84' title="bbox 1984 4533 3576 4612">
     <span class='ocr_line' id='line_1_84' title="bbox 1984 4533 3576 4612; baseline 0.007 -25"><span class='ocrx_word' id='word_1_600' title='bbox 1984 4533 2130 4588; x_wconf 89' lang='lat' dir='ltr'><strong>enim</strong></span> <span class='ocrx_word' id='word_1_601' title='bbox 2176 4533 2415 4600; x_wconf 85' lang='lat' dir='ltr'><strong>nesciat,</strong></span> <span class='ocrx_word' id='word_1_602' title='bbox 2479 4543 2744 4605; x_wconf 89' lang='lat' dir='ltr'><strong>quantum</strong></span> <span class='ocrx_word' id='word_1_603' title='bbox 2796 4537 2990 4593; x_wconf 91' lang='lat' dir='ltr'><strong>borum</strong></span> <span class='ocrx_word' id='word_1_604' title='bbox 3051 4538 3218 4594; x_wconf 88' lang='lat' dir='ltr'><strong>trium</strong></span> <span class='ocrx_word' id='word_1_605' title='bbox 3273 4541 3576 4612; x_wconf 84' lang='lat' dir='ltr'><strong>signiﬁcata</strong></span> 
     </span>
    </p>
   </div>
   <div class='ocr_carea' id='block_1_85' title="bbox 1985 4625 3579 4706">
    <p class='ocr_par' dir='ltr' id='par_1_85' title="bbox 1985 4625 3579 4706">
     <span class='ocr_line' id='line_1_85' title="bbox 1985 4625 3579 4706; baseline 0.006 -27"><span class='ocrx_word' id='word_1_606' title='bbox 1985 4625 2054 4680; x_wconf 90' lang='lat' dir='ltr'><strong>ad</strong></span> <span class='ocrx_word' id='word_1_607' title='bbox 2085 4626 2315 4681; x_wconf 89' lang='lat' dir='ltr'><strong>invicem</strong></span> <span class='ocrx_word' id='word_1_608' title='bbox 2345 4626 2566 4694; x_wconf 89' lang='lat' dir='ltr'><strong>distent,</strong></span> <span class='ocrx_word' id='word_1_609' title='bbox 2600 4643 2724 4683; x_wconf 92' lang='lat' dir='ltr'><strong>cum</strong></span> <span class='ocrx_word' id='word_1_610' title='bbox 2752 4638 2936 4685; x_wconf 90' lang='lat' dir='ltr'><strong>tamen</strong></span> <span class='ocrx_word' id='word_1_611' title='bbox 2961 4632 3385 4702; x_wconf 89' lang='lat' dir='ltr'><strong>unumquodque</strong></span> <span class='ocrx_word' id='word_1_612' title='bbox 3410 4634 3579 4706; x_wconf 83' lang='lat' dir='ltr'><strong>signi-</strong></span> 
     </span>
    </p>
   </div>
   <div class='ocr_carea' id='block_1_86' title="bbox 1986 4719 3576 4796">
    <p class='ocr_par' dir='ltr' id='par_1_86' title="bbox 1986 4719 3576 4796">
     <span class='ocr_line' id='line_1_86' title="bbox 1986 4719 3576 4796; baseline 0.008 -23"><span class='ocrx_word' id='word_1_613' title='bbox 1986 4719 2265 4775; x_wconf 90' lang='lat' dir='ltr'><strong>ﬁcantiurn</strong></span> <span class='ocrx_word' id='word_1_614' title='bbox 2296 4736 2464 4776; x_wconf 93' lang='lat' dir='ltr'><strong>unum</strong></span> <span class='ocrx_word' id='word_1_615' title='bbox 2495 4731 2659 4793; x_wconf 91' lang='lat' dir='ltr'><strong>atque</strong></span> <span class='ocrx_word' id='word_1_616' title='bbox 2690 4723 2834 4779; x_wconf 90' lang='lat' dir='ltr'><strong>idem</strong></span> <span class='ocrx_word' id='word_1_617' title='bbox 2864 4724 2954 4779; x_wconf 87' lang='lat' dir='ltr'><strong>sit.</strong></span> <span class='ocrx_word' id='word_1_618' title='bbox 2986 4724 3229 4796; x_wconf 90' lang='lat' dir='ltr'><strong>Cumque</strong></span> <span class='ocrx_word' id='word_1_619' title='bbox 3261 4728 3337 4782; x_wconf 90' lang='lat' dir='ltr'><strong>ita</strong></span> <span class='ocrx_word' id='word_1_620' title='bbox 3360 4745 3576 4787; x_wconf 88' lang='lat' dir='ltr'><strong>sacram</strong></span> 
     </span>
    </p>
   </div>
   <div class='ocr_carea' id='block_1_87' title="bbox 1987 4809 3578 4892">
    <p class='ocr_par' dir='ltr' id='par_1_87' title="bbox 1987 4809 3578 4892">
     <span class='ocr_line' id='line_1_87' title="bbox 1987 4809 3578 4892; baseline 0.007 -26"><span class='ocrx_word' id='word_1_621' title='bbox 1987 4809 2324 4882; x_wconf 88' lang='lat' dir='ltr'><strong>Scripturam</strong></span> <span class='ocrx_word' id='word_1_622' title='bbox 2353 4813 2419 4867; x_wconf 94' lang='lat' dir='ltr'><strong>de</strong></span> <span class='ocrx_word' id='word_1_623' title='bbox 2443 4814 2610 4868; x_wconf 91' lang='lat' dir='ltr'><strong>rebus</strong></span> <span class='ocrx_word' id='word_1_624' title='bbox 2631 4813 2942 4884; x_wconf 88' lang='lat' dir='ltr'><strong>loquentem</strong></span> <span class='ocrx_word' id='word_1_625' title='bbox 2975 4815 3248 4884; x_wconf 88' lang='lat' dir='ltr'><strong>audimus,</strong></span> <span class='ocrx_word' id='word_1_626' title='bbox 3275 4821 3578 4892; x_wconf 87' lang='lat' dir='ltr'><strong>proprieta-</strong></span> 
     </span>
    </p>
   </div>
   <div class='ocr_carea' id='block_1_88' title="bbox 1987 4903 3577 4973">
    <p class='ocr_par' dir='ltr' id='par_1_88' title="bbox 1987 4903 3577 4973">
     <span class='ocr_line' id='line_1_88' title="bbox 1987 4903 3577 4973; baseline 0.006 -16"><span class='ocrx_word' id='word_1_627' title='bbox 1987 4911 2070 4961; x_wconf 90' lang='lat' dir='ltr'><strong>tes</strong></span> <span class='ocrx_word' id='word_1_628' title='bbox 2125 4903 2449 4973; x_wconf 89' lang='lat' dir='ltr'><strong>qualitatum</strong></span> <span class='ocrx_word' id='word_1_629' title='bbox 2505 4903 2703 4959; x_wconf 91' lang='lat' dir='ltr'><strong>iisdem</strong></span> <span class='ocrx_word' id='word_1_630' title='bbox 2765 4904 2930 4961; x_wconf 89' lang='lat' dir='ltr'><strong>rebus</strong></span> <span class='ocrx_word' id='word_1_631' title='bbox 2979 4907 3304 4963; x_wconf 87' lang='lat' dir='ltr'><strong>naturaliter</strong></span> <span class='ocrx_word' id='word_1_632' title='bbox 3357 4911 3577 4967; x_wconf 84' lang='lat' dir='ltr'><strong>visitare</strong></span> 
     </span>
    </p>
   </div>
   <div class='ocr_carea' id='block_1_89' title="bbox 1989 4995 3579 5070">
    <p class='ocr_par' dir='ltr' id='par_1_89' title="bbox 1989 4995 3579 5070">
     <span class='ocr_line' id='line_1_89' title="bbox 1989 4995 3579 5070; baseline 0.006 -19"><span class='ocrx_word' id='word_1_633' title='bbox 1989 4995 2227 5070; x_wconf 72' lang='lat' dir='ltr'><strong>[insitas]</strong></span> <span class='ocrx_word' id='word_1_634' title='bbox 2277 4996 2518 5052; x_wconf 89' lang='lat' dir='ltr'><strong>studiose</strong></span> <span class='ocrx_word' id='word_1_635' title='bbox 2562 4996 2952 5068; x_wconf 88' lang='lat' dir='ltr'><strong>inspiciamus,</strong></span> <span class='ocrx_word' id='word_1_636' title='bbox 3014 5009 3072 5056; x_wconf 89' lang='lat' dir='ltr'><strong>et</strong></span> <span class='ocrx_word' id='word_1_637' title='bbox 3114 5010 3244 5058; x_wconf 91' lang='lat' dir='ltr'><strong>tunc</strong></span> <span class='ocrx_word' id='word_1_638' title='bbox 3297 5004 3579 5060; x_wconf 89' lang='lat' dir='ltr'><strong>evidenter</strong></span> 
     </span>
    </p>
   </div>
   <div class='ocr_carea' id='block_1_90' title="bbox 1988 5090 3574 5161">
    <p class='ocr_par' dir='ltr' id='par_1_90' title="bbox 1988 5090 3574 5161">
     <span class='ocr_line' id='line_1_90' title="bbox 1988 5090 3574 5161; baseline 0.006 -17"><span class='ocrx_word' id='word_1_639' title='bbox 1988 5090 2131 5146; x_wconf 90' lang='lat' dir='ltr'><strong>scire</strong></span> <span class='ocrx_word' id='word_1_640' title='bbox 2157 5090 2477 5161; x_wconf 89' lang='lat' dir='ltr'><strong>poterimus,</strong></span> <span class='ocrx_word' id='word_1_641' title='bbox 2513 5105 2619 5160; x_wconf 89' lang='lat' dir='ltr'><strong>qua</strong></span> <span class='ocrx_word' id='word_1_642' title='bbox 2668 5091 2783 5146; x_wconf 87' lang='lat' dir='ltr'><strong>sive</strong></span> <span class='ocrx_word' id='word_1_643' title='bbox 2823 5091 2879 5146; x_wconf 90' lang='lat' dir='ltr'><strong>in</strong></span> <span class='ocrx_word' id='word_1_644' title='bbox 2909 5093 3050 5148; x_wconf 86' lang='lat' dir='ltr'><strong>bona</strong></span> <span class='ocrx_word' id='word_1_645' title='bbox 3075 5094 3326 5152; x_wconf 85' lang='lat' dir='ltr'><strong>videlicet</strong></span> <span class='ocrx_word' id='word_1_646' title='bbox 3368 5098 3484 5154; x_wconf 89' lang='lat' dir='ltr'><strong>sive</strong></span> <span class='ocrx_word' id='word_1_647' title='bbox 3517 5099 3574 5154; x_wconf 91' lang='lat' dir='ltr'><strong>in</strong></span> 
     </span>
    </p>
   </div>
   <div class='ocr_carea' id='block_1_91' title="bbox 1990 5180 3572 5261">
    <p class='ocr_par' dir='ltr' id='par_1_91' title="bbox 1990 5180 3572 5261">
     <span class='ocr_line' id='line_1_91' title="bbox 1990 5180 3572 5261; baseline 0.006 -25"><span class='ocrx_word' id='word_1_648' title='bbox 1990 5182 2130 5236; x_wconf 91' lang='lat' dir='ltr'><strong>mala</strong></span> <span class='ocrx_word' id='word_1_649' title='bbox 2187 5180 2597 5254; x_wconf 87' lang='lat' dir='ltr'><strong>signiﬁcatione,</strong></span> <span class='ocrx_word' id='word_1_650' title='bbox 2647 5182 2805 5252; x_wconf 61' lang='lat' dir='ltr'><strong>juxta</strong></span> <span class='ocrx_word' id='word_1_651' title='bbox 2859 5183 3001 5256; x_wconf 92' lang='lat' dir='ltr'><strong>quod</strong></span> <span class='ocrx_word' id='word_1_652' title='bbox 3052 5188 3384 5245; x_wconf 88' lang='lat' dir='ltr'><strong>narrationis</strong></span> <span class='ocrx_word' id='word_1_653' title='bbox 3408 5207 3572 5261; x_wconf 90' lang='lat' dir='ltr'><strong>quam</strong></span> 
     </span>
    </p>
   </div>
   <div class='ocr_carea' id='block_1_92' title="bbox 1989 5273 3575 5350">
    <p class='ocr_par' dir='ltr' id='par_1_92' title="bbox 1989 5273 3575 5350">
     <span class='ocr_line' id='line_1_92' title="bbox 1989 5273 3575 5350; baseline 0.008 -22"><span class='ocrx_word' id='word_1_654' title='bbox 1989 5273 2228 5328; x_wconf 81' lang='lat' dir='ltr'><strong>contexit</strong></span> <span class='ocrx_word' id='word_1_655' title='bbox 2256 5273 2429 5330; x_wconf 84' lang='lat' dir='ltr'><strong>series</strong></span> <span class='ocrx_word' id='word_1_656' title='bbox 2453 5275 2642 5346; x_wconf 82' lang='lat' dir='ltr'><strong>exigit,</strong></span> <span class='ocrx_word' id='word_1_657' title='bbox 2668 5291 2762 5331; x_wconf 89' lang='lat' dir='ltr'><strong>eas</strong></span> <span class='ocrx_word' id='word_1_658' title='bbox 2787 5277 3006 5350; x_wconf 84' lang='lat' dir='ltr'><strong>exigere</strong></span> <span class='ocrx_word' id='word_1_659' title='bbox 3031 5278 3344 5338; x_wconf 89' lang='lat' dir='ltr'><strong>debeamus.</strong></span> <span class='ocrx_word' id='word_1_660' title='bbox 3389 5281 3575 5340; x_wconf 82' lang='lat' dir='ltr'><strong>Tertio</strong></span> 
     </span>
    </p>
   </div>
   <div class='ocr_carea' id='block_1_93' title="bbox 1988 5367 3576 5446">
    <p class='ocr_par' dir='ltr' id='par_1_93' title="bbox 1988 5367 3576 5446">
     <span class='ocr_line' id='line_1_93' title="bbox 1988 5367 3576 5446; baseline 0.008 -25"><span class='ocrx_word' id='word_1_661' title='bbox 1988 5374 2200 5436; x_wconf 89' lang='lat' dir='ltr'><strong>oportet</strong></span> <span class='ocrx_word' id='word_1_662' title='bbox 2242 5375 2302 5422; x_wconf 92' lang='lat' dir='ltr'><strong>ut</strong></span> <span class='ocrx_word' id='word_1_663' title='bbox 2326 5367 2523 5437; x_wconf 84' lang='lat' dir='ltr'><strong>quibus</strong></span> <span class='ocrx_word' id='word_1_664' title='bbox 2565 5378 2764 5440; x_wconf 90' lang='lat' dir='ltr'><strong>quotve</strong></span> <span class='ocrx_word' id='word_1_665' title='bbox 2803 5372 2977 5428; x_wconf 90' lang='lat' dir='ltr'><strong>modis</strong></span> <span class='ocrx_word' id='word_1_666' title='bbox 3022 5376 3241 5430; x_wconf 89' lang='lat' dir='ltr'><strong>nomina</strong></span> <span class='ocrx_word' id='word_1_667' title='bbox 3265 5375 3333 5431; x_wconf 92' lang='lat' dir='ltr'><strong>de</strong></span> <span class='ocrx_word' id='word_1_668' title='bbox 3374 5375 3576 5446; x_wconf 83' lang='lat' dir='ltr'><strong>quibus</strong></span> 
     </span>
    </p>
   </div>
   <div class='ocr_carea' id='block_1_94' title="bbox 1992 5459 3574 5534">
    <p class='ocr_par' dir='ltr' id='par_1_94' title="bbox 1992 5459 3574 5534">
     <span class='ocr_line' id='line_1_94' title="bbox 1992 5459 3574 5534; baseline 0.006 -22"><span class='ocrx_word' id='word_1_669' title='bbox 1992 5467 2210 5525; x_wconf 91' lang='lat' dir='ltr'><strong>tractat,</strong></span> <span class='ocrx_word' id='word_1_670' title='bbox 2265 5467 2372 5513; x_wconf 89' lang='lat' dir='ltr'><strong>tam</strong></span> <span class='ocrx_word' id='word_1_671' title='bbox 2423 5459 2704 5517; x_wconf 89' lang='lat' dir='ltr'><strong>hominum</strong></span> <span class='ocrx_word' id='word_1_672' title='bbox 2755 5478 2917 5534; x_wconf 86' lang='lat' dir='ltr'><strong>quam</strong></span> <span class='ocrx_word' id='word_1_673' title='bbox 2962 5465 3246 5534; x_wconf 90' lang='lat' dir='ltr'><strong>locorum,</strong></span> <span class='ocrx_word' id='word_1_674' title='bbox 3307 5465 3574 5522; x_wconf 81' lang='lat' dir='ltr'><strong>Hebraica</strong></span> 
     </span>
    </p>
   </div>
   <div class='ocr_carea' id='block_1_95' title="bbox 285 5526 3575 5630">
    <p class='ocr_par' dir='ltr' id='par_1_95' title="bbox 285 5526 3575 5630">
     <span class='ocr_line' id='line_1_95' title="bbox 285 5526 3575 5630; baseline 0.002 -20"><span class='ocrx_word' id='word_1_675' title='bbox 285 5568 452 5610; x_wconf 84' lang='lat' dir='ltr'><strong>sacra</strong></span> <span class='ocrx_word' id='word_1_676' title='bbox 499 5526 783 5624; x_wconf 54' lang='lat' dir='ltr'><strong>Scriptura</strong></span> <span class='ocrx_word' id='word_1_677' title='bbox 831 5555 997 5610; x_wconf 89' lang='lat' dir='ltr'><strong>verba</strong></span> <span class='ocrx_word' id='word_1_678' title='bbox 1044 5555 1278 5608; x_wconf 74' lang='lat' dir='ltr'><strong>historia:</strong></span> <span class='ocrx_word' id='word_1_679' title='bbox 1307 5526 1624 5625; x_wconf 80' lang='lat' dir='ltr'><strong>simpliciter</strong></span> <span class='ocrx_word' id='word_1_680' title='bbox 1657 5526 1879 5622; x_wconf 72' lang='lat' dir='ltr'><strong>narrat,</strong></span> <span class='ocrx_word' id='word_1_681' title='bbox 1913 5526 1962 5586; x_wconf 81' lang='lat' dir='ltr'><strong>D</strong></span> <span class='ocrx_word' id='word_1_682' title='bbox 1988 5553 2103 5608; x_wconf 88' lang='lat' dir='ltr'><strong>sive</strong></span> <span class='ocrx_word' id='word_1_683' title='bbox 2125 5550 2314 5607; x_wconf 84' lang='lat' dir='ltr'><strong>Graeca</strong></span> <span class='ocrx_word' id='word_1_684' title='bbox 2340 5551 2690 5624; x_wconf 89' lang='lat' dir='ltr'><strong>interpretari</strong></span> <span class='ocrx_word' id='word_1_685' title='bbox 2714 5526 2964 5624; x_wconf 74' lang='lat' dir='ltr'><strong>debeant,</strong></span> <span class='ocrx_word' id='word_1_686' title='bbox 3005 5526 3404 5630; x_wconf 80' lang='lat' dir='ltr'><strong>perquiramus,</strong></span> <span class='ocrx_word' id='word_1_687' title='bbox 3428 5558 3575 5627; x_wconf 89' lang='lat' dir='ltr'><strong>quod</strong></span> 
     </span>
    </p>
   </div>
   <div class='ocr_carea' id='block_1_96' title="bbox 285 5643 1883 5717">
    <p class='ocr_par' dir='ltr' id='par_1_96' title="bbox 285 5643 1883 5717">
     <span class='ocr_line' id='line_1_96' title="bbox 285 5643 1883 5717; baseline 0.001 -17"><span class='ocrx_word' id='word_1_688' title='bbox 285 5645 453 5717; x_wconf 84' lang='lat' dir='ltr'><strong>quasi</strong></span> <span class='ocrx_word' id='word_1_689' title='bbox 501 5645 807 5701; x_wconf 88' lang='lat' dir='ltr'><strong>inchoando</strong></span> <span class='ocrx_word' id='word_1_690' title='bbox 854 5643 1265 5700; x_wconf 78' lang='lat' dir='ltr'><strong>fundamentum</strong></span> <span class='ocrx_word' id='word_1_691' title='bbox 1318 5644 1529 5701; x_wconf 67' lang='lat' dir='ltr'><strong>aediﬁcii</strong></span> <span class='ocrx_word' id='word_1_692' title='bbox 1575 5645 1780 5714; x_wconf 84' lang='lat' dir='ltr'><strong>jactat,</strong></span> <span class='ocrx_word' id='word_1_693' title='bbox 1827 5655 1883 5702; x_wconf 88' lang='lat' dir='ltr'><strong>et</strong></span> 
     </span>
    </p>
   </div>
   <div class='ocr_carea' id='block_1_97' title="bbox 286 5775 1881 5908">
    <p class='ocr_par' dir='ltr' id='par_1_97' title="bbox 286 5775 1881 5908">
     <span class='ocr_line' id='line_1_97' title="bbox 286 5775 1881 5908; baseline 0.001 -78"><span class='ocrx_word' id='word_1_694' title='bbox 286 5789 396 5908; x_wconf 67' lang='lat' dir='ltr'><strong>Coa</strong></span> <span class='ocrx_word' id='word_1_695' title='bbox 437 5775 515 5831; x_wconf 85' lang='lat' dir='ltr'><strong>Ex</strong></span> <span class='ocrx_word' id='word_1_696' title='bbox 545 5778 768 5851; x_wconf 88' lang='lat' dir='ltr'><strong>antiquo</strong></span> <span class='ocrx_word' id='word_1_697' title='bbox 793 5792 895 5834; x_wconf 91' lang='lat' dir='ltr'><strong>ms.</strong></span> <span class='ocrx_word' id='word_1_698' title='bbox 926 5792 1072 5834; x_wconf 92' lang='lat' dir='ltr'><strong>nunc</strong></span> <span class='ocrx_word' id='word_1_699' title='bbox 1114 5776 1350 5848; x_wconf 85' lang='lat' dir='ltr'><strong>primum</strong></span> <span class='ocrx_word' id='word_1_700' title='bbox 1394 5776 1450 5832; x_wconf 95' lang='lat' dir='ltr'><strong>in</strong></span> <span class='ocrx_word' id='word_1_701' title='bbox 1486 5776 1663 5834; x_wconf 90' lang='lat' dir='ltr'><strong>lucem</strong></span> <span class='ocrx_word' id='word_1_702' title='bbox 1701 5777 1881 5834; x_wconf 65' lang='lat' dir='ltr'><strong>editae.</strong></span> 
     </span>
     <span class='ocr_line' id='line_1_98' title="bbox 376 5862 532 5904; baseline 0 0"><span class='ocrx_word' id='word_1_703' title='bbox 376 5862 532 5904; x_wconf 64' lang='lat' dir='ltr'><strong>avsa.</strong></span> 
     </span>
    </p>
   </div>
   <div class='ocr_carea' id='block_1_98' title="bbox 376 5862 532 5904">
    <p class='ocr_par' dir='ltr' id='par_1_98' title="bbox 376 5862 532 5904">
     <span class='ocr_line' id='line_1_99' title="bbox 376 5862 532 5904; baseline 0 0"><span class='ocrx_word' id='word_1_704' title='bbox 376 5862 532 5904; x_wconf 66' lang='lat' dir='ltr'><strong>LVEN.</strong></span> 
     </span>
    </p>
   </div>
   <div class='ocr_carea' id='block_1_99' title="bbox 1989 5641 3572 5720">
    <p class='ocr_par' dir='ltr' id='par_1_99' title="bbox 1989 5641 3572 5720">
     <span class='ocr_line' id='line_1_100' title="bbox 1989 5641 3572 5720; baseline 0.006 -25"><span class='ocrx_word' id='word_1_705' title='bbox 1989 5656 2241 5713; x_wconf 88' lang='lat' dir='ltr'><strong>magnam</strong></span> <span class='ocrx_word' id='word_1_706' title='bbox 2273 5641 2428 5698; x_wconf 92' lang='lat' dir='ltr'><strong>nobis</strong></span> <span class='ocrx_word' id='word_1_707' title='bbox 2454 5643 2993 5717; x_wconf 80' lang='lat' dir='ltr'><strong>interpretationibus</strong></span> <span class='ocrx_word' id='word_1_708' title='bbox 3020 5648 3366 5720; x_wconf 84' lang='lat' dir='ltr'><strong>propriorum</strong></span> <span class='ocrx_word' id='word_1_709' title='bbox 3393 5647 3572 5704; x_wconf 89' lang='lat' dir='ltr'><strong>nomi-</strong></span> 
     </span>
    </p>
   </div>
   <div class='ocr_carea' id='block_1_100' title="bbox 2064 5772 2632 5849">
    <p class='ocr_par' dir='ltr' id='par_1_100' title="bbox 2064 5772 2632 5849">
     <span class='ocr_line' id='line_1_101' title="bbox 2064 5772 2632 5849; baseline 0.007 -19"><span class='ocrx_word' id='word_1_710' title='bbox 2064 5775 2093 5815; x_wconf 73' lang='lat' dir='ltr'><strong>b</strong></span> <span class='ocrx_word' id='word_1_711' title='bbox 2120 5772 2298 5832; x_wconf 89' lang='lat' dir='ltr'><strong>Locus</strong></span> <span class='ocrx_word' id='word_1_712' title='bbox 2325 5785 2632 5849; x_wconf 84' lang='lat' dir='ltr'><strong>corruptus.</strong></span> 
     </span>
    </p>
   </div>
  </div>
