3972 6336
177 384 292 442 853

1159 381 1572 442 ALLEGORIJE
1611 382 1682 441 IN
1719 383 1999 444 SACRAM
2036 385 2498 446 SCRIPTURAM.

3354 394 3460 453 854

175 495 344 569 quasi
395 491 574 552 debile
621 501 677 550 et
724 492 976 552 instabile
1030 503 1207 560 esset,
1254 510 1362 551 non
1415 498 1771 568 pertimescit.
1802 504 1857 562 Α
1879 498 2003 554 bilis
2048 509 2108 554 ut
2142 509 2446 556 castrorum
2492 514 2639 558 acies
2666 502 2916 558 ordinata
2947 505 3015 571 ",
3047 521 3069 558 ι
3106 507 3250 577 quod
3299 503 3459 566 electi

174 588 418 659 Abyssus
461 584 708 642 infernus
737 595 966 642 vocatur
1013 586 1068 642 in
1110 587 1444 658 Evangelio:
1483 609 1503 641 ι
1538 590 1780 662 Rogabat

172 697 304 738 eum
335 680 500 752 legio,
527 693 598 735 ne
626 692 752 733 eum
795 677 1037 734 mitteret
1087 678 1142 733 in
1172 680 1426 750 abyssum
1457 680 1498 748 ⁸,
1540 701 1558 735 ι
1591 682 1644 736 id
1671 691 1778 749 est,

171 789 252 831 ne
274 789 372 829 eos
397 779 670 842 mergeret
710 771 768 826 in
799 769 1090 828 infernum.
1125 770 1231 826 Per
1260 771 1526 842 abyssum,
1566 773 1780 830 dolores

169 865 396 931 mortis,
438 864 576 920 utin
605 861 877 919 Psalmis:
913 879 932 914 ι
963 859 1178 916 Ponens
1225 861 1280 916 in
1313 863 1584 918 thesauris
1620 863 1778 935 abys-

173 977 272 1018 sos
297 963 343 1026 ²,
380 979 398 1012 ι
432 958 486 1020 id
509 965 593 1016 est
616 998 632 1024 ,
654 957 712 1012 in
743 955 972 1014 secretis
995 969 1165 1012 sacrm
1186 953 1482 1025 Scripturae
1508 957 1776 1026 profunda

172 1049 464 1121 mysteria.
499 1046 601 1102 Per
631 1047 876 1116 abyssum
901 1045 1102 1115 quique
1132 1045 1576 1114 desperatissimi,
1625 1056 1686 1102 ut
1719 1047 1773 1102 in

171 1144 416 1200 Psalmis
444 1161 457 1197 :
493 1161 511 1196 ι
543 1141 737 1210 Omnia
763 1155 1098 1210 quaecunque
1127 1139 1318 1206 voluit,
1346 1140 1606 1197 Dominus
1626 1141 1773 1208 fecit,

169 1236 234 1292 in
261 1236 408 1291 cmlo
423 1243 477 1290 et
505 1235 556 1289 in
581 1245 748 1302 terra,
774 1235 828 1290 in
851 1235 986 1289 mari
1014 1243 1070 1290 et
1094 1235 1148 1289 in
1171 1236 1421 1290 omnibus
1455 1236 1722 1307 abyssis’,
1749 1257 1769 1289 ι

168 1331 323 1402 quod
353 1331 490 1384 sicut
517 1329 677 1400 erigit
703 1328 1210 1398 contemplationes,
1235 1343 1354 1397 quin
1385 1338 1510 1384 sunt
1535 1330 1734 1384 caelum
1757 1371 1772 1396 ,

169 1424 254 1479 sic
291 1423 548 1477 fecundat
575 1423 841 1487 actiones,
873 1438 992 1491 quae
1040 1432 1166 1476 sunt
1192 1431 1357 1489 terra,
1386 1423 1464 1478 sic
1495 1423 1775 1480 instabiles

169 1517 486 1580 conﬁrmat,
519 1516 610 1584 qui
643 1523 766 1569 sunt
808 1530 978 1579 mare,
1008 1515 1087 1570 sic
1117 1516 1168 1568 in
1198 1518 1215 1536 ‘
1247 1515 1402 1586 ipsis,
1449 1517 1540 1585 qui
1587 1517 1773 1586 despe-

170 1611 464 1666 ratissimi.
518 1610 653 1664 ltem
707 1608 840 1664 facit
889 1625 1278 1680 nonnunquam
1337 1609 1773 1664 miscricordiam

170 1719 358 1768 suam,
409 1703 679 1772 qui_sunt
726 1702 927 1774 abyssi.
983 1701 1087 1756 Per
1130 1702 1376 1772 abyssum
1428 1701 1774 1758 confusiones

169 1810 401 1865 operum
424 1793 712 1860 malorum,
739 1802 800 1847 ut
829 1794 880 1847 in
908 1794 1121 1848 cantico
1145 1793 1311 1847 Exodi
1337 1811 1350 1846 :
1384 1810 1401 1844 ι
1429 1792 1623 1864 Abyssi
1646 1807 1771 1863 ope-

1881 606 1980 662 per
2001 593 2345 652 concordiam
2375 594 2588 650 diabolo
2617 594 2888 650 terribiles
2908 606 3051 652 sunt.

1951 683 2179 739 Acerras
2227 685 2388 740 tritici
2433 694 2559 740 sunt
2606 687 2938 750 incrementa
2982 691 3265 758 virtutum,
3307 703 3368 750 ut
3403 697 3460 752 in

1882 775 2145 832 Cantico:
2190 793 2209 828 ‹
2251 777 2454 833 Venter
2503 785 2630 833 tuus
2676 780 2817 834 sicut
2866 794 3096 846 acervus
3126 783 3388 850 tritici“,
3435 805 3458 840 ι

1879 871 2024 941 quod
2067 871 2262 935 teneri,
2287 871 2379 940 qui
2407 870 2462 925 in
2510 879 2696 926 sancta
2727 871 2969 930 Ecclesia
3012 884 3172 942 sunt,
3199 877 3461 935 virtutum

1880 963 2212 1018 incrementa
2234 964 2553 1034 suscipiunt.
2579 965 2804 1026 Acervus
2835 967 3144 1034 testimonii,
3173 969 3462 1032 multitudo

1880 1064 2188 1110 sanctorum
2241 1064 2561 1126 martyrum,
2591 1066 2650 1111 ut
2671 1059 2727 1111 in
2757 1057 2956 1114 Genesi
2995 1077 3008 1114 :
3048 1078 3068 1110 ι
3117 1059 3462 1118 Vocaverunt

1876 1145 2056 1200 locum
2089 1147 2240 1200 illum
2269 1147 2494 1213 Galaad,
2525 1149 2577 1202 id
2601 1157 2707 1216 est,
2735 1165 2988 1206 acervum
3016 1153 3316 1208 testimonii
3341 1155 3405 1222 ιτ,
3437 1173 3456 1207 ι

1877 1241 2019 1312 quod
2057 1242 2109 1295 in
2143 1250 2329 1296 sancta
2370 1243 2608 1299 Ecclesia
2638 1245 2928 1302 multitudo
2962 1258 3260 1319 martyrum
3287 1249 3461 1304 hono-

1875 1342 2049 1387 ratur.
2087 1334 2312 1388 Acervus
2353 1334 2591 1404 lapidum
2617 1344 2701 1390 est
2723 1337 3020 1407 increpatio
3047 1338 3224 1392 ultimi
3247 1339 3460 1410 judicii,

1874 1436 1936 1482 ut
1961 1428 2014 1482 in
2043 1427 2193 1482 libris
2223 1427 2428 1498 Regum
2462 1447 2474 1482 :
2518 1447 2538 1480 ‹
2574 1428 3054 1500 Congregaverunt
3083 1446 3247 1502 super
3285 1431 3461 1490 Abea-

1874 1521 1964 1575 lon
2021 1536 2276 1576 acervum
2327 1521 2563 1593 lapidum
2614 1539 2868 1594 magnum
2923 1525 3084 1580 nimis
3124 1525 3204 1592 ⁸⁸,
3247 1545 3268 1580 ι
3314 1523 3461 1595 quod

1875 1611 2118 1682 reprobis
2165 1613 2374 1668 dicetur
2423 1613 2478 1668 in
2523 1614 2729 1684 judicio
2775 1633 2790 1670 ι
2848 1634 2868 1668 ι
2922 1616 3019 1682 Ιιε,
3062 1617 3353 1683 maledicti,
3405 1617 3461 1672 in

1873 1706 2051 1778 ignem
2109 1716 2369 1766 teteruum
2403 1707 2468 1761 ιθ.
2507 1727 2525 1760 ι
2565 1709 2790 1766 Acervus
2835 1709 3112 1776 Mercurii,
3146 1712 3456 1776 inﬁdelitas,

1875 1797 2011 1850 utin
2058 1796 2338 1852 Parabolis
2369 1798 2710 1854 Salomonis:
2749 1817 2772 1852 ι
2805 1799 2959 1855 Sicut
2995 1803 3086 1872 qui
3114 1802 3278 1856 mittit
3324 1802 3462 1872 lapi-

169 1895 407 1940 ruernut
437 1901 532 1941 eos
571 1886 618 1950 ὲ,
651 1905 670 1937 ι
706 1885 761 1940 id
785 1894 891 1950 est,
920 1886 1264 1941 confusiones
1289 1901 1515 1957 operum
1547 1901 1768 1940 suorum
1797 1882 1846 1946 B
1874 1887 1993 1942 dem
2025 1887 2077 1940 in
2118 1902 2373 1942 acervum
2403 1887 2674 1952 Mercurii,
2717 1889 2794 1944 sic
2837 1890 2930 1959 qui
2961 1892 3148 1945 tribuit
3185 1891 3461 1960 insipienti

169 1987 565 2049 oppresserunt
590 1993 704 2034 eos.

244 2069 402 2123 Abies
444 2077 530 2124 est
569 2069 795 2124 altitudo
839 2069 1335 2140 contemplationis,
1367 2079 1429 2125 ut
1477 2070 1530 2125 in
1574 2071 1714 2126 Isaia
1751 2089 1763 2125 :

179 2181 199 2215 ι
233 2163 441 2218 Ponam
474 2164 528 2218 in
563 2165 780 2220 deserto
808 2165 1037 2219 abietem
1061 2163 1104 2230 ⁸,
1142 2185 1160 2216 ι
1195 2165 1338 2235 quod
1383 2165 1437 2218 in
1469 2165 1768 2236 gentilitate

173 2256 446 2311 Dominus
471 2257 982 2326 contemplationem
1016 2258 1216 2328 posuit.
1253 2276 1271 2309 ι
1307 2258 1533 2323 Abietes,
1572 2267 1766 2329 poten-

172 2358 261 2405 tes
285 2358 342 2404 et
371 2350 713 2406 infructuosi.
748 2351 853 2406 Per
880 2353 1120 2416 abietem,
1163 2353 1336 2406 sancti
1379 2354 1574 2424 angeli,
1615 2361 1675 2408 ut
1711 2354 1766 2408 in

171 2440 494 2510 Propheta:
545 2461 564 2493 ι
602 2442 822 2497 Abietes
867 2457 974 2500 non
1015 2447 1438 2513 adaequaverunt
1483 2446 1768 2499 summita-

173 2543 348 2588 tatem
390 2534 510 2604 ejus
531 2534 575 2600 ⁸,
611 2554 628 2585 ι
681 2535 824 2606 quod
868 2535 1274 2605 comparatione
1307 2535 1521 2591 illorum
1548 2537 1767 2606 angelo-

173 2643 298 2681 rum
329 2626 418 2681 ille
445 2626 653 2696 primus
680 2627 904 2697 angelus
929 2627 1094 2680 altior
1121 2624 1242 2681 fuit.

248 2719 484 2773 Abortiui
548 2719 728 2774 sancti
771 2728 899 2775 sunt
952 2727 1080 2774 ante
1131 2719 1338 2792 legem,
1394 2727 1454 2774 ut
1505 2720 1560 2774 in
1592 2719 1704 2776 Job
1751 2739 1763 2775 :

178 2828 201 2862 ‹
237 2810 404 2878 Quasi
476 2811 780 2866 abortivum
831 2811 1210 2878 absconditum
1247 2812 1290 2877 ",
1329 2831 1348 2863 ι
1403 2813 1546 2882 quod
1594 2813 1768 2867 sancti

171 2912 305 2960 ante
337 2903 510 2974 legem
557 2904 684 2958 huic
719 2904 918 2958 mundo
948 2919 1015 2958 ex
1047 2918 1240 2974 magna
1271 2911 1426 2973 parte
1465 2902 1769 2957 absconditi

169 2993 404 3050 fuerint.
436 2995 743 3051 Abortivum
787 2995 1126 3064 imperfectio
1155 2994 1421 3058 hominis,
1461 3002 1519 3048 ut
1547 2994 1602 3048 in
1633 2993 1772 3049 libro

170 3086 339 3142 Num.
372 3102 387 3142 :
425 3106 444 3140 ι
479 3087 647 3156 Quasi
678 3090 1008 3154 abortivum,
1040 3090 1183 3159 quod
1210 3089 1530 3144 extrahatur
1556 3105 1587 3143 a
1610 3088 1770 3142 vulva

171 3180 376 3237 matris
418 3196 528 3235 suae
564 3180 607 3247 ⁸,
643 3200 661 3233 ι
724 3181 869 3252 quod
900 3191 1306 3237 murmurantes
1332 3196 1362 3235 a
1391 3188 1568 3236 matre
1597 3181 1767 3251 gratia

170 3272 486 3342 imperfecti
501 3272 879 3343 projicinntur.

249 3363 516 3434 Accipiter
547 3363 776 3435 quilibet
819 3363 1042 3432 electus,
1076 3366 1220 3421 utin
1265 3365 1366 3422 Job
1407 3381 1422 3421 :
1462 3387 1480 3419 ι
1517 3365 1770 3438 Nunquid

169 3469 276 3526 per
305 3455 626 3525 sapientiam
679 3462 828 3510 tuam
854 3455 1142 3526 plumescit
1191 3456 1448 3528 accipiter
1480 3457 1525 3525 9.,
1562 3476 1581 3512 ι
1629 3457 1772 3528 (ptod

171 3545 351 3614 solius
395 3546 492 3606 Dei
537 3545 624 3602 vir
666 3553 888 3604 sanctus
939 3547 1152 3618 plumas
1204 3548 1464 3603 virtutum
1515 3550 1767 3620 acquirit.

170 3637 286 3692 Per
315 3638 618 3708 accipitrem
649 3635 894 3709 rapaces,
922 3648 984 3694 ut
1015 3639 1069 3694 in
1097 3639 1319 3696 Daniele
1348 3658 1362 3694 :
1400 3658 1420 3692 ς
1455 3640 1523 3695 Ει
1565 3657 1772 3713 ungues

172 3734 434 3790 crescent
462 3730 618 3799 quasi
665 3730 941 3800 accipitris
975 3730 1036 3795 ιο,
1077 3750 1095 3782 ι
1138 3732 1281 3801 quod
1310 3732 1402 3802 qui
1451 3747 1550 3803 per
1579 3749 1770 3804 super-

169 3818 326 3875 biam
349 3819 405 3886 in
429 3828 610 3888 mente
638 3820 1002 3892 decipiuntur,
1031 3829 1086 3880 et
1111 3837 1283 3892 usque
1311 3823 1376 3878 ad
1404 3823 1774 3895 compunctio—

171 3929 279 3973 nes
307 3914 640 3985 rapacitatis.

249 4013 472 4070 Acetum
518 4021 603 4068 est
647 4012 821 4078 dolus,
871 4020 932 4068 ut
973 4013 1030 4069 in
1078 4012 1373 4086 Evangelia
1417 4030 1432 4068 :
1469 4032 1488 4066 ι
1529 4014 1775 4087 Implevit

172 4106 464 4177 spongiam
489 4116 644 4164 aceto
675 4107 740 4173 ³⁸,
775 4125 794 4160 ι
825 4108 970 4177 quod
1012 4108 1240 4178 replevit
1277 4107 1525 4165 diabolus
1547 4109 1776 4180 populos

172 4197 490 4262 Judaeorum
517 4198 704 4258 trsude
730 4206 783 4256 et
815 4199 955 4269 dolo.
991 4201 1224 4264 Acetum,
1256 4202 1412 4272 piger
1439 4200 1689 4271 quilibet,
1715 4211 1774 4256 ut

174 4293 238 4348 in
292 4291 572 4350 Parabolis
615 4307 630 4348 :
683 4311 701 4348 ι
759 4291 912 4348 Sicut
961 4301 1173 4348 acetum
1225 4292 1480 4348 dentibus
1530 4307 1773 4348 amarum

175 4394 271 4442 est
302 4385 367 4448 η,
401 4405 420 4436 ι
471 4385 550 4442 sic
578 4385 735 4455 piger
779 4384 1006 4450 sanctis,
1052 4384 1145 4454 qui
1177 4384 1365 4440 dentes
1391 4385 1736 4456 appellantur
1757 4426 1772 4452 ,

173 4479 500 4550 frequenter
532 4489 690 4535 nocet
739 4479 966 4534 verbum
1006 4478 1421 4545 commotionis,
1474 4487 1537 4533 ut
1577 4479 1632 4533 in
1676 4476 1777 4533 Pa-

176 4576 390 4642 rabolis
420 4591 434 4631 :
471 4595 489 4627 ι
522 4575 744 4646 Vipera,
773 4576 878 4642 sal,
911 4585 1123 4631 acetum
1153 4575 1208 4630 in
1233 4576 1402 4642 vitiis,
1432 4583 1489 4631 et
1511 4575 1602 4645 qui
1643 4589 1774 4630 can-

1868 1977 2129 2036 honorcm
2157 1979 2234 2044 ²⁰,
2277 1999 2296 2032 δ
2330 1981 2471 2049 quod
2519 1981 2612 2049 qui
2657 1979 2867 2036 fatuum
2919 1982 3154 2052 aliquem
3185 1985 3254 2040 ad
3288 1984 3462 2038 hono-

1868 2085 1983 2125 rem
2032 2070 2456 2126 ecclesiasticum
2493 2072 2759 2142 provehit,
2797 2074 3196 2143 quodamodo
3249 2075 3462 2146 culpam

1869 2162 2204 2218 inﬁdelitatis
2229 2163 2541 2219 committit.

1939 2256 2240 2321 Accubitus,
2271 2256 2509 2320 emlestis
2551 2256 2759 2326 patria,
2791 2264 2852 2318 ut
2882 2258 2937 2312 in
2965 2257 3230 2316 Cantico:
3269 2279 3288 2326 ς
3321 2260 3459 2316 Dum

1869 2356 2014 2403 esset
2063 2362 2160 2403 rex
2207 2349 2263 2403 in
2309 2351 2563 2406 accubitu
2614 2366 2736 2417 suo,
2763 2353 2970 2408 nardus
2997 2367 3117 2408 mea
3147 2353 3292 2409 dedit
3331 2355 3464 2411 odo-

1867 2459 1985 2500 rem
2040 2459 2195 2498 suum
2243 2443 2309 2509 ²¹,
2362 2462 2382 2496 ι
2439 2445 2585 2515 quod
2639 2461 2762 2500 cum
2819 2445 3070 2500 Christus
3121 2446 3464 2506 ascendendo

1870 2535 2066 2590 coelum
2094 2543 2326 2606 peteret,
2359 2537 2664 2592 sanctitatis
2701 2537 3025 2600 suavitatem
3049 2536 3291 2594 Ecclesia
3318 2553 3464 2602 ema_

1870 2629 2039 2682 navit.

1942 2720 2103 2785 Acus,
2131 2720 2353 2790 punctio
2378 2720 2601 2786 doloris,
2628 2729 2690 2776 ut
2727 2722 2782 2777 in
2829 2721 3124 2795 Evangelio
3155 2741 3168 2776 :
3199 2742 3218 2778 ι
3274 2723 3467 2780 Came-

1871 2809 1980 2864 lum
2026 2827 2124 2882 per
2174 2812 2418 2868 foramen
2464 2829 2594 2870 acus
2644 2815 2854 2869 intrare
2883 2815 2951 2880 ",
2989 2833 3009 2866 ι
3043 2817 3188 2885 quod
3216 2815 3468 2872 Christus

1871 2904 2191 2974 punctiones
2221 2905 2424 2960 doloris
2443 2905 2730 2976 pertulerit
2757 2906 2812 2959 in
2841 2919 3022 2960 cruce.

1944 2997 2360 3053 Adolescentulw
2383 2999 2578 3061 animae
2605 3006 2730 3056 sunt
2758 3007 3072 3053 sanctorum
3133 3006 3194 3054 ut
3240 3000 3293 3054 in
3323 2997 3465 3054 Cau-

1873 3089 1982 3144 tieo
2006 3090 2085 3142 '3:
2113 3089 2516 3148 adolescentulo:
2544 3091 2722 3156 dictaa,
2752 3093 2897 3158 quod
2913 3090 3122 3146 devotae
3146 3101 3461 3148 sanctorum

1875 3183 2070 3237 animm
2093 3181 2370 3236 Christum
2401 3181 2650 3252 diligunt.

1799 3267 1844 3330 C
1947 3274 2116 3345 Adeps
2147 3283 2228 3330 est
2251 3274 2506 3330 divinitas
2522 3275 2746 3340 Christi,
2771 3283 2831 3332 ut
2855 3276 2910 3331 in
2933 3275 3166 3336 Psalmis
3195 3295 3208 3332 :
3246 3295 3265 3330 ι
3298 3276 3470 3348 Adipe

1872 3366 2130 3424 frumenti
2161 3369 2323 3426 satiat
2347 3377 2398 3424 te
2425 3369 2496 3434 ⁸⁸,
2532 3388 2552 3421 ι
2577 3370 2726 3440 quod
2752 3369 3028 3426 caelestem
3057 3371 3202 3426 illam
3244 3369 3466 3428 Jerusa-

1872 3459 1978 3515 lem
2023 3459 2271 3516 Christus
2299 3459 2579 3524 divinitate
2601 3461 2795 3531 pascit.
2855 3461 3028 3532 Adeps
3059 3462 3289 3532 simplex
3310 3461 3471 3520 intel-

1873 3553 2044 3610 lectus
2096 3553 2423 3624 Scripturte,
2455 3561 2516 3610 ut
2557 3555 2609 3608 in
2635 3553 2866 3609 Psalmis
2899 3571 2910 3608 :
2955 3572 2976 3607 ι
3013 3553 3228 3609 Cibavit
3253 3552 3374 3612 illos
3401 3570 3470 3610 ex

1876 3646 2030 3716 adipe
2072 3647 2327 3700 frumenti
2350 3647 2418 3711 η,
2455 3664 2475 3698 ι
2507 3646 2652 3717 quod
2691 3645 2926 3717 simplici
2953 3645 3232 3703 intellectu
3269 3646 3469 3705 refecit

1873 3753 1985 3793 eos.
2039 3737 2234 3807 Adeps,
2275 3737 2556 3808 spirituale
2603 3737 2969 3801 desiderium,
3027 3745 3086 3794 ut
3145 3737 3202 3792 in
3255 3737 3469 3796 cantico

1873 3830 2275 3900 Deuteronomii
2303 3848 2314 3882 :
2347 3847 2366 3881 ι
2394 3827 2530 3883 Cum
2551 3828 2708 3898 adipe
2729 3843 2991 3900 agnorum
3013 3835 3068 3884 et
3088 3827 3321 3886 arietum
3343 3826 3412 3891 η,
3442 3845 3460 3877 ι

1875 3921 2059 3986 idest,
2092 3936 2218 3976 cum
2258 3920 2524 3991 spirituali
2552 3919 2823 3975 desiderio
2869 3919 3212 3980 subditorum
3250 3925 3306 3972 et
3330 3931 3470 3987 prte—

1875 4015 2131 4070 latorum.
2164 4013 2354 4083 Adeps,
2381 4011 2730 4076 abundantia,
2755 4011 2888 4069 utin
2917 4010 3183 4068 Psalmis:
3214 4030 3232 4070 ι
3262 4008 3472 4068 Prodiit

1877 4109 2030 4179 quasi
2082 4125 2149 4166 ex
2180 4107 2338 4177 adipe
2375 4106 2633 4176 iniquitas
2681 4119 2870 4160 eorum
2897 4104 2968 4169 ³⁷,
3012 4123 3031 4156 ι
3075 4113 3131 4160 ει.
3181 4105 3326 4175 quod
3373 4117 3469 4173 per

1875 4204 2258 4259 abundantiam
2295 4217 2447 4260 suam
2474 4200 2794 4271 peccabant.
2839 4197 3030 4269 Adeps,
3061 4197 3296 4253 carnalis
3327 4195 3465 4252 laeti-

1876 4297 1976 4362 tia,
1999 4305 2060 4350 ut
2087 4295 2139 4350 in
2163 4294 2390 4349 Psalmis
2414 4311 2427 4347 :
2460 4310 2478 4344 ‹
2508 4291 2732 4363 Adipem
2756 4307 2913 4346 suum
2935 4290 3322 4346 concluserunt
3341 4289 3408 4356 ⁸⁸,
3441 4309 3459 4341 ι

1877 4387 1932 4443 id
1977 4396 2102 4453 est,
2151 4385 2428 4441 carnalem
2481 4399 2636 4440 suam
2689 4382 2935 4446 laetitiam
2985 4382 3465 4456 conﬁrmaverunt.

1876 4482 2070 4554 Adeps,
2109 4480 2324 4537 bonitas
2350 4477 2631 4534 interioris
2673 4477 2990 4542 voluntatis,
3018 4483 3079 4531 ut
3109 4477 3166 4536 in
3193 4475 3424 4530 Psalmis
3452 4491 3465 4527 :

1884 4595 1903 4628 ‹
1933 4574 2086 4630 Sicut
2105 4574 2260 4644 adipe
2275 4580 2331 4628 et
2350 4570 2678 4643 pinguedine
2695 4570 2971 4641 repleatur
2989 4569 3172 4624 anima
3201 4583 3321 4623 mea
3346 4567 3411 4629 ἐι,
3444 4586 3464 4619 ι

175 4672 266 4721 tat
296 4641 458 4730 corde
483 4641 718 4736 pessimo
747 4665 824 4733 εξ,
849 4685 867 4718 ι
902 4667 1047 4736 quod
1083 4666 1299 4736 quando
1340 4641 1593 4737 perversa
1620 4682 1775 4722 mens
1799 4641 1854 4702 D
1880 4668 1936 4722 id
1999 4675 2113 4733 est,
2177 4641 2409 4723 interius
2453 4641 2595 4723 bona
2644 4681 2804 4732 voce,
2840 4667 2982 4722 sicut
3033 4667 3274 4723 exterius
3327 4665 3468 4720 bona

176 4755 482 4826 corripitur
507 4766 833 4824 murmurat,
861 4757 1002 4813 sicut
1031 4757 1233 4814 nitrum
1263 4757 1520 4813 fervescit
1545 4765 1600 4812 et
1623 4756 1775 4826 ebul-

177 4847 269 4910 lit,
305 4847 522 4916 quando
551 4849 769 4918 ponitur
799 4849 851 4904 in
895 4857 1069 4906 aceto.
1102 4848 1340 4915 Acetum,
1373 4847 1680 4912 inﬁdelitas,
1713 4856 1774 4903 ut

179 4940 241 4994 in
267 4938 501 5010 Psahuis
528 4958 544 5000 :
577 4960 596 4993 ι
629 4941 687 5002 ιιι
719 4941 806 5002 siti
839 4955 957 5001 mea
991 4949 1317 5012 potaverunt
1356 4956 1443 4994 me
1472 4950 1630 4996 aceto
1655 4941 1718 5006 15.,
1753 4961 1769 4994 ι

179 5031 238 5085 id
275 5039 384 5094 est,
411 5045 510 5101 ego
535 5031 698 5094 ﬁdem
744 5047 933 5088 eorum
959 5032 1088 5098 sitii,
1112 5041 1168 5088 et
1208 5032 1311 5101 ipsi
1340 5031 1658 5094 inﬁdelitate
1687 5049 1774 5089 me

177 5129 530 5192 potavcrunt.

260 5213 432 5282 Acies,
465 5215 648 5278 unitas
693 5215 1008 5279 electorum,
1039 5223 1099 5272 ut
1141 5215 1196 5276 in
1241 5215 1494 5273 cantico:
1535 5234 1554 5268 ι
1590 5215 1773 5275 Terri-

1882 4758 2111 4814 acﬁone.

1949 4847 2075 4914 Aer,
2127 4865 2278 4906 mens
2327 4849 2612 4922 cujudibet
2657 4849 2895 4905 hominis
2955 4847 3252 4914 saecularis,
3307 4855 3369 4903 ut
3413 4848 3468 4903 in

1877 4938 2016 4995 Job:
2054 4961 2073 4992 ι
2109 4942 2300 4998 Subito
2330 4959 2424 4999 aer
2460 4953 2688 5014 cogetur
2735 4944 2790 5000 in
2821 4943 2993 4998 nubes
3042 4942 3108 5008 ⁸⁸,
3154 4963 3174 4995 ι
3207 4943 3354 5013 quod
3387 4957 3470 4998 re-

1881 5035 2104 5104 pentino
2129 5035 2337 5090 scilicet
2375 5036 2597 5106 spiritus
2646 5050 2872 5090 munere
2902 5051 3056 5091 mens
3103 5035 3382 5092 saecularis
3399 5037 3468 5090 ad

1883 5128 2225 5182 sanctitatem
2255 5127 2590 5197 perducitur.

1953 5217 2090 5288 Ager
2117 5226 2202 5273 est
2231 5218 2484 5284 mundus,
2508 5227 2571 5273 ut
2595 5218 2648 5273 in
2699 5217 3033 5291 Evangelia:
3069 5238 3090 5272 ι
3126 5218 3340 5276 Romi-ni
3373 5218 3468 5289 qui

263 5483 290 5512 ε
314 5475 451 5556 line:
481 5491 600 5556 vui,
631 5476 720 5550 51.
751 5479 771 5510 '
798 5477 943 5556 Psal.
970 5492 1164 5556 153m“,
1195 5479 1249 5533 7.
1294 5478 1428 5556 Ἴδε.
1460 5495 1677 5556 cxsstv,
1713 5478 1764 5535 6.

1885 5479 2166 5556 lxod.__xv,
2204 5481 2258 5537 5.
2303 5483 2325 5513 ⁸
2352 5481 2454 5556 lea.
2478 5499 2594 5556 ιιιι,
2619 5482 2707 5538 19.
2740 5483 2762 5516 ⁸
2802 5485 3003 5546 Ezech.
3054 5503 3206 5556 uxr,
3234 5487 3288 5544 8.
3313 5487 3334 5520 ⁷
3363 5484 3466 5556 Job

181 5548 396 5624 ιιιίΙϐΣ
431 5549 452 5580 ⁸
483 5548 639 5602 Num.
664 5547 768 5624 agi,
806 5549 944 5624 ιβ.)
973 5547 1072 5604 Job
1099 5565 1288 5624 xxx_tx,
1441 5552 1497 5624 Ag“
1519 5549 1524 5554 ’
1549 5552 1679 5606 Dan.
1722 5567 1771 5624 ty

1885 5551 1921 5624 )ζ
1959 5551 2000 5583 ¹¹
2034 5547 2196 5607 Marc.
2228 5567 2325 5624 xv,
2355 5553 2516 5624 56.4"
2552 5554 2712 5608 Prov.
2743 5571 2798 5610 ι.
2828 5555 2917 5616 26.
2947 5558 2992 5590 ¹³
3023 5547 3344 5624 Prom—xxv,
3367 5555 3459 5622 20.

187 5620 240 5652 1⁸
271 5619 644 5698 Ρδιιζηιξξνιρ,
677 5620 765 5674 2'2.
812 5621 855 5651 ¹⁵
891 5620 1046 5698 Cant.
1079 5637 1152 5698 vt,
1178 5617 1238 5698 ζ),
1265 5621 1317 5676 9.
1355 5619 1398 5652 ¹⁶¹
1428 5622 1590 5698 Cant.
1621 5622 1771 5698 vt_r,2

1885 5622 2080 5698 Gene_s_.
2119 5639 2271 5698 ιλιι,
2301 5623 2394 5688 47,
2429 5622 2522 5698 48.
2560 5625 2603 5698 ’ξ
2629 5625 2668 5678 ll
2710 5623 2864 5698 Reg.
2889 5624 3056 5693 xvm,’
3082 5617 3180 5698 i7.
3203 5629 3242 5659 ¹⁹
3268 5617 3458 5698 Matth.

185 5707 324 5762 xxv,
372 5690 462 5762 μ.
494 5690 538 5721 ¹⁰
575 5689 746 5762 Prov.
773 5707 972 5754 xxvur,
1005 5692 1056 5746 8.
1087 5692 1128 5722 ²¹
1171 5690 1325 5746 Cant.
1357 5709 1405 5756 ι,
1438 5693 1520 5746 15.
1549 5693 1592 5723 ’³
1634 5693 1771 5747 Matt!

1885 5709 1978 5758 LIX,
2008 5694 2110 5759 24;
2147 5694 2308 5749 Marc.
2353 5711 2420 5760 Χ,
2454 5694 2554 5758 25;
2581 5695 2713 5750 Luc.
2765 5689 2925 5762 xvvm,
2960 5689 3049 5753 25.
3085 5697 3130 5728 ⁸³
3155 5697 3312 5754 Cant.
3341 5713 3380 5762 ι,
3403 5697 3458 5751 5.

186 5762 238 5834 ff
285 5759 427 5834 Psal.
457 5761 775 5834 σιωπῇ-14.
816 5762 863 5792 ’⁸
903 5762 1046 5817 Psal.
1072 5778 1233 5828 Lxxx,
1267 5763 1351 5817 l7.
1395 5765 1440 5795 ’⁸
1469 5763 1620 5819 Deut.
1657 5780 1771 5818 χχχι

1894 5763 1948 5822 ιι.
1974 5766 2016 5796 ’⁷
2045 5765 2183 5822 Psal.
2214 5781 2384 5831 Lxxu,
2408 5759 2464 5818 ’7.
2491 5767 2536 5796 "
2565 5766 2707 5824 Psal.
2736 5783 2871 5833 xvu,
2897 5759 2980 5822 l0.
3009 5768 3051 5798 "
3079 5767 3219 5823 Psal.
3251 5759 3379 5834 ιιιιι,
3403 5767 3458 5822 6.

187 5831 237 5864 ³⁸
278 5829 382 5888 Joh
413 5839 622 5890 xxxvii.
654 5832 742 5887 21.
1025 5853 1028 5856 η
