3972 6336
450 353 556 413 855

1097 348 1160 402 Β.
1199 341 1458 401 RABANI
1498 339 1717 398 MAURI
1757 338 2079 396 ARCHIEP.
2119 339 2429 397 MOGUNT.
2465 338 2753 396 OPEBUM
2787 337 2970 396 PARS
3008 338 3089 395 ιιι.

393 501 398 510 .
454 463 743 520 seminavit
785 462 989 517 bonum
1017 473 1204 516 semen
1259 457 1316 510 in
1341 470 1473 527 agro
1501 455 1552 520 ί,
1598 474 1614 504 ι
1660 454 1714 508 id
1739 461 1822 509 est
1844 494 1859 519 ,
1887 452 2045 509 Chri—
2071 455 2125 516 Α
2147 455 2351 511 electos
2380 457 2734 527 spiritualiter
2752 456 2969 513 excolit.
3008 458 3278 530 Agricola,
3306 460 3535 532 quilibet
3559 477 3744 533 repro-

453 568 558 623 sto,
590 555 682 627 qui
734 552 936 626 sparsit
965 548 1406 622 praedicationem
1448 547 1504 601 in
1543 545 1765 601 mundo.
1797 543 2051 616 Praepara

455 663 654 721 corpus
684 657 839 703 tuum
859 688 874 713 ,
903 653 960 700 et
985 643 1274 715 diligenter
1317 653 1513 696 exerce
1555 653 1744 710 agrum
1790 647 1966 704 tuum,
1998 637 2050 693 id

453 752 560 810 est,
585 749 768 798 sentes
796 737 1147 808 iniquitatum
1190 733 1363 789 evelle
1382 773 1396 797 ,
1421 739 1477 787 ει
1505 745 1703 801 corpus
1731 729 1799 785 ad
1841 729 2051 800 frugem

456 830 831 891 retributionis
856 826 1062 883 excole.
1114 823 1252 896 Ager
1275 823 1478 879 bonum
1501 837 1658 892 opus,
1693 827 1753 876 ut
1793 821 1848 875 in
1873 820 2052 874 Evan—

456 927 597 1001 gelia
618 926 641 956 ¹
670 938 800 995 ager
835 921 1032 978 emitur
1082 923 1304 988 propter
1327 913 1662 979 thesaurum,
1686 912 1829 984 quod
1849 912 2051 968 bonum

455 1032 594 1089 cpus
632 1021 922 1072 exercetur
963 1017 1190 1083 propter
1233 1006 1457 1064 caeleste
1498 1004 1848 1062 desiderium.
1890 1003 2049 1075 Ager,

458 1111 744 1182 Scriptura
791 1114 1002 1170 sancta,
1045 1112 1105 1158 ιιι
1153 1102 1210 1156 in
1241 1099 1343 1156 Job
1377 1118 1390 1154 :
1430 1120 1448 1151 ι
1484 1097 1691 1170 Agrum
1741 1113 1849 1153 non
1893 1112 2052 1154 suum

458 1202 740 1258 demetunt
774 1199 827 1265 ³,
886 1218 904 1250 ι
937 1196 1082 1266 quod
1124 1193 1464 1263 Scripturam
1500 1206 1746 1258 sacram,
1788 1205 1909 1262 quae
1954 1205 2052 1245 sua

457 1311 566 1351 non
593 1301 699 1361 εει,
731 1291 972 1348 haeretici
998 1294 1333 1360 pervertunt.
1365 1286 1504 1358 Ager
1525 1284 1758 1340 cilicium
1791 1284 2052 1355 praedica-

457 1388 642 1454 tionis,
683 1387 818 1442 utin
865 1383 1089 1440 Cantica
1124 1400 1136 1436 :
1175 1399 1194 1434 ι
1229 1381 1398 1445 Veni,
1446 1379 1642 1435 dilecte
1673 1379 1766 1445 mi,
1801 1379 2050 1450 egredia-

457 1497 582 1535 mnr
614 1480 668 1533 in
698 1493 886 1549 agrum
916 1477 959 1542 ⁸,
1000 1495 1018 1528 ι
1053 1475 1198 1546 quod
1237 1482 1292 1529 et
1318 1473 1569 1529 Christus
1618 1473 1685 1527 ab
1722 1486 1922 1527 arcano
1951 1469 2053 1526 Pa-

459 1573 576 1636 tris,
604 1579 658 1626 et
681 1569 918 1627 Ecclesia
946 1584 976 1623 a
1001 1576 1210 1624 secreto
1230 1565 1701 1636 contemplationis
1724 1565 1791 1618 ad
1818 1562 2051 1619 ofﬁcium

459 1664 811 1735 egrediuntur
867 1659 1288 1733 praadicationis.
1339 1657 1508 1729 Ager,
1560 1657 1792 1727 populus
1839 1654 2052 1710 Judrea-

460 1771 604 1819 rum,
643 1760 702 1807 ut
731 1753 785 1807 in
812 1750 1010 1806 Genesi
1039 1769 1052 1804 :
1089 1770 1106 1800 ι
1141 1749 1404 1818 Egressus
1445 1748 1626 1803 estad
1679 1746 2050 1802 meditandum

458 1847 512 1902 in
559 1861 690 1917 agro
738 1844 998 1900 inclinato
1047 1842 1160 1913 jam
1212 1841 1299 1896 die
1343 1840 1493 1895 Isaac
1519 1839 1574 1903 ⁸,
1608 1859 1626 1892 ι
1662 1839 1804 1908 quod
1847 1839 1902 1892 in
1947 1837 2056 1893 ﬁne

456 1941 644 1996 mundi
691 1954 944 2010 egressus
973 1947 1058 1993 εει
1084 1936 1150 1991 de
1180 1935 1318 1992 emlo
1365 1933 1617 1989 Christus
1645 1933 1713 1988 ad
1751 1933 2053 1988 docendum

458 2035 512 2090 in
545 2031 740 2104 populo
781 2031 1113 2086 Iudaeorum.
1148 2030 1307 2100 Ager,
1350 2025 1580 2098 populus
1626 2024 1862 2098 gentilis,
1894 2032 1954 2078 ut
1997 2024 2052 2080 in

457 2127 730 2184 Psalmis:
775 2146 794 2178 ι
833 2124 1185 2180 Pulchritudo
1226 2121 1344 2194 agri
1369 2136 1582 2177 mecum
1609 2127 1692 2176 est
1719 2116 1761 2184 ⁵,
1809 2139 1828 2171 ι
1863 2118 1917 2174 id
1947 2126 2050 2185 est,

460 2221 882 2291 uniuscujusque
927 2216 1029 2271 viri
1071 2215 1306 2287 religiosi
1353 2213 1616 2270 sanctitas
1661 2211 1802 2282 apud
1850 2224 1939 2266 me
1985 2209 2054 2266 ad

457 2313 952 2370 remunerationem
974 2319 1372 2380 compensatur.
1399 2309 1536 2378 Ager
1561 2305 1883 2362 caeremonia
1905 2313 2055 2360 exte-

459 2407 606 2471 riar,
633 2415 693 2459 ut
720 2405 776 2459 in
803 2403 1094 2474 Evangelia
1132 2419 1145 2454 :
1195 2419 1213 2452 ι
1266 2400 1398 2454 Erat
1445 2407 1626 2454 autem
1684 2397 1827 2452 ﬁlius
1873 2397 2056 2452 senior

460 2499 517 2554 in
547 2511 679 2568 agro
717 2497 763 2563 ⁷,
813 2514 832 2547 ι
867 2492 1010 2565 quad
1045 2492 1276 2564 populus
1324 2489 1582 2545 Iudaicus
1627 2489 1849 2544 litterali
1890 2503 2055 2543 sensu

457 2596 750 2647 contentus
799 2585 1068 2643 exteriora
1113 2582 1360 2638 curabat.
1419 2583 1578 2652 Ager,
1610 2579 1896 2650 cujuslibet
1945 2578 2054 2632 vita

459 2683 807 2755 negligentis,
832 2681 972 2736 utin
1020 2677 1302 2733 Parabolis
1330 2690 1346 2730 :
1379 2695 1398 2727 ι
1434 2675 1539 2730 Per
1571 2689 1759 2746 agrum
1787 2672 1890 2726 viri
1912 2671 2054 2743 pigri

462 2775 690 2832 transivi
723 2777 766 2840 ",
819 2793 838 2825 ι
870 2772 924 2826 id
955 2779 1060 2837 est,
1113 2769 1282 2824 vitam
1330 2764 1620 2836 cujuslibet
1663 2763 1918 2820 desidiosi
1965 2763 2052 2817 in-

456 2869 627 2940 spexi,
679 2887 718 2929 ι,
749 2876 806 2922 ει
853 2880 982 2922 εεεε
1028 2871 1202 2919 ιοιιιιιι
1248 2861 1592 2931 repleverant
1632 2859 1823 2914 urtica:
1846 2867 1902 2912 et
1940 2856 2053 2927 Spi-

459 2979 542 3017 nae
579 2961 624 3026 ⁹,
658 2979 678 3013 ι
711 2991 714 2994 ι
753 2957 896 3030 quod
941 2957 996 3012 in
1045 2954 1214 3010 corde
1256 2952 1374 3022 ejus
1423 2950 1731 3023 prurientia
1786 2947 2055 3005 desideria

457 3054 782 3127 punctiones
831 3051 1088 3106 vitiorum
1144 3046 1430 3120 pullulant.
1491 3046 1631 3116 Ager
1677 3051 1761 3098 est
1815 3055 2054 3112 prmsens

461 3155 647 3204 sancta
669 3144 936 3210 Ecclesia,
967 3151 1028 3198 ut
1055 3143 1113 3197 in
1135 3140 1371 3198 Genesi:
1411 3157 1430 3190 ι
1469 3138 1610 3194 Ecce
1641 3137 1777 3193 odor
1801 3135 1893 3190 ﬁlii
1921 3133 2048 3200 mei,

2153 546 2253 602 bus
2306 555 2526 603 terrena
2580 547 2845 619 diligens,
2897 558 2960 604 ut
3003 549 3058 604 in
3095 547 3340 607 Genesi:
3381 570 3400 602 ι
3449 551 3576 607 Fuit
3616 552 3746 608 Abel

2152 647 2336 710 pastor
2387 640 2672 706 ovium,et
2715 640 2849 698 Cain
2893 642 3128 714 agricola
3161 643 3225 710 ¹⁹,
3279 665 3299 697 ι
3350 645 3498 716 quod
3546 644 3748 702 electus

2153 731 2385 802 quisque
2427 732 2704 804 simplices
2737 735 2756 754 θ
2799 734 2940 790 infra
2976 752 3035 792 se
3059 737 3421 808 cogitationes
3472 739 3664 804 nutrit,
3697 749 3748 794 et

2153 824 2417 892 reprobus
2464 825 2713 895 quilibet,
2762 826 2977 882 interna
3026 843 3123 884 sua
3158 831 3176 849 "
3208 829 3479 894 deferens,
3531 837 3747 885 terrena

2154 913 2346 986 diligit.
2407 916 2514 972 Per
2559 919 2850 988 agricolam
2903 921 3177 993 principes
3228 922 3560 996 Synagogaa,
3592 937 3652 978 ut
3695 924 3749 978 in

2153 1005 2445 1078 Evangelia
2497 1027 2511 1063 :
2573 1029 2592 1062 ι
2652 1009 2876 1065 Locabit
2931 1027 3052 1066 eam
3102 1014 3358 1084 agricolis
3409 1015 3477 1080 ’°,
3541 1035 3560 1066 ›
3609 1016 3746 1085 quod

2152 1098 2410 1171 populum
2433 1101 2718 1172 antiquum
2745 1101 2895 1156 illum
2921 1104 3256 1175 principibus
3288 1104 3586 1178 Synagogze
3606 1121 3746 1161 com-

2156 1192 2320 1246 misit.
2353 1191 2459 1248 Pcr
2482 1193 2770 1264 agricolam
2801 1196 3052 1252 doctores
3091 1197 3376 1264 Eeclesue,
3402 1209 3462 1253 ut
3485 1200 3543 1253 in
3571 1199 3744 1254 Evan-

2155 1282 2333 1354 gelia:
2373 1303 2391 1336 ι
2427 1285 2651 1340 Vineam
2704 1302 2857 1342 suam
2907 1287 3109 1345 locabit
3160 1291 3282 1347 aliis
3331 1292 3588 1364 agricolis
3619 1293 3686 1358 ²¹,
3722 1313 3738 1344 ι

2155 1373 2210 1429 id
2269 1384 2386 1443 εει,
2449 1376 2749 1433 Ecclesiam
2812 1394 2965 1434 suam
3031 1380 3153 1437 aliis
3215 1383 3531 1438 doctoribus
3605 1399 3746 1438 eom-

2153 1453 2355 1525 mittet.

2224 1562 2405 1616 Altare
2451 1571 2537 1618 εει
2579 1564 2697 1633 ipsa
2749 1563 3039 1630 divinitas,
3090 1575 3151 1620 ut
3182 1566 3237 1620 in
3265 1566 3484 1622 Psalmo
3512 1587 3525 1620 :
3551 1587 3578 1618 ι
3608 1568 3744 1624 Con-

2155 1653 2362 1709 stituite
2383 1654 2524 1710 diem
2543 1655 2839 1710 solemnem
2871 1656 2925 1710 in
2949 1658 3237 1713 condensis
3261 1675 3434 1729 usque
3465 1657 3556 1731 [ad
3583 1676 3746 1716 cornu

2155 1747 2366 1820 altaris]
2417 1749 2482 1812 “,
2529 1769 2548 1801 ι
2585 1747 2636 1802 id
2667 1757 2770 1813 est,
2801 1749 3032 1806 virtutes
3063 1753 3258 1806 crebro
3291 1752 3670 1822 frequentate,
3695 1765 3746 1808 et

2082 1831 2132 1893 B
2158 1841 2473 1912 pertingens
2497 1841 2565 1895 ad
2585 1841 2937 1896 eminentiam
2964 1841 3209 1898 Deitatis.
3238 1843 3420 1898 Altare
3446 1861 3576 1900 caro
3599 1844 3747 1900 Chri-

2157 1933 2247 1999 sti,
2277 1939 2335 1987 ut
2365 1933 2419 1987 in
2445 1931 2681 1989 Jeremia
2713 1952 2726 1988 :
2765 1953 2783 1984 ‹
2818 1933 3034 2004 Repulit
3071 1935 3212 1990 Deus
3241 1936 3412 1992 altare
3445 1953 3604 1992 suum
3631 1938 3698 2003 ³³,
3727 1957 3744 1988 ι

2156 2024 2300 2094 quod
2329 2040 2554 2081 carnem
2604 2024 2806 2081 Christi
2850 2027 3090 2097 cruciﬁgi
3123 2030 3388 2098 permisit.
3427 2029 3613 2084 Altare
3645 2031 3748 2100 ipsa

2155 2127 2238 2171 εει
2267 2118 2576 2172 humanitas
2605 2116 2788 2183 Verbi,
2817 2127 2876 2172 ut
2903 2120 2954 2173 in
2981 2119 3168 2174 Exodo
3194 2139 3206 2174 :
3243 2139 3260 2172 ι
3289 2120 3482 2175 Altare
3507 2121 3577 2176 de
3610 2130 3750 2175 terra

2155 2206 2368 2264 facietis
2411 2209 2544 2263 mihi
2595 2208 2667 2275 ",
2716 2229 2734 2262 ι
2789 2210 2842 2264 id
2886 2219 2990 2275 est,
3023 2211 3176 2267 verbi
3232 2213 3638 2268 humanitatem
3693 2231 3751 2269 ex

2157 2299 2365 2370 virgine
2399 2308 2672 2370 sumptam
2716 2315 2836 2356 esse
2872 2301 3129 2357 credetis.
3173 2303 3376 2369 Altarc,
3406 2305 3615 2376 lignum
3639 2321 3753 2360 cru-

2157 2393 2257 2469 cis,
2300 2401 2360 2447 ut
2407 2395 2460 2447 iu
2512 2393 2709 2449 Genesi
2760 2395 2830 2466 ",
2878 2394 3028 2451 Isaac
3058 2397 3266 2468 positus
3294 2399 3351 2453 in
3378 2397 3567 2460 altari,
3617 2401 3754 2469 quod

2157 2465 2406 2542 Christus
2451 2486 2636 2542 litatus
2679 2489 2734 2542 in
2773 2465 2958 2544 cruce.
2985 2465 3188 2557 Allare,
3237 2481 3439 2547 mentis
3473 2508 3753 2558 arcanum,

2157 2587 2218 2634 ut
2269 2579 2322 2633 in
2353 2580 2568 2636 Psalmo
2615 2601 2627 2635 :
2677 2601 2696 2632 ‹
2734 2581 2952 2638 Lavabo
2997 2583 3142 2639 inter
3193 2585 3514 2642 innocentes
3570 2604 3756 2641 manus

2157 2687 2329 2738 meas,
2375 2683 2431 2728 et
2479 2675 2830 2732 circumdabo
2853 2678 3025 2733 altare
3063 2679 3261 2752 (tuum,
3283 2679 3538 2753 Domine)
3559 2682 3627 2748 ³⁸,
3659 2703 3676 2733 ι
3707 2683 3753 2736 id

2156 2775 2261 2832 est,
2286 2783 2451 2837 opera
2481 2768 2624 2823 mala
2646 2785 2745 2840 per
2768 2771 3150 2841 paenitentiam
3177 2773 3501 2839 emendaho,
3532 2783 3590 2828 et
3613 2790 3754 2828 men-

2159 2861 2231 2916 tis
2281 2876 2543 2916 arcanum
2590 2863 2887 2920 virtutibus
2925 2864 3224 2921 adornabo.
3271 2865 3458 2921 Altare
3505 2866 3660 2932 ﬁdes,
3699 2877 3752 2920 ut

2157 2952 2215 3008 in
2265 2952 2484 3010 Psalmo
2533 2973 2546 3009 :
2608 2975 2629 3006 ι
2669 2955 2952 3026 lmponent
3001 2973 3164 3029 super
3217 2958 3390 3016 altare
3437 2969 3590 3015 tuum
3630 2962 3695 3025 π,
3729 2981 3746 3011 ι

2157 3044 2212 3100 id
2282 3052 2402 3112 est,
2465 3046 2830 3103 innocentiam
2901 3063 3054 3108 novae
3107 3050 3232 3106 vita:
3311 3050 3419 3107 ﬁde
3465 3054 3484 3072 '
3531 3054 3748 3124 conjun-

2161 3146 2314 3208 gunL

459 3202 604 3295 sicut
646 3238 783 3293 odor
809 3202 934 3308 agri
957 3235 1102 3305 pleni
1130 3233 1194 3300 ",
1234 3253 1253 3285 ι
1296 3232 1442 3303 quod
1471 3229 1808 3286 sanctiﬁcata
1836 3237 1922 3284 est
1949 3228 2053 3282 Ec—
2085 3202 2132 3266 α
2164 3202 2189 3208 ⁷
2232 3230 2432 3297 Allare,
2463 3231 2571 3287 vita
2593 3233 2886 3304 justorum,
2917 3243 2979 3290 ut
3004 3235 3060 3290 in
3099 3235 3298 3293 Genesi
3329 3257 3342 3292 :
3390 3258 3408 3290 ‹
3445 3238 3750 3295 ΑΞάἰῦεςιι-ἱι

463 3332 630 3388 elesia
669 3331 737 3386 de
785 3329 1076 3386 sanctitate
1136 3325 1360 3392 Christi,
1412 3325 1479 3380 de
1523 3324 1677 3395 cujus
1721 3322 2060 3393 plenitudine

462 3439 566 3480 nos
595 3437 786 3478 omnes
829 3419 1158 3490 accepimus.
1190 3418 1347 3489 Ager,
1397 3417 1577 3488 patria
1623 3415 1883 3482 caelestis,
1913 3425 1975 3470 ut
2004 3415 2060 3470 in

459 3511 742 3570 Parabolis
775 3531 787 3566 :
835 3532 852 3564 ι
890 3510 1267 3567 Consideravit
1293 3526 1517 3581 agrum,
1547 3517 1603 3565 et
1628 3508 1762 3563 emit
1785 3523 1910 3563 eum
1939 3508 2004 3576 “,
2035 3529 2054 3561 ι

462 3607 608 3678 quod
654 3606 894 3662 studiose
919 3605 1094 3661 discat
1121 3603 1385 3671 Ecclesia,
1410 3619 1532 3674 quae
1563 3612 1692 3660 sunt
1712 3604 1908 3676 gaudia
1933 3603 2061 3660 vitae

463 3701 744 3774 perennis,
771 3708 826 3755 et
856 3715 957 3772 pro
979 3699 1059 3755 eis
1083 3698 1339 3754 laborare
1364 3713 1472 3752 non
1497 3705 1698 3752 cessat.

538 3793 721 3864 Agnus
751 3799 835 3848 est
887 3791 1163 3858 Christus,
1213 3798 1274 3845 ut
1302 3791 1356 3845 in
1385 3790 1612 3845 Exodo:
1644 3790 1687 3821 “
1723 3790 1910 3862 Agnus
1942 3791 2060 3847 sine

461 3885 672 3940 macula
729 3883 1073 3947 immolatur,
1123 3882 1176 3938 id
1198 3890 1303 3947 est,
1333 3880 1582 3937 Christus
1608 3882 1726 3938 sine
1751 3883 1910 3952 culpa
1938 3899 2058 3939 ma-

463 3978 625 4031 ritur.
686 3976 888 4046 Agnus,
943 3973 1185 4030 lubricus
1224 3974 1490 4044 quisque,
1536 3981 1599 4028 ut
1651 3973 1706 4028 in
1756 3972 2057 4041 Parabolis,

470 4087 490 4120 ι
530 4067 763 4123 Secutus
809 4081 930 4121 eam
960 4064 1118 4136 quasi
1145 4080 1316 4134 agnus
1355 4063 1644 4120 lasciviens
1671 4064 1736 4131 “,
1774 4084 1792 4117 ι
1827 4067 1974 4136 quod
1993 4067 2059 4123 Ii-

462 4159 744 4214 bidiuosus
772 4157 1121 4212 libidinosum
1153 4156 1416 4211 imitatur.
1460 4156 1568 4212 Per
1611 4173 1774 4228 agnos
1805 4157 2058 4228 apostoli,

462 4262 521 4308 ut
550 4250 812 4306 Dominus
848 4249 916 4302 ad
955 4264 1049 4304 eos
1075 4247 1131 4302 in
1169 4247 1464 4319 Evangelia
1501 4266 1513 4302 :
1552 4267 1572 4301 ‹
1608 4247 1750 4304 Ecce
1773 4263 1874 4320 ego
1902 4250 2060 4305 mitto

463 4359 560 4400 vos
595 4341 739 4397 sicut
783 4353 950 4411 agnos
977 4339 1120 4392 inter
1147 4338 1300 4409 lupos
1333 4336 1399 4405 ιδ,
1435 4359 1454 4391 ι
1497 4339 1553 4394 id
1589 4339 1841 4395 estinter
1869 4340 2061 4396 inﬁde-

463 4435 561 4490 les.
615 4431 722 4489 Per
762 4447 928 4503 agno:
971 4429 1076 4484 viri
1125 4429 1324 4495 sancti,
1353 4429 1496 4485 sicut
1534 4430 1590 4484 in
1640 4429 1824 4486 Isaia:
1859 4449 1880 4483 ‹
1914 4431 1983 4487 Et
2004 4432 2059 4486 in

463 4525 687 4582 brachio
736 4540 840 4581 suo
891 4521 1243 4594 congregahit
1296 4537 1464 4594 agnos
1491 4521 1558 4589 ¹⁵,
1597 4543 1617 4575 ι
1656 4522 1710 4578 id
1733 4531 1837 4590 εει,
1869 4523 1927 4580 in
1973 4539 2060 4578 ra-

465 4619 598 4674 bore
623 4632 722 4673 suo
752 4614 1030 4685 adjuvabit
1073 4615 1222 4671 viros
1243 4622 1479 4669 sanctas.
1505 4612 1610 4669 Per
1639 4630 1823 4685 agnos,
1850 4615 2059 4685 simpli-

468 4723 562 4764 ces
589 4717 646 4763 et
673 4709 1028 4773 innocentes,
1060 4715 1121 4762 ut
1149 4707 1201 4761 in
1247 4705 1538 4778 Evangelia
1581 4724 1596 4761 :
1634 4723 1653 4758 ι
1690 4705 1861 4762 Pasce
1891 4724 2060 4782 agnos

469 4816 620 4859 meas
643 4802 708 4868 “,
746 4823 765 4855 ι
799 4803 852 4858 id
881 4811 964 4857 εει
1008 4810 1355 4871 peccatores,
1385 4815 1522 4870 quos
1556 4815 1657 4872 ego
1683 4801 1886 4856 redemi
1934 4817 2063 4858 san-

473 4897 637 4970 guine
686 4911 826 4960 meo,
859 4895 1172 4950 innocentes
1209 4893 1323 4964 jam
1351 4891 1574 4948 eﬂ'ectas
1597 4893 1767 4948 nutrit
1797 4894 2060 4965 praedica-

469 4988 619 5043 tione
667 5001 786 5040 sua.
818 4986 968 5055 Agna
1020 4984 1246 5041 estvita
1299 4983 1499 5049 activa,
1544 4991 1604 5038 ut
1656 4983 1711 5039 in
1762 4983 2002 5040 Levitico
2044 5005 2058 5041 :

473 5099 493 5134 ι
527 5075 738 5139 Offerat
788 5092 984 5149 agnam
1038 5078 1104 5132 de
1151 5077 1404 5150 gregibus
1455 5076 1533 5142 '7,
1567 5095 1585 5129 ›
1637 5076 1690 5131 id
1737 5085 1842 5143 est,
1888 5077 2059 5133 vitam

468 5177 726 5228 exerceat
763 5169 1017 5236 activam,
1046 5184 1166 5239 quae
1192 5167 1496 5225 communis
1524 5175 1609 5224 est
1631 5168 1895 5239 pluribus.

541 5273 790 5346 Agricola
834 5283 920 5330 εει
956 5275 1100 5332 Deus
1129 5274 1327 5339 Pater,
1359 5280 1420 5328 ut
1453 5273 1508 5328 in
1534 5273 1862 5345 Evangelia:
1900 5295 1917 5326 ι
1955 5273 2060 5330 Pa-

472 5378 557 5426 ter
600 5382 754 5424 meus
795 5365 1030 5438 agricola
1061 5375 1146 5421 εει
1174 5364 1240 5431 ’⁸,
1279 5385 1298 5417 ι
1344 5365 1488 5434 quod
1535 5365 1649 5435 ipse
1677 5366 1733 5420 in
1777 5364 1915 5421 Filio
1962 5381 2062 5421 suo

543 5480 782 5536 ‘Matth.
834 5496 967 5544 xm,
1018 5477 1112 5532 24.
1161 5477 1181 5507 ¹
1221 5475 1412 5530 Matth.
1469 5493 1600 5544 xm,
1654 5476 1746 5532 44.
1804 5476 1955 5533 'Job
2001 5495 2167 5544 xxxv,
2218 5479 2272 5533 6.

2165 3321 2278 3379 Noe
2306 3323 2479 3379 altare
2504 3325 2744 3380 Domina'
2763 3326 2834 3392 ’⁸,
2872 3347 2891 3378 ι
2922 3329 3068 3397 quod
3102 3327 3381 3398 iustorum
3404 3332 3576 3387 vitam
3605 3332 3749 3389 Chri-

2165 3421 2281 3468 stus
2305 3416 2647 3470 consecravit
2672 3414 2844 3470 Patri.
2893 3415 3096 3484 Altare,
3132 3419 3352 3476 devotio
3381 3422 3591 3488 cordis,
3622 3433 3679 3476 ut
3701 3423 3747 3476 in

2165 3505 2474 3578 Evangelia.
2513 3527 2532 3560 ‹
2568 3507 2628 3563 Si
2672 3507 2835 3564 oﬁ‘ers
2879 3525 3078 3567 munus
3119 3521 3270 3569 tuum
3318 3515 3390 3570 ad
3435 3516 3609 3571 altare
3629 3516 3694 3580 ",
3727 3537 3744 3567 υ

2164 3597 2218 3652 id
2248 3607 2361 3660 est.
2388 3598 2433 3653 si
2462 3597 2719 3656 effuderis
2763 3601 3068 3658 orationem
3117 3612 3266 3660 tuam
3315 3623 3417 3677 per
3463 3610 3643 3664 cordis
3669 3613 3750 3664 de-

2163 3691 2457 3747 votionem.
2510 3691 2715 3760 Allare,
2745 3692 2870 3748 caeli
2921 3703 3213 3763 secretum,
3254 3707 3316 3752 ut
3363 3699 3421 3754 in
3467 3698 3695 3756 Psalmis
3737 3722 3748 3756 :

2168 3803 2188 3837 ι
2224 3784 2464 3840 lntroiba
2501 3787 2570 3842 ad
2619 3786 2791 3844 altare
2819 3787 2916 3845 Dei
2941 3787 3009 3856 '°,
3047 3809 3068 3843 ι
3101 3791 3158 3847 id
3199 3800 3304 3860 est,
3349 3796 3667 3865 perveniam
3691 3795 3754 3850 ad

2163 3885 2434 3934 secretum
2457 3879 2602 3935 caeli.

2231 3969 2427 4036 Aluus,
2477 3973 2789 4030 humanitas
2811 3974 3035 4044 Christi,
3081 3985 3142 4032 ut
3187 3977 3245 4034 in
3281 3975 3388 4034 Job
3431 3999 3446 4036 :
3497 3999 3516 4033 ι
3561 3981 3752 4038 Αιίιιιιιι

2162 4079 2344 4119 meum
2387 4067 2671 4123 exhorruit
2717 4084 2854 4125 uxor
2887 4085 3009 4127 mea
3037 4070 3106 4138 “,
3147 4093 3166 4125 ι
3207 4073 3262 4128 id
3292 4082 3416 4142 est,
3449 4077 3757 4133 humanita-

2161 4166 2270 4213 tem
2305 4174 2482 4215 meam
2518 4164 2845 4234 contempsit
2871 4180 3161 4237 synagoga.
3200 4166 3374 4222 Alitus
3402 4169 3614 4226 locutio
3633 4173 3754 4237 aris,

2161 4261 2223 4307 ut
2253 4253 2306 4308 in
2331 4252 2552 4310 Daniele
2579 4271 2596 4310 :
2632 4273 2651 4306 ι
2682 4255 2789 4311 Sed
2813 4264 2866 4312 et
2886 4257 3046 4312 alitus
3066 4273 3218 4313 meus
3239 4259 3628 4318 intercluditur
3645 4265 3708 4330 ⁸²,
3735 4285 3754 4316 ι

2163 4343 2218 4398 id
2235 4352 2337 4409 est,
2358 4361 2467 4400 non
2492 4345 2666 4401 solum
2687 4345 3058 4403 fortitudinem
3087 4350 3250 4406 corde
3269 4367 3459 4419 careo,
3483 4355 3581 4410 sed
3603 4357 3759 4411 etiam

2163 4435 2232 4490 ah
2269 4436 2384 4507 ipsa
2409 4436 2679 4494 locutione
2704 4439 2759 4494 in
2786 4456 2881 4496 ore
2900 4439 3237 4498 abmutesco.
3261 4443 3461 4513 Alfius,
3492 4450 3760 4519 suggestio

2164 4528 2385 4596 diaboli,
2414 4531 2554 4586 utin
2598 4530 2700 4587 Job
2737 4551 2749 4586 :
2788 4551 2808 4585 ‹
2848 4532 3023 4589 Alitus
3055 4534 3173 4606 ejus
3219 4551 3424 4606 prunas
3457 4541 3657 4596 ardere
3683 4541 3759 4595 fa-

2163 4625 2239 4682 cit
2264 4625 2333 4694 ³⁸,
2369 4646 2388 4680 ι
2441 4627 2497 4682 id
2531 4638 2639 4696 est,
2685 4631 3046 4702 cogitationes
3091 4636 3448 4705 reprcborum
3497 4640 3760 4696 diabolica

2165 4719 2442 4792 suggestia
2480 4723 2784 4778 succendit.

2235 4810 2342 4866 Per
2365 4811 2480 4866 alas
2524 4813 2894 4870 misericordia
2950 4817 3164 4873 Domini
3213 4828 3268 4876 et
3319 4821 3552 4890 veritas,
3595 4832 3661 4879 ut
3713 4825 3760 4878 in

2165 4903 2400 4960 Psalmis
2441 4923 2454 4959 :
2512 4925 2530 4958 ι
2584 4904 2696 4962 Sub
2754 4908 2948 4964 umbra
2997 4910 3207 4966 alarum
3264 4921 3486 4970 tuarum
3541 4925 3761 4987 protege

2166 5012 2277 5064 me,
2313 5017 2332 5050 ι
2369 4997 2423 5052 id
2453 5007 2560 5064 est,
2583 4999 2682 5054 sub
2711 4999 3023 5072 adjumento
3057 5005 3446 5064 misericordiae
3477 5018 3535 5065 et
3563 5013 3759 5067 verita-

2168 5091 2238 5146 tis
2268 5099 2373 5147 tua:
2399 5091 2626 5148 defende
2655 5111 2763 5151 me.
2807 5095 2913 5151 Per
2941 5096 3056 5152 alas
3099 5108 3367 5171 praecepta
3418 5103 3636 5160 Domini
3659 5147 3674 5170 ,
3703 5115 3756 5160 ut

2166 5182 2222 5238 in
2269 5182 2503 5240 Psalmis
2544 5202 2557 5238 :
2597 5204 2617 5237 ι
2660 5185 2719 5240 ln
2753 5187 2990 5258 tegmine
3044 5188 3252 5245 alarum
3302 5199 3521 5247 tuarum
3573 5210 3754 5265 sper:-

2165 5275 2301 5331 bunt
2328 5274 2397 5341 “,
2435 5295 2453 5328 ι
2498 5275 2553 5330 id
2591 5285 2704 5342 est,
2737 5277 2792 5332 in
2838 5277 3151 5336 defensione
3193 5293 3590 5353 praeceptorum
3643 5295 3754 5339 tuo-

2167 5383 2288 5422 rum
2319 5369 2633 5438 sperabunt.
2669 5369 2775 5425 Per
2817 5369 2933 5425 alas
2963 5373 3222 5444 cogitatio
3257 5375 3363 5431 viri
3389 5379 3590 5445 sancti,
3618 5379 3748 5433 utin

2333 5480 2354 5511 ⁸
2389 5479 2547 5535 Cant.
2617 5495 2725 5548 vn,
2803 5482 2892 5537 11.
2940 5483 2962 5515 ⁸
3006 5483 3142 5540 Gen.
3188 5503 3349 5549 xxiv,
3399 5489 3487 5542 65.
3543 5491 3564 5520 ‘
3610 5488 3743 5544 Psal.

471 5568 619 5618 χιιχ,
668 5553 755 5606 11.
806 5551 827 5583 ⁷
871 5550 1030 5624 huc.“
1060 5564 1163 5624 xv,
1206 5547 1308 5624 25.
1363 5547 1596 5624 “Prov.
1631 5564 1792 5612 χχιν,
1841 5549 1995 5624 βρηξ
2022 5549 2055 5624 l_l

2212 5551 2255 5581 ¹⁰
2301 5550 2440 5624 Gen.
2493 5567 2676 5624 xxx",
2713 5547 2816 5608 ⁷27.
2874 5554 3094 5610 “Joan.
3148 5573 3185 5611 ι.
3237 5560 3279 5588 ¹²
3309 5547 3480 5614 Exod.
3533 5577 3649 5624 χιι,
3695 5561 3742 5613 5.

475 5625 518 5655 ¹³
546 5624 708 5695 Prov.
741 5638 848 5686 vu,
878 5619 1043 5695 22:1“
1075 5618 1274 5695 illatch
1294 5636 1344 5680 χ,
1393 5620 1679 5695 lti._"_lsa.
1714 5636 1802 5695 χι,
1833 5620 1919 5674 11.
1950 5620 1994 5650 ¹⁰
2016 5620 2055 5695 ξς

2163 5637 2336 5695 _._x_xl,
2380 5621 2466 5676 16.
2506 5623 2545 5653 ’⁷
2577 5621 2708 5695 Lev.
2736 5640 2789 5688 v,
2819 5625 2870 5678 6.
2905 5626 2947 5658 “
2974 5626 3131 5682 Joan.
3159 5645 3252 5693 xv,
3275 5630 3326 5683 1.
3355 5629 3397 5660 ¹⁹
3425 5629 3560 5685 Gen.
3591 5618 3663 5695 ui,
3693 5631 3740 5684 2.

472 5696 516 5727 ²⁰
558 5694 746 5747 Matth.
799 5708 916 5765 xxi,
953 5690 1120 5765 @L“
1146 5689 1317 5765 ibid;
1335 5691 1525 5765 γαίῃ
1560 5692 1604 5722 ³¹
1634 5691 1779 5745 Psal.
1816 5707 1984 5765 cxvu,

2163 5691 2404 5765 :‘Thren.
2440 5710 2502 5758 ιι,
2547 5694 2627 5747 17.
2671 5693 2719 5724 ’δ
2773 5696 2944 5751 Exod.
2977 5715 3073 5765 xx,
3101 5699 3192 5753 24.
3221 5689 3268 5730 ¹’⁵
3313 5701 3451 5756 Gen.
3507 5689 3660 5764 χχιι(
3691 5703 3736 5754 9.

550 5765 692 5844 Psal.
725 5779 861 5844 xxv,_
958 5759 1182 5844 1"Psal.
1212 5777 1262 5824 ι,
1287 5759 1378 5814 21.
1408 5762 1454 5844 1"
1482 5761 1618 5818 Gen.
1661 5778 1780 5828 vin,
1813 5762 1903 5818 20.
1944 5762 1988 5794 ³³
2024 5763 2055 5817 ll

2163 5764 2215 5844 h_.
2241 5779 2292 5828 v,
2318 5764 2410 5822 25.
2440 5765 2482 5796 ³⁰
2513 5765 2658 5821 Psal.
2693 5783 2826 5824 χιιι.
2857 5768 2900 5798 ³¹
2934 5766 3036 5824 Job
3060 5759 3190 5837 ’χιχ,
3227 5772 3314 5827 17.
3340 5772 3383 5804 ³³
3415 5772 3552 5832 Dan.
3577 5759 3637 5838 χ,
3659 5772 3734 5838 l7,

480 5836 525 5865 "
556 5834 655 5889 Job
701 5849 811 5896 χιι,
843 5833 927 5886 12.
957 5832 1000 5863 ³⁵
1026 5831 1169 5886 Psal.
1202 5847 1371 5898 xxxv,
1407 5833 1460 5887 8.
