3972 6336
254 399 357 457 857

1216 394 1636 454 ALLEGORUE
1679 394 1746 448 IN
1789 341 2575 452 sacnaii‘scmprumu.

3426 397 3530 454 858

254 512 394 568 Job:
430 531 448 563 ι
482 510 752 582 Expandit
795 509 906 564 alas
935 524 1061 566 suas
1089 511 1160 566 ad
1211 518 1458 581 stuprum
1485 510 1527 576 ί,
1563 529 1583 560 ›
1634 507 1686 563 id
1729 516 1832 572 est,
1866 508 1920 569 Α
1944 509 2139 562 anticus
2172 510 2344 564 sancti
2391 511 2587 582 angeli,
2621 520 2680 566 ut
2708 512 2764 566 in
2794 511 3060 567 Cantica:
3095 531 3114 563 ι
3157 511 3288 581 Quae
3314 512 3528 569 habitas

256 604 484 676 Spiritui
532 613 720 658 sancto
780 603 984 657 electus
1027 603 1257 674 quilibet
1307 602 1662 675 cogitationes
1717 615 1844 655 suas

254 698 430 768 aperit
467 713 564 769 per
600 695 1014 752 confessionem.
1053 695 1158 750 Per
1201 694 1316 750 alas
1361 695 1715 766 cogitationes
1743 695 1841 764 hy—

253 791 500 862 pocritae,
528 799 589 845 ut
613 790 669 845 in
711 786 814 845 Job
843 805 856 842 :
889 798 918 840 ι’
937 787 1072 842 Cum
1111 795 1327 860 tempus
1353 786 1543 851 fuerit,
1575 787 1631 841 in
1674 783 1844 838 altum

252 884 370 938 alas
407 882 632 954 erigit',
673 903 694 935 ι
747 881 894 953 quod
936 895 1060 935 cum
1093 879 1408 935 occasiones
1437 877 1674 944 invenit,
1699 875 1844 948 cogi-

251 975 489 1028 tationes
539 987 666 1028 suas
714 974 769 1028 in
823 969 1098 1044 publicum
1149 969 1505 1024 demonstrat.
1573 967 1677 1022 Per
1727 967 1842 1022 alas

248 1065 580 1137 cupiditates
604 1064 900 1136 rapacium,
929 1063 1065 1118 utin
1091 1062 1354 1118 Zacharia
1383 1081 1396 1116 :
1428 1080 1446 1114 ι
1476 1060 1543 1115 Ει
1572 1059 1846 1115 habebant

249 1157 391 1223 alas,
431 1158 588 1228 quasi
620 1155 736 1212 alas
781 1156 930 1211 milvi
973 1155 1018 1221 ³,
1057 1175 1076 1208 ›
1111 1155 1257 1224 quod
1301 1153 1481 1224 cupidi
1548 1169 1636 1208 res
1683 1153 1846 1208 alicui

249 1249 514 1304 invadere
544 1249 780 1303 student.
809 1247 915 1302 Per
933 1246 1047 1302 alas
1075 1246 1305 1302 virtutes
1325 1254 1670 1312 sanctorum,
1696 1253 1758 1300 ut
1791 1246 1845 1299 in

248 1341 582 1397 Ezechiele:
613 1361 632 1393 ι
666 1341 734 1396 Ει
773 1341 959 1396 audivi
1015 1355 1177 1396 voces
1224 1340 1452 1407 alarum,
1485 1341 1639 1411 quasi
1684 1355 1847 1395 voces

248 1451 522 1508 aquarum
574 1434 868 1490 multarum
913 1434 954 1499 ⁸,
994 1454 1012 1486 ι
1055 1435 1200 1505 quod
1247 1434 1475 1490 virtutes
1518 1433 1844 1504 Spirituales,

251 1545 379 1600 quae
405 1529 558 1600 prius
584 1529 640 1585 in
666 1530 853 1600 paucis
877 1537 1054 1597 erant,
1078 1528 1422 1601 postmodum
1449 1528 1504 1582 in
1530 1527 1716 1583 multis
1753 1543 1848 1598 ap-

249 1615 578 1690 paruerunt.
1750 1619 1752 1621 ’

325 1714 432 1770 Ρει·
467 1714 664 1770 alienos
714 1715 1018 1784 daemones,
1064 1723 1127 1771 ut
1185 1715 1240 1770 in
1286 1713 1562 1770 Psalmis:
1596 1729 1615 1764 ι
1669 1711 1846 1768 Alieni

253 1809 676 1864 insurrexerunt
713 1808 770 1863 in
791 1824 878 1864 me
903 1809 948 1876 ⁵,
983 1828 1002 1862 ι
1039 1809 1096 1864 id
1121 1817 1232 1876 est,
1275 1807 1546 1864 daemones
1571 1821 1846 1879 pugnave-

257 1911 391 1957 runt
415 1911 605 1958 contra
635 1916 741 1956 me.

328 1994 567 2050 Altitudo
612 1993 915 2050 sublimitas
961 2001 1047 2050 est
1086 1993 1457 2066 praemiorum,
1488 2001 1550 2047 ut
1601 1992 1657 2048 in
1711 1991 1847 2048 Ezt.L

253 2087 474 2144 chiele:
514 2106 534 2140 ι
575 2086 794 2143 Statura
833 2103 1046 2160 quoque
1070 2097 1188 2144 erat
1214 2088 1348 2143 rotis
1373 2095 1428 2143 et
1477 2086 1704 2142 altitudo
1743 2087 1784 2152 ⁸,
1822 2106 1841 2138 ι

253 2184 403 2255 quod
458 2183 513 2238 in
571 2182 853 2254 Scriptura
919 2199 1069 2240 sacra
1124 2185 1422 2240 addiscitur
1466 2191 1523 2240 et
1584 2184 1849 2240 rectitudo

252 2275 406 2340 vitae,
457 2283 514 2329 et
551 2274 776 2330 altitudo
825 2275 1027 2348 gloriae.
1085 2275 1359 2342 Altitudo,
1391 2277 1643 2347 princeps
1691 2273 1851 2344 hujus

253 2368 469 2434 mundi,
496 2378 555 2424 ut
582 2369 637 2424 in
663 2369 916 2425 Habacuc
941 2387 953 2424 :
991 2390 1010 2422 ι
1048 2369 1286 2425 Altitudo
1313 2385 1504 2426 manus
1533 2385 1660 2425 suas
1705 2369 1852 2424 leva-

252 2463 336 2519 bit
363 2464 407 2529 ",
437 2482 457 2514 ι
491 2464 634 2534 quod
676 2464 934 2520 sublimes
960 2463 1120 2532 hujus
1157 2464 1337 2520 saeculi
1379 2463 1649 2535 principes
1685 2479 1849 2534 opera

255 2571 358 2610 sua
381 2555 615 2628 erigunt.
646 2555 906 2621 Altitudo,
928 2557 1286 2626 prosperitas,
1313 2564 1373 2610 ut
1392 2555 1445 2609 in
1463 2554 1632 2610 Paulo
1653 2573 1666 2609 :
1690 2573 1709 2606 ι
1741 2554 1852 2611 Nec

251 2647 508 2714 altitudo,
551 2663 727 2719 neque
771 2647 1098 2717 profundum
1143 2647 1186 2712 ⁸,
1235 2667 1255 2700 ι
1299 2647 1354 2703 id
1391 2656 1494 2714 est,
1523 2661 1698 2719 neque
1725 2662 1851 2719 pro-

254 2755 443 2812 spera,
466 2756 643 2810 neque
669 2741 921 2796 adversa.

333 2832 558 2904 Albugo,
603 2833 821 2889 czecitas
847 2833 1046 2898 cordis,
1091 2839 1152 2887 ut
1179 2832 1234 2887 in
1265 2829 1432 2886 Tabia
1463 2850 1477 2888 :
1513 2851 1533 2884 ‹
1569 2831 1748 2902 Οωρίι
1774 2832 1853 2888 al-

253 2928 403 2996 bugo
457 2940 524 2980 ex
577 2926 749 2982 oculis
802 2927 918 2997 ejus
970 2925 1151 2997 egredi
1195 2924 1239 2991 ’,
1280 2944 1300 2977 ι
1340 2923 1484 2995 quod
1512 2940 1634 2980 cum
1665 2925 1718 2980 in
1747 2923 1852 2980 line

255 3017 448 3074 mundi
497 3033 531 3074 a
573 3019 774 3090 populo
823 3015 1051 3074 Iudaico
1105 3015 1354 3073 Christus
1402 3017 1565 3088 ccepit
1609 3018 1850 3089 agnosci,

255 3113 424 3185 longa
454 3113 521 3168 ab
560 3113 664 3179 eis,
704 3129 811 3185 qua
856 3129 1002 3169 nunc
1026 3121 1366 3184 premuntur,
1390 3111 1724 3167 infidelitatis
1746 3126 1851 3166 caa-

256 3206 404 3261 citas
443 3206 666 3262 recedit.
697 3205 926 3278 Albugo,
954 3203 1263 3277 arrogantia
1281 3202 1501 3268 mentis,
1528 3209 1590 3256 ut
1613 3201 1670 3256 in
1697 3200 1855 3256 Levi-

1875 1899 1926 1960 B
2022 1903 2290 1973 Amphora
2349 1911 2432 1958 est
2471 1902 2718 1967 avaritia,
2763 1908 2823 1955 ut
2865 1900 2921 1954 in
2963 1897 3226 1953 Zacharia

1946 599 1998 653 in
2029 601 2218 665 hortis,
2249 603 2410 658 amici
2453 603 2760 659 auscultant
2789 605 2855 670 ‘3,
2901 624 2921 658 ι
2963 604 3107 674 quod
3137 603 3315 676 angeli
3355 604 3529 660 sancti

1945 695 2194 751 humanae
2218 696 2413 751 animm
2455 695 2758 768 profectum
2811 696 3003 752 audire
3044 696 3374 752 desiderant.
3426 697 3532 752 Per

1945 787 2138 842 amicos
2187 787 2570 858 prmdicatores
2617 787 2813 853 sancti,
2842 787 2976 842 utin
2995 785 3098 843 Job
3129 804 3144 841 :
3179 806 3198 839 ι
3235 786 3534 843 Cancident

1945 897 2069 946 eum
2095 881 2254 937 amici
2280 881 2342 948 ¹⁹,
2385 900 2402 932 ι
2437 882 2581 952 quod
2609 882 2997 953 praedicatores
3037 881 3214 937 sancti
3255 880 3529 936 diabolum

1945 971 2000 1026 in
2031 971 2234 1037 electis,
2269 988 2404 1043 quos
2436 951 2502 1029 ad
2527 951 2692 1029 ﬁdem
2720 981 3062 1039 convertunt,
3085 972 3392 1028 destruunt.
3425 971 3531 1028 Per

1946 1065 2140 1120 amicos
2173 1066 2356 1121 εἱειεῐί
2381 1066 2592 1133 sancti,
2619 1077 2679 1121 ut
2705 1067 2761 1120 in
2788 1065 3119 1138 Evangelia:
3159 1084 3178 1118 ι
3222 1065 3332 1122 Vos
3363 1065 3526 1121 amici

1946 1159 2054 1214 mei
2095 1159 2247 1225 estis,
2277 1158 2322 1213 si
2361 1157 2605 1214 feceritis
2648 1174 2768 1230 qua:
2809 1158 3069 1229 prtecipio
3111 1156 3265 1212 vobis
3304 1156 3371 1222 ²⁰,
3411 1176 3431 1208 ι
3477 1155 3532 1212 id

1946 1262 2052 1320 εει,
2079 1262 2208 1310 tunc
2237 1269 2324 1309 me
2361 1256 2580 1320 amatis,
2613 1255 2658 1309 si
2688 1265 2958 1326 prtecepta
2986 1269 3106 1309 mea
3139 1253 3389 1308 servatis.

2015 1345 2201 1400 Amica
2222 1358 2306 1402 est
2330 1356 2518 1402 sancta
2546 1346 2788 1402 Ecclesia
2806 1388 2821 1413 ,
2851 1355 2910 1400 ut
2936 1347 2990 1400 in
3017 1345 3241 1401 Cantica
3267 1363 3280 1399 :
3319 1363 3338 1395 ‹
3370 1343 3532 1408 Ecce,

1949 1449 2004 1494 tu
2033 1439 2257 1510 pulchra
2283 1455 2364 1505 es,
2395 1439 2570 1495 amica
2599 1455 2718 1494 mea
2750 1440 2820 1506 ¹¹,
2855 1458 2873 1492 ι
2915 1438 3060 1508 quod
3102 1436 3368 1508 spirituali
3411 1450 3534 1490 san-

1946 1540 2034 1589 cta
2065 1532 2306 1588 Ecclesia
2330 1532 2727 1602 pulchritudine
2756 1531 2912 1586 nitet.
2939 1530 3046 1585 Per
3075 1529 3297 1584 amicam
3315 1569 3330 1593 ,
3361 1525 3538 1582 sancti

1947 1625 2155 1695 angeli,
2186 1634 2246 1680 ut
2287 1625 2342 1679 in
2367 1624 2660 1696 Evangelia
2688 1643 2701 1678 :
2737 1643 2756 1675 ι
2789 1623 3066 1679 Convocat
3094 1622 3298 1676 amicas
3321 1629 3376 1674 et
3403 1617 3536 1674 vici-

1946 1732 2047 1771 nas
2065 1717 2133 1782 ”,
2172 1735 2190 1767 ι
2227 1717 2369 1786 quod
2412 1717 2466 1771 in
2492 1731 2556 1770 eo
2599 1715 2773 1788 angeli
2813 1715 3027 1770 Domini
3053 1713 3304 1785 diligunt,
3333 1713 3388 1767 in
3427 1727 3534 1782 quo

1950 1811 2017 1865 ab
2047 1810 2164 1881 ejus
2190 1825 2323 1865 voce
2345 1825 2620 1879 nunquam
2642 1808 2942 1865 discedunt.

3276 1916 3351 1952 ε(
3410 1895 3538 1952 H336

1951 2003 2034 2050 est
2059 1996 2318 2065 amphora
2359 1994 2641 2064 egrediens
2662 1993 2733 2060 ’³,
2772 2013 2790 2045 ι
2832 1993 2974 2063 quod
3009 1991 3188 2045 nullus
3225 1999 3327 2056 est,
3353 1989 3444 2060 qui
3473 1989 3540 2044 ab

1951 2089 2177 2143 avaritia
2218 2087 2474 2142 immunis
2519 2086 2609 2141 sit.
2646 2086 2934 2157 Amphora,
2965 2085 3156 2139 modus
3196 2083 3251 2137 in
3296 2092 3542 2138 contem-

1950 2182 2211 2255 platione,
2247 2191 2308 2236 ut
2336 2181 2390 2236 in
2433 2181 2586 2236 libris
2611 2180 2819 2252 Regum
2845 2198 2858 2234 :
2898 2200 2916 2231 ‹
2945 2179 3013 2234 Ει
3043 2179 3266 2233 adduxit
3292 2192 3416 2232 eum
3457 2191 3544 2232 se-

1950 2291 2074 2331 cum
2111 2275 2165 2330 in
2204 2275 2389 2330 vitulis
2418 2275 2620 2341 tribus,
2647 2283 2702 2330 et
2743 2274 2920 2329 modio
2951 2273 3170 2338 farinae,
3199 2280 3254 2326 et
3282 2272 3540 2342 amphora

1949 2370 2061 2425 vini
2088 2369 2155 2436 ³⁵,
2195 2389 2214 2423 ›
2259 2371 2403 2440 quod
2425 2378 2552 2426 tunc
2583 2371 2692 2426 Dea
2731 2371 2843 2425 vita
2889 2379 3075 2425 nostra
3101 2368 3329 2423 otl‘ertur
3378 2367 3538 2429 bene,

1951 2468 2169 2540 quando
2215 2484 2339 2524 cum
2383 2467 2807 2524 mortiﬁcatione
2855 2467 3112 2522 vanitatis
3159 2473 3215 2520 et
3250 2462 3541 2519 curiosita—

1953 2563 2043 2630 tis,
2085 2571 2140 2618 et
2164 2562 2479 2633 voluptatis,
2521 2570 2576 2616 et
2595 2561 2986 2632 plenitudinem
3013 2559 3068 2613 in
3097 2557 3332 2622 actione,
3358 2562 3414 2610 et
3453 2551 3540 2607 di-

1953 2655 2283 2726 scretionem
2309 2663 2558 2710 tenemus
2583 2655 2636 2709 in
2659 2653 3133 2725 contemplatione.

2023 2745 2264 2802 Annulus
2315 2755 2398 2802 est
2427 2747 2766 2817 signaculum
2811 2745 2956 2811 lidei,
2983 2754 3044 2800 ut
3089 2744 3144 2798 in
3195 2741 3540 2814 Evangelia:

1960 2859 1980 2891 ι
2022 2839 2156 2894 Date
2183 2837 2440 2893 annulum
2464 2839 2518 2893 in
2555 2854 2718 2894 manu
2747 2837 2864 2908 ejus
2888 2837 2956 2902 ’⁵,
2993 2856 3012 2888 ›
3053 2837 3108 2892 id
3138 2844 3241 2903 est,
3277 2836 3436 2890 ﬁdem
3483 2835 3538 2888 in

1953 2949 2117 3005 opere
2146 2949 2264 2988 suo.
2295 2931 2400 2988 Per
2444 2924 2697 2987 annulum
2736 2931 2872 2987 liber
2920 2929 3361 3002 Evangeliorum,
3386 2936 3447 2981 ut
3488 2928 3542 2982 in

1954 3025 2141 3081 Exodo
2175 3025 2241 3092 ³⁸,
2277 3039 2375 3096 per
2405 3033 2639 3094 quatuor
2665 3039 2810 3080 arca:
2847 3022 3078 3094 angulos
3115 3028 3276 3076 erant
3314 3027 3546 3090 quatuor

1956 3119 2160 3185 annuli,
2183 3119 2329 3190 quod
2358 3127 2594 3189 quatuor
2617 3126 2800 3190 partes
2825 3115 3079 3172 Ecclesiae
3101 3155 3115 3182 ,
3147 3112 3268 3168 libri
3313 3120 3546 3182 quatuor

1956 3212 2418 3282 Evangelistarum
2443 3213 2719 3267 decorant.
2749 3210 2853 3266 Per
2873 3207 3095 3264 annulo:
3120 3206 3361 3279 germina
3389 3213 3546 3259 mter-

257 3300 420 3356 liCO:
464 3319 483 3352 ι
531 3297 590 3354 Si
637 3273 944 3371 albusiriem
975 3273 1182 3354 habens
1221 3298 1274 3352 in
1320 3296 1478 3354 oculo
1506 3296 1571 3361 ¹⁰,
1606 3315 1623 3348 ›
1659 3295 1713 3352 id
1746 3304 1850 3362 est.
1881 3273 1926 3337 (ἶ
1961 3321 2042 3361 nae
2078 3273 2446 3370 beatitudinis,
2486 3313 2545 3360 ut
2573 3305 2628 3360 in
2658 3304 2889 3360 Exodo:
2925 3321 2944 3353 ι
2978 3301 3045 3356 Ει
3076 3273 3266 3356 fundes
3293 3299 3344 3353 in
3368 3299 3538 3353 vecti-

256 3394 310 3448 si
337 3393 708 3465 arrogantiam
738 3392 794 3448 in
822 3391 1021 3447 animo.

336 3485 466 3540 Alae
503 3486 676 3541 virtus
715 3492 800 3541 est
840 3483 1217 3550 continentiae,
1251 3492 1311 3540 ut
1340 3484 1394 3539 in
1422 3482 1648 3540 Cantica
1679 3503 1692 3539 :
1731 3501 1751 3536 ‹
1787 3483 1856 3539 Ει

257 3578 387 3634 aloe
416 3591 538 3633 cum
585 3577 835 3632 omnibus
867 3577 1124 3648 pretiosis
1170 3577 1456 3656 unguentis
1487 3577 1552 3642 “,
1591 3596 1609 3628 ι
1663 3576 1718 3632 id
1750 3584 1854 3644 est,

258 3672 600 3729 continentia
629 3687 752 3727 cum
782 3673 1033 3728 omnibus
1069 3671 1297 3727 summis
1342 3669 1651 3725 virtutibus.
1700 3668 1854 3736 Alae,

256 3765 516 3838 voluptas
537 3767 750 3830 carnis,
793 3772 855 3820 ut
888 3765 942 3820 in
973 3764 1282 3822 Proverbiis
1314 3782 1326 3819 :
1367 3784 1385 3816 ι
1422 3762 1643 3832 Aspersi
1678 3761 1857 3818 cubile

256 3873 450 3914 meum
488 3858 710 3930 myrrha
739 3864 793 3911 et
835 3857 954 3913 aloe
991 3857 1054 3922 ¹¹,
1091 3875 1110 3909 ‹
1143 3856 1335 3921 idest,
1364 3854 1580 3925 implevi
1619 3861 1854 3910 mentem

257 3961 449 4009 meam
477 3951 760 4008 dulcedine
780 3959 835 4008 et
859 3951 1133 4023 voluptate
1153 3949 1380 4006 carnali.

337 4043 521 4098 Altilia
540 4043 730 4100 Patres
756 4051 881 4099 sunt
918 4042 1073 4111 Novi,
1105 4051 1166 4098 ut
1191 4043 1246 4098 in
1273 4033 1565 4112 Evangelia
1591 4058 1604 4094 :
1638 4060 1656 4092 ι
1691 4039 1856 4094 Tauri

256 4138 376 4195 mei
421 4145 478 4193 et
527 4137 692 4194 altilia
745 4137 926 4194 accisa
955 4137 1022 4204 ⁸³,
1066 4157 1083 4188 ι
1121 4137 1175 4193 id
1217 4145 1319 4203 est,
1367 4134 1579 4198 Veteris
1623 4143 1676 4189 et
1722 4132 1856 4188 Novi

258 4231 602 4288 Testamenti
648 4231 839 4288 Patres
879 4229 1227 4287 refectionem
1271 4229 1427 4286 nobis
1466 4235 1661 4300 parant
1699 4226 1858 4298 spiri-

259 4325 496 4381 tualem.

337 4419 554 4474 Amicus
601 4405 688 4476 est
731 4418 1003 4484 Christus,
1043 4424 1103 4473 ut
1146 4417 1204 4472 in
1234 4415 1461 4473 Cantica
1495 4431 1512 4470 :
1561 4434 1580 4469 ι
1629 4415 1748 4486 ipse
1773 4423 1858 4472 est

257 4513 477 4568 amicus
502 4527 689 4578 meus,
719 4510 844 4567 ﬁliae
886 4509 1184 4566 Jerusalem
1212 4508 1277 4574 “,
1315 4527 1334 4560 ι
1370 4509 1513 4577 quod
1550 4507 1606 4561 in
1646 4514 1858 4560 tantum

256 4603 568 4660 Ecclesiam
596 4619 751 4660 suam
779 4601 1018 4668 amavit,
1049 4609 1108 4656 ut
1131 4606 1435 4655 moreretur
1477 4614 1578 4669 pro
1605 4613 1689 4653 ea.
1714 4597 1858 4650 Ami-

258 4714 383 4761 cus,
397 4696 626 4767 quilibet
636 4695 917 4766 proximus
928 4701 1129 4749 noster.
1151 4692 1209 4747 In
1225 4692 1296 4746 Pa
1305 4691 1503 4746 rabolis
1518 4690 1822 4746 Salomonis
1840 4708 1854 4744 :

264 4809 284 4841 ι
327 4787 432 4843 Fili
471 4788 647 4855 mi,si
671 4785 1026 4859 spoponderis
1054 4801 1151 4856 pro
1180 4785 1356 4840 amica
1391 4793 1481 4839 tuo
1508 4784 1572 4850 “',
1611 4802 1630 4836 ι
1677 4783 1856 4849 idest,

1957 3398 2061 3454 bus
2089 3396 2317 3453 annulus
2345 3411 2540 3452 aureos
2563 3396 2631 3462 ’7,
2664 3416 2684 3450 ι
2716 3394 2860 3467 quod
2902 3408 3002 3464 pro
3041 3391 3216 3458 bonis,
3241 3406 3362 3462 qua:
3400 3403 3545 3444 nunc

1958 3502 2276 3544 exercemus
2310 3486 2564 3558 operibus
2584 3487 2790 3542 claram
2817 3485 3232 3558 perpetuitatem
3249 3523 3264 3550 ,
3288 3492 3343 3538 et
3361 3497 3547 3554 perpe-

1956 3587 2107 3636 tuam
2137 3579 2440 3636 claritatem
2466 3576 2882 3648 possidebimus.

2028 3673 2212 3727 Annus
2248 3679 2331 3726 est
2359 3678 2570 3740 tempus
2608 3669 2830 3741 gratiae,
2867 3677 2929 3723 ut
2971 3669 3027 3722 in
3066 3667 3244 3724 isaia:
3281 3685 3300 3719 ι
3341 3663 3547 3719 Praedi-

1958 3771 2080 3822 cate
2106 3779 2308 3818 annum
2345 3761 2664 3832 placabilem
2692 3762 2765 3827 ’⁸,
2800 3781 2819 3814 ι
2855 3761 2910 3816 id
2937 3768 3056 3825 est,
3093 3761 3382 3816 adventrum
3423 3771 3548 3826 gra-

1958 3861 2074 3928 tiae,
2100 3874 2220 3931 quae
2246 3858 2402 3914 nobis
2435 3872 2558 3914 eum
2608 3858 2831 3913 exhibet
2861 3856 3160 3927 placatum.
3193 3853 3376 3908 Annus
3403 3851 3542 3906 mul-

1961 3955 2138 4011 titudo
2169 3953 2604 4022 redemptorum,
2638 3957 2700 4004 ut
2720 3949 2773 4003 in
2797 3947 2898 4004 Job
2929 3963 2944 4002 :
2993 3967 3011 3999 ‹
3057 3945 3175 4002 Non
3206 3949 3548 4014 computetur

1959 4048 2016 4103 in
2049 4045 2240 4102 diebus
2282 4043 2410 4099 anni
2455 4043 2526 4109 ’9,
2571 4062 2591 4094 ›
2632 4041 2776 4097 inter
2823 4040 3060 4105 electos,
3107 4038 3197 4107 qui
3249 4035 3542 4098 salvantur,

1960 4147 2208 4212 apostata
2236 4152 2388 4209 Spem
2430 4136 2496 4190 ad
2528 4135 2884 4190 salvatianem
2905 4147 3012 4188 non
3043 4129 3286 4186 assumit.
3321 4125 3426 4182 Per
3451 4143 3548 4180 an-

1960 4251 2118 4300 num,
2149 4231 2427 4288 aeternitas
2462 4228 2686 4295 Christi,
2729 4236 2789 4283 ut
2816 4228 2872 4283 in
2916 4224 3127 4298 psalmo
3167 4241 3180 4277 :
3225 4241 3244 4273 ι
3281 4221 3342 4275 ln
3388 4233 3547 4291 gene-

1961 4328 2174 4383 ratione
2221 4334 2277 4380 et
2312 4323 2658 4396 generatione
2701 4322 2828 4377 anni
2873 4319 2948 4375 tui
2977 4318 3048 4385 ³ο,
3089 4337 3108 4370 ›
3149 4315 3294 4386 quod
3333 4327 3546 4381 semper
3638 4383 3644 4392 ἡ

1961 4421 2120 4478 durat
2159 4416 2436 4473 atternitas
2477 4415 2594 4472 Dei.
2635 4414 2741 4472 Per
2771 4429 2992 4478 annum,
3022 4410 3135 4464 vita
3173 4415 3382 4472 nostra,
3411 4413 3470 4460 ut
3493 4405 3546 4458 in

1959 4511 2175 4568 Psalmo
2227 4527 2240 4563 :
2288 4527 2306 4560 ι
2367 4507 2509 4562 Anni
2547 4506 2722 4563 nostri
2763 4505 2904 4561 sidut
2943 4515 3144 4556 aranea
3205 4498 3546 4554 meditabunv

1961 4614 2050 4660 tur
2068 4603 2136 4669 δι,
2171 4621 2188 4653 ι
2219 4601 2271 4656 id
2294 4607 2400 4666 est,
2422 4599 2534 4655 vita
2554 4607 2741 4654 nostra
2767 4595 3018 4652 inanibus
3039 4601 3095 4648 et
3113 4589 3547 4661 corruptionibua.

1961 4694 2174 4752 stridet.

2031 4783 2240 4840 Ancilla
2265 4793 2348 4841 est
2390 4780 2633 4838 Ecclesia
2654 4820 2670 4846 ,
2693 4787 2753 4834 ut
2775 4778 2832 4831 in
2872 4774 3101 4830 Psalmis
3129 4791 3143 4828 :
3174 4759 3442 4827 TSalvum
3464 4767 3550 4824 fac

257 4881 516 4955 proximo
563 4890 673 4936 tua.
721 4881 957 4945 Amicus,
1009 4879 1221 4934 animus
1245 4885 1446 4942 noster,
1477 4884 1537 4932 ut
1573 4877 1630 4931 in
1681 4876 1860 4931 Evan—
1960 4879 2130 4935 lilium
2185 4877 2394 4933 ancillae
2421 4884 2524 4930 tuae
2563 4873 2632 4940 ⁸³,
2669 4891 2687 4923 ι
2723 4871 2774 4926 id
2802 4878 2885 4925 est
2928 4883 3032 4934 me,
3072 4867 3165 4938 qui
3203 4879 3322 4920 sum
3379 4877 3548 4918 mem-

259 4952 412 5047 gelio
453 4993 466 5028 :
506 4993 524 5026 ι
558 4974 781 5029 Amicus
828 4989 981 5029 meus
1017 4974 1167 5028 venit
1195 4972 1384 5046 devia
1419 4972 1488 5027 ad
1529 4986 1616 5026 me
1644 4970 1707 5036 ¹⁶,
1745 4990 1764 5023 ι
1802 4971 1856 5027 id
1959 4973 2118 5028 brum
2142 4969 2419 5026 Ecclesiae.
2448 4965 2676 5030 Ancilla,
2705 4977 2834 5020 caro
2853 4957 3252 5030 corruptibilis,
3278 4955 3416 5047 utin
3447 4952 3551 5009 Ge-

259 5074 384 5131 est,
410 5066 622 5122 animus
652 5081 803 5122 meus
829 5067 898 5121 ad
927 5080 1006 5121 se.
1055 5065 1278 5120 Amicus
1309 5073 1388 5120 est
1415 5063 1727 5134 aliquando,
1763 5063 1857 5134 qui
1963 5064 2081 5121 ηεεί
2115 5081 2129 5117 :
2175 5081 2194 5114 ι
2234 5059 2378 5129 Ejice
2427 5056 2678 5112 ancillam
2729 5064 2783 5110 et
2832 5053 3000 5107 lilium
3051 5048 3166 5119 ejus
3196 5048 3266 5115 ³³,
3305 5067 3324 5100 ι
3365 5045 3418 5101 id
3443 5052 3549 5129 est,

260 5157 388 5214 solo
410 5157 626 5212 nomine
644 5165 730 5213 est
747 5156 1114 5222 Christianus,
1137 5163 1194 5210 ut
1218 5156 1272 5210 in
1295 5155 1626 5226 Evangelia:
1663 5172 1682 5205 ι
1715 5154 1860 5210 Ami—
1967 5169 2186 5212 carnem
2219 5150 2459 5222 despice,
2486 5156 2542 5204 et
2582 5145 2856 5204 carnalem
2884 5145 3118 5200 fructum
3152 5141 3288 5214 ejus.
3318 5139 3425 5194 Per
3461 5155 3554 5190 an-

262 5267 356 5315 cc,
384 5251 654 5321 quomodo
687 5252 794 5307 huc
824 5251 1037 5307 intrasti
1071 5250 1157 5304 ‘7?
1199 5270 1218 5302 ι
1262 5251 1407 5319 quod
1444 5249 1661 5318 iniquus
1695 5248 1860 5303 homo
1967 5245 2144 5302 cillam
2188 5242 2570 5314 praedicatores
2599 5237 2886 5303 Ecclesiae,
2921 5245 2983 5292 ut
3015 5237 3070 5292 in
3110 5233 3250 5290 Job:
3285 5252 3304 5285 ι
3339 5228 3555 5302 Ligabit

261 5353 326 5400 et
363 5351 585 5415 propter
621 5343 802 5408 ﬁdem,
831 5358 993 5414 quam
1019 5350 1182 5408 tenet,
1209 5341 1414 5396 amicus
1448 5349 1569 5406 est;
1599 5341 1692 5396 sed
1719 5340 1864 5410 quod
1971 5352 2092 5394 eam
2136 5334 2348 5392 ancillis
2394 5333 2508 5389 suis
2529 5331 2596 5398 ³⁵,
2635 5352 2654 5385 ι
2690 5331 2834 5402 quod
2865 5330 3124 5385 Dominus
3166 5343 3265 5400 per
3292 5322 3550 5415 praedica-

262 5414 541 5493 charitate
580 5445 768 5502 caret,
793 5443 1002 5491 vestem
1048 5433 1340 5506 nuptialem
1391 5449 1500 5489 non
1530 5433 1713 5489 habet.
1760 5433 1865 5488 Per
1973 5443 2118 5489 tores
2170 5443 2298 5485 suos
2341 5426 2616 5482 diabolum
2661 5423 2848 5480 vincit.
2900 5422 3010 5478 Per
3053 5420 3302 5477 ancillam
3349 5414 3554 5472 eti‘emi-

350 5556 365 5585 ¹
396 5551 496 5608 Job
543 5569 731 5619 xxxix,
761 5553 850 5608 29.
885 5553 906 5584 ’
934 5550 1037 5607 Job
1091 5565 1244 5614 xxxx,
1268 5548 1357 5603 2'1.
1387 5548 1596 5619 “Zach.
1625 5563 1680 5612 v,
1716 5548 1769 5602 9.
1804 5550 1826 5580 ⁸

1960 5548 2074 5619 τεὴ.
2101 5561 2152 5619 ι,
2185 5543 2276 5598 24.
2311 5543 2332 5575 "
2353 5542 2499 5619 Psal.
2533 5555 2746 5619 ιιιιηιν.
2796 5539 2817 5570 ⁶
2867 5538 3067 5619 Ειιεσῖῴ-Ξ
3101 5537 3254 5619 1,.1‘8:
3285 5532 3560 5619 Alnllabac.’

261 5645 356 5691 ιιι,
400 5605 494 5679 lli.
521 5605 730 5680 ίιὶὀὲῆἰ
766 5605 894 5688 viii,
923 5605 1058 5679 39.7’
1093 5605 1332 5682 Tobfxr,
1364 5610 1451 5691 μ.
1487 5605 1842 5691 ¹⁰Ιιεγῇιηχι

1960 5620 1998 5675 ).
2041 5617 2080 5649 ¹¹
2113 5605 2271 5691 Cant.
2314 5613 2510 5691 tv,
2568 5605 2811 5691 "Prov.
2850 5626 2954 5691 vi],
2992 5609 3084 5691 l7.
3125 5607 3169 5638 ¹³
3196 5605 3552 5691 ξίέιιιξιὴιιιιιι,

262 5673 430 5754 1-,”-
447 5673 894 5761 ’(Ξαηίῗῖῖὶδῗῖί
917 5673 1076 5750 Prov.
1103 5673 1334 5758 viil.“
1365 5689 1492 5744 Luc.
1532 5705 1609 5753 χι,
1655 5688 1709 5743 6.
1741 5690 1780 5722 ⁸⁷
1814 5673 1847 5744 lli

1960 5673 2002 5745 ά.
2032 5687 2292 5761 χχιιλῼ.
2328 5673 2550 5761 ‘_“'Cant:
2586 5683 2816 5761 ηιμ-ιζ).
2854 5681 2896 5712 ³⁸
2925 5673 3151 5761 ,ΜΡ-χιε,
3183 5678 3289 5761 εδ.
3327 5676 3370 5706 ²⁰
3393 5673 3551 5761 .1an.

411 5745 846 5829 Mfﬁ‘Cahtft,
874 5745 1073 5831 tsi'e'l
1099 5745 1184 5827 tv,’
1211 5745 1262 5826 ἰ,
1287 5763 1356 5827 7;
1389 5769 1444 5816 et
1473 5776 1548 5826 vr,
1677 5761 1721 5833 ’ἕ
1759 5761 1847 5833 Lm

1960 5745 2389 5833 :v,A9.‘_""_Zach.
2419 5772 2474 5821 ν,
2519 5754 2660 5833 θί-βδ
2755 5755 2890 5833 ἰξες.
2911 5769 2950 5817 ι,
2982 5751 3071 5805 24.
3106 5749 3152 5780 ³⁸
3182 5745 3554 5833 Μιεκξνλᾷξ,

265 5815 519 5894 ῗθήὲτξδίί.
1216 5815 1262 5866 δέ
1295 5815 1621 5896 ls’a.Lx1,'2.
1671 5832 1716 5864 ’θ
1762 5831 1847 5889 Jol

1976 5815 2084 5899 ,’6.
2117 5829 2160 5861 ³ο
2206 5828 2348 5884 Psal.
2407 5815 2496 5895 ct,
2539 5826 2632 5882 ‘25.
2688 5825 2732 5858 ³¹
2772 5815 3198 5887 Ρεῖιιζωιχχιοχ,
3237 5820 3290 5874 9.
3327 5815 3371 5850 ³⁸
3411 5816 3554 5876 Psal.

273 5927 482 5975 uxxv,
514 5910 593 5966 l6.
628 5911 672 5942 ³³
713 5908 849 5964 Gen.
885 5923 997 5973 χχι,
1046 5908 1131 5964 10.
1160 5907 1204 5938 ³⁸
1238 5903 1338 5962 Job
1367 5920 1457 5968 XL.
1482 5903 1574 5958 24.
