3972 6336
580 386 686 446 863

1221 384 1283 441 Β.
1325 387 1581 444 HABANI
1620 388 1840 444 MAURI
1878 387 2170 445 ARCHIEP

2214 371 2552 444 "uocum.
2592 386 2878 444 OPERUM
2918 389 3096 444 rans
3135 390 3218 445 ιιι.
3665 410 3733 467 εδ,

580 505 810 574 sperabo
843 505 882 570 ι,
920 523 936 554 ι
981 503 1038 557 id
1068 513 1170 568 est,
1202 503 1270 559 de
1326 520 1448 562 meo
1496 506 1690 562 robore
1741 523 1846 562 non
1877 507 2168 562 confidam.
2199 508 2251 569 Α
2277 503 2487 574 praelati
2517 503 2570 557 in
2598 501 2819 558 Christo
2843 513 3162 574 genuerunt.
3189 503 3289 559 Per
3315 509 3498 562 arietem
3532 517 3735 582 rationales

581 597 749 650 Arcus
778 597 796 612 '
825 604 886 650 ut
918 595 973 650 in
1000 595 1270 652 Psalmis:
1310 618 1328 651 ι
1361 599 1688 655 Peccatores
1712 600 2064 656 intenderunt
2089 616 2178 654 ar-

580 705 704 744 cu-m
757 704 915 743 suum
961 689 1021 755 ',
1076 710 1095 741 ι
1152 691 1298 758 quod
1345 688 1518 746 Judaei
1574 693 1836 747 adversus
1888 691 2175 746 Dominum

581 780 733 836 dolos
772 788 1152 835 exercuerunt.
1189 780 1359 835 Arcus
1394 786 1411 801 '
1443 781 1810 853 Evangelista,
1847 782 1990 837 ut'in
2020 781 2175 837 Psal-

582 875 724 929 mis:
775 893 792 924 ι
820 874 1024 930 Arcum
1067 888 1270 928 :ereum
1294 873 1336 940 ⁸,
1368 894 1388 927 ι
1446 875 1499 928 id
1547 884 1648 940 est,
1691 873 1860 930 fortes
1901 875 2179 946 operarios

582 981 734 1022 meos
784 965 960 1021 fecisti
1008 964 1349 1022 inﬂexibiles.
1407 968 1609 1034 Arcus,
1655 982 1812 1022 sacra
1870 966 2174 1038 Scriptura,

581 1068 643 1114 ut
693 1059 747 1114 in
775 1059 1042 1115 Psalmis:
1091 1079 1108 1110 ι
1142 1059 1346 1114 Arcum
1405 1076 1561 1116 suum
1615 1059 1926 1126 tetendit",
1969 1081 1987 1113 ι
2033 1061 2177 1131 quod

582 1165 796 1207 sacram
821 1149 1161 1222 Scripturam
1193 1151 1352 1207 nobis
1376 1151 1638 1208 Dominus
1665 1153 1928 1208 exhibuit.
1983 1153 2174 1223 Arcus,

582 1244 934 1300 comminatio
995 1242 1226 1312 judicii,
1290 1253 1350 1300 ut
1393 1244 1449 1299 in
1503 1245 1734 1300 Psalmis
1781 1263 1794 1298 :
1873 1265 1891 1297 ι
1943 1245 2180 1318 Fugiant

581 1349 614 1389 a
645 1333 786 1390 facie
825 1350 986 1390 arcus
1033 1335 1074 1400 ",
1127 1355 1146 1387 ι
1189 1335 1241 1391 id
1274 1343 1378 1401 εει,
1415 1336 1649 1390 evadant
1681 1337 1947 1407 judicium
1998 1346 2178 1392 extre-

583 1442 754 1482 mum.
803 1428 992 1493 Arcus,
1041 1427 1253 1488 occulta
1299 1427 1532 1495 malitia,
1561 1437 1622 1483 ut
1650 1429 1702 1484 in
1730 1429 1996 1484 Psalmis:
2027 1449 2047 1482 ι
2085 1430 2177 1486 ln—

584 1519 877 1574 tendcrunt
904 1535 1112 1586 arcum,
1143 1535 1258 1574 rem
1305 1536 1550 1575 amaram
1574 1522 1615 1587 ⁸,
1646 1539 1663 1572 ι
1691 1521 1747 1576 id
1771 1531 1876 1588 est,
1906 1521 2175 1578 occultam

580 1608 843 1663 malitiam
879 1618 1264 1664 exercuerunt.
1306 1630 1324 1662 ι
1357 1611 1532 1665 Arcus
1570 1613 1818 1667 conversi
1863 1622 2012 1679 sunt,
2051 1633 2070 1666 ι
2123 1613 2177 1669 id

579 1709 706 1766 est,
753 1701 1182 1771 praedecessores
1231 1718 1419 1757 eorum
1467 1703 1773 1758 habuerunt
1820 1705 2176 1760 intentionem

577 1792 799 1847 malam.
846 1793 1039 1860 Arcus,
1081 1795 1262 1858 minaa,
1295 1805 1355 1848 ut
1395 1795 1452 1848 in
1474 1795 1742 1851 Psalmis:
1773 1815 1791 1846 ι
1822 1795 2176 1854 lntenderunt

2276 594 2502 664 quique,
2543 600 2605 648 ut
2648 593 2702 647 in
2733 592 2932 650 Genesi
2962 613 2973 649 :
3004 616 3021 647 ‹
3054 595 3238 651 Posuit
3281 599 3445 671 virgas
3483 615 3584 662 ante
3611 616 3736 675 oculos

2278 691 2508 745 armum
2535 690 2600 756 ιο,
2633 710 2652 742 ,
2704 689 2772 745 id'
2811 700 2915 758 est,
2967 693 3104 749 bona
3162 704 3374 752 externa
3420 710 3525 757 ante
3565 706 3736 771 intuitum

2279 782 2652 837 rationalium.
2700 783 2806 838 Per
2830 785 3046 840 arietem
3097 787 3349 855 haeretici,
3389 801 3441 846 ut
3481 794 3529 849 in
3551 795 3735 860 Jeremia:

2285 893 2302 924 ι
2339 874 2618 946 Principes
2651 877 2728 932 tui
2760 878 2900 932 sicut
2932 879 3163 935 arietum
3183 881 3248 947 ’°,
3277 901 3297 934 ι
3325 882 3375 938 id
3396 893 3664 961 est,pr:elati
3691 901 3738 956 tui

2278 965 2518 1020 haeretici
2549 976 2676 1022 sunt
2705 969 2937 1024 seducti.

2347 1059 2572 1114 Armi‘lla
2609 1070 2694 1116 est
2718 1061 2895 1116 divina
2926 1063 3316 1128 misericordia.
3343 1076 3399 1123 ut
3429 1069 3480 1124 in
3509 1069 3617 1128 Job:
3642 1078 3739 1135 tAut

2279 1149 2487 1204 armilla
2514 1149 2822 1220 perforabis
2852 1153 3129 1208 maxillam
3169 1155 3282 1225 ejus
3301 1157 3364 1222 ",
3395 1177 3410 1210 ι
3437 1162 3555 1230 quod
3582 1165 3740 1220 circum.

2277 1241 2521 1312 plectens
2551 1257 2650 1297 nos
2699 1243 2940 1312 undique
2991 1246 3171 1300 divina
3227 1248 3559 1306 misericordia
3596 1271 3617 1308 a
3645 1269 3740 1326 pote-

2280 1341 2421 1388 state
2461 1350 2560 1388 nos
2591 1334 2792 1389 diaboli
2825 1337 2968 1390 eruit
3013 1352 3043 1390 a
3078 1337 3390 1406 justificato,
3428 1350 3480 1396 ut
3518 1344 3562 1398 in
3583 1345 3737 1403 Genesi:

2285 1445 2304 1477 ι
2342 1426 2618 1498 Cagnosce
2659 1426 2818 1498 cujus
2853 1437 2938 1483 est
2975 1429 3209 1485 annulus
3243 1440 3298 1485 et
3333 1433 3520 1487 armilla
3539 1435 3592 1499 “,
3616 1456 3628 1486 ι
3653 1441 3740 1507 quod

2279 1537 2309 1573 a
2337 1519 2752 1576 Christo'habet
2781 1520 3023 1576 Ecclesia
3055 1530 3111 1575 et
3141 1521 3296 1576 fidem
3325 1531 3375 1578 et
3394 1524 3739 1594 justiﬁcationcm.

2279 1611 2384 1665 Per
2428 1609 2668 1665 armillas
2718 1626 2883 1680 opera
2938 1614 3376 1683 propositorum,
3438 1625 3489 1669 ut
3548 1617 3589 1670 iu
3627 1618 3739 1673 Isaia:

2279 1703 2325 1754 ἰ
2356 1703 2582 1757 Armilla
2611 1711 2666 1758 et
2694 1703 2916 1759 inaures
2935 1695 3005 1769 ",
3038 1725 3057 1755 ι
3091 1705 3142 1760 id
3174 1713 3276 1771 est,
3302 1721 3453 1776 Opera
3491 1708 3734 1778 prtelatorum

2278 1803 2334 1850 et
2372 1794 2710 1850 obedientias
2767 1793 3132 1849 subditorum.
3190 1794 3294 1851 Per
3337 1796 3548 1851 armillas
3583 1800 3741 1854 actiones

577 1901 789 1952 arcum,
819 1888 912 1941 sed
944 1886 1203 1942 Dominus
1233 1891 1248 1909 '
1279 1887 1603 1954 intirmabit,
1639 1909 1659 1942 ι
1713 1889 1768 1944 id
1803 1899 1907 1954 est,
1937 1891 2176 1944 minatur
2202 1882 2251 1944 B
2279 1904 2399 1957 qute
2446 1888 2720 1957 pertinent
2769 1888 2838 1942 ad
2885 1888 3232 1960 Decalogum,
3283 1897 3339 1943 ut
3383 1890 3432 1944 in
3468 1889 3740 1946 Genesqut

578 1990 641 2034 ut
682 1981 1057 2036 humilientur.
1111 1982 1302 2048 Arcus,
1333 1983 1510 2037 virtus
1545 1983 1843 2053 patientiae,
1874 1992 1935 2038 ut
1977 1984 2034 2038 in
2069 1983 2175 2040 Ge—

575 2074 696 2129 nesi
724 2091 736 2128 :
769 2095 786 2125 ‹
818 2073 971 2130 Sedit
1000 2074 1056 2129 in
1087 2074 1212 2130 forti
1239 2091 1398 2131 arcus
1434 2077 1552 2146 ejus
1602 2078 1645 2142 ",
1679 2096 1698 2129 ι
1739 2077 1884 2151 quod
1909 2077 2173 2148 patientia

576 2166 680 2220 viri
727 2167 900 2222 sancti
943 2167 1167 2223 robusta
1219 2177 1324 2224 εει.
1372 2167 1479 2223 Per
1507 2186 1690 2223 arcum
1731 2169 1944 2226 insidiae
1973 2169 2175 2227 ferien-

577 2257 734 2324 tium,
769 2267 829 2312 ut
862 2259 916 2313 in
939 2257 1206 2314 Psalmis:
1257 2277 1276 2311 ι
1305 2259 1384 2314 lbi
1434 2260 1704 2331 confregit
1746 2263 2042 2332 potentias,
2084 2279 2175 2317 ar-

576 2365 697 2405 cum
727 2351 772 2417 ⁸,
811 2371 830 2403 ι
871 2351 924 2407 id
956 2360 1059 2419 est,
1111 2353 1188 2408 ibi
1230 2353 1497 2408 destruxit
1533 2354 1732 2409 robora
1775 2355 2168 2412 insidiantium.

646 2445 939 2516 Argentum
982 2455 1068 2502 est
1111 2448 1388 2518 eloquium
1443 2449 1745 2519 spirituale,
1795 2458 1855 2506 ut
1903 2451 1958 2506 in
2002 2453 2170 2510 Isaia:

582 2555 602 2588 ‹
637 2536 932 2608 Argentum
987 2547 1141 2594 tuum
1187 2557 1409 2596 versum
1461 2551 1547 2597 est
1592 2543 1648 2598 in
1700 2544 1933 2599 scoriam
1981 2545 2026 2612 ⁸,
2064 2566 2082 2598 ι
2118 2547 2173 2603 id

574 2638 680 2694 est,
711 2629 995 2699 spirituale
1025 2629 1160 2702 legis
1188 2630 1463 2703 eloquium
1495 2633 1681 2688 sordet
1709 2632 1825 2689 fece
1872 2635 2173 2691 carnalium

575 2720 987 2777 desideriorum.
1036 2721 1347 2794 Argentum,
1390 2724 1537 2779 nitor
1580 2724 1905 2795 eloquentiae
1953 2727 2169 2796 divinae,

574 2822 635 2868 ut
675 2815 731 2868 in
775 2812 1038 2868 Cantico:
1089 2832 1109 2866 ‹
1147 2814 1458 2871 Murenulas
1516 2831 1714 2872 aureas
1764 2815 2028 2876 faciemus
2073 2821 2172 2876 tibi

574 2905 958 2963 vermiculatas
1000 2917 1226 2979 argento
1253 2909 1321 2977 ιο,
1348 2930 1368 2963 ι
1423 2911 1478 2966 id
1522 2918 1640 2976 est,
1674 2911 2048 2970 institutiones
2091 2915 2172 2970 di-

574 2997 713 3053 vina:
761 2999 1042 3070 sapientiae
1085 3016 1185 3071 per
1229 3017 1317 3058 me
1362 3002 1588 3059 habebis
1626 3003 1949 3074 eloquentia:
1992 3006 2172 3063 nitore

575 3089 822 3157 decoras,
853 3105 1248 3162 perparvorum
1279 3095 1596 3152 diversitate
1620 3098 1921 3154 varietatis.
1970 3102 2171 3173 Argen-

576 3190 686 3234 tum
735 3190 1009 3255 martyres
1079 3193 1228 3251 sunt,
1276 3201 1507 3256 quorum
1555 3198 1639 3244 est
1686 3189 1802 3246 haac
1843 3207 1966 3258 vox,
2005 3202 2066 3247 ut
2111 3195 2168 3249 in

573 3274 802 3330 Psalmis
827 3277 902 3328 l‘-:
937 3296 954 3328 ι
989 3277 1118 3347 Igne
1164 3293 1266 3334 nos
1311 3282 1658 3350 examinasti,
1695 3301 1714 3334 ι
1771 3286 1916 3354 quod
1957 3287 2167 3353 sordes,

573 3381 694 3435 quae
719 3368 874 3422 nobis
905 3369 1140 3435 inerant,
1172 3370 1226 3424 in
1257 3371 1613 3430 tribulatione
1642 3375 1936 3434 abstulisti.
1967 3379 2172 3450 Argen-

575 3465 709 3523 tum,
747 3459 1000 3529 tigmenta
1043 3462 1278 3532 poetica,
1310 3473 1370 3519 ut
1413 3465 1470 3521 in
1493 3465 1862 3540 Apocalypsi:
1917 3491 1936 3522 ‹
1966 3473 2172 3529 Μειεεε

580 3551 793 3620 argenti
828 3553 903 3605 tui
931 3567 1093 3608 nemo
1115 3563 1260 3610 emet
1295 3556 1528 3627 amplius
1558 3559 1621 3624 ",
1659 3580 1678 3611 ι
1709 3562 1854 3630 quod
1883 3563 2046 3618 verba
2068 3563 2172 3618 im-

574 3642 791 3713 piorum
849 3645 1176 3714 jocalatoria
1228 3665 1390 3706 nemo
1443 3651 1705 3725 deinceps
1782 3655 2166 3726 frequentabit.

575 3741 883 3807 Argentum,
917 3739 1027 3793 vita
1058 3742 1496 3812 praedicatorum,
1528 3757 1588 3802 ut
1624 3747 1680 3802 in
1707 3743 1808 3803 Job
1836 3767 1850 3802 :
1882 3769 1901 3802 ι
1931 3749 2043 3806 Nec
2069 3767 2169 3823 ap-

569 3829 836 3900 pendetur
901 3841 1187 3901 argentum
1258 3835 1314 3890 in
1389 3838 1813 3895 commutatione
1881 3840 2000 3911 ejus
2028 3843 2089 3908 ",
2143 3863 2162 3896 ι

569 3923 714 3992 quod
762 3938 863 3979 nec
908 3925 1010 3995 ipsi
1058 3927 1464 3998 praedicatores,
1511 3940 1991 4003 quantumcunque
2042 3943 2170 3990 sunt

565 4009 722 4082 justi,
754 4013 972 4070 Christo
1008 4017 1319 4076 nullatenus
1347 4023 1655 4092 comparari
1686 4025 1916 4095 possint.

643 4105 792 4159 Aries
829 4114 914 4160 est
961 4122 1090 4163 caro
1115 4107 1334 4175 Christi,
1383 4121 1444 4167 ut
1491 4113 1546 4167 in
1576 4113 1774 4170 Genesi
1822 4113 1865 4146 “
1908 4115 2060 4172 lsaac
2109 4117 2168 4172 in

574 4197 734 4253 altari
781 4199 1026 4269 ponitur,
1073 4203 1170 4257 sed
1219 4205 1364 4259 aries
1409 4213 1700 4270 mactatur,
1729 4207 1876 4277 quod
1914 4206 2167 4265 Christus

572 4290 929 4360 crucifigitur,
984 4293 1080 4347 sed
1137 4293 1254 4350 sola
1305 4295 1422 4364 ejus
1479 4311 1608 4350 caro
1667 4297 1918 4353 moritur.
1988 4298 2163 4366 Aries,

572 4381 705 4436 ordo
752 4380 1142 4449 sacerdotalis,
1185 4391 1245 4439 ut
1294 4385 1350 4440 in
1372 4384 1693 4441 Parabolis:
1725 4405 1744 4438 ι
1777 4387 1845 4442 Ει
1869 4389 2035 4455 aries,
2065 4406 2166 4446 nec

569 4485 656 4531 est
680 4476 772 4546 qui
801 4476 1018 4532 resistat
1047 4477 1099 4532 ei
1125 4477 1189 4544 ”,
1221 4498 1239 4530 ι
1274 4479 1420 4549 quod
1465 4489 1674 4546 sancto,
1701 4482 1848 4553 quod
1897 4483 1952 4537 in
1980 4483 2168 4540 Eccle-

571 4573 650 4625 sia
680 4581 783 4636 est,
817 4571 1144 4639 sacerdotio,
1174 4579 1228 4627 et
1262 4573 1362 4643 ipsi
1391 4590 1546 4646 rcges
1575 4584 1630 4630 et
1657 4577 1932 4647 principes
1958 4580 2162 4634 terreni

2277 1981 2520 2036 armillas
2562 1981 2820 2036 siclorum
2872 1982 3060 2038 decem
3085 1982 3154 2050 “,
3186 2004 3204 2036 ι
3254 1984 3390 2054 quod
3414 1999 3554 2056 opera
3579 1984 3742 2056 Decalogi

2277 2081 2466 2129 sancta
2492 2072 2736 2128 Ecclesia
2770 2073 3020 2143 suscipit.

2346 2165 2522 2219 Arena
2551 2172 2634 2220 est
2663 2165 2944 2220 calamitas
2975 2166 3137 2236 hujus
3162 2167 3302 2233 vitae,
3330 2177 3388 2222 ut
3415 2167 3463 2221 in
3481 2166 3585 2222 Job:
3606 2186 3619 2217 ι
3639 2167 3739 2234 Quasi

2275 2273 2441 2312 arena
2479 2257 2647 2312 maris
2685 2258 2802 2314 haec
2846 2258 3064 2329 gravior
3111 2267 3388 2330 appareret
3415 2260 3475 2325 ³⁵,
3503 2278 3520 2311 ι
3548 2261 3653 2330 quod
3683 2262 3741 2313 mi-

2275 2349 2441 2414 seria,
2481 2364 2643 2419 quam
2674 2349 2935 2420 patimur,
2967 2349 3035 2404 ad
3077 2351 3252 2407 instar
3274 2367 3441 2406 arena:
3475 2361 3521 2406 et
3539 2353 3739 2422 ponderosa

2274 2451 2329 2497 et
2376 2441 2547 2495 multa
2593 2449 2696 2496 est.
2749 2440 2967 2509 Arena,
3015 2443 3288 2508 humiles,
3341 2453 3397 2498 ut
3440 2443 3487 2498 in
3530 2444 3736 2514 propheta:

2281 2553 2300 2586 ι
2334 2533 2496 2589 Posui
2535 2548 2755 2588 arenam
2797 2534 3093 2588 terminum
3136 2535 3276 2589 mari
3317 2533 3378 2598 “,
3409 2553 3426 2586 ι
3456 2534 3573 2604 quod
3604 2533 3652 2586 ad
3670 2533 3740 2584 tiu-

2275 2625 2506 2679 cendum
2541 2631 2810 2679 tumorem
2847 2624 3207 2695 superborum
3238 2625 3376 2680 Deus
3401 2625 3592 2679 humiles
3611 2623 3740 2694 posuit.

2276 2719 2475 2784 Arena,
2527 2717 2862 2773 instabilitas
2912 2715 3073 2786 hujus
3114 2717 3327 2784 saeculi,
3358 2725 3412 2771 ut
3451 2714 3739 2786 inEvaugelio:

2281 2828 2300 2861 ι
2333 2809 2435 2876 Qui
2482 2808 2772 2864 aediﬁcavit
2817 2809 3036 2863 domum
3086 2825 3242 2866 suam
3289 2824 3440 2879 super
3475 2822 3646 2863 arenam
3667 2806 3737 2868 “,i

2275 2901 2330 2955 id
2358 2906 2463 2964 est,
2499 2909 2736 2954 mentem
2789 2914 2944 2954 suam
2993 2914 3214 2970 semper
3259 2899 3410 2970 hujus
3453 2897 3602 2952 mundi
3639 2897 3740 2949 insta-

2275 2994 2484 3049 bilitate
2518 2993 2785 3049 fundavit.
2835 2993 3010 3048 Arena
3032 3035 3045 3060 ,
3075 2995 3274 3050 civitas
3303 2993 3531 3058 caelestis,
3557 3001 3602 3045 ut
3623 2992 3661 3045 in
3681 2989 3742 3044 Ge-

2273 3086 2388 3142 nesi
2417 3105 2428 3140 :
2461 3104 2479 3136 (
2515 3084 2882 3155 Multiplicabo
2906 3101 3090 3142 semen
3121 3097 3272 3142 tuum
3304 3101 3454 3158 super
3478 3099 3650 3140 arenam
3671 3099 3742 3153 qua

2275 3189 2360 3236 cst
2395 3181 2449 3234 in
2476 3179 2659 3234 littore
2687 3179 2856 3234 maris
2875 3180 2944 3244 ’⁸,
2978 3200 2996 3232 ι
3041 3181 3191 3250 quod
3238 3179 3419 3235 electis
3462 3179 3556 3234 suis
3583 3176 3742 3244 omnipo-

2198 3251 2242 3314 C
2278 3282 2402 3328 tens
2445 3273 2590 3327 Deus
2633 3271 2742 3326 tale
2786 3273 3069 3342 spirituale
3126 3273 3333 3330 confert
3376 3281 3680 3342 augmentum,
3707 3277 3740 3318 ut

2274 3364 2623 3419 sanctitatem
2666 3362 2880 3419 illorum
2907 3365 3135 3432 civium,
3169 3382 3288 3437 qua:
3332 3366 3383 3420 in
3411 3373 3567 3420 sancta
3587 3358 3739 3416 celestis

2272 3459 2464 3528 patrize
2509 3457 2784 3515 soliditate
2831 3467 2978 3527 sunt,
3031 3459 3089 3515 in
3138 3469 3394 3532 quantum
3435 3464 3631 3530 possunt,
3665 3452 3737 3508 imi-

2275 3561 2480 3607 tentur.
3100 3536 3106 3542 ’

2343 3645 2508 3698 Arma
2554 3653 2682 3700 sunt
2723 3645 2952 3701 virtutes
3003 3646 3332 3717 spirituales,
3362 3654 3420 3702 ut
3451 3645 3498 3699 in
3536 3642 3589 3697 D.
3610 3637 3738 3695 Paulo:

2278 3754 2296 3786 ‹
2332 3735 2440 3790 Per
2471 3751 2624 3790 arma
2657 3735 2887 3807 iustitia:
2916 3752 2947 3791 a
2976 3736 3187 3794 dextris
3216 3747 3271 3794 et
3313 3754 3342 3792 a
3371 3735 3573 3793 sinistris
3589 3730 3675 3795 ",t
3708 3723 3739 3777 id

2271 3837 2378 3895 est,
2407 3829 2549 3884 bona
2589 3844 2754 3898 opera
2794 3830 2850 3884 in
2880 3831 3160 3900 prosperis
3191 3839 3246 3886 et
3285 3831 3338 3885 in
3364 3826 3586 3884 adversis.
3621 3821 3738 3876 Anna.

2270 3937 2367 3976 cor
2418 3921 2795 3992 reproborum,
2847 3931 2906 3975 ut
2953 3925 3009 3976 in
3058 3923 3362 3991 propheta:
3394 3937 3411 3970 ι
3446 3911 3738 3972 Descenderunl

2270 4017 2324 4071 in
2357 4015 2524 4070 latum
2557 4031 2681 4070 cum
2709 4016 2877 4069 armis
2911 4015 3024 4069 suis
3047 4014 3120 4081 ³ο,
3156 4036 3175 4068 ι
3210 4013 3348 4086 quod
3382 4015 3569 4067 ruerent
3599 4005 3638 4059 in
3658 4001 3740 4055 inte-

2269 4108 2456 4175 ritum,
2481 4123 2603 4163 cum
2632 4108 2951 4178 corporibus
2971 4110 3103 4164 suis.
3133 4109 3295 4163 Arma
3323 4116 3441 4164 sunt
3467 4111 3616 4175 aperte
3632 4099 3740 4163 imlu'

2269 4203 2576 4274 gnationes,
2604 4211 2663 4255 ut
2696 4202 2748 4256 in
2781 4202 3046 4258 Psalmis:
3081 4222 3099 4254 ‹
3131 4203 3437 4273 Confringet
3455 4212 3580 4253 arma
3604 4193 3649 4254 ³¹,
3676 4209 3686 4239 ι
3709 4183 3737 4237 id

2269 4302 2374 4358 est,
2407 4291 2728 4347 manifestas
2757 4294 3001 4350 destruet
3042 4295 3480 4366 impugnationcs.
3523 4291 3658 4344 .lrma,
3687 4293 3739 4331 ne

2268 4384 2457 4455 quitiae
2489 4384 2712 4450 diaboli,
2747 4394 2805 4440 ut
2834 4386 2888 4440 in
2921 4387 3214 4458 Evangelio
3240 4406 3254 4442 :
3287 4406 3304 4438 ι
3334 4384 3506 4442 Omnia
3533 4371 3738 4470 arma

2268 4479 2480 4534 auferet
2502 4478 2570 4544 ”,
2606 4498 2625 4532 ι
2676 4478 2730 4534 id
2770 4488 2876 4546 est,
2926 4495 3118 4536 omnes
3163 4480 3426 4552 nequitias
3465 4475 3562 4544 ejus
3599 4464 3737 4522 aunihi-

2267 4572 2420 4628 labit.

572 4664 895 4719 subduntur.
942 4638 1328 4732 Aries,imotus
1359 4638 1674 4733 iracundiae,
1705 4677 1763 4722 ut
1801 4638 1854 4723 in
1879 4669 2155 4725 Levitico:
2187 4638 2242 4698 D
2337 4680 2475 4734 Ανεα
2523 4689 2608 4736 εει
2655 4695 2854 4751 corpus
2884 4679 3112 4748 Christi,
3157 4691 3216 4738 ιιι
3261 4682 3315 4737 in
3343 4677 3581 4735 Exodo”
3613 4667 3737 4719 Arcam

577 4781 594 4810 σ
631 4762 837 4817 Obtulit
885 4772 942 4818 et
996 4764 1222 4820 arietem
1278 4765 1331 4819 in
1385 4765 1763 4822 holocaustum
1817 4765 1881 4834 ¹⁶,
1945 4786 1965 4818 ›
2015 4767 2160 4836 quod

570 4855 654 4908 vir
699 4863 918 4910 sanctus
960 4871 1181 4912 omnem
1232 4858 1289 4913 in
1339 4872 1398 4914 se
1446 4867 1655 4915 motum
1701 4867 1943 4915 mactare
1977 4861 2158 4916 debet.

572 4946 675 5001 Per
703 4949 921 5003 arietem
951 4952 1124 5006 sancti
1170 4951 1418 5024 apostoli,
1448 4963 1508 5009 ut
1545 4953 1598 5008 in
1623 4952 1890 5009 Psalmis:
1929 4973 1947 5006 ι
1980 4953 2161 5008 lnduti

573 5050 697 5095 sunt
726 5043 926 5098 arietes
956 5042 1136 5098 ovium
1161 5045 1225 5110 ",
1260 5065 1278 5096 ι
1311 5046 1457 5116 quod
1490 5045 1742 5116 apostoli,
1775 5045 1868 5116 qui
1911 5045 2160 5102 fidelibus

573 5145 829 5204 praesum,
883 5145 1070 5191 sancto
1123 5135 1326 5207 Spiritu
1379 5147 1506 5194 sunt
1550 5139 1750 5195 vestiti.
1802 5138 1907 5195 Per
1941 5139 2158 5193 arietem

572 5226 779 5294 praelati.
809 5227 897 5296 qui
928 5235 1054 5281 sunt
1081 5227 1135 5283 in
1159 5229 1426 5298 Ecclesia,
1455 5239 1514 5286 ut
1544 5231 1599 5287 in
1624 5230 1886 5287 Psalmis:
1909 5252 1928 5284 ‹
1954 5230 2158 5288 Afferte

574 5317 803 5374 Dominu
851 5319 990 5375 filios
1017 5320 1248 5378 arietum
1274 5324 1341 5391 “,
1375 5344 1395 5378 ι
1447 5324 1503 5381 id
1533 5333 1641 5392 est,
1683 5339 1784 5381 vos
1821 5325 1990 5395 ipsos,
2020 5341 2157 5396 quos

2267 4770 2332 4826 de
2387 4771 2548 4842 lignis
2594 4769 2832 4825 Chettim
2881 4772 3210 4843 compingite
3249 4772 3314 4836 ³³,
3350 4790 3366 4822 ι
3416 4767 3464 4822 id
3498 4771 3580 4824 est,
3614 4761 3738 4851 corpus

2267 4862 2470 4919 Christi
2503 4877 2570 4916 ex
2599 4863 2858 4918 membris
2914 4878 3036 4919 esse
3088 4857 3554 4934 incorruptibilibus
3588 4843 3734 4940 crediti-

2267 4954 2429 5020 Arca,
2457 4953 2722 5018 Ecclesia,
2758 4964 2817 5009 ut
2854 4955 2908 5010 in
2936 4955 3204 5012 Psalmis:
3239 4976 3257 5008 ‹
3295 4954 3477 5024 Surge,
3504 4940 3684 5002 Domine,
3707 4944 3736 4982 ιη

2266 5048 2512 5118 requiem
2551 5055 2699 5102 tuam
2729 5046 2798 5113 ³³,
2833 5067 2852 5098 ι
2894 5048 2949 5103 id
2978 5057 3086 5114 est,
3115 5063 3275 5118 surge
3314 5063 3344 5102 a
3373 5038 3586 5099 mortuis,
3619 5031 3736 5091 sut‘t;zu

2267 5149 2323 5196 et
2364 5139 2626 5205 Ecclesia,
2659 5155 2826 5211 quam
2873 5129 3129 5212 dignatus
3175 5156 3236 5196 es
3281 5134 3596 5196 sanctificare.
3635 5121 3733 5234 AN:

2265 5231 2494 5302 quilibet
2519 5232 2923 5288 ecclesiasticus
2950 5233 3159 5300 doctor,
3198 5243 3255 5287 ut
3289 5232 3344 5287 in
3374 5228 3508 5284 libris
3527 5223 3678 5287 Regum
3694 5223 3734 5262 ’”’

2265 5324 2537 5394 percussit
2562 5323 2824 5380 Dominus
2853 5323 3045 5391 Ozam,
3091 5340 3158 5381 eo
3183 5323 3326 5396 quod
3357 5317 3582 5389 tetigisset
3615 5307 3734 5358 arcam

648 5523 664 5556 ¹
696 5523 838 5579 ΡὸῖιΙ.
881 5538 1032 5590 χιιιι,
1061 5521 1117 5579 7.
1151 5525 1172 5556 ³
1198 5524 1340 5580 Psal.
1371 5540 1449 5590 χι,
1479 5524 1547 5590 2;
1576 5533 1633 5579 ει
1657 5539 1844 5590 xxxvi,
1877 5523 1964 5579 M.
1997 5524 2018 5555 ³
2044 5522 2168 5579 Psal

2218 5538 2358 5589 xvu,
2389 5523 2479 5579 35.
2513 5521 2535 5553 ⁸
2564 5522 2710 5578 Psal.
2736 5538 2833 5589 vn,
2866 5522 2954 5578 15.
2988 5522 3012 5555 ⁸
3037 5521 3180 5579 Psal.
3213 5533 3389 5583 xxxvi,
3418 5513 3504 5574 ll;
3529 5485 3731 5590 θξξᾞέ·

574 5598 595 5629 ⁸
623 5596 764 5652 Psal.
805 5611 1010 5661 Lxxvn,
1036 5594 1168 5650 57.7
1209 5596 1346 5652 Gen.
1389 5611 1539 5661 xux,
1578 5595 1669 5650 24.
1716 5597 1738 5628 ⁸
1767 5595 1908 5652 Psal:
1943 5611 2104 5657 Lxxv,
2132 5595 2166 5648 4

2198 5635 2206 5649 .
2247 5594 2268 5627 ⁹
2297 5595 2401 5649 lsa.
2436 5611 2474 5658 ι,
2506 5593 2598 5648 22.
2659 5595 2699 5626 ¹⁰
2730 5594 2892 5650 Cant.
2921 5612 2974 5658 ι,
3007 5595 3095 5649 11.
3131 5594 3172 5626 ³⁸
3203 5591 3339 5647 Psal.
3382 5599 3509 5661 ιιχνιἶ

575 5651 732 5730 xvnt,
761 5667 846 5721 i2.
889 5667 933 5698 "
963 5651 1064 5722 Job
1119 5651 1319 5728 xxvtu,
1355 5666 1442 5721 15.
1478 5651 1683 5722 il"Gen.
1713 5651 1849 5734 χχιι,
1878 5667 1966 5721 15.
1999 5667 2044 5698 ’⁵
2069 5651 2170 5720 Pro

2198 5682 2229 5720 π.
2262 5682 2394 5730 χχχ,
2425 5651 2514 5721 51.
2554 5666 2596 5697 ¹⁶
2629 5665 2758 5720 Lev.
2789 5682 2908 5731 vm,
2933 5651 3024 5720 28.
3061 5666 3103 5698 ⁸⁷
3130 5664 3269 5720 Psal.
3299 5651 3536 5734 ιχινμίεξ·

3560 5567 3731 5690 re:

577 5713 858 5826 svnt
887 5737 930 5770 "
959 5737 1095 5826 θεη-
1123 5713 1373 5826 sed":
1403 5713 2085 5826 'iEhrsr-.::§.-"1!°2.
2103 5753 2170 5826 XL.

2229 5738 2318 5792 21.
2377 5713 2590 5792 “Gen.
2625 5753 2856 5801 xxxvm,
3012 5737 3056 5768 ”
3086 5737 3186 5792 lsa.
3220 5749 3298 5796 Ill,
3329 5715 3730 5826 19.¹⁵(ἶεητ“ἑξ’

2198 5809 2208 5826 I
2240 5807 2307 5826 η,
2335 5825 2342 5826 ,
2407 5825 2436 5826 η
2484 5825 2492 5826 η
2579 5809 2639 5826 ιι-
2717 5808 2764 5826 ια
2795 5807 2835 5826 ιι
2865 5807 2968 5826 n__
3023 5825 3073 5826 γη
3133 5807 3163 5826 ιιι
3258 5804 3300 5826 ιιι
3327 5797 3481 5826 cum].
3523 5795 3656 5826 τῐὶΙΙ.
3719 5804 3726 5820 ι

575 5807 664 5860 22.
693 5795 868 5865 ’δ’ἐοῠ
895 5824 982 5872 vr,
1011 5809 1064 5861 5.
1123 5807 1168 5837 "
1197 5795 1310 5861 Jer.
1340 5821 1405 5872 v,
1432 5807 1522 5862 22.
1589 5809 1632 5848 ’-'-’
1672 5795 1859 5863 Matth.
1890 5809 1984 5872 vn,
2016 5808 2106 5862 26.
2164 5811 2170 5839 ¹

2198 5809 2210 5840 ⁵
2237 5807 2375 5865 Gen.
2405 5825 2544 5874 χχιι,
2575 5809 2661 5867 17.
2717 5808 2764 5839 ¹⁹
2794 5795 2990 5863 Ιιᾞοτ.
3023 5825 3098 5873 v1,
3133 5807 3183 5862 7.
3257 5804 3300 5836 ³⁰
3325 5797 3499 5866 Ezech.
3523 5795 3656 5844 χχχιι,

582 5878 623 5911 ³⁸
652 5879 792 5936 Psal.
825 5894 953 5946 xcv,
987 5877 1074 5932 10.
1103 5877 1148 5908 ³⁸
1179 5876 1310 5934 Luc.
1345 5895 1424 5946 χι,
1455 5878 1546 5938 22.
1576 5879 1623 5912 ³³
1653 5878 1823 5934 Exod.
1859 5895 1984 5944 xxv,
2016 5879 2102 5966 10.
2138 5880 2170 5912 ³⁴

2213 5880 2358 5940 Psal.
2381 5895 2576 5954 cxxxr,
2603 5881 2655 5938 8.
2707 5879 2753 5912 "
2787 5879 2830 5942 ll
2857 5878 2994 5954 Reg.
3023 5895 3099 5940 γι.
