3972 6336
265 385 376 442 865

1217 378 1628 440 Διὶ.Εοοῆιῶ
1676 377 1742 434 ΙΝ
1783 376 2064 433 SACRAM
2103 375 2566 433 SCRIPTURAM.

3425 389 3532 446 866

265 499 511 564 Domini,
543 498 687 569 quod
723 496 816 567 qui
855 497 1293 567 reprehensionis
1331 515 1494 553 manu
1538 503 1855 566 arroganter
1881 492 1934 553 A
1958 490 2089 546 facit
2113 492 2176 557 ’⁷,
2208 511 2226 544 ι
2257 493 2400 562 quod
2414 508 2519 547 non
2549 501 2633 548 est
2661 502 2791 549 tunc
2810 495 2952 550 bona
2975 497 3224 555 voluntas
3246 500 3299 555 in
3332 515 3532 571 mente,

265 592 524 663 praelatos
544 589 798 645 Ecclesia:
819 597 1066 661 tangunt,
1082 589 1348 661 spirituali
1371 601 1544 645 morte
1564 587 1850 644 feriuntur.

267 688 436 750 Arca,
463 701 617 742 mens
657 693 866 752 sancta,
895 693 956 739 ut
986 684 1038 739 in
1069 684 1264 740 Genesi
1291 701 1303 736 :
1357 704 1375 735 ι
1409 682 1518 737 Fac
1551 681 1644 737 tibi
1670 694 1853 736 arcam

266 775 338 831 de
367 775 529 847 lignis
557 775 803 846 levigatis
845 775 882 840 ⁸,
915 795 934 828 ι
989 776 1170 841 idest,
1197 774 1283 831 fac
1311 784 1549 831 mentem
1591 790 1623 829 a
1645 777 1854 846 peccati

263 869 510 938 pondere
531 868 785 924 alienam.

340 959 511 1015 Arula
562 969 647 1016 est
680 975 776 1016 cor
802 961 1117 1027 humanum,
1149 968 1209 1016 ut
1258 961 1313 1016 in
1358 961 1580 1017 Exodo:
1632 981 1650 1014 ‹
1679 963 1854 1020 Ροηρε

264 1058 506 1122 quatuor
555 1051 790 1107 annulos
839 1067 1001 1124 super
1046 1051 1253 1106 arulam
1300 1052 1488 1108 altaris
1530 1054 1573 1118 ’,
1605 1074 1622 1105 ι
1669 1054 1721 1109 id
1748 1064 1849 1121 est,

262 1151 504 1212 quatuor
533 1142 993 1214 evangelistarum
1021 1141 1190 1198 libros
1223 1157 1320 1214 per
1345 1143 1678 1200 intellectum
1707 1162 1852 1202 com-

262 1235 457 1291 mittes
491 1235 654 1300 cordi~
676 1243 788 1290 tuo.

206 1335 270 1381 α
339 1330 614 1396 Armatus,
648 1329 915 1396 diabolus,
945 1338 1006 1384 ut
1051 1330 1104 1384 in
1142 1327 1282 1385 Job:
1315 1349 1332 1381 ι
1362 1331 1429 1384 Et
1458 1331 1631 1402 ipsum
1683 1331 1855 1402 rapiet

263 1430 542 1476 armatum
590 1423 632 1488 ³,
667 1442 685 1474 ι
735 1423 876 1492 quod
925 1421 1150 1492 impium
1201 1422 1253 1476 in
1301 1432 1476 1477 morte
1522 1423 1591 1478 ad
1635 1437 1854 1493 ptenam

261 1514 518 1570 diabolus
546 1515 708 1585 rapit.
747 1515 1020 1581 Armatus,
1061 1516 1290 1586 quilibet
1339 1517 1603 1584 superbus
1658 1517 1750 1586 qui
1796 1531 1856 1572 se

262 1615 498 1660 conatur
526 1622 806 1671 excusare,
835 1615 893 1660 ut
913 1607 968 1661 in
993 1606 1146 1662 libris
1174 1607 1381 1678 Regum
1400 1607 1422 1637 ‘
1446 1607 1613 1663 David
1629 1608 1857 1663 nescivit

263 1703 517 1752 armatus
572 1696 846 1762 incedere,
897 1697 1041 1766 quod
1088 1697 1309 1752 humilis
1353 1698 1582 1768 quisque
1625 1701 1857 1769 superbe

262 1785 482 1856 ignorat
529 1802 588 1842 se
627 1802 910 1843 excusare.
959 1788 1065 1844 Per
1108 1800 1340 1844 armatos
1384 1791 1644 1863 tyranni,
1692 1801 1754 1846 ut
1798 1793 1855 1847 in

1956 585 2172 654 quando
2198 584 2326 639 mali
2353 595 2617 656 apparent
2653 585 2864 645 fructus
2896 589 2952 643 in
2979 605 3162 662 Opere.
3194 593 3383 661 Arbor,
3413 611 3537 666 per-

1955 675 2129 733 fectus
2156 677 2383 747 quilibet
2435 678 2489 733 in
2519 677 2642 744 ﬁde,
2674 687 2736 734 ut
2783 679 2836 734 in
2863 680 3185 754 Apocalypsi
3213 703 3226 738 :
3275 703 3293 737 ι
3328 686 3538 743 Praece-

1953 775 2106 837 ptum
2132 778 2218 822 est
2242 767 2319 822 illi
2350 767 2417 834 ¹⁸,
2448 787 2468 821 ι
2519 767 2573 824 id
2596 775 2700 835 est,
2742 783 2771 822 a
2804 769 2914 825 Deo
2943 769 3242 839 injunctum
3271 781 3357 828 est
3381 775 3536 831 Auti-

1955 857 2146 914 christi
2168 858 2472 929 discipulis,
2515 877 2534 911 ‹
2569 873 2638 914 ne
2671 860 2898 916 ederent
2924 859 3132 928 fenum,
3161 882 3180 914 ι
3216 863 3270 919 id
3301 874 3402 929 est,
3437 883 3550 919 ruo‘

1953 947 2075 1003 dem
2105 948 2338 1020 aliquem
2382 950 2438 1005 in
2464 949 2588 1017 ﬁde,
2647 968 2666 1002 ι
2701 965 2802 1006 nec
2823 966 2984 1007 omne
3009 953 3179 1008 viride
3207 973 3225 1005 ›
3264 954 3316 1008 id
3347 964 3450 1021 est,
3485 957 3536 1011 in

1955 1039 2117 1096 ﬁdem
2164 1057 2381 1098 omnem
2411 1052 2748 1112 provectum,
2795 1062 2815 1096 ι
2841 1059 2942 1099 nec
2967 1059 3181 1100 omnem
3209 1047 3478 1110 arborem,
3517 1069 3534 1099 ›

1954 1130 2010 1186 id
2033 1141 2138 1198 est,
2178 1133 2279 1188 nec
2299 1132 2465 1187 ullum
2489 1133 2544 1188 in
2575 1133 2680 1189 ﬁde
2718 1132 3040 1205 perfectum.
3087 1133 3275 1200 Arbor,
3309 1136 3540 1190 humana

1954 1231 2170 1289 natura,
2202 1233 2264 1279 ut
2290 1223 2344 1278 in
2367 1224 2688 1295 Evangelio:
2719 1244 2738 1278 ι
2759 1225 2957 1292 Arbor,
2989 1240 3110 1295 qua:
3136 1241 3244 1281 non
3269 1225 3402 1282 facit
3430 1227 3541 1281 fru-

1954 1325 2074 1372 ctus
2103 1317 2297 1383 bonos,
2328 1318 2658 1385 exscidetur,
2689 1326 2746 1374 et
2791 1319 2845 1372 in
2876 1319 3056 1390 ignem
3104 1319 3353 1374 mittetur
3401 1321 3444 1351 ¹⁹
3466 1361 3480 1385 ,
3519 1339 3536 1370 ι

1953 1409 2098 1482 quod
2114 1411 2332 1482 impius,
2352 1411 2444 1482 qui
2468 1411 2605 1466 bene
2633 1412 2852 1468 vincere
2886 1427 2994 1466 non
3007 1420 3184 1478 curat,
3215 1429 3244 1466 a
3268 1413 3543 1468 consortio

1949 1505 2218 1576 justorum
2265 1506 2644 1570 exscindeturc,
2685 1513 2740 1562 et
2786 1507 2841 1561 in
2888 1507 3065 1577 ignem
3113 1507 3368 1576 gehennze
3417 1508 3542 1562 mit-

1955 1604 2120 1651 tetur.
2176 1596 2365 1662 Arbor,
2394 1606 2505 1651 tota
2558 1597 2719 1652 simul
2771 1599 3126 1670 reproborum
3170 1615 3371 1664 massa,
3395 1607 3453 1653 ut
3487 1600 3543 1654 in

1954 1687 2244 1759 Evangelio
2262 1707 2305 1741 ;‹
2328 1689 2547 1744 Securis
2565 1691 2635 1744 ad
2657 1689 2896 1746 radicem
2920 1691 3129 1746 arboris
3141 1691 3313 1761 posita
3337 1693 3500 1757 est",
3520 1711 3538 1744 ι

1956 1781 2096 1851 quod
2110 1780 2282 1837 Judex
2297 1781 2566 1847 Christus,
2593 1782 2720 1853 qui‘
2743 1791 2795 1839 te
2807 1799 2876 1838 ex
2890 1783 3176 1839 manubrio
3190 1785 3545 1840 humanitatis

261 1876 405 1933 Job;
439 1898 457 1931 ι
488 1879 544 1934 ιη
575 1897 861 1936 occursum
888 1891 1121 1954 pel-gum
1147 1883 1374 1939 armatis
1425 1875 1466 1951 ε,
1503 1905 1521 1937 ,
1557 1887 1700 1956 quod
1727 1903 1852 1942 san-
1884 1865 1934 1926 Β
1958 1871 2214 1935 extraxit,
2252 1878 2309 1925 et
2345 1871 2535 1926 incidit
2574 1886 2641 1926 ex
2679 1871 2826 1928 ferro
2860 1873 3184 1939 divinitatis,
3231 1889 3418 1929 omnes
3460 1891 3544 1930 re-

260 1979 389 2026 ctus
415 1973 737 2042 praedicator
768 1982 1123 2045 tyrannorum
1169 1977 1435 2046 superbia:
1462 1978 1719 2034 resistere
1745 1996 1853 2036 non

263 2071 445 2124 timet.

337 2160 568 2229 Artifex,
601 2162 884 2227 Dominus,
916 2171 975 2218 ut
1000 2164 1055 2217 in
1084 2163 1308 2220 Cantico
1335 2183 1347 2218 :
1380 2185 1397 2216 ι
1431 2164 1561 2232 Quae
1591 2166 1854 2222 fabricata

259 2261 393 2306 sunt
419 2268 581 2308 manu
613 2253 838 2309 artiﬁcis
888 2253 928 2320 ⁸,
960 2275 978 2306 ι
1022 2257 1165 2326 quod
1217 2271 1314 2326 per
1356 2257 1570 2312 Doniini
1621 2259 1854 2329 gratiam

261 2347 574 2417 spiritualia
605 2349 760 2403 nobis
784 2349 924 2404 dona
957 2348 1334 2405 conferuntur.

334 2437 558 2505 Arvina,
583 2439 853 2509 pinguedo
880 2455 1085 2505 rerum,
1117 2451 1178 2495 ut
1206 2442 1260 2495 in
1281 2439 1381 2496 Joh
1405 2461 1417 2495 :
1451 2461 1468 2494 ι
1506 2443 1571 2498 Ει
1596 2451 1612 2462 “
1640 2446 1694 2499 in
1722 2445 1856 2501 late-

262 2526 419 2580 ribus
447 2525 565 2595 ejus
604 2528 790 2582 arvina
816 2529 1084 2598 dependet
1121 2530 1168 2596 ",
1202 2550 1221 2584 ι
1257 2531 1400 2602 quod
1444 2534 1497 2588 in
1531 2535 1855 2593 consiliariis

259 2617 418 2688 impii
447 2619 466 2637 '
486 2619 758 2688 pinguedo
793 2636 905 2675 rem
944 2621 1204 2676 abundat.

337 2710 498 2765 Arms
520 2720 645 2765 sunt
675 2712 930 2768 intestina
958 2713 1216 2770 Ecclesia:
1244 2719 1511 2784 membra,
1545 2729 1605 2774 ut
1635 2720 1688 2776 in
1717 2719 1849 2778 Job:

265 2822 282 2853 ι
323 2802 386 2855 ιιι
417 2802 642 2857 nihilum
672 2812 799 2859 sunt
837 2806 1039 2860 redacti
1083 2822 1274 2862 omnes
1303 2819 1455 2865 artus
1505 2812 1610 2866 mei
1643 2812 1688 2876 ⁸,
1728 2832 1746 2864 ι
1802 2815 1858 2870 id

258 2906 372 2960 est,
411 2895 624 2951 inﬁrma
652 2898 895 2953 membra
924 2915 1042 2954 mea
1072 2901 1298 2956 multum
1331 2903 1688 2961 delectantur.

337 2988 475 3042 Area
501 2998 586 3044 est
611 2989 874 3056 Ecclesia,
903 2999 962 3045 ut
992 2991 1047 3046 in
1074 2992 1370 3062 Evangelio
1399 3013 1411 3047 :
1447 3016 1464 3048 ι
1499 2997 1566 3051 Ει
1600 2999 1855 3070 purgabit

258 3093 450 3132 aream
488 3094 642 3133 suam
667 3079 712 3146 ',
762 3100 780 3132 ι
830 3081 884 3136 id
915 3089 1020 3146 est,
1050 3083 1319 3139 mundans
1350 3086 1648 3142 Ecclesiam
1677 3105 1850 3144 suam.

257 3169 428 3235 Area,
455 3171 687 3226 mundus
727 3171 861 3238 iste,
912 3182 972 3228 ut
1021 3173 1075 3227 in
1121 3174 1256 3231 libro
1283 3175 1568 3233 Judicum:
1599 3200 1617 3231 ‹
1649 3179 1853 3236 Ponam

258 3261 437 3315 vellus
493 3262 596 3318 hoc
655 3264 795 3319 lana:
850 3264 905 3319 in
957 3282 1083 3321 area
1125 3267 1188 3332 ³ο,
1236 3287 1254 3317 ι
1315 3271 1459 3338 quod
1506 3270 1574 3325 ad
1622 3271 1851 3328 salutem

257 3357 562 3411 humanam
633 3357 895 3428 virginem
942 3358 1168 3414 Mariam
1216 3359 1360 3417 Deus
1401 3364 1580 3432 posuit
1630 3365 1849 3419 mundo.

254 3449 425 3513 Area,
460 3449 687 3503 latitudo
719 3450 902 3520 populi
935 3451 1169 3522 gentilis,
1209 3459 1268 3505 ut
1313 3453 1365 3506 in
1399 3453 1549 3508 libris
1579 3453 1785 3525 Regum
1811 3455 1850 3486 ¹¹

257 3542 546 3622 constituit
575 3543 742 3596 David
775 3543 945 3598 altare
975 3544 1204 3599 Domino
1237 3545 1290 3599 in
1329 3561 1452 3600 area
1478 3545 1658 3601 Arnan
1685 3545 1850 3602 Jebu—

255 3634 381 3699 saei,
417 3635 558 3705 quod
585 3635 881 3691 Ecclesiam
907 3635 1057 3690 Patri
1083 3637 1330 3694 Christus
1362 3650 1647 3696 consecrat
1683 3641 1739 3695 in
1769 3640 1851 3695 la-

255 3729 498 3782 titudine
523 3729 738 3796 gentilis
763 3729 968 3798 populi.

335 3821 507 3874 Arbor
545 3831 629 3876 est
655 3822 920 3888 Christus,
952 3831 1010 3877 ut
1052 3823 1108 3877 in
1138 3823 1399 3878 Cantico:
1439 3843 1458 3875 ‹
1489 3823 1646 3880 Sicut
1680 3826 1852 3881 malus

255 3913 410 3966 inter
456 3912 596 3984 ligna
647 3913 934 3981 silvarum,
985 3915 1065 3970 sic
1113 3915 1340 3970 dilectus
1401 3930 1553 3972 meus
1608 3918 1750 3972 inter
1791 3917 1855 3972 ﬁ-

251 4004 368 4058 lios
394 4005 460 4068 ",
489 4025 506 4056 ι
565 4007 708 4075 quod
756 4005 986 4060 multum
1033 4006 1176 4061 inter
1219 4005 1492 4062 Christum
1535 4017 1588 4062 et
1637 4017 1853 4064 sanctos

253 4095 524 4151 Ecclesia:
571 4096 708 4152 ﬁlios
759 4098 962 4164 distat,
1037 4099 1180 4168 quod
1227 4099 1349 4167 puri
1407 4099 1654 4155 homines
1706 4109 1850 4155 sunt.

253 4186 454 4252 Arbor,
484 4202 639 4254 crux,
667 4194 728 4240 ut
749 4187 800 4241 in
829 4186 1054 4243 Cantico
1087 4204 1101 4241 :
1139 4207 1158 4239 ‹
1188 4187 1301 4243 Sub
1333 4190 1526 4244 arbore
1558 4190 1701 4245 malo
1730 4207 1851 4246 sus-

253 4277 428 4332 citavi
453 4288 503 4332 te
521 4279 582 4341 ¹³,
621 4297 640 4330 ›
675 4278 727 4333 id
747 4287 849 4344 est,
881 4294 978 4349 per
1003 4278 1162 4334 ﬁdem
1184 4280 1452 4349 passionis
1475 4295 1606 4336 mem
1630 4297 1658 4334 a
1681 4291 1854 4337 morte

255 4370 516 4424 revocavi
569 4378 639 4425 te.
701 4370 890 4436 Arbor,
949 4370 1170 4424 humilis
1219 4370 1314 4425 Dei
1367 4371 1628 4437 scientia,
1682 4380 1744 4427 ut
1798 4372 1853 4426 in

255 4461 598 4532 Evangelio:
634 4481 652 4512 ι
681 4461 939 4517 Ascendit
967 4461 1230 4517 Zachzeus
1261 4477 1624 4534 sycomorum,
1674 4471 1735 4516 ut
1777 4463 1856 4516 vi-

255 4553 421 4608 deret
448 4551 628 4608 Jesum
653 4553 718 4619 ³⁸,
749 4573 766 4605 ι
802 4555 945 4624 quod
976 4555 1074 4610 nisi
1131 4554 1350 4609 stultam
1387 4554 1481 4609 Dei
1532 4555 1852 4624 sapientiam

255 4645 750 4713 apprehendamus,
791 4644 1063 4699 Christum
1107 4646 1492 4715 comprehendi
1533 4661 1638 4700 non
1680 4661 1852 4699 mere-

257 4751 407 4790 mur.
439 4734 628 4800 Arbor,
657 4734 790 4790 ﬁdes
820 4736 1060 4803 robusta,
1088 4745 1147 4790 ut
1173 4737 1228 4790 in
1259 4736 1587 4806 Evangelio:
1621 4754 1639 4786 ‹
1668 4734 1854 4791 Crevit

257 4841 493 4896 granum
549 4826 788 4894 sinapis,
839 4837 891 4881 et
953 4826 1152 4882 factum
1199 4836 1283 4882 est
1332 4828 1385 4882 in
1435 4829 1685 4883 arborem
1741 4843 1852 4882 ma-

257 4932 429 4988 gnam
455 4918 522 4982 ",
553 4938 570 4970 ι
613 4919 755 4989 quod
795 4920 966 4973 crevit
1004 4921 1156 4985 ﬁdes,
1188 4936 1307 4990 qua:
1347 4922 1500 4991 prius
1529 4922 1739 4991 abjecta
1766 4922 1850 4976 vi-

225 5008 494 5062 .debatur
538 5024 636 5079 per
664 5010 954 5078 mundum,
991 5019 1046 5066 et
1102 5012 1267 5068 robur
1313 5011 1522 5081 accepit
1574 5027 1848 5084 magnum.

257 5098 456 5164 Arbor,
487 5100 627 5154 bona
653 5100 924 5168 voluntas,
953 5112 1011 5157 ut
1039 5104 1094 5157 in
1117 5104 1438 5176 Evangelio:
1471 5125 1488 5156 ι
1507 5105 1684 5161 Arbor
1709 5107 1846 5161 bona

261 5190 477 5247 fructus
505 5194 676 5250 malos
709 5210 819 5249 non
845 5194 976 5250 facit
999 5196 1061 5260 ³⁸,
1095 5216 1113 5248 ι
1146 5197 1290 5266 quod
1320 5212 1385 5250 ex
1414 5211 1546 5251 voce
1575 5196 1716 5252 bona
1743 5210 1848 5250 non

261 5286 512 5356 procedit
561 5287 703 5342 actio
753 5287 914 5342 mala.
963 5287 1155 5354 Arbor,
1201 5288 1452 5344 voluntas
1485 5288 1650 5355 mala,
1695 5296 1758 5342 ut
1794 5287 1848 5341 in

263 5377 596 5448 Evangelio:
628 5396 648 5429 ‹
674 5377 790 5432 Νοιι
810 5386 896 5434 est
919 5378 1082 5434 arbor
1097 5379 1262 5445 bona,
1289 5393 1411 5447 qua:
1431 5378 1642 5434 fructus
1677 5377 1849 5434 malos

1957 1963 2157 2034 probos
2196 1973 2500 2020 consumet.
2552 1964 2660 2020 Per
2691 1966 2932 2020 arborem
2963 1965 3052 2022 hic
3086 1966 3341 2032 mundus,
3391 1976 3450 2020 ut
3491 1967 3544 2022 in

1957 2056 2250 2129 Evangelio
2275 2075 2287 2110 :
2315 2078 2353 2110 »ι
2383 2057 2519 2114 Cum
2558 2059 2866 2130 producunt
2906 2058 3130 2115 arbores
3163 2057 3276 2128 jam
3319 2075 3386 2116 ex
3427 2075 3546 2117 sese

1957 2147 2215 2216 fructum,
2243 2151 2394 2206 scitis
2428 2151 2572 2221 quod
2601 2166 2767 2222 prope
2791 2161 2877 2206 est
2914 2167 3138 2223 regnum
3169 2153 3265 2208 Dei
3287 2153 3352 2206 ²¹.
3386 2173 3405 2205 ι
3441 2153 3546 2209 Ρει·

1955 2239 2195 2294 arborem
2237 2242 2504 2307 haeretici,
2551 2251 2612 2296 ut
2656 2241 2984 2312 iungistola
3033 2240 3222 2297 ludat:
3256 2261 3273 2293 ι
3303 2243 3543 2298 Arbores

1957 2335 2298 2392 autumnales
2336 2336 2404 2401 ",
2441 2355 2460 2388 ι
2531 2336 2675 2406 quod
2727 2335 2875 2392 salus
2919 2336 3295 2394 haereticorum
3354 2323 3544 2410 despe-

1956 2438 2128 2488 ratur.

2027 2526 2283 2582 Aromata
2310 2521 2436 2583 sunt
2462 2527 2567 2582 viri
2599 2527 2794 2595 sancti,
2819 2535 2882 2582 ut
2912 2528 2967 2582 in
2997 2526 3218 2583 Cantico
3246 2545 3259 2582 :
3291 2549 3308 2580 ι
3345 2526 3542 2591 Per-lla,

1957 2627 2161 2684 auster,
2194 2620 2412 2675 hortum
2445 2636 2648 2686 meum,
2676 2629 2732 2675 et
2752 2618 2921 2674 ﬂuent
2945 2627 3189 2674 aromata
3241 2618 3385 2674 illius
3408 2619 3478 2685 ",
3514 2643 3531 2671 ι

1955 2712 2011 2768 id
2056 2720 2162 2778 est,
2193 2711 2421 2769 fecunda
2441 2755 2456 2780 ,
2483 2729 2517 2768 o
2546 2722 2732 2770 sancte
2763 2729 2978 2784 sponse,
3012 2704 3532 2778 Ecclesmm‘meam,

1957 2811 2012 2859 et
2034 2805 2372 2874 apparebunt
2399 2805 2575 2861 sancti
2606 2803 2741 2874 ejus.
2775 2805 3028 2858 Aromata
3057 2813 3183 2858 sunt
3207 2804 3348 2858 bona
3380 2820 3540 2874 opera

1957 2903 2287 2960 sanctorum,
2318 2905 2378 2951 ut
2419 2898 2472 2951 in
2525 2896 2752 2952 Cantico
2779 2913 2790 2948 :
2823 2914 2840 2945 ι
2870 2895 2937 2948 Ει
2981 2895 3117 2950 odor
3147 2902 3542 2965 unguentorum

1957 2995 2171 3041 tuorum
2215 3004 2376 3058 super
2423 2988 2604 3043 omnia
2651 2994 2896 3041 aromata
2923 2985 2992 3051 “,
3028 3007 3047 3038 ι
3075 2987 3216 3056 quod
3244 2985 3542 3041 suavitates

1955 3079 2237 3143 virtutum,
2268 3096 2388 3150 quae
2415 3081 2524 3136 sint
2555 3081 2607 3135 in
2633 3079 2842 3150 virgine
2885 3078 3073 3142 Maria,
3105 3081 3245 3134 bona
3276 3080 3544 3134 excedant

1955 3185 2120 3241 opera
2155 3180 2486 3227 sanctorum.
2540 3171 2794 3226 Aromata
2840 3180 2966 3226 sunt
3008 3170 3218 3226 munda:
3259 3173 3544 3242 cogitatio-

1882 3234 1928 3298 Ο
1959 3281 2076 3330 ηεε,
2108 3275 2167 3320 ιιι
2197 3267 2250 3321 in
2281 3265 2507 3321 Cantico
2533 3283 2544 3317 :
2580 3285 2598 3316 ι
2629 3264 2826 3320 Messui
2877 3266 3152 3336 myrrham
3199 3281 3375 3320 meam
3417 3281 3537 3320 eum

1956 3356 2288 3410 aromatihus
2349 3355 2486 3410 meis
2520 3355 2600 3420 ’⁸,
2634 3374 2652 3406 ι
2724 3355 2868 3424 quod
2924 3355 3015 3425 qui
3091 3355 3250 3410 modo
3323 3371 3538 3409 carnem

1953 3448 2263 3513 mortilicat,
2303 3455 2360 3502 et
2395 3456 2633 3502 mentem
2673 3447 2930 3514 mundat,
2981 3463 3047 3502 ex
3088 3455 3317 3516 utraque
3368 3447 3423 3501 in
3456 3446 3539 3500 fu-

1953 3549 2094 3603 tura,
2126 3539 2294 3594 vitam
2343 3548 2511 3594 metet
2557 3547 2839 3594 teternam.
2900 3539 3177 3604 Aromata,
3231 3538 3542 3594 dulcedines

1951 3631 2296 3696 orationum,
2348 3631 2493 3685 utin
2543 3630 2840 3701 Evangelio
2880 3630 2988 3696 ²⁶⁶,
3041 3630 3260 3684 venient
3305 3629 3539 3685 diluculo

1952 3724 2207 3779 mulieres
2251 3733 2532 3794 portantes
2581 3730 2848 3787 aromata,
2897 3738 3016 3791 qua:
3073 3732 3539 3792 praeparaverant,

1952 3817 2095 3886 quod
2149 3816 2409 3871 discussis
2465 3815 2706 3870 tenebris
2757 3815 2956 3868 mentis
3007 3812 3215 3869 devota
3256 3814 3273 3833 ¹
3317 3813 3543 3868 veniant

1953 3906 2168 3970 animae,
2198 3905 2432 3960 ferentes
2458 3905 2864 3975 prmmeditatas
2893 3905 3188 3960 orationes.

2023 3994 2230 4049 Areola:
2270 4002 2398 4049 sunt
2445 3995 2707 4050 doctrina:
2757 3995 3019 4048 virtutum
3047 4035 3062 4060 ,
3106 4003 3165 4048 ut
3211 3993 3263 4048 in
3290 3991 3540 4049 Cantico:

1960 4107 1978 4139 ‹
2016 4087 2178 4143 Gente
2227 4085 2344 4156 ejus
2394 4088 2536 4143 sicut
2583 4089 2778 4144 areolae
2830 4098 3134 4144 aromatum
3163 4089 3228 4155 ³⁷,
3260 4109 3278 4140 ι
3336 4089 3388 4144 id
3439 4099 3542 4154 est,

1953 4187 2222 4251 martyres
2278 4177 2395 4246 ejus
2452 4179 2712 4234 doctrinis
2776 4187 2831 4235 et
2881 4181 3172 4235 virtutibus
3248 4180 3537 4235 insistunt:

1953 4269 2167 4336 Areola,
2213 4270 2440 4340 quilibet
2493 4270 2730 4337 humilis,
2783 4281 2842 4326 ut
2878 4272 2928 4325 in
2959 4270 3180 4328 Cantico
3211 4292 3224 4326 :
3258 4292 3276 4324 ‹
3309 4272 3543 4327 Dilectus

1954 4375 2108 4414 meus
2137 4360 2417 4415 descendit
2456 4361 2510 4415 in
2553 4361 2772 4415 hortum
2817 4377 2998 4428 suum,
3039 4363 3105 4416 ad
3146 4361 3382 4418 areolam
3417 4378 3541 4417 aro-

1955 4451 2116 4505 matis
2141 4451 2209 4518 ’⁸,
2235 4471 2253 4502 ›
2285 4451 2336 4506 id
2361 4460 2462 4518 est,
2495 4451 2744 4506 Christus
2770 4454 2917 4508 venit
2935 4453 3006 4508 ad
3035 4453 3332 4508 Ecclesiam
3363 4468 3537 4516 suain,

1958 4542 2010 4596 id
2049 4551 2152 4608 est,
2193 4554 2304 4597 tum
2332 4543 2542 4609 humili,
2574 4551 2633 4597 ut
2662 4543 2827 4599 faciat
2853 4545 3191 4600 mansionem
3224 4554 3393 4600 tuam.

2027 4643 2255 4709 Aranea,
2283 4643 2479 4699 aﬁlicta
2530 4645 2732 4709 anima,
2760 4653 2820 4698 ut
2856 4645 2909 4698 in
2938 4644 3208 4700 Psalmis:
3242 4664 3260 4696 ι
3297 4647 3363 4700 Et
3395 4648 3541 4702 tabe--

1954 4750 2107 4792 scere
2162 4735 2358 4800 fecisti,
2409 4737 2549 4792 sicut
2599 4751 2871 4800 araneam,
2927 4738 3162 4791 animam
3194 4739 3311 4808 ejus
3336 4738 3402 4804 ",
3435 4760 3450 4790 ι
3489 4742 3540 4794 id

1952 4837 2055 4894 est,
2083 4828 2151 4882 ad
2174 4829 2346 4883 instar
2376 4844 2587 4883 araneaa
2611 4828 2906 4898 permisisti
2936 4827 3096 4899 allligi
3119 4830 3354 4884 animam
3379 4831 3396 4850 '
3421 4829 3539 4898 ejus

1953 4919 2162 4974 vanitas
2207 4920 2368 4984 vitae,
2421 4927 2481 4972 ut
2529 4919 2582 4972 in
2607 4917 2879 4974 Psalmis:
2921 4935 2939 4969 ο
2974 4919 3114 4972 Anni
3168 4921 3337 4974 nostri
3392 4922 3536 4975 sicut

1955 5019 2151 5066 aranea
2203 5009 2604 5065 meditabuntur
2628 5008 2696 5074 ³ο,
2726 5027 2744 5060 ι
2781 5008 2833 5064 id
2862 5018 2964 5076 est,
3003 5010 3131 5066 anni
3185 5012 3356 5066 nostri
3387 5013 3538 5067 vani-

1959 5112 2068 5158 tate
2090 5109 2218 5157 sunt
2247 5101 2414 5172 pleni.

2026 5195 2275 5248 Armenta
2323 5203 2449 5249 sunt
2495 5195 2748 5250 doctores
2775 5194 2862 5250 vel
2909 5206 3147 5251 rectores
3173 5195 3446 5260 Ecclesizc,
3480 5204 3537 5248 ut

1956 5286 2012 5340 in
2041 5284 2264 5340 Cantico
2294 5283 2592 5341 Habacuc:
2650 5305 2668 5337 ‹
2714 5285 2783 5342 Εῑ
2828 5301 2936 5340 non
2989 5287 3093 5342 erit
3127 5294 3429 5341 armentum
3481 5285 3536 5339 in

1953 5376 2284 5446 praesepibus
2309 5376 2376 5442 ³¹,
2413 5397 2430 5429 ι
2465 5376 2520 5431 id
2547 5385 2651 5443 est,
2678 5392 2787 5433 non
2821 5378 2928 5432 erit
2949 5377 3200 5447 praelatus
3232 5377 3286 5432 in
3314 5373 3535 5446 populo.

347 5559 360 5586 ²
386 5554 520 5610 Gen.
553 5573 632 5623 vr,
665 5556 750 5610 M.
789 5558 808 5587 ¹
839 5554 1008 5611 Exod.
1040 5572 1211 5621 xxvu,
1237 5556 1288 5610 5.
1330 5556 1350 5587 ³
1377 5553 1477 5612 Job
1523 5571 1580 5624 ν,
1609 5556 1662 5613 Β.
1687 5555 1852 5612 l‘lRe

1960 5573 2075 5624 mi,
2102 5555 2190 5612 59.
2246 5557 2266 5588 ⁵
2285 5554 2386 5610 Job
2442 5571 2628 5622 xxxix,
2661 5556 2750 5612 2i.
2780 5556 2802 5588 ⁸
2830 5555 2987 5612 Cant.
3014 5571 3111 5621 vn,
3141 5555 3192 5608 1.
3250 5554 3271 5585 ⁷
3294 5550 3414 5624 Job.
3444 5568 3536 5624 xv,

262 5624 358 5679 27.
389 5625 534 5698 llJob
587 5643 696 5693 xvr,
725 5626 777 5681 7.
810 5627 831 5658 ⁹
864 5626 1053 5698 Matth.
1093 5643 1173 5693 ιιι,
1223 5627 1318 5691 1‘2;
1356 5627 1497 5698 Luc.
1526 5642 1610 5698 ιιι,
1643 5627 1730 5682 17.
1783 5627 1829 5659 ⁸⁸

1964 5669 1976 5682 .
2007 5644 2084 5692 vi,
2107 5626 2193 5682 57.
2261 5629 2298 5658 ¹¹
2329 5627 2370 5680 ll
2397 5626 2530 5698 Reg.
2559 5643 2706 5692 xxxv,
2734 5628 2822 5683 18.
2853 5628 2907 5661 ἠ
2930 5625 3274 5698 Cant.‘il,_5.
3307 5623 3350 5655 ¹³
3376 5623 3532 5698 Cant.

264 5712 387 5768 vim,
413 5697 465 5754 5.
501 5697 543 5728 ”’
569 5698 701 5754 Luc.
733 5714 849 5763 χιιι,
874 5699 928 5752 4.
961 5698 1006 5729 ¹⁵
1030 5697 1161 5751 Luc.
1193 5714 1312 5762 xm,
1346 5697 1431 5752 19.
1470 5698 1511 5728 ⁸⁸
1543 5697 1732 5752 Matth.
1763 5712 1852 5764 vn,

1965 5739 1979 5752 .
2026 5701 2065 5730 ¹⁷
2099 5699 2227 5752 Luc.
2262 5716 2334 5763 vi,
2363 5697 2452 5750 45.
2483 5694 2536 5729 ῖδ
2566 5699 2731 5768 Apoc.
2783 5713 2880 5759 vn.
2913 5698 2973 5768 1.
2999 5697 3041 5727 ¹⁹
3064 5695 3259 5768 Μιιιιιι.
3303 5710 3420 5768 ν-ιι,⁸
3446 5694 3533 5748 l9.

267 5767 318 5797 ²⁰
347 5768 476 5822 Ibid.
510 5771 553 5800 “
585 5768 714 5823 Luc.
746 5785 858 5834 χχι,
888 5769 977 5834 50,
1008 5770 1095 5823 51.
1128 5769 1171 5798 ²³
1196 5770 1345 5823 Vers.
1375 5768 1460 5822 12.
1503 5768 1550 5798 ’⁸
1579 5768 1736 5824 Cant.
1768 5763 1852 5834 Iv,

1997 5770 2041 5800 ”
2069 5769 2226 5824 Cant.
2264 5787 2333 5832 Iv,
2370 5770 2456 5822 10.
2491 5771 2536 5800 ³⁸
2570 5763 2727 5823 Cant.
2759 5785 2811 5832 v,
2849 5769 2896 5821 1.
2930 5767 3060 5820 Mar.
3095 5781 3206 5830 XVI,
3241 5765 3289 5829 l;
3329 5764 3373 5795 ²⁶
3400 5763 3530 5819 Luc.

266 5851 419 5903 xxiv,
455 5840 503 5892 l.
535 5841 578 5872 '7
604 5840 762 5894 Cant.
791 5855 846 5896 ν.
877 5839 1298 5904 15.,"Cant.w.
1332 5840 1382 5894 1.
1413 5839 1457 5869 ⁵ο
1488 5837 1627 5896 Psal.
1657 5857 1852 5918 xxxviii

1960 5842 2003 5894 2.
2034 5841 2079 5872 ³ο
2106 5840 2246 5895 Psal.
2274 5856 2493 5904 Luxu,
2526 5840 2576 5894 9.
2607 5840 2645 5870 ³¹
2676 5839 2876 5893 llabac.
2909 5854 2987 5899 Ill,
3024 5837 3108 5890 17.
