3972 6336
304 444 412 503 869

1244 437 1662 498 ALLEGORLE
1701 437 1770 494 ΙΝ
1811 431 2090 493 SACRAM
2126 430 2590 492 SCRIPTURAM.

3464 432 3571 491 870

301 552 537 610 circuitu
561 550 810 609 sreculari
835 550 905 608 ad
932 550 1200 609 desideria
1226 553 1409 609 carnis
1426 558 1631 607 manet.
1650 534 1877 615 Atrium,
1907 534 2125 621 Arum,
2173 547 2339 603 decus
2371 547 2639 603 bonorum
2687 542 2998 617 spirituum,
3031 550 3093 601 ut
3138 544 3196 601 in
3215 543 3318 604 Job
3348 563 3362 602 :
3390 564 3412 599 ι
3450 545 3570 606 Non

300 646 455 716 plebs
484 642 737 712 inﬁdelis,
764 648 828 700 ut
855 643 911 699 in
936 643 1297 716 Apocalypsi:
1326 661 1346 695 ι
1373 643 1610 708 Atrium,
1633 639 1778 713 quod
1798 649 1883 697 est

300 736 437 793 foris
472 735 759 807 templum,
798 735 939 806 ejiee
978 736 1131 793 foras
1170 736 1214 804 ⁸,
1243 754 1264 789 ι
1310 736 1365 792 id
1412 744 1517 803 est,
1546 750 1660 801 eos,
1688 734 1784 805 qui
1814 733 1881 789 ad

298 828 467 887 ﬁdem
501 826 708 884 intrare
757 829 948 884 nolunt
967 869 983 896 ,
1023 845 1056 884 ιι
1090 828 1467 884 communione
1510 827 1755 885 ﬁdelium
1795 841 1883 882 se-

297 922 660 993 questrandos
695 935 819 979 esse
858 921 1188 978 demonstra.
1235 912 1339 977 Per
1377 921 1572 976 utrium
1603 921 1882 994 propheta:

294 1018 356 1068 et
410 1008 679 1084 apostoli,
730 1016 795 1068 ut
838 1013 903 1068 in
951 1012 1184 1069 Psalmis
1224 1030 1238 1067 :
1293 1031 1313 1066 ι
1358 1012 1582 1069 lntroite
1630 1013 1688 1068 in
1740 1011 1881 1068 atria

293 1102 419 1175 ejus
456 1105 501 1172 ³,
528 1122 548 1157 ι
580 1104 635 1161 id
655 1113 759 1172 est,
786 1105 1044 1177 apostolis
1063 1114 1119 1162 et
1136 1106 1417 1178 prophetis
1440 1107 1557 1177 ejus
1572 1105 1880 1162 eonformes

292 1207 496 1258 estote.
533 1199 639 1258 Per
688 1202 849 1270 atria,
896 1212 1171 1275 praecepta
1199 1202 1506 1270 charitatis,
1552 1203 1697 1259 utin
1728 1200 1883 1258 Psal-

290 1294 443 1349 mis:
473 1293 578 1350 tln
632 1295 788 1351 atriis
838 1290 1035 1353 domus
1070 1296 1169 1353 Dei
1208 1297 1385 1353 nostri
1427 1298 1473 1364 ⁸,
1506 1315 1525 1350 ι
1558 1296 1614 1351 id
1657 1304 1762 1363 est,
1825 1295 1882 1350 in

290 1384 587 1453 mandatis,
648 1394 752 1457 per
797 1392 919 1458 qua:
963 1389 1146 1444 omnia
1198 1388 1507 1446 communia
1566 1387 1721 1444 ﬁant.
1774 1385 1882 1443 Per

288 1482 516 1551 atrium,
554 1486 771 1541 secreta
814 1482 966 1551 creti,
1002 1492 1067 1540 ut
1090 1484 1149 1540 in
1196 1480 1458 1541 Psalmis:
1489 1479 1883 1554 «Concupiscit

288 1581 353 1630 et
386 1572 566 1631 deﬁcit
594 1576 775 1632 anima
793 1576 920 1634 mea
940 1577 999 1632 in
1025 1576 1164 1632 auia
1189 1576 1402 1632 Domini
1438 1575 1483 1644 ⁸,
1514 1592 1538 1628 ι
1572 1572 1629 1631 id
1652 1580 1755 1640 est,
1787 1572 1882 1631 de-

287 1665 501 1723 siderat
531 1667 766 1739 Spiritus
792 1676 946 1725 meus
980 1669 1293 1742 pertingere
1320 1670 1390 1725 ad
1416 1669 1542 1724 coeli
1576 1676 1805 1724 secreta.

364 1758 575 1817 Aurora
600 1771 685 1819 est
712 1770 900 1820 sancta
922 1762 1188 1831 Ecclesia,
1214 1763 1353 1819 utin
1378 1760 1640 1819 Cantica:
1670 1758 1879 1829 «Quasi

1982 638 2198 695 dabitur
2232 655 2426 695 aurum
2458 640 2717 710 obryzum
2752 652 2850 708 pro
2878 639 2895 658 ‘
2922 651 2990 694 eo
3016 635 3083 703 ¹⁹,
3111 656 3131 690 ι
3163 639 3306 709 quod
3352 640 3570 705 Christo

1980 730 2170 788 nullus
2192 731 2415 803 angelus
2458 731 2664 801 aquari
2692 738 2892 802 potest.
2920 729 3150 797 Aurum,
3179 731 3354 787 virtus
3379 732 3566 791 chari-

1984 828 2133 893 tatis,
2156 834 2221 882 ut
2244 827 2301 882 in
2338 825 2661 897 Apocalypsi
2687 843 2701 880 :
2734 842 2753 877 t
2781 824 2850 881 Et
2879 824 3222 895 procinctum
3252 824 3320 881 ad
3348 826 3566 882 mamil-

1981 920 2067 977 las
2108 935 2246 977 zona
2277 935 2443 975 aurea
2477 919 2544 985 ”,
2574 937 2595 970 ι
2630 917 2687 974 id
2718 926 2824 985 est,
2859 915 3084 985 ligatum
3122 916 3178 973 in
3218 916 3568 973 interioribus

1980 1011 2097 1069 suis
2124 1011 2344 1067 vinculo
2386 1008 2693 1066 charitatis.
2719 1009 2740 1030 '
2760 1007 2988 1076 Aurum,
3017 1006 3314 1080 spiritualis
3350 1007 3566 1079 sapien-

1980 1104 2077 1169 tia,
2120 1111 2182 1158 ut
2222 1102 2280 1158 in
2294 1099 2613 1158 Parabolis:
2643 1112 2665 1151 ι
2694 1097 3008 1155 Thesaurus
3049 1098 3425 1155 desiderabilis
3443 1100 3513 1167 “,
3542 1119 3564 1156 ι

1978 1196 2034 1252 id
2061 1204 2165 1264 est,
2192 1194 2459 1266 sapientia
2487 1191 2800 1264 spiritualis,
2840 1193 3132 1263 requiescit
3159 1192 3216 1248 in
3240 1208 3336 1249 ore
3353 1193 3573 1264 sapien-

1983 1289 2070 1344 tis.
2097 1289 2320 1353 Aurum,
2342 1286 2606 1359 sapientia
2637 1284 2978 1357 gentilitatis,
3000 1293 3063 1341 ut
3083 1285 3139 1340 in
3160 1284 3423 1341 Psalmis:
3452 1304 3473 1338 ι
3499 1284 3572 1343 Et

1978 1381 2197 1438 dabitur
2218 1380 2271 1437 ei
2300 1381 2366 1437 de
2389 1392 2522 1436 auro
2543 1379 2760 1436 Arabia:
2780 1379 2848 1446 ³³,
2870 1398 2890 1433 ι
2921 1378 2977 1435 id
2998 1385 3101 1445 est,
3130 1378 3372 1435 servient
3395 1379 3447 1435 ei
3474 1394 3568 1436 sa-

1974 1475 2192 1547 pientes
2211 1462 2548 1546 gentilitatis.
2576 1470 2799 1537 Aurum,
2828 1469 3134 1528 sublimitas
3154 1469 3489 1542 temporalis,
3511 1477 3573 1527 ut

1978 1567 2037 1624 in
2072 1566 2210 1624 Job:
2241 1586 2261 1619 ι
2290 1564 2349 1622 Si
2396 1554 2583 1639 putavi
2632 1579 2828 1621 aurum
2869 1566 3038 1621 robur
3062 1576 3243 1620 meum
3269 1563 3341 1631 ",
3370 1584 3391 1617 ι
3424 1563 3571 1634 quod

1968 1659 2221 1732 iustusin
2250 1658 2581 1716 sublimitate
2607 1672 2705 1714 sua
2732 1657 3016 1730 temporali
3043 1672 3154 1714 non
3183 1657 3428 1715 conﬁdit.
3457 1657 3571 1712 Au-

1972 1768 2118 1820 rum,
2160 1754 2383 1811 claritas
2420 1762 2735 1809 sanctorum
2772 1753 2829 1808 iu
2860 1753 3197 1821 cmlestibus,
3240 1761 3302 1809 ut
3344 1753 3402 1809 in
3427 1749 3567 1809 Job:

287 1867 491 1909 aurora
522 1869 854 1929 consurgens
884 1857 928 1925 ⁸,
971 1876 990 1909 ι
1016 1856 1036 1878 ⁶
1056 1856 1185 1928 quia
1218 1872 1247 1911 a
1291 1855 1532 1912 tenebris
1572 1854 1696 1908 vita:
1734 1867 1876 1924 pra:-
1983 1867 2003 1901 ι
2029 1848 2147 1904 Non
2183 1847 2555 1919 adaequabitur
2593 1847 2645 1903 ei
2676 1863 2870 1903 aurum
2889 1847 2960 1914 “,
2988 1867 3009 1901 ι
3035 1848 3179 1920 quod
3224 1861 3328 1903 nec
3369 1846 3568 1915 sancti,

286 1945 468 2001 sentis
505 1946 573 2002 ad
600 1945 843 2003 omlestia
893 1962 992 2019 per
1020 1946 1355 2003 desiderium
1403 1952 1589 2002 sancta
1634 1943 1877 2001 Ecclesia
1903 1929 1953 1990 Β
1976 1941 2074 2013 qui
2095 1940 2209 2011 jam
2239 1940 2297 1995 in
2339 1939 2495 1997 cmlis
2522 1948 2670 2007 sunt,
2699 1939 2921 1997 Christo
2944 1942 3149 2010 aequari
3168 1950 3422 2013 possunt.
3459 1940 3570 1996 Att—

283 2040 591 2110 consurgit.
639 2039 850 2096 Aurora
898 2048 984 2096 est
1012 2041 1104 2112 qui
1150 2038 1369 2097 noviter
1404 2040 1548 2097 bona
1590 2050 1758 2109 opera
1792 2036 1878 2091 in—

284 2131 459 2188 cheat
492 2141 555 2187 ut
589 2130 646 2186 in
670 2124 939 2188 Psalmis:
971 2149 992 2183 ι
1020 2128 1101 2187 Tu
1118 2120 1418 2189 fabricatus
1451 2146 1512 2188 es
1539 2134 1793 2186 auroram
1822 2135 1879 2185 et

283 2221 463 2279 solem
508 2222 553 2290 ‘,
590 2242 613 2278 ι
642 2223 788 2295 quod
834 2224 1094 2281 Dominus
1137 2232 1193 2282 et
1228 2225 1443 2281 initium
1464 2221 1787 2280 “constituit
1820 2221 1878 2276 in

282 2313 432 2369 bono
459 2329 643 2385 opere,
670 2322 729 2371 et
752 2315 1160 2389 perfectionem.
1192 2316 1424 2385 Aurora,
1452 2318 1563 2372 vita
1581 2314 1873 2386 iustorum,

285 2413 352 2460 ut
382 2407 438 2461 in
480 2404 620 2463 Job:
649 2427 668 2461 ι
697 2406 757 2464 Si
796 2408 979 2465 subito
1003 2408 1319 2481 apparuerit
1348 2423 1547 2464 aurora
1579 2408 1626 2474 ⁷,
1676 2427 1696 2460 ι
1730 2407 1878 2479 quod

283 2497 491 2569 impius
536 2496 703 2556 vitam
746 2498 1019 2570 iustorum
1062 2499 1382 2557 contemnit.
1432 2498 1667 2564 Aurora,
1716 2505 1877 2555 mens

280 2599 498 2657 sancta,
550 2603 612 2648 ut
665 2592 722 2649 in
771 2591 911 2650 Job:
942 2613 961 2646 ι
998 2592 1068 2649 Et
1112 2593 1394 2650 ostendisti
1436 2592 1655 2648 aurorae
1695 2590 1877 2647 locum

281 2692 449 2736 suum
486 2680 530 2748 ⁸,
558 2692 581 2735 ι
608 2682 754 2752 quod
792 2683 897 2753 pia:
938 2683 1106 2739 manu
1152 2683 1430 2740 caelestem
1454 2683 1711 2754 patriam,
1752 2694 1876 2754 quae

276 2771 339 2827 ei
369 2771 645 2841 locusest,
672 2773 934 2831 Dominus
964 2788 1067 2848 per
1092 2775 1477 2832 revelationem
1515 2775 1872 2832 demonstrat.

358 2863 552 2922 Anter
585 2874 672 2923 est
717 2866 952 2939 Spiritus
998 2878 1240 2937 sanctus,
1279 2876 1341 2925 ut
1376 2869 1433 2926 in
1467 2868 1731 2925 Cantico:
1760 2886 1779 2921 ι
1806 2868 1878 2924 Ει

282 2958 446 3025 veni,
484 2958 684 3016 Auster
720 2958 766 3027 ’,
797 2979 818 3014 ι
848 2961 903 3018 id
928 2970 1033 3029 est,
1054 2963 1073 2983 θ
1094 2962 1243 3018 venit
1265 2960 1449 3019 fervor
1476 2961 1713 3035 Spiritus
1750 2976 1877 3018 san-

279 3050 386 3106 cti.
410 3050 619 3117 Auster,
647 3055 879 3123 populus
914 3052 1189 3119 indultus,
1220 3061 1286 3109 ut
1324 3052 1383 3109 in
1400 3053 1539 3110 lsaia
1566 3070 1580 3106 :
1616 3070 1636 3106 ι
1668 3053 1738 3110 Et
1758 3052 1874 3110 Au-

278 3150 405 3198 stro
423 3140 598 3199 dicam
615 3142 765 3200 :Noli
784 3145 1074 3216 prohibere
1096 3146 1163 3213 ³ο,
1193 3166 1214 3199 ι
1246 3146 1301 3202 id
1319 3155 1424 3213 est,
1446 3146 1758 3217 praecipiam
1776 3144 1875 3201 Ju-

278 3233 443 3301 daeis,
485 3249 556 3290 ne
578 3236 595 3255 ‘
616 3243 806 3306 gentes
835 3236 905 3293 ad
944 3239 1271 3295 credendum
1313 3238 1631 3309 impediant.
1662 3239 1873 3306 Auster,

1978 2055 2122 2106 rum,
2144 2038 2341 2094 anima:
2378 2046 2504 2094 sunt
2540 2037 2745 2104 ﬁdeles,
2761 2037 2831 2092 de
2854 2035 3481 2109 gentilitate’veuientes,
3506 2044 3569 2091 ut

1980 2133 2033 2188 in
2071 2129 2209 2187 Job:
2238 2146 2258 2182 ι
2284 2129 2369 2186 Ab
2412 2127 2680 2201 Aquilone
2718 2140 2911 2185 aurum
2953 2128 3219 2196 veniet”,
3247 2148 3266 2182 ι
3308 2130 3365 2185 id
3408 2138 3514 2196 εει,
3538 2142 3574 2184 a

1976 2223 2176 2297 populo
2204 2222 2391 2294 gentili
2413 2223 2606 2279 animae
2628 2223 2834 2280 devote
2854 2224 3168 2295 precedent.
3204 2221 3432 2289 Aurum,
3459 2235 3575 2278 cm-

1976 2320 2067 2371 tus
2093 2322 2420 2387 martyrum,
2464 2323 2527 2369 ut
2562 2315 2617 2370 in
2661 2313 2796 2371 Job:
2826 2334 2845 2369 ι
2871 2315 3019 2371 Auro
3048 2314 3201 2371 locus
3228 2323 3337 2381 est,
3380 2316 3437 2369 in
3465 2328 3575 2384 quo

1977 2405 2247 2462 conflatur
2274 2405 2344 2471 “,
2370 2420 2391 2459 ι
2421 2404 2564 2475 quod
2606 2420 2715 2461 non
2748 2406 2976 2476 prodest
3008 2404 3331 2477 martyrium
3371 2404 3477 2460 nisi
3513 2404 3572 2460 lu

1978 2497 2221 2555 Ecclesia
2246 2497 2595 2569 suscipiatur.
2631 2497 2858 2564 Aurum,
2891 2497 3064 2552 virtus
3080 2496 3383 2567 patientiae,
3424 2503 3485 2551 ut
3510 2496 3567 2552 in

1976 2589 2116 2649 Job:
2144 2610 2163 2645 ι
2190 2588 2449 2648 Probavit
2496 2604 2586 2647 me
2626 2591 2784 2662 quasi
2811 2604 3027 2656 aurum,
3063 2590 3208 2661 quod
3249 2602 3350 2661 per
3392 2590 3573 2660 ignem

1978 2685 2271 2754 transit",
2297 2704 2317 2740 ι
2370 2685 2426 2741 id
2470 2692 2575 2752 est,
2626 2696 2697 2740 ex
2732 2682 3101 2752 tribulatione,
3139 2694 3302 2756 quam
3348 2685 3570 2755 pertuli,

1979 2790 2087 2833 non
2130 2780 2250 2834 sum
2285 2785 2615 2849 superatus;
2649 2778 2743 2834 sed
2778 2793 2877 2850 per
2910 2778 3233 2848 sapimtiam
3270 2778 3474 2835 clarior
3497 2778 3574 2835 εῐ-

1976 2866 2172 2924 fectus.
2199 2867 2425 2934 Aurum,
2447 2870 2597 2941 regia
2618 2867 2825 2925 Christi
2847 2878 3123 2941 potestas;
3155 2874 3217 2925 ul
3240 2872 3297 2927 in
3325 2871 3601 2943 Evange--

1978 2959 2119 3016 lio"
2158 2960 2303 3033 magi
2349 2974 2543 3017 aurum
2588 2960 2807 3018 Christo
2853 2961 3111 3029 oll‘erunt,
3164 2963 3307 3033 quod
3356 2962 3574 3035 gentilis

1978 3068 2104 3111 eum
2146 3055 2379 3127 populus
2411 3062 2690 3127 potentem
2727 3054 2902 3112 credit
2947 3064 3152 3128 regem.
3192 3056 3420 3124 Aurum,
3451 3056 3563 3113 vita

1970 3148 2303 3215 sacerdotis,
2324 3156 2387 3203 ut
2404 3149 2460 3203 in
2475 3146 2740 3205 Jeremia:
2767 3165 2786 3198 ι
2815 3145 3095 3215 Quomodo
3113 3147 3463 3203 obscuratum
3485 3156 3569 3203 est

1980 3252 2176 3296 aurum
2204 3239 2271 3307 ³⁸,
2302 3258 2322 3294 ι
2366 3240 2510 3311 quod
2543 3240 2822 3311 splendida
2867 3239 3212 3295 sacerdotum
3268 3240 3381 3296 vita
3428 3241 3574 3297 vitiis

254 3326 608 3399 .prmdicator
628 3330 874 3399 quilibet,
908 3339 967 3386 ut
992 3331 1051 3387 in
1074 3330 1302 3389 Psalmis
1329 3350 1343 3389 :
1374 3352 1394 3386 ι
1431 3330 1732 3388 Transtulit
1763 3331 1875 3387 Au-
1903 3331 1949 3397 C
1981 3335 2318 3405 deturpatur.
2344 3332 2568 3397 Aurum,
2606 3333 2749 3388 bona
2778 3332 3124 3388 conversatio
3152 3330 3335 3403 populi
3372 3330 3567 3397 ﬁdelis,

279 3428 459 3481 stram
501 3419 569 3476 de
593 3421 827 3477 cmlo“:
859 3442 879 3474 ι
911 3426 1055 3494 quod
1097 3425 1166 3481 de
1202 3426 1314 3481 vita
1358 3425 1576 3483 sublimi
1614 3425 1877 3483 Dominus

279 3520 696 3590 praedicatorem
734 3515 904 3591 eligit.
936 3516 1150 3585 Auster,
1182 3528 1357 3575 coetus
1386 3528 1708 3591 martyrum,
1734 3520 1880 3576 utin

277 3612 646 3684 Apocalypsi:
686 3630 707 3665 ι
735 3611 820 3668 Ab
860 3615 1081 3679 Austro,
1132 3621 1307 3683 portae
1352 3621 1463 3669 tres
1496 3613 1565 3679 “,
1594 3632 1615 3666 ι
1657 3613 1805 3685 quod
1844 3627 1878 3668 a

276 3705 619 3776 martyribus
634 3704 768 3761 ﬁdes
796 3704 1080 3760 Trinitatis
1105 3703 1449 3775 praedicatur.
1476 3705 1688 3771 Auster,
1718 3706 1879 3763 devo~

276 3798 366 3853 tio
410 3804 621 3862 sancta,
658 3804 722 3852 ut
768 3797 823 3851 in
874 3792 1145 3853 Psalmis:
1178 3817 1197 3849 ι
1225 3797 1574 3865 Convertere,
1631 3796 1876 3867 Domine,

277 3887 659 3958 captivitatem
707 3896 948 3944 nostram
996 3890 1138 3944 sicut
1176 3897 1396 3945 torrens
1436 3890 1491 3945 in
1530 3889 1732 3946 Austro
1757 3889 1822 3957 ",
1850 3910 1872 3944 ι

279 3983 435 4054 quod
459 3994 557 4053 per
592 3992 836 4038 sanctam
862 3983 1204 4039 devotionem
1237 3994 1390 4039 mens
1433 3983 1502 4039 ab
1531 3982 1747 4039 interno
1777 3983 1878 4039 iri-

279 4086 420 4145 gore
451 4071 730 4129 liberatur.
761 4074 971 4141 Auster,
1005 4075 1268 4130 sanctitas
1295 4073 1561 4146 religiosa:
1587 4088 1879 4130 conversa-

278 4166 477 4233 tionis,
512 4176 575 4221 ut
614 4167 672 4221 in
698 4162 982 4223 Ezechiele
1007 4182 1073 4222 ενι
1103 4166 1271 4235 Quasi
1314 4167 1603 4222 aedilicium
1640 4167 1881 4223 civitatis

278 4260 561 4330 vergentis
580 4259 650 4314 ad
680 4256 937 4315 Austrum
962 4258 1031 4326 ",
1061 4278 1081 4312 ι
1111 4259 1257 4330 quod
1280 4266 1469 4314 sancta
1499 4256 1741 4313 Ecclesia
1764 4256 1879 4313 fer-

281 4354 408 4408 veri
448 4361 647 4408 sancta:
692 4352 1120 4409 conversationis
1164 4352 1313 4407 insit.
1361 4352 1570 4418 Auster,
1608 4358 1879 4407 secretum

282 4444 442 4510 celi,
487 4452 547 4499 ut
586 4445 641 4501 in
667 4442 810 4501 Job:
858 4460 878 4496 ι
908 4444 1010 4511 Qui
1071 4442 1205 4499 facit
1240 4442 1501 4499 interiora
1547 4444 1733 4499 Austri
1756 4442 1822 4510 ¹⁸,
1854 4461 1873 4496 ι

283 4538 437 4608 quod
460 4538 720 4595 Dominus
760 4536 1082 4593 internaan
1110 4537 1349 4594 cmlestis
1371 4536 1565 4609 patria:
1600 4538 1715 4593 suis
1740 4550 1883 4607 prte-

284 4631 529 4700 paravit.

367 4721 567 4775 Aurum
602 4724 691 4778 est
722 4721 839 4792 ipsa
880 4721 1167 4789 Divinitas,
1192 4729 1255 4777 ut
1278 4722 1333 4777 in
1358 4721 1583 4778 Cantica
1612 4738 1625 4776 :
1654 4740 1675 4773 ι
1704 4720 1880 4791 Caput
1906 4704 1958 4765 Ῑ)

286 4807 412 4878 eius
466 4826 659 4867 aurum
712 4812 979 4884 optimum
1013 4814 1076 4879 “,
1116 4832 1136 4864 ι
1181 4812 1327 4883 quod
1374 4813 1632 4869 divinitas
1678 4811 1882 4869 Christi

287 4900 582 4961 ineﬁ'abilis
626 4904 847 4961 claritas
890 4913 993 4960 est.
1043 4904 1273 4971 Aurum,
1332 4904 1589 4976 splendor
1643 4903 1883 4960 cmiestis

288 4994 525 5064 patriai,
586 5004 649 5051 ut
708 4996 767 5052 in
816 4996 1190 5068 Ap0calypsi:
1239 4996 1406 5067 «ipsa
1470 4996 1665 5053 civitas
1696 5000 1714 5017 '
1749 5010 1883 5053 auro

289 5089 501 5144 mundo
524 5089 592 5158 ³⁷,
620 5109 643 5145 ι
669 5090 814 5162 quod
838 5106 1073 5160 superna
1107 5089 1197 5145 illa
1226 5089 1421 5145 civitas
1441 5098 1645 5147 aeterna
1675 5091 1885 5146 mundi-

292 5182 375 5237 tia
400 5183 719 5254 splendebit.
750 5186 986 5251 Aurunt,
1014 5184 1280 5255 sapientia
1314 5185 1476 5255 primi
1506 5183 1701 5253 angeli,
1734 5192 1794 5240 ut
1826 5185 1886 5239 iu

292 5274 581 5332 Ezechiele
605 5294 621 5333 :
644 5295 667 5331 ι
694 5276 901 5333 Aurum
922 5291 1063 5346 opus
1085 5276 1297 5332 decoris
1332 5276 1409 5331 tui
1440 5277 1506 5342 ⁸⁸,
1536 5296 1555 5329 ι
1588 5276 1733 5346 quod
1766 5290 1884 5331 ma-

292 5380 406 5437 gna
454 5367 666 5438 primus
714 5367 939 5440 angelus
970 5367 1239 5438 sapientia
1278 5366 1569 5424 decoratus
1606 5366 1728 5423 fuit.
1774 5368 1889 5422 Au-

374 5541 592 5613 IAM

377 5628 451 5680 tv,
471 5608 566 5669 '11.
593 5613 614 5646 ⁸
632 5608 735 5673 Job
757 5630 984 5679 uxvul,
1016 5615 1098 5669 1‘2.
1124 5613 1145 5647 ⁸
1174 5608 1333 5671 Cant.
1362 5631 1436 5680 tv,
1466 5614 1554 5671 16.
1591 5616 1632 5646 ¹⁰
1658 5613 1761 5671 lsa.
1787 5630 1876 5670 ιιιι

1981 5614 2020 5669 5.
2056 5613 2099 5644 “
2122 5610 2268 5667 Psal.
2292 5626 2494 5673 Lxxvu,
2525 5610 2618 5664 26.
2652 5608 2831 5680 S’Apo

1982 3435 2042 3483 ut
2076 3427 2137 3482 in
2164 3420 2301 3482 Job:
2333 3442 2354 3478 t
2381 3425 2451 3480 Et
2488 3424 2654 3498 glebae
2690 3424 2857 3489 illius,
2899 3436 3093 3480 aurum
3130 3424 3201 3493 “,
3231 3444 3250 3477 ›
3283 3426 3430 3496 quod
3460 3442 3571 3483 non

1981 3520 2157 3577 solum
2201 3520 2512 3577 sacerdotes
2560 3532 2660 3589 per
2700 3518 3012 3575 sanctitatis
3046 3518 3464 3590 prmrogativam
3514 3519 3569 3574 in

1979 3612 2223 3669 Ecclesia
2274 3611 2467 3677 nitent,
2502 3610 2597 3668 sed
2620 3618 2676 3666 et
2713 3606 2899 3667 ﬁdeles
2935 3611 2991 3664 in
3029 3624 3092 3664 ea
3123 3610 3305 3681 populi
3344 3627 3442 3680 per
3472 3611 3570 3666 bc-

1978 3722 2106 3762 nam
2131 3707 2599 3763 conversationem
2650 3703 2878 3775 fulgent.
2919 3704 3148 3768 Aurum,
3186 3702 3407 3758 claritas
3438 3718 3573 3758 cnn-

1980 3809 2309 3872 temptorum
2343 3799 2550 3866 mundi,
2596 3798 2735 3853 utin
2764 3796 2904 3854 Job:
2935 3814 2955 3850 ι
2989 3795 3211 3852 Sternet
3250 3795 3352 3851 sibi
3381 3810 3573 3851 aurum

1981 3896 2138 3967 quasi
2170 3888 2348 3951 lutum
2385 3895 2453 3959 “,
2489 3913 2509 3947 ι
2552 3894 2700 3965 quod
2744 3894 2826 3948 sic
2871 3893 2973 3948 sibi
3024 3906 3409 3962 nonnunquam
3454 3907 3570 3959 eos,

1980 3986 2075 4058 qui
2102 3987 2363 4041 mundum
2387 3991 2852 4055 contempserunt,
2893 3980 3130 4051 subjicit,
3164 3983 3306 4037 sicut
3331 3997 3447 4049 eos,
3477 3983 3571 4054 qui

1981 4076 2230 4149 diligunt.
2260 4074 2484 4139 Aurum,
2521 4086 2750 4128 acumen
2776 4071 2989 4128 subtilis
3014 4072 3238 4144 ingenii,
3264 4074 3326 4128 ut
3355 4072 3409 4127 in
3432 4072 3573 4144 Apo-

1981 4170 2226 4242 calypsi:
2266 4188 2287 4222 ι
2315 4167 2532 4224 Suadeo
2570 4167 2725 4224 tibia
2768 4178 2857 4222 me
2904 4178 3098 4221 aurum
3123 4164 3193 4233 υ,
3224 4184 3243 4217 ι
3272 4166 3327 4221 id
3366 4174 3472 4232 est,
3502 4167 3574 4222 da

1981 4264 2111 4320 boni
2135 4261 2316 4333 operis
2345 4259 2598 4330 pretium,
2629 4258 2675 4314 si
2700 4258 2785 4314 vis
2806 4257 3116 4329 pertingere
3141 4256 3209 4311 ad
3240 4264 3461 4313 acutum
3489 4256 3574 4312 in-

1978 4357 2221 4430 genium,
2260 4354 2405 4425 quod
2454 4366 2553 4424 per
2582 4360 2829 4409 sanctum
2868 4360 3049 4407 actum
3096 4351 3459 4422 pertingimus
3503 4349 3574 4404 ad

1981 4448 2188 4505 clarum
2220 4446 2571 4503 intellectum.
2620 4444 2847 4511 Aurum,
2878 4445 3144 4514 sapientia
3186 4443 3566 4513 rcproborum,

1980 4548 2042 4594 ut
2066 4539 2120 4593 in
2135 4537 2497 4609 Apocalypsi:
2530 4556 2550 4590 ι
2574 4537 2781 4593 Merces
2820 4537 2939 4591 auri
2970 4535 3049 4590 tui
3086 4548 3246 4591 nemo
3278 4543 3423 4591 emet
3457 4550 3571 4590 atu-

1978 4631 2122 4703 plius
2143 4630 2212 4697 ³⁸,
2245 4650 2262 4681 ι
2294 4630 2438 4701 quod
2467 4629 2736 4685 damnatis
2762 4629 2817 4684 in
2844 4627 3032 4682 ultimo
3053 4626 3258 4698 judicio
3303 4626 3568 4697 rcprobis,

1986 4736 2149 4778 nemo
2178 4734 2366 4777 eorum
2412 4720 2640 4777 ulterius
2683 4721 3009 4791 sapientiam
3035 4719 3303 4789 exquiret.
3337 4719 3570 4787 Aurum,

1988 4815 2164 4886 fulgor
2217 4830 2425 4885 pompa:
2464 4813 2761 4878 saecularis,
2812 4820 2872 4866 ut
2906 4812 2961 4866 in
3016 4809 3245 4867 Psalmis
3287 4828 3301 4865 :
3337 4828 3358 4862 ι
3400 4810 3572 4868 Dilexi

1988 4907 2244 4962 mandata
2294 4914 2384 4960 tua
2416 4920 2581 4975 super
2609 4917 2802 4959 aurum
2826 4902 2895 4967 ³⁸,
2935 4922 2954 4953 ι
2992 4910 3123 4968 ειε.,
3151 4902 3205 4958 id
3236 4909 3339 4968 est,
3373 4905 3571 4974 magis,

1989 4992 2153 5067 qudm
2177 4995 2463 5051 elationem
2487 4994 2822 5050 saecularem.
2846 4990 3072 5057 Aurum,
3095 5001 3299 5048 aeterna
3334 4993 3443 5048 vita
3464 4993 3573 5050 elc-

1982 5096 2223 5157 ‘ctorum,
2269 5098 2330 5144 ut
2368 5090 2420 5144 in
2464 5088 2730 5145 Psalmis:
2760 5105 2779 5141 ι
2807 5086 3114 5143 Posteriora
3152 5085 3301 5143 dorsi
3348 5085 3467 5157 ejus
3515 5087 3574 5142 in

1990 5183 2196 5254 pallore
2221 5183 2336 5237 auri
2357 5183 2422 5246 ³⁸,
2454 5202 2473 5235 ι
2516 5182 2661 5251 quod
2688 5180 3024 5251 subsequens
3050 5180 3307 5237 Ecclesiae
3332 5194 3435 5252 pro
3461 5180 3573 5236 Deo

1990 5277 2288 5334 honoriﬁce
2318 5274 2517 5330 lucebit
2537 5274 2592 5329 in
2620 5272 2903 5344 splendore
2932 5272 3300 5344 permanentis
3328 5272 3473 5326 vitaz.

2061 5367 2220 5423 Auris
2263 5374 2349 5423 est
2377 5367 2471 5423 Dei
2512 5365 2775 5433 potentia,
2820 5371 2884 5419 ut
2918 5364 2976 5420 in
3008 5360 3279 5420 Psalmis:
3305 5380 3324 5415 ι
3352 5361 3570 5432 Ριωρε-

631 5558 718 5610 ιι,
747 5542 801 5599 2.
848 5544 868 5575 ⁸
892 5541 1041 5601 Psal.
1072 5556 1198 5610 xcv,
1237 5543 1290 5600 8.
1320 5543 1342 5576 ³
1367 5543 1510 5599 Psal.
1538 5556 1669 5608 xcn,
1708 5542 1796 5599 14.
1829 5541 1852 5574 ⁵
1880 5540 2024 5598 Psal.
2054 5555 2287 5606 Lxxxm,
2325 5539 2380 5597 5.
2409 5540 2432 5571 ⁸
2454 5538 2614 5595 Cant.
2643 5538 2802 5610 v1.9.
2833 5536 2855 5569 ⁸
2875 5533 3020 5591 Psal.
3060 5547 3280 5610 ngxu‘t,‘
3304 5530 3392 5610 iii.
3423 5532 3445 5565 '
3471 5531 3574 5587 Job

2833 5624 2884 5664 ε.
2913 5621 3033 5671 nt,
3054 5604 3147 5658 15.
3174 5603 3219 5636 ¹³
3244 5601 3388 5656 Psal.
3409 5614 3570 5670 cxxv,

342 5724 355 5737 .
392 5673 659 5743 “’Ezech.
690 5701 787 5752 xu,
823 5686 877 5741 2.
909 5673 1089 5742 η’]οὺ
1142 5701 1221 5752 Ix,
1252 5685 1307 5741 9.
1343 5686 1388 5717 “
1416 5673 1575 5741 Cant.
1621 5700 1673 5751 v,
1715 5687 1803 5742 11.
1837 5686 1879 5719 "

1981 5699 2076 5740 ioc.
2115 5699 2231 5749 χχι,
2265 5683 2350 5739 18.
2387 5683 2431 5715 ⁸⁸
2454 5682 2651 5752 Ezech.
2687 5673 3102 5752 xxi/111,113.“?
3131 5673 3233 5752 Job
3260 5686 3450 5739 xxvm,

297 5755 348 5785 '°
374 5754 544 5824 Apoc.
574 5771 617 5821 ι,
647 5756 734 5813 15.-
764 5744 809 5788 ίι
849 5754 1010 5813 Prov.
1059 5773 1173 5822 xxi,
1206 5744 1307 5811 '20.
1341 5757 1386 5788 “
1419 5756 1558 5813 Psal.
1601 5744 1749 5823 ιιίιιι,
1798 5756 1879 5811 15.

1981 5754 2102 5811 Job
2152 5744 2414 5821 xx'xt,21.
2456 5751 2503 5784 “
2522 5750 2624 5807 Job
2648 5764 2842 5824 xxvut,
2878 5748 2966 5824 1'7.
2998 5748 3046 5782 ³⁸
3072 5744 3425 5824 JtibAptitvtt2
3478 5744 3567 5799 2‘2.

298 5824 349 5858 ιε
369 5813 473 5882 Job
500 5813 692 5892 xxvi“,
721 5826 771 5881 ι.
801 5827 844 5859 ιτ
868 5825 969 5883 Job
993 5813 1263 5892 mmo.
1294 5828 1340 5861 ιε
1362 5827 1549 5884 Matth.
1583 5813 1640 5889 ιι,
1669 5813 1754 5883 u'.
1796 5827 1879 5881 *θη

1982 5867 1994 5881 .
2031 5842 2104 5889 tv,
2140 5827 2189 5880 1.
2224 5813 2396 5882 “Job
2441 5839 2632 5889 xxvm,
2680 5824 2737 5877 6.
2791 5813 2835 5854 ³ί
2879 5819 2980 5876 Job
3022 5833 3131 5882 ιιι,
3181 5815 3268 5869 21.
3320 5813 3366 5845 ³⁸
3397 5814 3567 5885 Apoc.

299 5910 389 5967 ιιι,
421 5896 507 5955 18.
556 5895 790 5970 “Apoc.
816 5914 971 5971 ιινιιι,
998 5898 1085 5957 12.
1123 5898 1171 5932 ³⁸
1195 5899 1338 5959 Psal.
1369 5915 1561 5970 cxvut,
1592 5900 1712 5959 127.
1753 5899 1801 5933 ³⁸
1830 5898 1879 5956 P:

2004 5912 2175 5965 mu,
2202 5897 2286 5954 14.
