3972 6336
564 327 661 384 871

1195 299 1257 352 Β.
1298 293 1554 352 RABANI
1592 293 1814 351 MAURI
1847 289 2165 348 ARCHIEP.
2206 286 2516 345 MOGUNT.
2557 283 2845 368 QPERUM
2883 283 3062 342 PARS
3099 284 3187 342 Ill.
3647 296 3719 350 s12

553 425 821 480 rationem
853 419 1034 477 cordis
1063 433 1250 474 eorum
1296 415 1506 472 audivit
1544 414 1694 470 auris
1721 421 1814 468 tua
1839 412 1880 478 ι,
1907 429 1926 462 ι
1960 409 2141 475 idest,
2169 413 2222 475 Α
2255 424 2272 457 ι
2304 405 2370 460 Et
2419 413 2653 476 quatuor
2703 412 2866 469 rotae.
2915 417 3011 472 per
3064 402 3222 457 bases
3263 403 3510 473 singulas,
3549 414 3594 460 et
3634 423 3722 466 axes

557 519 767 578 occulta
806 533 997 573 eorum
1042 513 1348 587 penetravit
1390 511 1633 582 potentia
1672 520 1782 563 tua.
1819 505 2001 570 Auris,
2037 503 2145 559 cle-

555 613 777 676 mentia,
826 619 888 665 ut
923 609 981 665 in
1021 607 1299 664 Psalmis:
1332 625 1350 658 ι
1378 605 1445 659 Ει
1492 603 1643 658 auris
1693 600 1829 671 ejus,
1861 619 1880 652 ι
1936 598 1992 654 id
2038 605 2142 662 est,

553 706 727 776 pietas
773 701 910 772 ejus,
962 721 981 755 ι
1015 702 1084 757 ad
1124 715 1316 772 preces
1356 712 1546 754 eorum
1572 697 1614 750 ³.
1648 714 1666 746 ι
1721 693 1908 757 Auris,
1957 692 2145 748 doctor

554 798 833 863 Ecclesiae,
877 797 1012 852 utin
1050 793 1368 850 Parabolis:
1405 809 1423 843 ι
1452 790 1634 854 A—uris,
1667 803 1788 859 qua:
1817 785 2022 841 audivit
2063 785 2146 839 in-

554 891 896 960 crepationes
939 889 1084 954 vita,
1123 887 1177 942 in
1228 885 1407 941 medio
1448 882 1755 953 sapientum
1789 876 2146 935 commorabi-

555 991 647 1037 tur
680 982 724 1049 ³,
760 1003 778 1035 ι
809 981 954 1051 quod
999 981 1093 1051 qui
1138 979 1369 1034 libenter
1405 976 1558 1031 audit
1598 974 1996 1044 increpationes
2045 970 2139 1025 do-

555 1075 815 1140 centium,
844 1073 1163 1143 plerumque
1202 1086 1375 1140 usque
1407 1069 1474 1123 ad
1517 1067 1832 1123 cathedram
1863 1065 2144 1120 doctorum

555 1168 892 1224 conscendit.
938 1166 1133 1232 Auris,
1188 1179 1342 1219 mens
1382 1161 1657 1226 hominis,
1711 1167 1770 1214 ut
1822 1158 1878 1213 in
1918 1155 2142 1211 Exodo:

562 1281 580 1312 ε
610 1259 1026 1328 Perforabitque
1077 1271 1264 1312 aurem
1327 1255 1442 1325 ejus
1475 1256 1491 1272 ‘
1516 1252 1705 1308 subula
1749 1251 1810 1318 ’⁵,
1859 1271 1878 1302 ι
1917 1249 1970 1304 id
2025 1256 2144 1312 est,

557 1358 794 1406 mentem
825 1349 943 1420 ejus
964 1346 1258 1402 illustrabit
1283 1345 1452 1399 verbo
1477 1343 1594 1399 Dei.
1625 1342 1804 1407 Auris,
1839 1339 2147 1395 intellectus

558 1443 763 1508 cordis,
816 1450 876 1495 ut
924 1441 977 1494 in
1015 1439 1156 1495 Job:
1183 1457 1200 1489 ‹
1234 1436 1428 1492 Nonne
1458 1451 1591 1490 aure
1634 1444 1725 1490 tua
1751 1433 1915 1488 verba
1954 1429 2148 1500 dijudi-

558 1544 647 1592 cat
674 1535 728 1588 5?
759 1555 776 1586 ι
817 1531 961 1604 quod
999 1530 1186 1597 verba,
1234 1545 1355 1600 qua:
1405 1534 1602 1583 sonant
1647 1525 2007 1587 extrinsecus,
2039 1521 2151 1576 dis-

556 1628 732 1684 cernit
783 1625 1086 1680 intellectus
1111 1622 1294 1678 cordis
1325 1619 1672 1676 intrinsecus.
1705 1617 1886 1682 Auris,
1920 1614 2149 1684 quilibet

555 1719 855 1790 subjectus,
893 1726 955 1771 ut
992 1715 1046 1770 in
1077 1713 1396 1768 Parabolis:
1430 1729 1450 1763 ι
1495 1710 1698 1766 Aurem
1729 1709 2058 1772 audientem,
2097 1714 2152 1761 et

554 1783 773 1865 oculum
828 1808 1100 1862 videntem
1149 1805 1410 1860 Dominus
1467 1803 1598 1860 fecit
1639 1803 1680 1869 ⁸,
1731 1823 1750 1856 ›
1803 1801 1948 1873 quod
2005 1801 2148 1855 Deus
2179 1783 2224 1841 Β

556 1901 841 1971 utriusque
887 1907 972 1955 est
1017 1897 1290 1963 conditor,
1330 1904 1385 1952 et
1441 1895 1668 1966 subjecti
1719 1894 1973 1950 videlicet
2023 1891 2151 1971 ohe-_

556 1968 775 2063 dientis,
840 2003 897 2049 et
941 1992 1149 2065 praelati
1197 1991 1536 2061 imperantis.
1585 1989 1747 2043 Auris
1799 2003 1898 2057 pro
1937 1968 2164 2072 occulto"

557 2090 842 2160 accipitur,
866 2094 928 2141 ut
963 2086 1017 2140 in
1059 2084 1392 2156 Evangelio:
1425 2104 1441 2135 ε
1474 2083 1628 2152 Quod
1668 2083 1722 2138 in
1767 2097 1902 2136 aure
1929 2079 2149 2144 auditis,

558 2179 855 2251 prtodicate
907 2193 1074 2247 super
1121 2177 1335 2242 tecta",
1367 2197 1384 2230 ι
1417 2176 1470 2230 id
1518 2184 1622 2241 est,
1656 2173 1801 2245 quod
1837 2174 1891 2227 in
1935 2171 2152 2226 occulto

559 2269 856 2340 suscipitis,
891 2267 1148 2323 effundite
1186 2268 1240 2322 in
1269 2266 1504 2337 publico.
1550 2266 1733 2329 Auris,
1767 2263 2154 2332 contemplatio

562 2359 798 2424 interna,
845 2366 906 2412 ut
950 2357 1004 2410 in
1048 2357 1187 2412 Job:
1219 2375 1238 2407 ι
1267 2355 1432 2422 Quasi
1483 2355 1684 2409 furtive
1728 2353 1968 2423 suscepit
2005 2353 2154 2407 auris

562 2466 686 2505 mea
713 2465 881 2504 venas
914 2451 1123 2504 susurri
1177 2450 1296 2520 ejus
1317 2451 1362 2515 ⁸,
1393 2470 1410 2502 ι
1445 2450 1499 2503 id
1531 2458 1633 2516 est,
1666 2449 1877 2505 occulte
1913 2448 2157 2518 percepit

560 2541 946 2612 contemplatio
977 2557 1095 2596 mea
1115 2541 1269 2612 signa
1298 2542 1525 2596 internaa
1551 2549 1605 2597 et
1644 2541 1840 2596 divina:
1875 2539 2156 2594 allocutio-

561 2634 666 2690 nis.
703 2633 808 2688 Per
843 2649 1030 2688 aurem
1081 2633 1408 2699 obedientia,
1455 2641 1515 2687 ut
1543 2633 1597 2687 in
1643 2632 1935 2703 Evangelio
1963 2650 1974 2685 :
2005 2651 2023 2683 ι
2053 2631 2156 2698 Qui

561 2727 726 2781 habet
751 2742 934 2793 aures,
968 2726 1215 2793 audiat“,
1251 2727 1303 2781 id
1337 2735 1440 2791 est,
1472 2726 1565 2798 qui
1589 2727 1811 2782 obedire
1834 2725 1968 2791 vult,
1991 2727 2155 2780 verba

560 2834 682 2874 mea
714 2819 998 2874 auscultet.
1031 2819 1136 2874 Per
1181 2835 1382 2884 aurem,
1426 2835 1561 2890 pura
1596 2818 1973 2889 intelligentia,
2008 2825 2068 2871 ut
2102 2817 2157 2870 in

564 2909 796 2966 Psalmis
822 2930 834 2965 :
865 2929 884 2964 ‹
918 2912 1092 2967 Aures
1131 2919 1311 2966 autem
1337 2911 1627 2983 perforasti
1657 2912 1788 2967 mihi
1818 2912 1881 2976 ¹⁰,
1917 2931 1935 2964 ι
1970 2911 2022 2964 id
2051 2919 2154 2977 est,

561 3002 801 3074 perfecte
843 3019 931 3058 me
965 3003 1269 3076 intelligere
1311 3003 1510 3069 fecisti,
1545 3003 1674 3073 quid
1700 3003 1886 3058 velles.
1918 3001 2022 3056 Per
2061 3018 2158 3055 au—

564 3111 693 3161 rem,
718 3093 921 3164 judicia
963 3095 1169 3162 divina,
1207 3107 1266 3150 ut
1309 3097 1362 3150 in
1400 3095 1574 3150 Isaia:
1607 3114 1625 3147 ι
1657 3095 1715 3150 ln
1765 3095 1988 3150 auribus
2021 3094 2156 3148 meis

563 3187 679 3242 haec
703 3187 832 3242 dicit
859 3186 1120 3242 Dominus
1141 3187 1208 3252 “,
1239 3207 1258 3239 ›
1291 3186 1346 3242 id
1390 3195 1477 3242 est
1535 3188 1591 3242 in
1616 3187 1836 3257 judiciis
1869 3187 2004 3243 meis
2041 3187 2157 3242 haec

563 3286 706 3332 sunt.

636 3371 855 3442 Auriga,
885 3373 1113 3441 quilibet
1150 3375 1496 3442 praedicator,
1527 3382 1589 3428 ut
1628 3375 1684 3430 in
1725 3374 1878 3431 libris
1904 3375 2150 3448 Regum:

570 3481 588 3513 ι
623 3461 830 3517 Currus
858 3463 1043 3529 Israel,
1077 3474 1131 3538 et
1160 3466 1343 3536 auriga
1371 3464 1488 3535 ejus
1507 3466 1568 3529 “,
1601 3485 1622 3518 ι
1660 3467 1803 3536 quod
1831 3467 2158 3538 praedicator

566 3555 824 3625 populum
853 3555 945 3609 Dei
973 3563 1028 3610 et
1054 3535 1274 3625 portare
1292 3535 1456 3611 debet
1483 3566 1536 3612 et
1565 3535 1783 3613 ducere.

638 3646 762 3700 Avis
785 3657 869 3701 est
895 3647 1167 3714 Christus,
1192 3657 1250 3702 ut
1284 3649 1337 3703 in
1367 3647 1468 3703 Job
1495 3668 1506 3702 :
1544 3669 1562 3701 ι
1597 3650 1858 3706 Semitam
1891 3653 2158 3722 ignoravit

563 3741 680 3795 avis
705 3741 771 3806 ³³,
805 3761 823 3793 ι
859 3743 1001 3811 quod
1025 3742 1301 3798 Christum
1334 3745 1402 3799 ad
1427 3745 1597 3801 coelos
1633 3749 1944 3803 ascendisse
1972 3747 2154 3804 Judaaa

563 3851 671 3888 non
710 3834 965 3889 credidit.
997 3834 1143 3901 Avis,
1182 3837 1363 3892 anima
1409 3838 1666 3905 hominis,
1702 3849 1760 3894 ut
1789 3840 1843 3894 in
1874 3839 2014 3896 Job:
2045 3861 2062 3892 ‹
2091 3842 2160 3896 Ει

563 3927 680 3982 avis
708 3927 952 3983 nascitur
979 3927 1046 3983 ad
1085 3929 1380 3986 volandum
1400 3930 1466 3997 ιδ,
1498 3952 1516 3985 ›
1550 3933 1695 4004 quod
1729 3935 1910 3989 anima
1938 3949 2074 4004 pura
2100 3935 2156 3990 in

567 4020 1025 4091 contemplatione
1052 4038 1111 4077 se
1141 4024 1406 4079 extendit.
1434 4024 1579 4092 Avis,
1610 4027 1876 4082 instabilis
1906 4029 2154 4100 quisque,

561 4121 621 4165 ut
653 4113 709 4168 in
744 4113 1056 4170 Parabolis:
1086 4135 1104 4166 ι
1139 4116 1269 4171 Avis
1305 4118 1656 4188 transmigrat
1681 4120 1748 4174 de
1778 4120 1902 4176 loco
1931 4136 2028 4176 suo
2046 4122 2110 4187 η,
2130 4141 2150 4174 ι

564 4205 710 4273 quod
745 4205 1016 4260 instabilis
1056 4205 1288 4276 quisque
1327 4223 1436 4262 non
1481 4219 1727 4264 moratur
1771 4212 1827 4266 in
1873 4211 1992 4266 loco
2036 4227 2153 4267 suo.

561 4297 682 4349 Avis
712 4305 796 4349 est
818 4295 1009 4375 levitas
1035 4297 1348 4364 verborum,
1374 4307 1434 4352 ut
1463 4300 1517 4353 in
1540 4298 1820 4356 Parabolis
1844 4319 1856 4355 :
1889 4321 1908 4353 ‹
1934 4301 2064 4357 Avis
2090 4302 2158 4357 ad

560 4387 667 4442 alta
719 4388 1018 4443 transvolat
1060 4387 1136 4455 ‘3,
1175 4408 1194 4440 ι
1229 4391 1374 4459 quod
1419 4392 1587 4447 verba
1625 4392 1762 4447 levia
1798 4395 1865 4449 ad
1901 4409 2026 4447 eum
2064 4397 2154 4464 qui

564 4479 811 4549 protulit,
846 4479 1088 4535 veniunt.
1130 4481 1278 4546 Avis,
1325 4483 1591 4552 superbus
1632 4483 1720 4538 ille
1770 4483 1967 4548 hostis,
1999 4491 2059 4538 ut
2101 4486 2154 4539 in

560 4569 660 4624 Job
688 4589 699 4623 :
741 4589 759 4621 ι
790 4569 1044 4642 Nunquid
1068 4573 1084 4590 ‘
1111 4571 1298 4627 illudet
1320 4573 1392 4638 ei,
1421 4574 1574 4643 quasi
1598 4575 1684 4628 avi
1716 4574 1795 4627 n?
1827 4595 1844 4625 ι
1873 4577 2016 4646 quod
2045 4576 2153 4632 Do-

567 4661 744 4716 minus
767 4665 1061 4733 superbum
1099 4665 1372 4720 diabolum
1411 4681 1508 4736 per
1533 4682 1687 4721 suam
1713 4668 2034 4738 sapientiam
2057 4671 2154 4727 de-

561 4752 725 4820 cepit.
757 4751 862 4807 Per
889 4773 1007 4810 aves
1041 4756 1143 4810 viri
1171 4757 1506 4828 spirituales,
1532 4767 1592 4812 ut
1618 4759 1670 4813 in
1696 4758 1892 4817 Genesi
1920 4780 1930 4814 :
1966 4781 1983 4812 ι
2014 4761 2157 4818 Aves

563 4852 744 4898 autem
793 4861 899 4900 non
941 4847 1206 4916 divisit”,
1239 4870 1258 4902 ι
1299 4851 1444 4920 quod
1475 4851 1578 4906 viri
1608 4854 1914 4922 Spirituales
1949 4871 2046 4926 per
2095 4873 2154 4912 se

563 4933 818 4988 scandala
857 4953 965 4992 non
1006 4939 1268 4996 dividunt.
1300 4941 1406 4997 Per
1453 4960 1617 5009 avem,
1652 4946 1877 5015 spiritus
1903 4947 2151 5020 maligni,

567 5025 720 5110 utin
770 5027 985 5083 cantico
1026 5029 1432 5089 Deuteronomii
1458 5054 1471 5090 :
1501 5055 1518 5086 ι
1547 5036 1838 5093 Devorabit
1865 5055 1960 5094 eos
1995 5042 2152 5111 quasi

563 5119 699 5184 avis,
732 5134 918 5175 morsu
947 5124 1290 5181 amarissimo
1319 5127 1384 5193 ι’,
1415 5147 1434 5180 ι
1475 5129 1618 5199 quod
1644 5130 1904 5201 reprobos
1929 5131 2152 5203 maligni

565 5213 792 5281 spiritus
831 5226 1170 5271 consument.

634 5308 769 5362 A.1'es
811 5316 939 5363 sunt
977 5309 1143 5365 corda
1182 5312 1485 5380 doctormu,
1515 5326 1576 5370 ut
1624 5317 1677 5372 in
1708 5318 1862 5374 libris
1904 5319 2146 5390 Regum:

2247 499 2461 564 terei",
2496 517 2516 552 ι
2552 495 2695 569 quod
2745 495 3174 567 praedicationes
3196 510 3316 550 suas
3361 495 3629 552 conﬁrmant
3659 518 3723 572 per

2247 594 2569 650 documenta
2598 592 2986 663 prophetarum
3015 589 3352 661 evangelista:
3378 598 3427 644 et
3445 591 3658 647 doctores.

2319 685 2540 757 Azyma,
2585 685 2797 756 puritas
2843 684 3062 750 mentis,
3108 698 3169 739 ut
3205 683 3258 739 in
3296 684 3496 741 Exodo:
3527 704 3542 737 ‹
3570 685 3722 757 Septem

2247 779 2438 834 diebus
2474 793 2664 850 azyma
2703 777 3000 832 comedetis
3021 777 3089 842 ²¹,
3124 796 3144 829 ι
3181 775 3234 832 id
3277 785 3371 843 est,
3419 785 3520 832 toto
3555 787 3725 850 tempore

2246 868 2406 939 hujus
2439 870 2564 924 vita:
2589 869 2870 925 sanctitati
2895 869 3095 924 mentis
3114 869 3404 924 studebitis.

2319 963 2665 1018 Adversarius
2699 971 2786 1018 est
2829 961 3095 1024 diabolus,
3151 970 3209 1016 ut
3260 961 3312 1015 in
3357 960 3565 1031 Epistula
3596 961 3725 1019 Petri:

2253 1075 2272 1108 ι
2307 1055 2666 1110 Adversarius
2685 1062 2872 1110 vester
2899 1052 3148 1109 diabolus
3179 1053 3366 1108 circuit
3384 1053 3444 1119 ",
3470 1073 3488 1105 ι
3518 1057 3630 1124 quod
3655 1059 3728 1110 dia-

2246 1147 2402 1202 bolus
2430 1162 2645 1218 semper
2684 1161 2886 1202 nocere
2916 1145 3165 1201 intendit.
3210 1145 3544 1211 Adversarius,
3573 1150 3729 1218 populus

2248 1239 2576 1302 incredulus,
2609 1248 2668 1294 ut
2697 1239 2753 1293 in
2796 1238 3051 1293 Psalmo:
3085 1256 3102 1288 ‹
3141 1237 3320 1292 lrritat
3355 1238 3642 1294 adversarius
3667 1259 3727 1294 no-

2248 1347 2373 1386 men
2413 1341 2564 1388 tuum
2595 1331 2650 1386 in
2698 1332 2860 1386 linem
2890 1331 2958 1394 ³³,
2988 1348 3008 1381 ›
3039 1330 3092 1385 id
3131 1339 3234 1395 est,
3266 1330 3476 1402 p0pulus
3513 1332 3730 1387 incredulus

2249 1425 2549 1480 contemnit
2573 1424 2735 1480 fidem
2761 1434 2930 1478 tuam.
2957 1422 3322 1486 Adversarius,
3350 1437 3490 1477 sacra
3513 1421 3728 1493 Scriptura,

2250 1529 2311 1575 ut
2364 1519 2420 1574 in
2475 1518 2768 1591 Evangelio
2816 1535 2829 1572 :
2882 1535 2901 1567 ‹
2945 1517 3078 1571 Esto
3126 1516 3456 1572 consentiens
3510 1518 3730 1571 adversarii.

2251 1623 2345 1669 tuo
2363 1613 2432 1680 ",
2465 1633 2482 1665 ι
2517 1614 2573 1668 id
2607 1621 2714 1679 est,
2758 1611 3004 1668 consenti
3033 1627 3206 1667 sacra:
3250 1612 3540 1684 Scriptum,
3562 1627 3650 1684 qua:
3674 1613 3729 1666 atl-

2249 1716 2506 1764 versatur
2533 1706 2842 1762 carnalibus
2871 1705 3181 1762 desideriis.

2253 1919 2516 1990 Babylon.
2809 1915 3125 1990 Brachium.
3361 1915 3583 1990 Baculus.

2252 1987 2485 2045 Bellum.
2809 1987 3020 2043 Buxus.
3361 1987 3558 2041 Bothus.

2253 2061 2541 2117 Bruncltia.
2811 2057 3130 2113 Basiliscus.
3363 2058 3603 2128 Butyrum.

2253 2133 2470 2187 Botrus.
2811 2129 3080 2184 Bruchus.
3362 2128 3590 2183 Bitumen.

2255 2203 2580 2258 Bethémoth.
2810 2200 3014 2254 Barba.
3363 2200 3594 2256 Baltlteus.

2254 2275 2439 2400 gases.
2810 2270 3030 2342 Byssus.
3363 2269 3539 2327 Bestia.

2306 2363 2381 2400 os.

2306 2363 2381 2401 08.

2327 2445 2568 2518 Babylon
2593 2453 2680 2501 est
2715 2446 2908 2501 civitas
2947 2444 3327 2516 reproborum.
3351 2453 3406 2499 ut
3437 2445 3482 2500 in
3514 2444 3729 2515 Propheta;

2262 2561 2279 2591 ι
2309 2541 2500 2613 Fugite
2529 2542 2596 2596 de
2631 2541 2810 2598 medio
2838 2542 3134 2613 Babylonis
3154 2543 3219 2609 ",
3251 2563 3268 2594 ι
3309 2543 3358 2597 id
3384 2552 3476 2607 est,
3501 2543 3733 2597 contemnite

2258 2648 2438 2688 mores
2479 2633 2856 2704 reproborum.
2903 2631 3183 2704 Babylon,
3240 2649 3388 2689 meus
3434 2650 3588 2704 prava,
3627 2641 3667 2685 ut
3701 2632 3732 2684 in

2256 2725 2566 2797 PrOpbcta:
2605 2747 2624 2778 ι
2653 2726 2977 2782 Curavimus
3023 2727 3375 2799 Babylonem,
3406 2738 3455 2782 et
3487 2743 3575 2782 non
3601 2735 3661 2781 est
3685 2741 3733 2779 sa-

2257 2819 2470 2884 nata",
2501 2839 2519 2871 ι
2551 2820 2602 2873 id
2629 2829 2730 2885 est,
2759 2835 2954 2874 sanare
2986 2821 3297 2875 studuimus
3330 2835 3527 2891 pravam
3559 2828 3730 2878 mentem.

2257 2927 2376 2980 qum
2401 2911 2720 2982 spiritaliter
2747 2920 2998 2981 mgrotat,
3039 2921 3102 2967 et
3131 2927 3239 2967 non
3282 2912 3391 2966 vult
3423 2911 3620 2981 recipere
3641 2909 3732 2964 sani-

2259 3010 2444 3056 tatem.
2477 3001 2740 3072 Babylon,
2774 3002 3016 3058 Ecclesia
3042 3003 3114 3058 de
3136 3005 3402 3072 gentibus,
3429 3013 3479 3058 ut
3501 3003 3546 3057 in
3570 2999 3731 3071 Epistola

2259 3093 2444 3148 Petri:
2483 3115 2501 3145 ‹
2535 3095 2748 3150 Salutat
2785 3112 2882 3152 vos
2921 3095 3171 3153 Ecclesia
3215 3114 3332 3168 quae
3372 3097 3516 3152 estin
3548 3095 3730 3164 Babylone

2260 3186 2430 3258 electa
2451 3189 2515 3252 ’⁷,
2549 3209 2567 3240 ι
2594 3189 2821 3259 populus
2846 3189 3045 3256 fidelis,
3067 3191 3166 3260 qui
3194 3191 3260 3246 de
3278 3190 3545 3262 gentilitate
3560 3188 3611 3242 ad
3632 3187 3730 3240 fidem

2258 3294 2554 3335 conversus
2601 3289 2704 3336 est.
2736 3279 2997 3352 Babylon,
3038 3293 3346 3352 peccatum,
3376 3292 3430 3338 ut
3453 3283 3499 3336 in
3517 3279 3729 3349 Propheta:

2263 3393 2280 3422 ε
2312 3373 2548 3428 Veniens
2569 3375 2635 3427 ad
2660 3372 3015 3444 Babylonem,
3038 3383 3094 3429 et
3125 3376 3198 3430 ibi
3223 3376 3516 3431 liberaberis
3534 3375 3583 3438 ’³,
3608 3394 3620 3424 ι
3641 3369 3730 3441 quod

2258 3464 2410 3518 multi
2454 3480 2552 3536 per
2590 3465 2712 3530 hoc,
2746 3466 2891 3534 quod
2919 3466 2986 3520 ad
3027 3477 3314 3536 peccatum
3359 3477 3594 3530 corruunt,
3614 3463 3659 3517 ad
3680 3460 3729 3514 sui

2257 3556 2622 3627 cognitionem
2657 3557 2899 3622 veniunt,
2932 3567 2986 3612 et
3015 3573 3045 3610 a
3071 3571 3230 3628 peste
3275 3560 3517 3630 superbia:
3539 3563 3729 3612 curantur.

2255 3647 2496 3719 Babylon
2525 3657 2653 3703 sunt
2679 3649 2854 3720 impii,
2881 3651 2974 3719 qui
3005 3651 3059 3704 in
3088 3653 3200 3706 line
3235 3655 3606 3714 damnabuutur,
3633 3657 3673 3699 ut
3699 3645 3730 3697 in

2256 3739 2580 3811 Apocalypsi
2611 3759 2625 3794 :
2657 3761 2674 3791 ι
2704 3739 2912 3796 Cecidit
2936 3740 3182 3814 Babylon
3215 3745 3284 3810 ”,
3314 3765 3332 3798 ι
3364 3745 3491 3815 quod
3513 3743 3557 3797 iu
3584 3750 3730 3807 corport‘

2258 3833 2421 3887 simul
2469 3842 2524 3888 et
2563 3834 2617 3887 in
2675 3833 2856 3889 anima
2907 3835 3060 3906 impii
3122 3836 3519 3892 damnabuntur.
3557 3828 3729 3898 Babylon,

2259 3941 2389 3980 caro
2435 3935 2644 3994 nostra,
2683 3937 2744 3982 ut
2788 3927 2845 3981 in
2890 3927 3120 3984 Psalmis
3148 3949 3161 3984 :
3192 3948 3210 3979 ι
3241 3930 3372 3985 Filia
3416 3921 3726 3998 Babylonis",t

2260 4021 2312 4075 id
2341 4028 2446 4086 est,
2625 4021 2808 4076 carnis
2837 4038 2934 4093 per
2967 4033 3196 4093 peccata
3223 4024 3458 4090 confusa,
3489 4018 3604 4092 quod
3624 4016 3728 4080 Ball."

2259 4112 2347 4167 lon
2381 4114 2628 4169 confusio
2666 4117 3077 4186 interpretatur.
3109 4119 3367 4192 Babylon,
3397 4120 3480 4176 hic
3496 4111 3730 4172 munduslll

2258 4209 2312 4264 in
2342 4210 2562 4265 Daniele
2583 4211 2625 4242 ³¹
2652 4211 2906 4268 Habacuc
2927 4229 3024 4283 per
3047 4197 3298 4279 capiltum
3315 4215 3378 4269 ad
3403 4210 3664 4282 Babylonem
3681 4201 3729 4254 de

2258 4311 2509 4372 portatus
2530 4313 2616 4360 est
2644 4324 2656 4358 :
2681 4307 2828 4376 quod
2856 4306 3058 4362 Christi
3090 4309 3462 4378 praedicatores
3481 4305 3537 4359 ad
3558 4296 3728 4356 mundum

2261 4396 2599 4452 deferuntur.
2614 4398 2887 4469 .Babylon,
2911 4399 3178 4468 infernus,
3203 4410 3262 4456 ut
3286 4401 3338 4456 in
3359 4397 3617 4468 Propheta:
3639 4408 3651 4440 ι
3673 4385 3728 4439 ﬁt

2262 4490 2455 4544 ducam
2484 4505 2582 4544 vos
2608 4490 2675 4544 de
2699 4489 2974 4563 Babylone
3002 4493 3056 4547 in
3081 4503 3284 4549 terram
3306 4500 3540 4554 vestram,
3565 4507 3581 4539 ι
3608 4482 3646 4538 id
3665 4487 3729 4538 est

2265 4581 2332 4635 de
2360 4580 2574 4636 inferno
2599 4581 2668 4636 ad
2693 4583 2930 4652 patriam
2955 4585 3252 4642 cwlestem.

2333 4673 2570 4729 Baculus
2596 4683 2682 4730 est
2711 4676 3084 4734 misericordia
3115 4680 3231 4744 Dei,
3259 4689 3319 4734 ut
3344 4679 3394 4734 in
3421 4663 3729 4732 PsalmoztBa-

2261 4766 2415 4823 culus
2453 4775 2578 4823 tuus
2614 4770 2925 4826 consolatur
2958 4771 3025 4836 ³³,
3062 4793 3080 4824 ι
3111 4773 3165 4828 id
3206 4781 3308 4841 est,
3356 4762 3732 4827 misericordiam

2262 4863 2543 4920 consolata
2579 4875 2684 4931 est,
2731 4881 2821 4922 me
2843 4870 2861 4889 ‘
2883 4866 3145 4938 Babylon,
3179 4875 3416 4938 potestas
3451 4854 3730 4934 regiminisul

2259 4959 2314 5014 in
2339 4959 2535 5015 Genesi
2573 4959 2742 5017 Judas
2770 4962 3008 5017 Thamar
3041 4963 3296 5019 baculum
3319 4958 3530 5024 dedit”,
3553 4948 3658 5024 quod
3675 4956 3730 5013 ΡΨ

2261 5061 2510 5108 testatem
2557 5054 2838 5124 regiminis
2876 5072 2907 5109 a
2935 5055 3152 5111 Christo
3192 5056 3422 5111 Ecclesia
3452 5045 3634 5116 accepit.
3667 5035 3730 5088 Βα-

2258 5142 2430 5209 culus,
2483 5153 3008 5210 sustentamentum,
3065 5157 3127 5202 ut
3170 5147 3224 5202 in
3270 5147 3427 5203 Tobia
3465 5161 3476 5197 :
3512 5129 3730 5192 «naculum

2257 5237 2552 5292 senectutis
2583 5246 2782 5294 nostra:
2805 5238 2873 5305 ³⁵,
2904 5259 2924 5292 ι
2952 5239 3008 5294 id
3043 5250 3146 5302 est,
3175 5240 3610 5295 sustentamentum
3635 5219 3730 5277 inlit-

2258 5322 2464 5379 mitatis
2499 5333 2724 5380 nostras.
2757 5324 2990 5380 Baculus
3022 5335 3108 5382 est
3133 5327 3242 5392 lex,
3281 5334 3340 5380 ut
3369 5324 3419 5379 in
3446 5317 3574 5376 libris
3591 5311 3730 5378 Βεευω

636 5421 943 5505 ¹Λξ³εειξ..ιξ,
977 5424 1303 5505 ΠηζΡερι.-
1327 5445 1521 5505 Χιιχιιι,
1556 5432 1640 5486 16.
1676 5433 1695 5463 ³
1719 5433 1878 5487 Prov.
1913 5450 2002 5498 xv,
2043 5435 2131 5489 51.
2169 5436 2190 5468 ³

2169 5436 2190 5468 ⁸
2216 5437 2390 5492 Exod.
2435 5453 2548 5504 xxi,
2579 5438 2634 5493 6.
2687 5440 2708 5470 '
2731 5438 2832 5496 Job
2873 5456 2970 5505 xu,
3005 5443 3092 5496 Η.
3137 5441 3157 5473 ⁶
3177 5440 3332 5496 Prov.
3356 5453 3441 5504 xx,
3473 5431 3581 5505 12.)ι
3603 5418 3727 5505 Matth-

565 5510 621 5584 ξ,
647 5492 811 5584 37L:
837 5493 944 5584 iob.
967 5511 1043 5584 ty;
1065 5495 1161 5584 12.
1209 5498 1230 5529 ’
1257 5492 1576 5584 Matth.nx'l_._
1600 5505 1700 5584 15;
1731 5507 1843 5569 xitt,
1881 5508 1933 5561 9.
1968 5492 2026 5584 j°
2051 5509 2133 5584 Ps:

2161 5508 2208 5584 l._
2227 5525 2429 5584 xxxix,
2451 5509 2502 5584 7._
2516 5492 2704 5584 [ιω.
2734 5492 2784 5576 ir;
2798 5492 3063 5584 vir-1v
3076 5492 3208 5584 ιιεέ.
3222 5492 3302 5577 ἰὶ,
3322 5492 3478 5584 αξξ
3494 5500 3728 5584 Ιρὺηξξξξξξι

565 5567 617 5618 7.
647 5562 969 5647 ﬁliola-vii.
998 5568 1042 5647 ‘_"
1065 5567 1494 5647 Prov_.__xxv1_I,_8.
1535 5562 1578 5605 ίθ
1600 5562 1758 5630 Prov.
1794 5562 1940 5643 xxvi,
1964 5579 2017 5632 2.
2060 5580 2099 5612 ¹⁷
2128 5615 2133 5632 .

2160 5580 2230 5635 ob
2257 5562 2344 5645 xu,
2367 5562 2458 5634 214.
2493 5581 2534 5612 ¹⁸
2557 5562 2702 5636 Gen.
2719 5562 2807 5647 xv,
2824 5562 2928 5637 'io.
2968 5562 3206 5640 ﬁnali.
3222 5562 3390 5646 iiii},
3414 5579 3492 5635 24.
3513 5573 3550 5647 ξ’

566 5652 638 5700 ιν,
651 5635 834 5720 ηὸυ.Η¹ξ
868 5637 1036 5720 Exod.
1064 5631 1572 5720 xn_,_15_._'_’__l'Petr.
1599 5663 1652 5720 γ’,
1683 5648 1824 5720 8.ΑΑ²³
1849 5631 2134 5706 ΡεξῖΙίωίκι

2158 5631 2344 5706 (to?
2361 5631 2630 5706 *Tstaubf
2639 5631 2928 5716 135.75
2954 5631 3072 5711 ,ιενῖ
3085 5631 3472 5720 ἶς’ἔξῖἴιῖζ
3509 5645 3550 5720 _6.
3578 5638 3614 5669 "
3639 5631 3726 5720 lbi?-

564 5695 703 5791 γε
753 5707 836 5759 ²τι
873 5706 1016 5762 Petr.
1051 5695 1212 5791 this.-
1233 5695 1297 5791 ’ξ
1319 5695 1567 5791 stic-hiis;
1595 5695 1777 5769 itif"
1811 5695 1987 5789 Αἱ)δέ
2020 5695 2132 5787 ξῑςτς

2163 5695 2216 5778 έ.
2249 5695 2457 5778 ³⁰ἰ)εειι.
2485 5695 2710 5791 23.;me
2746 5695 2868 5781 1375'
3103 5695 3541 5791 éefﬁ’sat.
3574 5695 3725 5764 mul-

569 5775 614 5806 ³³
641 5776 777 5829 Gen.
805 5794 1033 5846 χχχι-ιιι,
1065 5783 1151 5838 l8.
1179 5783 1224 5814 ³⁸
1257 5784 1388 5839 Tob.
1421 5801 1478 5850 ι,
1507 5786 1560 5839 4.
