3972 6336
143 384 263 447 875

1109 387 1521 446 ALLEcomas
1559 357 1643 444 tN'
1668 385 1944 444 saeuam
1983 388 2448 448 SCRIPTURAM.
2655 371 2666 378 ’
2756 371 2764 381 ’
3301 392 3406 448 su

147 500 380 558 Elismus
409 496 578 553 mittit
599 511 829 568 puerum
853 495 1006 553 Giezi
1036 479 1102 553 ad
1131 510 1406 554 mortuum
1439 518 1459 550 ‹
1495 515 1616 555 cum
1640 501 1732 554 ha-
1760 501 1808 563 A
1836 503 1964 556 tudo
1987 517 2174 557 eorum
2213 519 2319 558 non
2351 505 2560 559 curabit
2586 517 2701 560 eos.
2729 503 3037 571 Brachium,
3066 521 3203 577 opus
3231 507 3414 562 chari-

147 594 280 650 culo
301 594 316 625 ¹
338 633 354 658 ,
397 613 415 645 ι
445 591 589 663 quod
619 592 684 646 ad
705 600 978 647 mortuum
1012 593 1065 647 in
1097 595 1334 664 peccatis
1355 609 1524 666 genus
1559 595 1743 649 huma-

148 701 291 742 num
330 685 582 740 Christus
617 683 837 754 Moysen
879 699 1004 738 cum
1049 683 1164 755 lege
1207 685 1528 740 transmisit.
1567 684 1742 739 Bacu-

149 777 264 843 lus,
292 778 312 798 ⁶
341 783 400 830 ut
427 777 482 830 in
509 775 646 830 Isaia
677 789 692 829 :
721 794 740 826 ι
767 774 1048 831 Convertit
1069 777 1330 834 Dominus
1359 778 1609 833 baculum
1637 779 1740 833 im-

45 907 66 920 ο
150 873 452 945 piorum”,
494 892 514 924 ι
554 872 697 944 quod
727 871 980 927 Christus
1020 873 1288 928 destruxit
1316 873 1610 938 diabolum,
1647 873 1738 942 qui

150 966 413 1023 dominus
453 973 536 1020 est
579 965 954 1034 reproborum.
1002 964 1257 1030 Baculus,
1296 965 1528 1036 justitia,
1578 973 1638 1019 ut
1683 965 1738 1019 in

147 1055 355 1114 Genesi
417 1073 433 1110 :
505 1073 523 1107 ι
587 1055 645 1109 1η
697 1055 893 1111 baculo
957 1070 1078 1111 meo
1151 1057 1374 1112 transivi
1449 1054 1738 1111 Iordanem

147 1149 326 1204 istum
353 1147 412 1214 ³,
447 1168 467 1201 ι
498 1148 641 1218 quod
666 1147 721 1202 in
742 1147 954 1219 justitia
995 1158 1181 1204 nostra
1222 1149 1457 1205 transire
1483 1150 1739 1205 debemus

149 1241 420 1298 mundum
462 1242 642 1296 istum.
674 1241 928 1310 Baculus,
979 1258 1113 1297 crux
1153 1241 1458 1308 Christi,ut
1488 1243 1542 1297 in
1583 1243 1738 1298 libris

147 1331 363 1404 Regum
412 1331 582 1387 David
619 1333 770 1388 venit
816 1341 1004 1388 contra
1033 1331 1243 1389 Goliam
1288 1349 1409 1388 cum
1456 1333 1649 1388 baculo
1691 1331 1736 1399 ⁸,

147 1427 302 1496 quod
332 1424 582 1481 Christus
614 1425 679 1480 de
709 1425 922 1481 diabolo
947 1427 1299 1496 triumphavit
1338 1431 1392 1481 in
1438 1426 1600 1496 ligno.
1633 1425 1738 1482 Per

149 1515 401 1572 baculum
441 1532 586 1572 curae
616 1517 938 1587 pastorales,
974 1525 1031 1572 ut
1060 1518 1112 1572 in
1154 1517 1382 1573 Exodo:
1418 1538 1436 1569 ι
1467 1519 1737 1574 Tenentes

147 1607 380 1662 baculus
426 1608 479 1662 in
533 1608 786 1662 manibus
816 1607 859 1671 ⁵,
907 1627 924 1658 ι
966 1608 1019 1664 id
1069 1617 1170 1674 est,
1225 1623 1385 1663 curas
1433 1607 1736 1678 pastorales

144 1709 480 1756 exercentes
515 1699 570 1755 in
605 1700 879 1771 operibus.

225 1791 443 1848 Balteus
471 1801 555 1847 est
599 1792 953 1858 continentia,
997 1799 1058 1848 ut
1104 1793 1159 1847 in
1209 1793 1434 1849 Exodo:
1465 1812 1484 1846 ι
1515 1791 1582 1849 Et
1614 1792 1735 1848 bal-

1843 595 1990 660 tatis,
2015 604 2073 649 ut
2091 596 2144 650 in
2171 595 2395 651 Cantico
2421 615 2433 651 :
2466 616 2485 649 ‹
2514 597 2660 653 Pone
2685 606 2747 652 ut
2769 598 3103 668 signaculum
3130 599 3410 656 brachium

1841 695 1989 740 tuum
2011 686 2074 752 ¹⁸,
2102 707 2121 739 ι
2149 689 2291 756 quod
2316 701 2512 758 sponsa
2537 689 2590 744 in
2614 689 2826 745 actione
2852 689 3130 744 eharitatis
3155 705 3412 759 sponsum

1840 777 2102 833 imitatur.
2132 779 2442 846 Brachium,
2469 781 2717 851 superbia
2745 783 3086 849 Antichristi,
3117 792 3177 837 ut
3201 784 3253 837 in
3271 783 3370 839 Job
3396 803 3409 838 :

1845 885 1864 916 ‹
1897 866 1963 920 Et
2015 868 2294 922 brachium
2341 870 2616 926 excelsum
2663 880 2972 928 conteretur
3005 872 3068 926 ‘9.
3100 892 3116 923 ι
3145 873 3250 928 Per
3295 872 3416 927 bra-

1839 957 2032 1022 citium,
2075 972 2240 1026 opera
2279 958 2520 1026 robusta,
2551 969 2611 1015 ut
2648 961 2700 1016 in
2739 961 3006 1017 Psalmis:
3035 981 3054 1012 ι
3086 961 3318 1018 Posuisti
3355 971 3416 1018 ut

1839 1065 2024 1105 arcum
2051 1065 2252 1106 aereum
2281 1052 2506 1109 brachia
2531 1069 2651 1110 mea
2670 1055 2736 1122 ὀ,
2768 1075 2788 1109 ι
2822 1057 2878 1112 id
2905 1064 3006 1124 est,
3037 1055 3212 1114 fecisti
3235 1057 3418 1113 infati-

1839 1141 2037 1212 gabilia
2063 1157 2229 1212 opera
2256 1152 2368 1199 tua.

1908 1233 2176 1290 Branchia
2199 1245 2285 1292 est
2320 1245 2562 1308 potestas
2589 1239 2816 1305 diaboli.
2847 1250 2908 1297 ut
2937 1243 2992 1298 in
3017 1243 3156 1300 libro
3185 1243 3368 1300 Tobiae
3401 1263 3416 1301 :

1844 1345 1862 1376 ‹
1894 1326 2251 1398 Apprehende
2275 1331 2591 1387 branchiam
2617 1331 2732 1402 ejus
2749 1334 2818 1401 “,
2848 1353 2866 1387 ι
2899 1334 3040 1404 quod
3064 1335 3206 1391 Deus
3232 1344 3421 1407 poten-

1838 1417 1969 1471 tiam
1997 1417 2213 1474 Satanae
2236 1421 2574 1476 annihilavit.

1907 1507 2071 1564 Bases
2100 1519 2227 1565 sunt
2252 1511 2476 1567 consilia
2507 1513 2710 1580 divina,
2738 1523 2800 1571 ut
2831 1514 2886 1572 in
2911 1515 3134 1573 Cantico
3158 1534 3172 1572 :
3203 1489 3420 1572 {Crura

1839 1601 2022 1669 sponsi
2071 1601 2212 1656 sicut
2236 1603 2499 1658 columnae
2527 1620 2863 1672 marmoreae,
2892 1621 3012 1676 qum
3039 1607 3274 1664 fundatae
3298 1616 3424 1663 sunt

1839 1705 2001 1761 super
2032 1692 2190 1749 bases
2219 1709 2412 1750 aureas
2437 1696 2506 1760 ²¹,
2540 1713 2559 1746 ι
2601 1698 2742 1766 quod
2776 1698 2879 1753 viri
2914 1700 3120 1764 sancti,
3157 1713 3254 1770 per
3286 1716 3422 1770 quos

1839 1785 2086 1854 graditur
2107 1785 2377 1854 Christus,
2403 1796 2457 1844 et
2483 1789 2740 1848 sublimes
2767 1807 2866 1863 per
2891 1795 3421 1864 contemplationem,

145 1877 302 1940 {eum
333 1886 353 1903 ‘
373 1898 535 1954 opere
569 1883 817 1952 plumarii
850 1883 894 1951 ⁸,
935 1903 954 1936 ι
995 1884 1194 1940 diversi
1225 1885 1437 1957 generis
1459 1886 1739 1941 continen-
1766 1874 1812 1933 Β
1841 1885 1896 1930 et
1926 1875 2094 1933 fortes
2127 1887 2250 1933 sunt
2279 1895 2377 1950 per
2405 1881 2643 1950 vigorem
2665 1923 2680 1947 ,
2719 1898 2855 1953 quos
2891 1885 3098 1941 occulte
3133 1887 3427 1958 disponunt

147 1978 230 2032 tia
283 1976 527 2043 Balteus,
580 1977 752 2032 virtus
802 1977 1170 2044 continentiae,
1199 1987 1260 2032 ut
1297 1978 1351 2032 in
1386 1976 1488 2033 Job
1523 1995 1535 2032 :
1567 1995 1586 2028 ι
1617 1975 1736 2032 Bal-

147 2079 302 2125 teum
339 2085 524 2142 regum
549 2069 794 2125 dissolvit
825 2071 869 2135 ",
903 2089 921 2122 ι
957 2071 1099 2140 quod
1128 2071 1180 2125 in
1221 2072 1300 2126 eis
1325 2071 1419 2140 qui
1456 2071 1522 2126 de
1569 2070 1736 2126 casti-

149 2169 269 2217 tate
305 2161 622 2233 gloriantur,
663 2161 900 2231 ejusdem
941 2161 1210 2218 castitatis
1249 2161 1520 2232 cingulum
1549 2160 1735 2216 Domi-

149 2269 260 2310 nus
290 2253 462 2324 frangi
493 2253 776 2324 permittit.
798 2252 1035 2320 Balteus,
1079 2253 1425 2308 mortiﬁcatio
1453 2253 1652 2320 carnis,
1679 2263 1738 2309 ut

151 2348 214 2402 in
255 2347 394 2403 libro
429 2347 448 2401 I
488 2346 694 2418 Regum
718 2346 780 2401 κε
826 2367 844 2400 ι
875 2347 1031 2402 Dedit
1057 2345 1317 2403 Jonathas
1359 2347 1530 2403 David
1573 2349 1740 2404 vesti-

147 2446 340 2494 menta
363 2451 460 2492 sua
481 2451 651 2507 usque
673 2438 739 2491 ad
765 2437 1024 2503 balteum,
1055 2457 1073 2489 ι
1107 2437 1247 2508 quod
1276 2437 1503 2492 Domino
1527 2445 1734 2502 nostro,

146 2530 356 2600 quiest
379 2543 539 2584 verus
567 2527 753 2584 David.
787 2543 893 2583 non
917 2528 1087 2583 solum
1117 2529 1384 2584 exteriora
1411 2539 1616 2596 nostra,
1642 2528 1739 2584 sed

148 2627 330 2695 ipsam
358 2623 536 2679 carnis
572 2631 771 2679 nostrze
805 2622 1276 2679 martiﬁcationem
1311 2621 1507 2678 efferre
1534 2623 1735 2678 debea-

147 2733 299 2772 mus.
353 2715 600 2782 Balteus,
665 2715 846 2770 unitas
902 2715 1060 2780 ﬁdei,
1114 2723 1176 2770 ut
1235 2716 1289 2769 in
1343 2715 1388 2770 II
1433 2715 1571 2770 libro
1627 2715 1736 2769 Re-

146 2823 282 2879 gum
318 2805 383 2860 ’:
435 2825 454 2858 ι
483 2805 665 2874 Quare
713 2821 822 2861 non
871 2805 1194 2862 confodisti?
1231 2816 1286 2861 et
1329 2821 1429 2876 ego
1470 2807 1738 2862 dedissem

151 2900 254 2956 tibi
293 2900 480 2955 decem
510 2898 716 2970 argenti
758 2899 942 2962 siclos,
966 2907 1020 2953 et
1049 2913 1216 2953 unum
1253 2898 1510 2962 balteum,
1549 2917 1566 2949 ι
1595 2897 1738 2967 quod

147 2992 251 3062 qui
286 2991 339 3046 in
381 3006 440 3046 se
479 2990 664 3046 mundi
691 2988 850 3057 hujus
878 2990 1230 3058 cupiditatem
1255 2989 1568 3060 exstinguit,
1599 2996 1654 3043 et
1683 2988 1738 3042 in

147 3082 495 3155 perfectione
517 3079 780 3149 decalogi,
811 3088 866 3135 et
895 3080 1103 3135 unitate
1131 3079 1255 3136 ﬁdei
1278 3079 1526 3136 roborari
1559 3093 1737 3134 mere-

153 3183 268 3229 tur.
313 3173 550 3238 Balteus,
589 3173 700 3242 ipse
728 3173 940 3226 animus
966 3181 1171 3239 noster,
1200 3181 1262 3227 ut
1290 3173 1343 3228 in
1377 3171 1440 3227 Ill
1466 3173 1602 3227 libro
1629 3172 1738 3228 Re-

149 3282 286 3336 gum
312 3265 354 3297 ¹⁰
382 3284 396 3320 :
427 3285 446 3318 ι
477 3265 543 3320 Ει
571 3264 754 3336 posuit
794 3279 1041 3319 cruorem
1071 3265 1242 3334 praelii
1273 3261 1326 3318 in
1365 3263 1565 3329 balteo,
1597 3262 1740 3332 quod

147 3368 278 3416 erat
302 3359 449 3414 circa
479 3357 692 3413 lumbos
716 3371 862 3424 suos,
893 3377 912 3410 ι
939 3356 994 3412 id
1029 3364 1132 3422 est,
1161 3357 1344 3428 posuit
1367 3357 1742 3412 crudelitatem

151 3450 446 3506 discordiae
471 3449 528 3504 in
554 3447 758 3515 animo,
781 3448 873 3518 qui
903 3447 1122 3503 lascivis
1147 3447 1329 3503 carnis
1351 3446 1586 3504 motibus
1605 3462 1743 3517 prae-

149 3555 280 3596 esse
310 3539 489 3595 debet.

229 3629 409 3684 Barba
437 3638 523 3685 est
556 3629 812 3686 divinitas
837 3627 1060 3696 Christi,
1109 3637 1170 3685 ut
1205 3629 1262 3684 in
1309 3629 1461 3686 libris
1491 3629 1693 3702 Regum
1721 3649 1737 3687 :

153 3742 176 3775 ε
208 3719 489 3776 Deﬂuebat
525 3721 693 3776 saliva
733 3721 787 3776 in
822 3721 1048 3776 barbam
1075 3721 1149 3786 “,
1193 3739 1211 3773 ι
1253 3722 1396 3792 quod
1426 3723 1590 3778 verba
1617 3725 1630 3743 '
1662 3723 1745 3778 in-

149 3813 287 3868 ﬁma
341 3820 395 3867 et
461 3810 727 3866 infantilia
803 3811 1055 3882 tegebant
1116 3810 1455 3867 divinitatem
1515 3809 1738 3868 Christi.

149 3905 366 3971 Barba,
391 3914 564 3962 ctetus
584 3903 970 3976 apostolorum,
999 3913 1060 3960 ut
1085 3905 1140 3958 in
1171 3904 1392 3975 psalmis
1419 3921 1430 3957 :
1462 3923 1480 3956 ι
1511 3904 1745 3961 Descen-

154 4000 240 4055 dit
263 4006 600 4070 unguentum
635 3997 690 4052 in
715 3995 964 4063 barbam,
995 3995 1221 4051 barbam
1245 3995 1428 4050 Aaron
1451 3997 1515 4064 1',
1547 4015 1564 4048 ι
1599 3996 1744 4066 quod

148 4091 310 4147 venit
346 4089 584 4162 Spiritus
622 4097 840 4146 sanctus
879 4089 932 4144 in
964 4089 1245 4160 Apostolos
1280 4089 1506 4145 Christi.
1541 4090 1740 4157 Barba,

149 4182 392 4256 populus
419 4179 696 4237 Iudaicus.
725 4189 786 4235 ut
815 4180 869 4235 in
903 4179 1186 4236 Ezechiele
1213 4198 1226 4234 :
1256 4198 1275 4232 ι
1306 4179 1480 4236 Duces
1507 4180 1743 4250 gladium

151 4285 312 4330 tuum
340 4288 441 4343 per
458 4281 620 4345 caput
647 4280 702 4328 et
721 4273 945 4328 barbam
968 4271 1034 4339 ¹³,
1063 4291 1082 4325 ι
1108 4273 1263 4344 quasi
1288 4272 1515 4329 terribili
1535 4271 1744 4341 judicio

149 4382 258 4422 suo
292 4374 450 4420 vetus
471 4367 489 4387 "
511 4380 540 4420 a
587 4380 646 4420 se
686 4365 1050 4420 sacerdotium
1078 4372 1132 4420 et
1169 4364 1425 4436 populum
1458 4362 1744 4421 Iudaicum

147 4457 425 4514 Dominus
467 4456 714 4514 abscidit.
761 4455 960 4522 Barba,
1010 4456 1226 4521 ﬁducia,
1271 4466 1332 4512 ut
1376 4455 1432 4511 in
1462 4456 1738 4513 Jeremia:

153 4571 175 4602 ς
211 4549 491 4604 Venerunt
513 4547 618 4602 viri
635 4548 654 4568 ‘
675 4547 784 4604 rasi
807 4549 977 4603 barba
999 4547 1066 4615 “,
1101 4567 1120 4599 ι
1147 4548 1291 4619 quod
1317 4547 1569 4604 ﬁduciam
1595 4547 1747 4605 Chri-

149 4640 228 4695 sti
266 4637 372 4694 sibi
402 4637 468 4694 de
489 4637 697 4694 viribus
725 4638 840 4694 suis
868 4639 970 4694 viri
997 4639 1173 4695 sancti
1193 4642 1213 4662 '
1237 4640 1550 4696 admittunt.

227 4728 520 4784 Brachium
540 4737 625 4785 est
662 4728 935 4797 Christus,
965 4731 1097 4785 utin
1121 4730 1291 4786 Isaia:
1315 4751 1333 4782 ‹
1365 4731 1435 4786 Et
1460 4730 1743 4787 brachium

149 4821 375 4878 Domini
407 4821 495 4876 cui
528 4819 828 4877 revelatum
848 4822 971 4878 est?
998 4841 1017 4875 ι
1051 4822 1098 4854 ³⁸
1122 4823 1175 4878 id
1203 4831 1306 4889 est,
1337 4824 1423 4880 cui
1454 4823 1626 4878 Filius
1646 4823 1743 4879 Dei

149 4911 442 4965 nuntiatus
469 4910 589 4965 est?
611 4908 925 4977 Brachium,
955 4911 1109 4984 vigor
1133 4910 1435 4969 Salvatoris
1464 4913 1658 4979 nostri,
1681 4921 1743 4969 ut

148 5001 216 5056 in
244 4998 423 5054 Isaia:
455 5019 474 5052 ι
503 5001 560 5055 ln
587 5002 813 5058 brachio
843 5018 942 5059 suo
970 5004 1322 5074 eongregabit
1346 5019 1516 5076 agnos
1541 5004 1603 5070 η,
1637 5025 1656 5058 ι
1688 5004 1742 5059 id

146 5099 264 5155 est,
311 5092 367 5146 in
403 5093 589 5163 vigore
638 5109 738 5149 suo
785 5094 903 5164 ipse
938 5092 1214 5162 adjuvabit
1263 5093 1558 5164 simplices.
1604 5093 1744 5148 Bra-

147 5184 363 5249 chium,
391 5183 584 5240 debilis
610 5183 867 5242 fortitudo
893 5186 1146 5254 hominis,
1184 5193 1243 5240 ut
1263 5186 1319 5240 in
1345 5185 1554 5255 psalmo
1579 5202 1594 5239 :
1629 5205 1646 5236 ι
1676 5184 1744 5239 Et

149 5278 448 5335 brachium
470 5294 660 5336 eorum
697 5295 808 5336 non
847 5281 1075 5337 salvabit
1103 5296 1198 5338 eos
1222 5282 1288 5346 ³⁷,
1320 5301 1340 5335 ι
1370 5283 1425 5338 id
1451 5290 1558 5349 est,
1589 5281 1744 5338 forti-

1839 1969 2062 2024 consilia
2091 1968 2291 2024 divina.
2328 1971 2514 2037 Bases,
2553 1973 2814 2043 apostoli,
2849 1982 2906 2029 ut
2933 1975 2986 2030 in
3014 1974 3114 2031 Job
3143 1990 3158 2030 :
3195 1995 3214 2028 ‹
3253 1976 3428 2047 Super

1839 2076 1974 2130 quos
2010 2061 2169 2117 bases
2201 2071 2361 2118 terra:
2400 2064 2641 2120 solidata:
2679 2075 2804 2122 sunt
2841 2067 2908 2133 ³³,
2957 2087 2976 2120 ι
3015 2069 3157 2138 quod
3198 2069 3426 2139 apostoli

1840 2161 2042 2209 sanctm
2061 2154 2313 2210 Ecclesia:
2335 2157 2388 2210 in
2411 2156 2628 2213 Christo
2649 2159 3058 2216 confirmantur.
3080 2160 3265 2228 Bases,
3290 2179 3427 2233 prae-

1839 2244 2127 2311 dicatores,
2161 2255 2220 2301 ut
2249 2247 2302 2301 in
2338 2247 2522 2303 Exodo
2553 2267 2564 2303 :
2601 2268 2619 2302 ι
2651 2249 2840 2306 Facies
2866 2251 3144 2308 columnas
3168 2263 3426 2324 quatuor,

1839 2345 1893 2392 et
1917 2337 2317 2393 basesl‘earum
2349 2341 2548 2397 vesties
2578 2341 2791 2408 auro”,
2826 2363 2843 2394 ι
2870 2344 3010 2413 quod
3043 2353 3274 2414 quatuor
3301 2356 3430 2401 sunt

1839 2427 2154 2500 Evangelia,
2195 2441 2251 2486 et
2279 2447 2465 2487 eorum
2493 2435 2828 2505 expositores
2866 2436 3110 2492 claritate
3150 2437 3428 2506 sapientiae

1839 2521 2064 2594 fulgent.
2115 2522 2310 2590 Bases,
2360 2523 2548 2580 Patres
2592 2525 2803 2582 Veteris
2847 2528 3215 2594 Testamenti,
3265 2537 3324 2584 ut
3372 2529 3428 2583 iu

1839 2613 2026 2670 Exodo
2053 2615 2098 2646 ’⁵
2131 2633 2144 2669 :
2181 2616 2397 2671 Tabulae
2430 2617 2762 2673 tabernaculi
2799 2619 3018 2674 basihus
3057 2619 3424 2690 imponuntur,

1840 2707 1983 2776 quod
2017 2693 2202 2777 patres
2235 2707 2337 2763 sub
2363 2708 2533 2779 gratia
2572 2709 2756 2766 nitida:
2779 2712 3175 2767 conversationi
3212 2721 3425 2782 patrum

1839 2801 2257 2870 praecedentium
2291 2802 2612 2856 innituntur.

1911 2891 2198 2946 Basiliscus
2226 2899 2310 2947 est
2335 2893 2594 2961 diabolus,
2623 2900 2685 2948 ut
2715 2893 2767 2948 in
2797 2892 3027 2951 Psalmis
3053 2911 3067 2950 :
3099 2914 3119 2950 ι
3149 2894 3317 2967 Super
3345 2913 3432 2957 as-

1840 2982 2020 3053 pidem
2047 2991 2100 3038 et
2123 2983 2432 3039 basiliscum
2462 2983 2760 3040 ambulabis
2787 2984 2854 3052 ¹⁶,
2889 3007 2908 3039 ι
2943 2987 2996 3044 id
3024 2996 3127 3054 est,
3158 2988 3430 3046 diabolum

1842 3075 2144 3143 superabis.
2300 3139 2304 3143 ι
2543 3063 2546 3067 1

1916 3165 2082 3219 Batus
2107 3174 2193 3220 est
2209 3165 2495 3236 judicium,
2517 3175 2577 3223 ut
2608 3168 2662 3223 in
2690 3167 2932 3224 Levitico
2960 3187 2972 3223 :
3005 3187 3025 3221 ι
3058 3169 3222 3226 Batus
3245 3186 3430 3242 aequus

1846 3257 1951 3312 erit
1986 3255 2139 3310 vobis
2177 3257 2244 3321 ’⁷,
2294 3276 2312 3306 ι
2360 3256 2414 3310 id
2458 3265 2562 3323 est,
2598 3258 2743 3328 juste
2785 3258 3040 3327 iudicate.
3084 3259 3188 3316 Per
3229 3262 3428 3327 batum,

1844 3351 1962 3403 dua:
2001 3347 2236 3403 hominis
2277 3348 2612 3414 substantiae,
2650 3365 2845 3420 corpus
2872 3351 3084 3407 scilicet
3121 3359 3176 3407 et
3224 3352 3425 3419 anima,

1843 3449 1902 3494 ut
1933 3440 1987 3495 in
2017 3439 2082 3494 III
2109 3439 2248 3495 libro
2276 3439 2483 3511 Regum
2516 3459 2528 3496 :
2563 3461 2582 3493 ι
2612 3442 2643 3476 ³⁸
2664 3441 2780 3497 Duo
2809 3442 2974 3497 millia
3001 3443 3157 3500 batos
3186 3445 3433 3515 capiebat

1843 3548 1996 3588 mare
2022 3533 2089 3599 ⁸⁸,
2123 3553 2141 3586 ι
2178 3535 2318 3604 quod
2350 3534 2403 3588 in
2431 3533 2700 3604 baptismo
2735 3536 2976 3606 perfecte
3015 3547 3071 3593 et
3111 3538 3167 3593 in
3207 3527 3434 3611 corpdre

1843 3631 1900 3678 et
1929 3622 1984 3676 in
2007 3623 2188 3678 anima
2216 3624 2590 3679 emundamur.
2624 3624 2760 3696 Ephi
2786 3633 2842 3680 et
2867 3627 3018 3680 batus
3049 3641 3153 3682 una
3177 3643 3432 3684 mensura

1844 3724 1989 3782 sunt,
2021 3717 2116 3772 sed
2141 3717 2255 3787 ερὴὶ
2283 3725 2368 3772 est
2395 3717 2448 3771 in
2480 3717 2661 3784 siccis,
2689 3725 2877 3788 utpote
2907 3720 2963 3774 in
2991 3719 3172 3775 tritico
3201 3729 3258 3776 et
3284 3722 3430 3789 sale;

1846 3808 1998 3864 batus
2022 3824 2154 3864 vero
2183 3809 2237 3863 in
2270 3809 2504 3878 liquidis,
2540 3820 2598 3866 ut
2625 3811 2752 3866 vino
2779 3822 2834 3866 et
2864 3812 2983 3867 oleo

1913 3897 2122 3953 Bellum
2156 3911 2238 3955 est
2269 3901 2595 3971 persecutio,
2632 3910 2690 3955 ut
2719 3903 2771 3956 in
2807 3901 3040 3960 Psalmis
3070 3925 3083 3959 :
3123 3924 3142 3958 (
3175 3906 3434 3964 Conversi

1845 4000 1974 4048 sunt
2004 3993 2058 4048 in
2090 3993 2175 4047 die
2199 3992 2323 4048 belli
2348 3991 2414 4058 ’³,
2451 4011 2468 4043 ι
2504 3995 2646 4063 quod
2674 3997 2952 4053 instabiles
2977 3998 3030 4052 in
3062 4001 3436 4069 persecutione

1847 4084 2123 4142 deﬁciunt.
2174 4084 2416 4153 Bellum,
2467 4089 2766 4145 adversitas
2813 4091 3025 4157 saeculi,
3074 4103 3132 4147 ut
3176 4093 3229 4148 in
3278 4092 3379 4148 Job
3418 4114 3431 4149 :

1852 4198 1870 4230 ι
1907 4177 2072 4233 Eruet
2103 4185 2158 4233 te
2186 4177 2240 4232 in
2269 4178 2410 4233 bello
2425 4177 2488 4240 ³⁰,
2514 4199 2533 4232 ›
2556 4179 2608 4233 id
2635 4189 2736 4245 est,
2756 4190 3001 4254 proteget
3033 4191 3083 4238 te
3110 4185 3162 4238 in
3193 4185 3436 4241 adversi-
3512 4203 3519 4211 ·

1847 4279 1976 4326 tate.
2009 4269 2240 4334 Bellum,
2271 4287 2449 4342 pugna
2478 4273 2752 4340 vitiorum,
2787 4284 2846 4330 ut
2876 4276 2926 4330 in
2955 4275 3056 4333 Job
3087 4297 3099 4332 :
3135 4279 3150 4299 ¹
3186 4297 3204 4329 ι
3239 4277 3434 4335 Procul

1846 4365 2103 4419 odoratur
2144 4364 2341 4420 bellum
2390 4365 2458 4432 ⁸⁸,
2510 4385 2529 4419 ι
2584 4367 2728 4436 quod
2772 4368 2856 4423 vir
2900 4370 3135 4440 prudens
3179 4372 3434 4427 vitiorum

1846 4471 2082 4527 pugnam
2129 4455 2410 4527 prtevidet.
2457 4455 2687 4522 Bellum,
2734 4461 2960 4515 tentatio
3004 4461 3221 4528 diaboli,
3269 4473 3330 4518 ut
3379 4466 3433 4520 in

1848 4547 2076 4604 Psalmis
2113 4567 2127 4602 :
2173 4567 2191 4600 ι
2238 4547 2580 4604 Obumbrasti
2627 4565 2788 4620 super
2828 4560 2988 4622 caput
3029 4569 3206 4608 meum
3249 4555 3303 4609 in
3349 4557 3436 4613 die

1848 4599 2072 4604 _____-__-
2114 4599 2127 4602 _
2178 4599 2188 4600 κ
2248 4599 2580 4604 ,κω-πη---
2627 4599 2780 4620 ---,--
2832 4599 2987 4622 ---,.-.-
3350 4599 3436 4613 ...ν

1767 4599 1823 4660 D
1848 4639 1974 4695 belli
2006 4639 2071 4704 ³³,
2107 4659 2126 4692 ι
2161 4640 2216 4694 id
2246 4649 2358 4706 est,
2389 4641 2669 4710 protexisti
2700 4653 2933 4698 mentem
2960 4659 3136 4699 meam
3168 4645 3222 4700 in
3256 4647 3436 4704 calore

1849 4729 2127 4786 diabolicae
2155 4732 2492 4787 tentationis.
2524 4731 2755 4800 Bellum,
2784 4735 3041 4792 resistens
3072 4737 3430 4808 adversarius,

1849 4831 1911 4878 ut
1953 4823 2007 4878 in
2053 4822 2329 4880 Psalmis:
2377 4843 2396 4874 ι
2443 4824 2779 4880 Prmcinxisti
2829 4842 2916 4882 me
2961 4828 3159 4886 virtute
3204 4831 3273 4886 ad
3315 4833 3430 4889 bel-

1848 4913 1958 4968 lum
1989 4914 2056 4981 ³⁸,
2093 4933 2113 4966 ι
2146 4913 2201 4968 id
2228 4921 2331 4980 est,
2369 4914 2637 4970 roborasti
2667 4929 2753 4968 me
2778 4917 2796 4936 ‘
2823 4917 3080 4985 patientia
3109 4911 3296 4976 contra
3333 4923 3433 4978 ad-

1848 5005 2168 5060 versarium.
2191 5002 2419 5069 Bellum,
2443 5003 2714 5074 suggestio
2731 5004 3051 5074 adversarii,
3074 5016 3132 5063 ut
3152 5009 3205 5064 in
3229 5009 3395 5068 Paulo
3415 5031 3429 5068 :

1855 5119 1872 5152 ι
1909 5100 2099 5156 Fortes
2123 5100 2142 5122 ⁴
2171 5099 2346 5155 sancti
2381 5106 2506 5154 sunt
2535 5099 2588 5153 in
2613 5098 2756 5154 bello
2777 5097 2846 5166 “,
2874 5119 2895 5152 ο
2925 5103 3065 5170 quod
3091 5104 3192 5159 viri
3217 5106 3432 5162 sancti‘

1849 5191 2180 5262 suggestioni
2223 5189 2438 5245 Satanae
2479 5187 2694 5245 fortiter
2734 5191 3012 5248 resistunt.
3056 5192 3284 5262 Bellum,
3319 5197 3436 5267 ipse

1850 5281 2135 5354 malignus,
2163 5291 2224 5337 ut
2250 5282 2306 5336 in
2328 5278 2428 5336 Job
2454 5294 2469 5334 :
2505 5299 2524 5332 ι
2560 5279 2830 5338 Memento
2855 5282 3005 5347 belli,
3036 5301 3137 5342 nec
3169 5287 3312 5343 ultra
3339 5290 3435 5345 ad-

2093 5389 2133 5453 χχ
2179 5410 2190 5416 .

2031 5439 2064 5466 /

217 5479 333 5565 :IV
359 5479 613 5565 Regum,
637 5483 732 5565 28.
771 5484 792 5514 ²
829 5482 933 5540 Isa.
972 5483 1170 5565 rem}.
1201 5483 1224 5516 ³
1247 5484 1385 5542 Gen.
1414 5501 1588 5565 ξιιιιιι,
1611 5485 1706 5565 10.
1756 5485 1780 5518 ⁸
1805 5485 1826 5542 I
1850 5473 2168 5565 Regini},
2198 5484 2286 5542 45.
2335 5486 2358 5520 ⁸
2379 5487 2551 5565 Exod.
2577 5505 2671 5565 aut
2689 5532 2704 5556 ,
2729 5491 2816 5565 11.
2859 5493 2880 5526 ⁸
2905 5494 3074 5553 Exod.
3118 5515 3310 5565 xxvm,
3336 5499 3429 5557 59.

149 5555 174 5588 ⁷
210 5553 316 5608 Iob
345 5567 446 5614 xu,
471 5553 555 5610 l8.
589 5553 704 5608 8Ca

792 5570 946 5626 xvnl,
979 5555 1036 5610 4.
1072 5543 1204 5625 Cap.
1233 5572 1386 5621 xvm,
1418 5558 1506 5611 ll.
1551 5543 1586 5587 θ’
1603 5556 1733 5626 Cap.
1783 5573 1857 5622 ιι,
1889 5543 1964 5612 δῖ’
1992 5543 2047 5600 ’κ

2056 5559 2076 5612 1
2105 5557 2399 5635 Reg._x_x1,
2440 5561 2525 5616 15.
2565 5560 2776 5635 ⁴ἑΙξΡεειι.
2819 5581 3028 5635 cxxxn;
3058 5569 3112 5622 2.
3152 5571 3204 5601 ’⁸
3226 5557 3428 5626 Εέθοιι.

151 5571 167 5588 τ
210 5571 316 5608 sou
345 5571 446 5614 xu,
471 5571 555 5610 ιδ.
589 5571 762 5680 ﬂag.
792 5571 946 5620 xvnl,
979 5571 1036 5610 4.
1073 5571 1204 5625 uap.
1233 5572 1386 5621 xvm,
1418 5571 1506 5611 ιι.
1552 5571 1572 5587 ’
1603 5571 1733 5626 uap.
1783 5573 1857 5622 ιι,
1889 5571 1940 5612 5.
1993 5571 2076 5612 ηκι
2105 5571 2235 5628 ueg.
2268 5574 2362 5614 χχι
2384 5601 2399 5626 ,
2440 5571 2525 5616 15.
2565 5571 2776 5616 ἠἐιιι.
2819 5581 3028 5635 cxxxu;
3058 5571 3112 5622 2.
3152 5571 3204 5601 ’⁸
3226 5571 3427 5626 Ezech.

149 5641 211 5691 ν,
237 5626 291 5679 1.
323 5623 396 5701 -ξξ
420 5621 548 5701 ἰςι..
573 5641 686 5701 ξω,
749 5663 764 5678 .
819 5625 864 5656 ³⁵
887 5625 990 5701 Isa.
1018 5642 1136 5701 ιτιιι,
1171 5627 1223 5701 1.
1249 5627 1294 5659 ¹⁸
1317 5627 1422 5682 Isa.
1440 5644 1546 5701 λιιι,
1574 5629 1680 5701 ll._
1705 5628 1748 5701 ‘_°
1773 5627 1928 5701 Psal._
1952 5630 2174 5701 suum.
2211 5630 2250 5661 ¹⁷
2275 5631 2432 5686 Cant.
2457 5647 2574 5696 vm,
2603 5632 2656 5687 6.
2683 5634 2838 5690 “Job
2861 5652 3089 5701 xxxvm,
3108 5640 3191 5695 l5.
3221 5641 3262 5670 ¹⁹
3285 5640 3427 5696 Psal.

150 5712 300 5778 ξξιι,
520 5691 879 5778 {obhxxavun
1103 5697 1248 5778 Psal.
1283 5714 1412 5764 vvn,
1567 5701 1617 5778 ’.ξ
1639 5699 1739 5754 Tol

1861 5740 1876 5762 ,
1901 5699 2033 5778 ις’
2053 5691 2230 5778 _C_an_t._
2250 5701 2427 5778 v,__l
2452 5703 2500 5778 ξ
2529 5691 2629 5757 Joh
2653 5721 2880 5778 xxxviii,
2988 5691 3047 5740 ³⁵
3075 5691 3244 5764 Exod.
3279 5691 3432 5778 iiii,

152 5767 257 5846 17,
278 5766 347 5846 l8
368 5806 384 5830 ,
426 5765 512 5846 lg.
539 5765 756 5846 ’f_P_sa_l.
786 5782 875 5832 xc,
907 5768 992 5822 15.
1103 5769 1270 5846 Levit.
1303 5786 1394 5846 ιιιιί
1414 5811 1428 5835 ,
1455 5768 1550 5835 56ς
1582 5769 1739 5846 Deut.

1851 5787 1892 5835 υ,
1923 5771 2012 5846 15,
2046 5770 2133 5834 ll,
2167 5770 2254 5846 l5.
2293 5772 2337 5846 ξεῖ
2364 5771 2428 5846 l_l_l
2455 5773 2592 5846 Reg.
2623 5792 2724 5846 vui.
2749 5775 2838 5830 26.
2868 5765 2918 5808 ⁵⁸
2948 5777 3090 5832 Psal.
3122 5794 3305 5837 Lxxvu
3327 5821 3342 5846 ,
3372 5765 3430 5838 9:

155 5837 206 5870 ”
231 5836 336 5893 Job
359 5852 416 5904 v,
446 5836 538 5894 20.
567 5835 610 5868 ³¹
639 5835 758 5893 Job.
789 5853 950 5892 XXXIX
971 5879 986 5904 ,
1015 5839 1104 5894 28.
1138 5841 1182 5872 ³²
1207 5841 1346 5898 Psal.
1382 5859 1598 5906 cxxxtx,
1641 5844 1692 5898 8.
1735 5843 1739 5872 ³

1851 5841 1956 5895 ’sal.
1997 5857 2139 5908 xvn,
2169 5841 2258 5896 40.
2300 5842 2346 5875 ³³
2372 5835 2622 5900 Ινῐριιιῖιιι
2692 5845 2779 5900 51.

560 5933 838 5995 Pnaon.
871 5930 1068 5994 CXII.

2832 5937 2911 6000 28

3503 5537 3598 5618 \Q‘
3671 5561 3748 5624 \T‘.
