3972 6336
635 357 776 414 8³15Γ

1261 355 1341 412 οΒ.
1377 354 1634 413 RABANI
1664 353 1888 412 MAURI
1921 355 2217 414 ARCHIEP

2311 359 2598 418 ιοευΝΤ.
2629 360 2920 420 OPERUM
2953 360 3135 418 PARS
3171 360 3256 418 lli.
3710 375 3776 430 876

636 477 732 532 das
755 472 904 544 loqui
926 473 974 540 ι,
1003 491 1022 526 ι
1066 471 1125 528 id
1151 476 1254 538 est,
1283 470 1458 541 qualis
1482 471 1551 525 sit
1580 469 1863 538 malignus,
1895 486 2110 540 semper
2133 486 2221 526 re-
2245 474 2298 534 Α
2392 473 2610 544 Byssus,
2643 474 2787 528 acies
2819 474 3095 538 virtutum,
3139 481 3199 527 ut
3237 473 3290 527 in
3325 471 3491 530 Exodo
3519 492 3530 530 :
3561 495 3578 530 ι
3603 477 3777 542 Tentoria

637 567 886 630 cordare,
927 572 983 620 et
1017 579 1048 619 a
1084 562 1511 618 murmuratione
1550 573 1606 616 te
1646 577 1944 632 compesce.
1991 562 2217 629 Bellum,

635 661 828 717 ultima
855 656 1152 722 damnatio,
1181 662 1242 710 ut
1269 653 1323 708 in
1351 652 1450 708 Job
1481 671 1493 707 :
1531 672 1549 703 ι
1583 652 1651 708 Et
1681 653 1829 724 pluat
1856 668 2034 724 super,
2071 652 2218 707 illum

638 751 838 808 bellum
866 764 1023 804 suum
1045 747 1086 812 ',
1121 766 1141 799 ι
1168 744 1310 816 quod
1337 743 1479 799 Deus
1509 757 1671 813 super
1699 744 1922 815 impium
1961 753 2219 799 aeternam

637 843 816 899 fundit
843 839 1264 897 damnationem.
1562 885 1572 896 ,

707 932 1040 996 Bechemoth,
1083 927 1346 994 diabolus,
1391 935 1451 982 ιιι
1491 927 1546 981 in
1583 925 1684 982 Job
1725 946 1737 980 :
1787 944 1806 977 ι
1842 925 1982 982 Ecce
2009 925 2219 992 Beche-

597 1031 604 1036 ’
637 1030 806 1093 meth,
851 1042 1012 1099 quem
1039 1024 1140 1080 feci
1167 1033 1344 1078 tecum
1367 1021 1414 1088 ³,
1442 1041 1458 1074 ι
1487 1021 1634 1090 quod
1653 1019 1901 1090 spiritum
1930 1019 2100 1084 illum,
2127 1018 2220 1088 qui

636 1125 798 1181 modo
820 1120 1062 1178 diabolus
1090 1126 1192 1184 est,
1224 1119 1365 1172 Deus
1392 1114 1616 1171 creavit.

705 1215 883 1271 Bestia
905 1221 988 1270 est
1005 1210 1229 1282 quilibet
1251 1225 1282 1264 a
1305 1215 1524 1278 peccato
1547 1218 1860 1269 conversus,
1884 1209 1946 1257 ut
1964 1201 2018 1256 in
2041 1199 2177 1256 Isaia
2201 1214 2216 1253 :

642 1328 661 1361 ι
694 1305 1032 1364 Glorificabit
1060 1317 1146 1358 me
1177 1299 1348 1356 bestia
1373 1298 1488 1370 agri
1516 1298 1564 1363 ³,
1599 1317 1617 1349 ι
1653 1296 1706 1351 id
1736 1306 1838 1361 est,
1869 1304 2120 1365 peccator
2155 1294 2220 1349 de

634 1410 858 1472 peccato
896 1413 992 1454 suo
1027 1395 1294 1468 pcenitens
1336 1407 1420 1447 me
1474 1390 1780 1446 honorabit.
1827 1387 2020 1454 Bestia,
2067 1403 2218 1444 mens

634 1487 1043 1553 irrationabilis,
1076 1494 1136 1540 ut
1169 1485 1224 1539 in
1255 1483 1440 1538 Exodo
1473 1499 1485 1535 :
1523 1499 1542 1532 ι
1578 1480 1636 1535 Si
1669 1479 1843 1534 bestia
1873 1485 2106 1533 montem
2137 1486 2218 1532 te-

635 1581 851 1653 tigerit,
883 1578 1209 1651 lapidabitur
1240 1576 1284 1640 ⁵,
1321 1594 1340 1627 ι
1375 1574 1518 1644 quod
1555 1573 1598 1628 si
1636 1586 1789 1627 mens
1833 1568 2220 1624 irrationabilis

635 1675 702 1729 ad
732 1673 838 1728 alta
867 1666 1338 1744 contemplationis
1370 1680 1430 1720 se
1465 1663 1641 1732 erigit,
1669 1675 1879 1716 summa
1917 1675 2024 1715 non
2051 1657 2216 1713 susti-

633 1782 767 1820 nens
795 1762 1014 1834 superni
1053 1758 1307 1830 ponderis
1333 1754 1556 1811 vocibus
1589 1759 1834 1808 necatur.
1879 1750 2076 1816 Bestia,
2115 1767 2214 1822 po-

2323 565 2390 621 de
2421 566 2584 636 bysso
2618 573 2822 620 retorta
2849 566 2914 630 ‘3,
2959 586 2976 616 ι
3022 565 3166 634 quod
3208 566 3371 620 sancti
3407 567 3570 623 decore
3601 572 3777 630 virtutum

2323 663 2606 710 ornantur.
2642 654 2861 726 Byssus,
2900 655 3076 710 cultus
3112 656 3360 720 exterior,
3389 657 3515 711 utin
3539 657 3774 730 Evangelia:

2329 763 2350 796 ι
2384 745 2641 801 lnduatur
2677 761 2916 816 purpura
2949 756 3005 800 et
3034 749 3198 817 bysso
3227 746 3288 813 ι’,
3323 767 3340 798 ι
3378 749 3504 816 quod
3527 753 3700 820 populus
3719 755 3777 809 lu-

2323 836 2510 893 daicus
2538 837 2862 893 exteriorem
2892 839 3012 892 vita:
3040 838 3242 912 cultum
3271 837 3462 893 habuit.

2393 925 2638 983 Bitumen
2667 937 2751 984 εει
2788 929 2954 984 robur
2984 930 3288 994 charitatis,
3323 940 3382 985 ut
3412 930 3460 984 in
3483 929 3672 988 Genesi:
3702 953 3715 984 ι
3739 936 3778 991 Β

2320 1018 2588 1075 bitumine
2613 1020 2770 1075 linies
2795 1036 2976 1076 arcam
3004 1022 3337 1076 extrinsecus
3360 1031 3411 1075 et
3433 1023 3774 1091 intrinsecus",t

2321 1111 2466 1181 quod
2515 1111 2774 1166 Dominus
2825 1113 3121 1167 secundum
3169 1112 3430 1168 hominem
3471 1114 3634 1170 virtute
3671 1120 3778 1174 munit

2321 1203 2621 1270 charitatis,
2655 1212 2765 1258 tam
2797 1205 2940 1258 intus
2967 1204 3022 1258 in
3051 1202 3236 1270 corde,
3267 1219 3420 1274 quam
3443 1215 3574 1258 extra
3597 1206 3638 1259 in
3659 1222 3774 1277 open.

2314 1295 2585 1377 Bitumen,
2607 1297 2906 1367 virginitas,
2934 1305 2994 1351 ut
3014 1297 3070 1351 in
3092 1296 3310 1352 Exodo:
3340 1316 3358 1347 ι
3383 1295 3774 1367 Sumpsittisccllam

2320 1388 2617 1458 scirpeam,
2645 1395 2699 1442 et
2725 1387 2901 1442 linivit
2926 1403 3046 1442 eam
3076 1387 3337 1442 bitumine
3366 1403 3424 1440 ac
3455 1387 3555 1456 pice
3576 1388 3628 1452 “,
3653 1407 3667 1440 ι
3691 1393 3774 1458 quod

2321 1489 2505 1536 autem
2543 1479 2609 1534 de
2644 1479 2907 1548 sapientia
2947 1478 3110 1549 elegit
3135 1477 3469 1550 virginalem,
3499 1489 3545 1532 et
3565 1493 3656 1532 eam
3673 1480 3773 1547 virgi-

2320 1571 2491 1628 nitate
2517 1571 2732 1626 ornavit
2756 1581 2813 1626 ct
2835 1570 3158 1626 humilitate.
3190 1569 3444 1634 Bitumen,
3469 1569 3627 1623 duritia
3649 1570 3775 1623 discor-

2320 1662 2442 1728 diae,
2476 1671 2535 1716 ut
2566 1662 2621 1716 in
2649 1659 2845 1716 Genesi
2879 1676 2893 1714 :
2931 1682 2948 1712 ι
2986 1661 3305 1715 Habuerunt
3340 1659 3518 1716 lateres
3549 1669 3592 1714 et
3620 1659 3773 1714 bitumen

2317 1761 2418 1827 pro
2437 1764 2700 1811 caemento
2718 1756 2788 1821 ",
2816 1774 2835 1806 ι
2865 1755 3007 1824 quod
3035 1754 3206 1824 iniqui
3235 1755 3392 1810 robur
3415 1754 3668 1808 deserentes
3685 1753 3774 1807 bona

632 1859 790 1931 pulus
817 1855 1074 1912 Iudaicus
1101 1850 1366 1915 serviens,
1395 1857 1454 1904 ut
1490 1849 1543 1903 in
1573 1846 1770 1902 Genesi
1803 1864 1815 1899 :
1859 1865 1876 1896 ι
1913 1844 2093 1902 Bestia
2121 1845 2216 1900 de-

2322 1852 2573 1918 actionis,
2604 1851 2772 1906 lutum
2813 1859 2998 1905 amant
3030 1849 3288 1914 libidinis,
3331 1857 3383 1905 et
3421 1847 3674 1918 abjicientes
3697 1848 3772 1916 liga-

635 1951 842 2007 voravit
879 1947 1079 2017 Ioseph
1104 1945 1146 2012 ‘,
1188 1965 1207 1997 ι
1267 1943 1320 1998 id
1359 1949 1471 2009 est,
1503 1947 1816 2012 persecutor
1857 1938 2085 2010 populus
2118 1936 2215 1992 Ju—

634 2047 870 2102 dteorum
897 2040 1097 2098 occidit
1150 2037 1445 2093 Christum.
1491 2032 1689 2099 Bestia,
1725 2040 2004 2102 peccatum
2033 2031 2216 2086 crimi-

633 2137 788 2202 nale,
826 2144 889 2190 ut
926 2133 980 2188 in
1014 2131 1153 2188 Isaia
1186 2148 1199 2185 ;
1239 2149 1257 2181 ι
1295 2127 1474 2184 Bestia
1516 2125 1654 2180 mala
1696 2140 1802 2178 non
1833 2122 2085 2178 transibit
2124 2135 2220 2192 per

632 2245 754 2284 eam
775 2229 818 2292 ',
856 2247 872 2280 ι
922 2225 1067 2298 quod
1101 2238 1256 2280 mens
1285 2227 1472 2277 sancta
1501 2225 1782 2289 peccatum
1814 2213 2042 2270 mortale
2073 2212 2219 2268 omni

633 2320 810 2378 studio
835 2319 1008 2374 vitare
1035 2313 1332 2372 contendit.
1362 2311 1561 2375 Bestia,
1589 2308 1817 2364 societas
1845 2306 2216 2377 reprohormn,

513 2417 534 2430 ‘
632 2423 694 2470 ut
718 2415 772 2470 in
801 2410 1120 2482 Apocalypsi
1151 2425 1164 2462 :
1200 2427 1219 2459 ι
1254 2404 1376 2461 Vidi
1407 2404 1473 2460 de
1501 2402 1640 2458 mari
1669 2401 1897 2457 bestiam
1928 2398 2219 2454 ascenden-

635 2521 744 2566 tem
771 2508 818 2574 ⁸,
871 2527 892 2560 ι
923 2504 1068 2576 quod
1091 2499 1414 2558 Antichristi
1450 2491 1714 2567 sequaces
1743 2496 1809 2550 de
1839 2494 2071 2550 terrenis
2097 2502 2218 2562 post

633 2616 758 2658 eum
783 2604 1084 2668 emergunt.
1127 2591 1326 2656 Bestia,
1357 2586 1622 2651 diabolus,
1663 2593 1724 2639 ut
1753 2584 1807 2639 in
1847 2582 2167 2654 Apocalypsi
2202 2599 2215 2634 :

639 2717 656 2749 ι
690 2693 888 2758 Bestia,
935 2704 1100 2760 quam
1126 2685 1330 2750 vidisti,
1362 2682 1466 2738 fuit
1487 2689 1542 2737 et
1565 2695 1673 2735 non
1695 2687 1780 2734 est
1797 2678 1842 2744 θ,
1874 2697 1892 2729 ι
1920 2679 2064 2748 quod
2086 2679 2102 2696 ⁶
2127 2676 2218 2731 ad-

632 2800 848 2848 ventum
879 2786 1112 2851 Christi,
1155 2780 1400 2838 diabolus
1445 2776 1722 2850 regnavit,
1765 2773 1860 2829 sed
1898 2773 2018 2843 ipso
2059 2772 2220 2827 adve-

629 2883 814 2941 niente
835 2885 1124 2949 superatus
1145 2874 1266 2930 fuit.
1295 2871 1399 2927 Per
1425 2871 1637 2935 bestias,
1663 2867 1832 2924 Judaei
1859 2866 2134 2930 excmcati,
2161 2873 2220 2919 ut

630 2975 685 3032 in
714 2972 964 3044 psalmo:
1002 2988 1020 3020 ι
1055 2969 1116 3022 in
1160 2967 1275 3037 ipsa
1319 2962 1536 3036 (nocte)
1580 2958 1988 3032 pertransibunt
2031 2973 2220 3013 omnes

628 3065 815 3122 bestia:
851 3061 1002 3116 silvae
1038 3058 1103 3123 ιο,
1149 3076 1168 3108 ι
1211 3055 1355 3125 quod
1395 3059 1673 3107 crescente
1718 3049 1962 3104 caecitate
2009 3063 2104 3102 sua
2149 3048 2216 3101 ad

629 3171 764 3226 opus
807 3151 1102 3208 Dominicze
1145 3144 1414 3218 passionis
1457 3141 1626 3197 Judaai
1678 3148 2060 3210 pervenerunt.
2113 3139 2218 3192 Per

631 3211 837 3312 bestias,
874 3211 1236 3306 Gentiles-ut
1279 3239 1332 3292 in
1371 3235 1578 3305 psalmo
1611 3251 1623 3286 :
1663 3251 1680 3283 ι
1717 3233 1988 3287 Potabunt
2026 3249 2215 3288 omnes
2243 3211 2290 3274 ο

628 3338 813 3394 bestiae
839 3333 950 3404 agri
978 3333 1042 3396 η,
1072 3351 1092 3383 ι
1123 3327 1265 3398 quod
1295 3341 1463 3382 sacrae
1494 3323 1786 3394 Scriptura:
1812 3323 2027 3378 ﬂuentis
2049 3324 2217 3379 Judaei

630 3427 989 3484 inebriantur.
1036 3423 1142 3477 Per
1195 3419 1406 3482 bestias,
1447 3417 1718 3486 simplices
1757 3416 2015 3485 quilibet,
2063 3425 2120 3470 ut
2165 3418 2216 3470 in

629 3517 825 3574 Genesi
852 3531 866 3570 :
895 3535 914 3568 ι
941 3513 1158 3570 Creavit
1185 3511 1325 3565 Deus
1352 3509 1555 3564 bestias
1589 3519 1746 3564 terrae
1776 3509 1838 3574 ι’,
1876 3529 1894 3560 ι
1926 3510 2066 3579 quod
2091 3510 2220 3564 sim-

627 3602 797 3682 plices
825 3607 965 3663 Deus
992 3607 1046 3660 in
1074 3603 1316 3659 Ecclesia
1340 3605 1537 3671 posuit.
1567 3599 1672 3654 Per
1697 3599 1908 3664 bestias,
1936 3601 2218 3665 increduli,

628 3714 691 3760 ut
713 3705 769 3760 in
793 3701 959 3757 Paulo
992 3718 1004 3754 :
1045 3719 1064 3750 ‹
1095 3698 1368 3752 Adversus
1396 3695 1595 3750 bestias
1620 3694 1852 3766 pugnavi
1884 3694 1950 3760 ³³,
1989 3713 2006 3745 ι
2039 3693 2094 3748 id
2115 3702 2218 3758 est,

629 3804 816 3852 contra
845 3790 1148 3848 incredulos
1169 3787 1460 3858 disputavi.
1487 3787 1592 3840 Per
1616 3787 1829 3851 bestias,
1857 3785 2078 3856 spiritus
2107 3801 2221 3840 ma-

628 3886 778 3958 ligni,
806 3893 864 3939 ut
892 3884 946 3938 in
965 3881 1065 3937 Job
1092 3899 1105 3934 :
1143 3898 1160 3930 ι
1189 3878 1390 3934 Omnes
1419 3877 1606 3932 bestias
1636 3876 1750 3948 agri
1781 3876 1970 3931 ludunt
1999 3875 2072 3930 ibi
2098 3876 2164 3940 ιδ,
2196 3894 2212 3926 ι

627 3978 772 4050 quod
814 3977 868 4032 in
911 3983 1091 4030 mente
1133 3971 1362 4042 reproba
1405 3968 1620 4040 maligni
1673 3969 1894 4039 spiritus
1923 3967 2216 4023 exsultant.

627 4071 734 4126 Per
765 4069 972 4132 bestias,
1008 4063 1287 4119 instabiles
1311 4069 1492 4116 motus
1520 4059 1716 4123 cordis,
1752 4067 1810 4112 ut
1837 4059 1890 4113 in
1917 4059 2018 4114 Job
2048 4077 2059 4112 :
2099 4078 2117 4110 ι
2153 4059 2222 4113 Ει

629 4163 814 4220 bestiae
845 4170 1000 4215 terra:
1027 4157 1264 4228 pacificaa
1293 4163 1452 4211 erunt
1478 4155 1541 4219 ι’,
1574 4173 1592 4206 ›
1628 4154 1680 4208 id
1705 4162 1806 4219 est,
1833 4155 1848 4173 “
1878 4153 2074 4208 interni
2107 4169 2219 4208 mo-

629 4263 717 4310 tus
747 4251 926 4308 cordis
957 4249 1034 4303 tui
1075 4256 1128 4302 te
1159 4261 1264 4302 non
1307 4245 1701 4316 inquietabunt.
1743 4243 1847 4299 Per
1876 4244 2064 4299 bestias
2095 4260 2220 4316 pec-

629 4354 794 4402 cata:
825 4354 885 4397 ut
913 4342 966 4395 in
993 4338 1262 4394 Psalmis:
1588 4338 1666 4392 sic
1963 4353 2061 4408 per
2089 4353 2220 4393 con-

629 4437 918 4494 fessionem
944 4431 1234 4504 praeteritis
1259 4421 1475 4494 debeas,
1502 4435 1558 4483 et
1583 4429 1656 4482 ita
1681 4428 1876 4486 futuris
1903 4444 2214 4485 conserves.

697 4528 896 4599 Byssus
931 4535 1014 4580 est
1043 4522 1276 4592 justitia,
1303 4531 1362 4575 ut
1391 4522 1444 4575 in
1471 4520 1793 4592 Apocalypsi
1821 4537 1835 4576 :
1873 4541 1891 4574 ι
1928 4523 2217 4594 Byssinum

629 4623 772 4679 enim
794 4617 1214 4692 justiﬁcationes
1235 4623 1541 4671 sanctorum
1565 4623 1690 4669 sunt
1714 4615 1776 4668 η.
1810 4635 1828 4668 ι
1857 4615 2074 4687 Bgssus,
2100 4632 2220 4674 car-

629 4714 714 4768 nis
742 4711 979 4776 aﬂlictio,
1009 4718 1067 4764 ut
1093 4711 1147 4764 in
1174 4709 1360 4764 Exodo
1389 4725 1401 4760 :
1439 4726 1458 4758 ι
1490 4706 1832 4778 Coccumque
1859 4709 1944 4764 bis
1969 4709 2218 4775 tinctura,

629 4812 684 4859 et
705 4805 922 4874 byssum
946 4804 962 4824 ⁶
989 4809 1271 4866 retortum,
1304 4819 1322 4852 ι
1354 4800 1406 4854 id
1433 4808 1536 4866 est,
1568 4800 1838 4870 geminam
1864 4801 2218 4867 charitatem;

591 4959 594 4963 ι
630 4901 684 4949 ει
707 4908 928 4948 carnem
963 4892 1237 4948 atllictam.
1281 4890 1506 4962 Byssus,
1539 4890 1841 4961 virginitas,
1872 4899 1931 4946 ut
1961 4892 2014 4946 in
2050 4891 2218 4947 Para-

630 4983 796 5040 bolis:
843 5000 863 5034 ι
895 4982 1096 5053 Byssus
1139 4991 1196 5037 et
1240 4997 1480 5053 purpura
1523 4983 1894 5038 indumentum
1937 4984 2056 5055 ejus
2086 4986 2149 5050 ν’,
2194 5005 2214 5037 ι

629 5079 774 5150 quod
832 5077 888 5132 in
921 5078 1241 5148 quibusdam
1278 5087 1465 5132 saneta
1503 5077 1746 5133 Ecclesia
1783 5078 2118 5148 virginitate,
2160 5080 2215 5136 in

629 5169 952 5240 quibusdam
1010 5168 1273 5240 martyrio
1335 5167 1583 5223 vestitur.
1647 5167 1801 5224 Sicut
1849 5166 2212 5236 Hildebertus,

629 5260 913 5332 episcopus
944 5259 1370 5318 Cenomanensis
1396 5277 1409 5314 :

938 5353 1077 5403 Nunc
1102 5362 1180 5404 est
1202 5354 1390 5415 byssus,
1417 5364 1544 5401 nunc
1565 5366 1776 5415 purpura
1802 5362 1970 5414 vestis,

813 5415 950 5476 Quod
977 5429 1066 5478 per
1084 5415 1217 5465 bella
1237 5427 1390 5473 rosas,
1422 5428 1510 5475 per
1533 5427 1700 5475 pacem
1726 5416 1824 5464 lilia
1846 5415 2048 5478 profert.

2321 1951 2563 1998 mentum
2583 1941 2686 1996 cha
2695 1941 2890 2005 ritatis,
2913 1939 3168 1995 duritiam
3193 1939 3461 1994 discordiae
3479 1939 3772 2007 ainpleetunnr.

2391 2036 2585 2090 Botrus
2613 2044 2697 2090 est
2725 2035 2995 2100 Christus,
3029 2043 3092 2088 ιιι
3119 2034 3172 2088 in
3206 2031 3444 2088 Numeris
3468 2032 3506 2063 ³³
3529 2033 3615 2088 duo
3632 2032 3702 2086 viri
3718 2032 3771 2085 bo-

2319 2139 2466 2185 trum
2491 2137 2706 2200 portant
2733 2128 2788 2182 in
2820 2138 2994 2194 vecte,
3019 2128 3166 2198 quod
3194 2126 3298 2183 duo
3326 2127 3493 2196 populi
3513 2125 3678 2181 Christo
3699 2140 3770 2179 cou-

2322 2220 2543 2276 ﬁtentur
2586 2221 2642 2275 in
2680 2235 2866 2275 cruce.
2912 2219 3132 2286 Batrus,
3174 2218 3456 2290 spiritualis
3494 2217 3654 2281 laetitia,
3685 2215 3772 2269 utin

2321 2316 2544 2373 Cantica
2583 2335 2594 2371 :
2643 2337 2662 2369 ι
2708 2317 2902 2373 Botrus
2939 2315 3107 2388 Cypri
3145 2315 3374 2372 dilectus
3409 2331 3542 2372 meus
3573 2315 3670 2369 mihi
3693 2313 3769 2377 ¹⁵;ι

2320 2409 2512 2465 florida
2539 2409 2722 2463 laetitia
2751 2409 3086 2478 resurgentis
3125 2424 3213 2464 me
3247 2407 3567 2480 glorificavit,
3591 2405 3693 2478 quod
3715 2405 3771 2473 ty-

2321 2521 2446 2575 prus
2475 2502 2673 2559 ﬂorens
2701 2503 3114 2574 interpretatur.
3155 2504 3367 2571 Battus,
3404 2519 3523 2574 opus
3545 2505 3771 2574 justitia,t

2322 2598 2377 2653 in
2423 2597 2524 2653 Job
2573 2615 2586 2652 :
2643 2617 2662 2649 ι
2716 2596 2986 2663 Laedetur,
3035 2599 3200 2670 quasi
3246 2599 3394 2654 vinea
3438 2599 3484 2653 in
3533 2597 3665 2666 primo
3701 2593 3772 2647 lion
3812 2633 3814 2638 .

2321 2691 2438 2762 ejus
2462 2689 2530 2756 ”,
2567 2708 2585 2742 ι
2620 2689 2763 2760 quod
2789 2689 2844 2745 in
2875 2698 3058 2746 mente
3094 2691 3322 2762 reproba
3352 2701 3402 2745 et
3426 2705 3541 2760 Opus
3563 2690 3772 2754 bonumpu
3852 2729 3853 2762 ,

2320 2759 2986 2855 superbiamdestruitur.
3028 2759 3252 2848 Batnas,
3295 2798 3424 2854 opus
3454 2759 3647 2852 iustitia,
3678 2785 3716 2831 ut
3745 2775 3771 2828 in

2321 2875 2533 2931 cantico
2561 2875 3002 2930 Deuteronomii:
3034 2894 3053 2927 ‹
3087 2876 3157 2930 Ει
3185 2877 3366 2931 botrus
3395 2869 3768 2931 amarissimus”,t

2321 2966 2464 3036 quod
2503 2981 2570 3021 ex
2613 2967 2994 3032 amaritudine,
3037 2969 3189 3038 quod
3231 2968 3436 3038 iniquus
3479 2975 3687 3037 operatur.
3716 2961 3772 3014 Pet
3851 2943 3853 2958 ’

2321 3061 2526 3115 batrum
2567 3061 2950 3131 praedicatores
2995 3061 3209 3126 sancti,
3252 3070 3310 3116 ut
3354 3061 3406 3115 in
3441 3059 3622 3114 Cantica
3653 3074 3661 3108 :
3695 3072 3708 3104 t
3737 3052 3772 3104 Et
3852 3047 3853 3082 ἢ

2319 3158 2488 3212 ubera
2521 3166 2611 3210 tua
2642 3156 2936 3211 assimilata
2965 3165 3096 3211 sunt
3126 3155 3296 3211 botris
3325 3155 3390 3220 ³⁷,
3423 3172 3442 3205 ι
3472 3149 3590 3222 quod
3613 3148 3686 3202 duo
3705 3159 3772 3199 san-

2321 3259 2423 3304 cta:
2445 3247 2699 3303 Ecclesiae
2722 3247 2901 3318 populi
2927 3247 3314 3318 [intrdicatores
3336 3261 3451 3302 suos
3471 3245 3695 3298 imitantur.
3715 3236 3770 3289 Pu

2322 3343 2493 3397 botros
2530 3341 2701 3410 impii,
2743 3351 2801 3396 ιιι
2843 3342 2896 3396 in
2940 3341 3267 3411 Apocalypsi
3299 3359 3310 3393 :
3357 3359 3371 3390 ι
3407 3335 3636 3391 Vindemia
3665 3330 3771 3384 botros

2320 3434 2490 3488 vineae
2528 3441 2687 3486 terrae
2713 3432 2779 3497 ’9,
2818 3451 2838 3482 ι
2876 3433 3015 3500 quod
3057 3431 3234 3485 malos
3269 3430 3508 3486 Dominus
3533 3422 3770 3482 exterminat.

2323 3529 2413 3596 qui
2442 3528 2607 3582 inflati
2639 3535 2765 3582 sunt
2793 3535 3004 3581 terrena
3028 3525 3385 3595 iucunditate.

2392 3637 2519 3703 Bos,
2548 3638 2887 3708 przetlicator,
2919 3647 2976 3704 ut
3005 3639 3056 3693 in
3090 3637 3209 3710 lege
3241 3656 3254 3692 :
3292 3655 3312 3689 ι
3347 3636 3453 3697 Non
3480 3633 3620 3689 arabis
3639 3631 3675 3684 in
3695 3629 3771 3681 bove

2322 3738 2378 3786 et
2406 3731 2558 3784 asino
2585 3729 2651 3793 ’9,
2690 3749 2709 3782 ›
2747 3729 2798 3783 id
2823 3736 2936 3792 est,
2975 3743 3082 3782 non
3120 3729 3296 3784 socies
3335 3729 3385 3782 in
3415 3721 3707 3797 praedicatione
3724 3713 3770 3767 ia-
3852 3801 3853 3804 η

2324 3831 2470 3877 tuum
2502 3821 2734 3892 sapienti
2765 3821 3130 3892 prredicatori.
3163 3822 3290 3888 Bos,
3323 3837 3448 3891 opus
3483 3821 3661 3876 bonum,
3690 3819 3723 3863 ut
3742 3808 3770 3860 in

2323 3915 2440 3986 lege
2468 3932 2484 3970 :
2521 3934 2538 3965 ι
2574 3915 2689 3970 Non
2716 3915 3026 3986 Operaberis
3055 3915 3108 3970 in
3139 3915 3487 3984 primogenita
3511 3909 3628 3966 bovis
3647 3906 3690 3970 ³⁸,
3710 3923 3721 3953 ’
3741 3899 3769 3953 id

2323 4017 2433 4072 est,
2465 4023 2571 4061 non
2598 4008 2612 4025 "
2644 4023 2868 4062 exerces
2903 4006 2957 4061 in
2985 4007 3202 4077 publico
3231 4005 3504 4077 primordia
3535 4000 3631 4056 boni
3650 3995 3765 4066 operti-

2322 4097 2448 4162 Bos,
2479 4097 2706 4169 pupulus
2729 4095 3006 4163 Judaicus,
3039 4110 3099 4152 ut
3127 4099 3180 4153 in
3221 4095 3319 4152 Job
3349 4115 3360 4151 :
3398 4116 3414 4147 ι
3444 4097 3515 4148 An
3538 4084 3764 4161 mugiuhos.

2323 4207 2443 4247 cum
2476 4191 2541 4246 ad
2567 4206 2806 4261 praesepe
2842 4191 3057 4261 plenum
3088 4190 3253 4246 fuerit
3279 4191 3358 4243 “‘3
3392 4210 3408 4242 ι
3442 4186 3562 4257 quod
3581 4173 3767 4238 adeﬂtndo

2323 4295 2465 4342 statu
2495 4301 2593 4342 suo
2639 4284 2894 4342 Judaicus
2935 4287 3162 4356 populus
3207 4287 3457 4340 liberatus
3493 4279 3633 4336 fuitin
3663 4268 3767 4328 illisit

2322 4378 2517 4448 quibus
2545 4377 2746 4434 Christi
2779 4378 3208 4434 incarnationem
3241 4375 3494 4448 cognovit.
3519 4362 3769 4439 Bospopultti

2323 4471 2573 4544 gentilis,
2621 4479 2679 4525 ut
2725 4471 2780 4527 in
2836 4472 2971 4526 Isaia
3029 4489 3041 4524 :
3106 4487 3124 4521 ι
3177 4469 3432 4542 Cognovit
3479 4467 3557 4521 bos
3594 4467 3767 4534 possessu

2246 4583 2299 4644 ι)
2325 4585 2439 4624 rem
2467 4569 2535 4635 ",
2569 4589 2588 4622 ι
2624 4570 2766 4639 quod
2807 4569 2960 4641 plebs
3001 4569 3217 4640 gentilis
3258 4566 3472 4624 credidit
3505 4564 3547 4617 in
3573 4557 3766 4644 redempto-

2323 4677 2437 4716 rem
2467 4677 2642 4716 suum.
2676 4659 2802 4726 Bos,
2837 4661 3013 4716 Lucas
3042 4661 3390 4734 evangelista,
3414 4667 3466 4713 ut
3493 4657 3537 4710 in
3559 4642 3765 4707 Ezechiele:

2329 4771 2347 4804 ι
2381 4751 2570 4807 Facies
2598 4752 2750 4808 bovis
2775 4767 2804 4806 a
2831 4751 3064 4808 sinistris
3086 4751 3151 4817 ³³,
3184 4772 3202 4804 ι
3230 4750 3369 4822 quod
3393 4765 3421 4802 a
3440 4739 3655 4802 sacriﬁcio
3668 4734 3766 4790 Etan-

2322 4851 2519 4922 gelium
2560 4866 2713 4904 suum
2744 4849 2943 4920 incepit
2983 4848 3175 4903 Lucas.
3209 4846 3336 4913 Bos,
3367 4843 3564 4915 quilibet
3585 4829 3766 4922 fatuustll

2322 4911 2377 5001 in
2409 4945 2686 5000 Parabolis
2718 4962 2730 4998 :
2771 4962 2790 4994 ι
2826 4911 3082 5013 sequitur
3111 4957 3258 5004 eam,
3292 4911 3435 5010 quasi
3469 4934 3552 4989 bos
3582 4927 3712 4982 ductus
3731 4911 3765 5011 tl

2323 5038 2599 5092 victimam
2621 5034 2687 5103 ³⁸⁵,
2723 5056 2740 5088 ι
2777 5033 2920 5107 quod
2948 5035 3130 5090 mundi
3158 5031 3316 5102 hujus
3344 5025 3638 5099 cupiditatem
3659 5022 3764 5104 Sall"

2322 5139 2411 5186 tur
2437 5128 2634 5184 stultus
2661 5127 2727 5184 ad
2758 5126 3056 5182 interitum.
3088 5123 3191 5180 Per
3222 5124 3364 5178 boves
3388 5110 3666 5192 patriorum,
3685 5107 3763 5192 υῑξίξ

2318 5221 2560 5278 Levitico
2591 5239 2604 5274 :
2639 5241 2656 5273 ι
2694 5219 2933 5275 Vitulum
2975 5219 3040 5274 de
3078 5217 3246 5272 bobus
3284 5214 3394 5270 sine
3427 5204 3600 5266 macula
3638 5197 3683 5257 ".

2318 5324 2436 5380 est,
2467 5315 2533 5369 de
2571 5313 2896 5384 patriarchis
2921 5310 3190 5367 Christum
3221 5317 3401 5363 natum
3427 5301 3528 5358 sine
3554 5291 3679 5361 culpa-
3707 5281 3764 5337 Ρσ

2315 5407 2494 5462 bovem
2543 5404 2769 5476 perfecti
2816 5405 3036 5474 quique,
3083 5413 3142 5458 ut
3184 5402 3238 5456 in
3283 5398 3379 5456 Job
3420 5412 3432 5449 :
3478 5410 3494 5443 ι
3534 5389 3662 5442 Boves
3691 5386 3762 5476 att:

752 5462 948 5554 ιυιῖἶιῖ
965 5462 1110 5564 ,Ἑιῖ
1127 5462 1166 5530 ἶ
1183 5493 1283 5551 Job
1311 5462 1402 5561 μ’,
1422 5462 1574 5557 '25,"
1601 5462 1701 5552 ιοι)
1727 5462 1814 5564 in,
1847 5462 2113 5555 loliis...
2147 5515 2213 5554 XL

2329 5500 2419 5555 eo.
2461 5497 2483 5528 δ
2505 5462 2674 5553 Εὶοά.
2703 5462 3114 5562 mnia-nem.
3140 5507 3236 5566 in,
3264 5489 3345 5545 l9.
3372 5486 3392 5517 '
3408 5462 3762 5566 gpngxlxgtjv

626 5569 650 5603 ν
677 5543 978 5633 ιωῑςῑχξςξ
1009 5543 1115 5624 si»
1137 5543 1548 5638 essent.
1580 5543 1959 5638 ει-Ᾰῑκῖςῖχιῑξ,
1983 5543 2115 5626 sita
2133 5543 2421 5634 ιῖξείίῖέῑιῖ
2449 5543 3315 5638 to???“ina:arcani;“ista:
3347 5543 3691 5638 tangito;
3711 5547 3761 5638 3;

631 5623 800 5694 “Job
836 5655 924 5701 xu,
959 5623 1042 5709 l5.
1085 5639 1128 5671 ¹³
1151 5623 1250 5693 Joh
1281 5653 1333 5699 ν,
1355 5623 1705 5709 25.’⁸⁶Αροέ.
1737 5623 2009 5704 ιιιιι,8ί.ίίιὶ
2027 5623 2217 5696 prop."

2311 5623 2506 5706 ῐιῖἐξζ
2534 5639 2575 5672 ’⁸
2601 5639 2769 5694 Exod.
2793 5638 3010 5701 xxv‘r,l.
3049 5636 3093 5668 ’θ
3116 5635 3242 5690 Luc.
3261 5623 3520 5709 nuda-.1"

3535 5601 3761 5674 Gen.v1,ll-

699 5671 800 5694 συυ
836 5671 924 5701 λιι.
962 5671 1042 5691 ιυι
1151 5671 1250 5693 συυ
1287 5671 1333 5699 ν,
1358 5671 1444 5691 au.
1539 5671 1705 5709 ημυιο
1743 5671 1848 5704 ᾹΙᾹ,
1868 5671 1921 5697 Ο.
1965 5671 1996 5674 ί⁷
2031 5671 2185 5696 ι-ιυν.

631 5709 677 5784 ff
711 5709 876 5784 Exod.
897 5707 1095 5784 11,153:
1123 5710 1258 5784 Gen;
1287 5724 1365 5772 χι,
1397 5709 1449 5761 5.
1487 5709 1533 5739 ’³
1557 5709 1865 5784 ἤιιιιιελιιιιι,
1897 5711 1987 5765 24.
2020 5712 2064 5742 ’⁸
2091 5712 2217 5784 Cant

2311 5671 2370 5706 ιι,
2405 5671 2490 5694 ιιι.
2563 5671 2566 5672 ⁷
2601 5671 2769 5694 mauu.
2796 5671 2944 5701 an",
2965 5671 3010 5691 ι.
3117 5671 3242 5690 υιιιιι
3262 5671 3364 5695 Avo,
3387 5671 3459 5682 ιυ-
3479 5673 3488 5682 .
3546 5671 3561 5674 ν
3675 5694 3682 5700 ο

2311 5753 2318 5778 ν
2347 5713 2431 5765 Η·
2465 5711 2511 5784 ²ί³
2535 5711 2754 5784 Jobxv,
2784 5711 2872 5784 55:
2905 5709 3128 5784 ’f_D_eut.
3150 5701 3442 5784 _xxxu_,__52_.‘

631 5778 680 5848 ῩἾ
708 5779 873 5848 ᾼνοοο
905 5765 1122 5848 κίνείδο
1156 5777 1199 5809 ”
1229 5765 1381 5834 Deut.
1416 5795 1551 5845 xxu,
1587 5779 1670 5832 l0.
1701 5779 1744 5810 ³⁰
1771 5765 1928 5837 Deut.
1956 5797 2042 5848 xv,
2071 5765 2154 5838 ll).
2188 5765 2207 5815 ³

2311 5765 2357 5839 ib
2387 5798 2456 5846 νιν
2483 5765 2812 5846 5ί³¹1ειι.ἰ,
2841 5782 2892 5836 3.
2927 5779 2972 5812 ³³
3003 5780 3198 5835 Ezecb.
3226 5791 3263 5842 ι,
3293 5765 3372 5830 l0.
3404 5769 3444 5802 "
3465 5765 3594 5821 Prov.
3622 5765 3758 5812 tibi"

635 5845 682 5878 ³⁵
736 5846 862 5899 Lev.
893 5862 964 5910 IV,
998 5847 1049 5900 5.

3655 5183 3763 5246 Mill
3852 5205 3853 5246 ἒ
