  <div class='ocr_page' id='page_1' title='image "/cluster/home/n/w/nwhite01/storage/ocr_20150623/112/hvd.32044015685407/445.png"; bbox 0 0 3972 6336; ppageno 0'>
   <div class='ocr_carea' id='block_1_1' title="bbox 1785 218 1934 244">
    <p class='ocr_par' dir='ltr' id='par_1_1' title="bbox 1785 218 1934 244">
     <span class='ocr_line' id='line_1_1' title="bbox 1785 218 1934 244; baseline 0.013 -2"><span class='ocrx_word' id='word_1_1' title='bbox 1785 219 1830 242; x_wconf 60' lang='grc' dir='ltr'><strong>⁸1ῗί</strong></span> <span class='ocrx_word' id='word_1_2' title='bbox 1845 227 1854 236; x_wconf 80' lang='grc'><strong><em>⁸</em></strong></span> <span class='ocrx_word' id='word_1_3' title='bbox 1870 218 1934 244; x_wconf 46' lang='grc' dir='ltr'><strong>’κῇ</strong></span> 
     </span>
    </p>
   </div>
   <div class='ocr_carea' id='block_1_2' title="bbox 531 308 638 368">
    <p class='ocr_par' dir='ltr' id='par_1_2' title="bbox 531 308 638 368">
     <span class='ocr_line' id='line_1_2' title="bbox 531 308 638 368; baseline 0.019 -2"><span class='ocrx_word' id='word_1_4' title='bbox 531 308 638 368; x_wconf 84' lang='grc'><strong>879</strong></span> 
     </span>
    </p>
   </div>
   <div class='ocr_carea' id='block_1_3' title="bbox 1162 307 3668 398">
    <p class='ocr_par' dir='ltr' id='par_1_3' title="bbox 1162 307 3668 398">
     <span class='ocr_line' id='line_1_3' title="bbox 1162 307 3668 398; baseline 0.006 -35"><span class='ocrx_word' id='word_1_5' title='bbox 1162 307 1229 364; x_wconf 91' lang='grc' dir='ltr'><strong>Β.</strong></span> <span class='ocrx_word' id='word_1_6' title='bbox 1268 307 1524 366; x_wconf 76' lang='lat' dir='ltr'><strong>RABANI</strong></span> <span class='ocrx_word' id='word_1_7' title='bbox 1561 307 1783 367; x_wconf 81' lang='lat' dir='ltr'><strong>MAURI</strong></span> <span class='ocrx_word' id='word_1_8' title='bbox 1816 308 2134 368; x_wconf 81' lang='lat' dir='ltr'><strong>ARCHIEP.</strong></span> <span class='ocrx_word' id='word_1_9' title='bbox 2171 309 2480 371; x_wconf 83' lang='lat' dir='ltr'><strong>MOGUNT.</strong></span> <span class='ocrx_word' id='word_1_10' title='bbox 2519 312 2807 374; x_wconf 84' lang='lat' dir='ltr'><strong>OPERUM</strong></span> <span class='ocrx_word' id='word_1_11' title='bbox 2843 315 3022 376; x_wconf 85' lang='lat' dir='ltr'><strong>PARS</strong></span> <span class='ocrx_word' id='word_1_12' title='bbox 3057 319 3147 376; x_wconf 81' lang='lat' dir='ltr'><strong>III.</strong></span> <span class='ocrx_word' id='word_1_13' title='bbox 3593 338 3668 398; x_wconf 60' lang='lat'><strong>330</strong></span> 
     </span>
    </p>
   </div>
   <div class='ocr_carea' id='block_1_4' title="bbox 527 425 3671 510">
    <p class='ocr_par' dir='ltr' id='par_1_4' title="bbox 527 425 3671 510">
     <span class='ocr_line' id='line_1_4' title="bbox 527 425 3671 510; baseline 0.006 -29"><span class='ocrx_word' id='word_1_14' title='bbox 527 425 636 481; x_wconf 84' lang='lat' dir='ltr'><strong>cati</strong></span> <span class='ocrx_word' id='word_1_15' title='bbox 670 431 794 480; x_wconf 91' lang='lat' dir='ltr'><strong>sunt</strong></span> <span class='ocrx_word' id='word_1_16' title='bbox 819 425 874 480; x_wconf 91' lang='lat' dir='ltr'><strong>in</strong></span> <span class='ocrx_word' id='word_1_17' title='bbox 901 438 988 480; x_wconf 90' lang='lat' dir='ltr'><strong>me</strong></span> <span class='ocrx_word' id='word_1_18' title='bbox 1021 425 1061 491; x_wconf 83' lang='grc'>¹,</span> <span class='ocrx_word' id='word_1_19' title='bbox 1100 445 1118 480; x_wconf 75' lang='grc' dir='ltr'><strong>ι</strong></span> <span class='ocrx_word' id='word_1_20' title='bbox 1150 426 1292 496; x_wconf 90' lang='lat' dir='ltr'><strong>quod</strong></span> <span class='ocrx_word' id='word_1_21' title='bbox 1322 427 1479 483; x_wconf 79' lang='lat' dir='ltr'><strong>electi</strong></span> <span class='ocrx_word' id='word_1_22' title='bbox 1513 427 1569 482; x_wconf 92' lang='lat' dir='ltr'><strong>in</strong></span> <span class='ocrx_word' id='word_1_23' title='bbox 1607 425 1786 483; x_wconf 88' lang='lat' dir='ltr'><strong>futuro</strong></span> <span class='ocrx_word' id='word_1_24' title='bbox 1809 440 1995 498; x_wconf 61' lang='lat' dir='ltr'><strong>poenas</strong></span> <span class='ocrx_word' id='word_1_25' title='bbox 2017 444 2103 486; x_wconf 88' lang='lat' dir='ltr'><strong>re-</strong></span> <span class='ocrx_word' id='word_1_26' title='bbox 2126 434 2178 492; x_wconf 83' lang='grc' dir='ltr'>Α</span> <span class='ocrx_word' id='word_1_27' title='bbox 2205 429 2444 484; x_wconf 87' lang='lat' dir='ltr'><strong>calamus</strong></span> <span class='ocrx_word' id='word_1_28' title='bbox 2470 432 2660 487; x_wconf 74' lang='lat' dir='ltr'><strong>scriba:</strong></span> <span class='ocrx_word' id='word_1_29' title='bbox 2690 431 2754 498; x_wconf 81' lang='lat'><strong>&quot;,</strong></span> <span class='ocrx_word' id='word_1_30' title='bbox 2795 452 2813 484; x_wconf 70' lang='grc' dir='ltr'><strong>ι</strong></span> <span class='ocrx_word' id='word_1_31' title='bbox 2850 433 3019 503; x_wconf 87' lang='lat' dir='ltr'><strong>quod,</strong></span> <span class='ocrx_word' id='word_1_32' title='bbox 3050 451 3181 506; x_wconf 92' lang='lat' dir='ltr'><strong>quos</strong></span> <span class='ocrx_word' id='word_1_33' title='bbox 3207 436 3464 510; x_wconf 83' lang='lat' dir='ltr'><strong>discipulos</strong></span> <span class='ocrx_word' id='word_1_34' title='bbox 3489 444 3671 509; x_wconf 77' lang='lat' dir='ltr'><strong>Christus</strong></span> 
     </span>
    </p>
   </div>
   <div class='ocr_carea' id='block_1_5' title="bbox 523 519 1144 589">
    <p class='ocr_par' dir='ltr' id='par_1_5' title="bbox 523 519 1144 589">
     <span class='ocr_line' id='line_1_5' title="bbox 523 519 1144 589; baseline 0.003 -17"><span class='ocrx_word' id='word_1_35' title='bbox 523 520 816 589; x_wconf 89' lang='lat' dir='ltr'><strong>proborum</strong></span> <span class='ocrx_word' id='word_1_36' title='bbox 848 519 1144 574; x_wconf 78' lang='lat' dir='ltr'><strong>intuentur.</strong></span> 
     </span>
    </p>
   </div>
   <div class='ocr_carea' id='block_1_6' title="bbox 599 606 2110 685">
    <p class='ocr_par' dir='ltr' id='par_1_6' title="bbox 599 606 2110 685">
     <span class='ocr_line' id='line_1_6' title="bbox 599 606 2110 685; baseline 0.005 -21"><span class='ocrx_word' id='word_1_37' title='bbox 599 606 779 679; x_wconf 83' lang='lat' dir='ltr'><strong>Caligo</strong></span> <span class='ocrx_word' id='word_1_38' title='bbox 803 617 886 664; x_wconf 90' lang='lat' dir='ltr'><strong>est</strong></span> <span class='ocrx_word' id='word_1_39' title='bbox 908 609 1170 676; x_wconf 83' lang='lat' dir='ltr'><strong>diabolus,</strong></span> <span class='ocrx_word' id='word_1_40' title='bbox 1197 620 1256 666; x_wconf 90' lang='lat' dir='ltr'><strong>ut</strong></span> <span class='ocrx_word' id='word_1_41' title='bbox 1280 611 1333 666; x_wconf 92' lang='lat' dir='ltr'><strong>in</strong></span> <span class='ocrx_word' id='word_1_42' title='bbox 1361 613 1566 683; x_wconf 85' lang='lat' dir='ltr'><strong>psalmo</strong></span> <span class='ocrx_word' id='word_1_43' title='bbox 1591 631 1604 667; x_wconf 92' lang='lat'><strong>:</strong></span> <span class='ocrx_word' id='word_1_44' title='bbox 1636 632 1655 665; x_wconf 87' lang='grc'><strong><em>‹</em></strong></span> <span class='ocrx_word' id='word_1_45' title='bbox 1687 613 1872 684; x_wconf 91' lang='lat' dir='ltr'><strong>Caligo</strong></span> <span class='ocrx_word' id='word_1_46' title='bbox 1893 615 1993 671; x_wconf 87' lang='lat' dir='ltr'><strong>sub</strong></span> <span class='ocrx_word' id='word_1_47' title='bbox 2012 630 2110 685; x_wconf 84' lang='lat' dir='ltr'><strong>pe-</strong></span> 
     </span>
    </p>
   </div>
   <div class='ocr_carea' id='block_1_7' title="bbox 527 699 2106 770">
    <p class='ocr_par' dir='ltr' id='par_1_7' title="bbox 527 699 2106 770">
     <span class='ocr_line' id='line_1_7' title="bbox 527 699 2106 770; baseline 0.003 -15"><span class='ocrx_word' id='word_1_48' title='bbox 527 699 685 755; x_wconf 87' lang='lat' dir='ltr'><strong>dibus</strong></span> <span class='ocrx_word' id='word_1_49' title='bbox 719 699 836 767; x_wconf 83' lang='lat' dir='ltr'><strong>ejus</strong></span> <span class='ocrx_word' id='word_1_50' title='bbox 877 700 920 764; x_wconf 76' lang='grc'>³,</span> <span class='ocrx_word' id='word_1_51' title='bbox 958 720 978 752; x_wconf 75' lang='grc' dir='ltr'><strong>ι</strong></span> <span class='ocrx_word' id='word_1_52' title='bbox 1023 702 1166 770; x_wconf 90' lang='lat' dir='ltr'><strong>quod</strong></span> <span class='ocrx_word' id='word_1_53' title='bbox 1213 703 1485 757; x_wconf 92' lang='lat' dir='ltr'><strong>diabolum</strong></span> <span class='ocrx_word' id='word_1_54' title='bbox 1521 702 1766 759; x_wconf 78' lang='lat' dir='ltr'><strong>Christus</strong></span> <span class='ocrx_word' id='word_1_55' title='bbox 1809 705 2106 760; x_wconf 87' lang='lat' dir='ltr'><strong>conculcat.</strong></span> 
     </span>
    </p>
   </div>
   <div class='ocr_carea' id='block_1_8' title="bbox 524 794 2111 870">
    <p class='ocr_par' dir='ltr' id='par_1_8' title="bbox 524 794 2111 870">
     <span class='ocr_line' id='line_1_8' title="bbox 524 794 2111 870; baseline 0.005 -22"><span class='ocrx_word' id='word_1_56' title='bbox 524 794 727 866; x_wconf 84' lang='lat' dir='ltr'><strong>Caligo,</strong></span> <span class='ocrx_word' id='word_1_57' title='bbox 757 795 1084 867; x_wconf 67' lang='lat' dir='ltr'><strong>prophetiae,</strong></span> <span class='ocrx_word' id='word_1_58' title='bbox 1118 805 1178 852; x_wconf 91' lang='lat' dir='ltr'><strong>ut</strong></span> <span class='ocrx_word' id='word_1_59' title='bbox 1217 799 1269 853; x_wconf 94' lang='lat' dir='ltr'><strong>in</strong></span> <span class='ocrx_word' id='word_1_60' title='bbox 1307 799 1514 868; x_wconf 82' lang='lat' dir='ltr'><strong>psalmo</strong></span> <span class='ocrx_word' id='word_1_61' title='bbox 1545 820 1558 855; x_wconf 91' lang='lat'><strong>:</strong></span> <span class='ocrx_word' id='word_1_62' title='bbox 1591 819 1610 852; x_wconf 84' lang='grc'><strong>‹</strong></span> <span class='ocrx_word' id='word_1_63' title='bbox 1648 801 1828 856; x_wconf 84' lang='lat' dir='ltr'><strong>Nubes</strong></span> <span class='ocrx_word' id='word_1_64' title='bbox 1855 810 1910 857; x_wconf 92' lang='lat' dir='ltr'><strong>et</strong></span> <span class='ocrx_word' id='word_1_65' title='bbox 1939 801 2111 870; x_wconf 84' lang='lat' dir='ltr'><strong>caligo</strong></span> 
     </span>
    </p>
   </div>
   <div class='ocr_carea' id='block_1_9' title="bbox 521 871 2110 963">
    <p class='ocr_par' dir='ltr' id='par_1_9' title="bbox 521 871 2110 963">
     <span class='ocr_line' id='line_1_9' title="bbox 521 871 2110 963; baseline 0.003 -22"><span class='ocrx_word' id='word_1_66' title='bbox 521 871 576 941; x_wconf 76' lang='grc' dir='ltr'><strong>ἱιι</strong></span> <span class='ocrx_word' id='word_1_67' title='bbox 605 887 833 942; x_wconf 90' lang='lat' dir='ltr'><strong>circuitu</strong></span> <span class='ocrx_word' id='word_1_68' title='bbox 857 885 969 957; x_wconf 84' lang='lat' dir='ltr'><strong>ejus</strong></span> <span class='ocrx_word' id='word_1_69' title='bbox 1011 889 1063 954; x_wconf 87' lang='grc'>³,</span> <span class='ocrx_word' id='word_1_70' title='bbox 1103 909 1122 942; x_wconf 78' lang='grc' dir='ltr'><strong>ι</strong></span> <span class='ocrx_word' id='word_1_71' title='bbox 1157 890 1298 959; x_wconf 91' lang='lat' dir='ltr'><strong>quod</strong></span> <span class='ocrx_word' id='word_1_72' title='bbox 1323 889 1561 962; x_wconf 86' lang='lat' dir='ltr'><strong>Apostoli</strong></span> <span class='ocrx_word' id='word_1_73' title='bbox 1596 902 1782 963; x_wconf 89' lang='lat' dir='ltr'><strong>aperte</strong></span> <span class='ocrx_word' id='word_1_74' title='bbox 1819 891 2110 960; x_wconf 87' lang='lat' dir='ltr'><strong>docebant,</strong></span> 
     </span>
    </p>
   </div>
   <div class='ocr_carea' id='block_1_10' title="bbox 523 975 2111 1050">
    <p class='ocr_par' dir='ltr' id='par_1_10' title="bbox 523 975 2111 1050">
     <span class='ocr_line' id='line_1_10' title="bbox 523 975 2111 1050; baseline 0.002 -20"><span class='ocrx_word' id='word_1_75' title='bbox 523 975 623 1030; x_wconf 89' lang='lat' dir='ltr'><strong>hoc</strong></span> <span class='ocrx_word' id='word_1_76' title='bbox 664 975 947 1044; x_wconf 68' lang='lat' dir='ltr'><strong>Propheta:</strong></span> <span class='ocrx_word' id='word_1_77' title='bbox 984 976 1213 1031; x_wconf 89' lang='lat' dir='ltr'><strong>obscure</strong></span> <span class='ocrx_word' id='word_1_78' title='bbox 1241 977 1621 1047; x_wconf 67' lang='lat' dir='ltr'><strong>praedicebant.</strong></span> <span class='ocrx_word' id='word_1_79' title='bbox 1671 977 1875 1050; x_wconf 86' lang='lat' dir='ltr'><strong>Caliga,</strong></span> <span class='ocrx_word' id='word_1_80' title='bbox 1902 979 2111 1034; x_wconf 91' lang='lat' dir='ltr'><strong>occulta</strong></span> 
     </span>
    </p>
   </div>
   <div class='ocr_carea' id='block_1_11' title="bbox 519 1065 2111 1145">
    <p class='ocr_par' dir='ltr' id='par_1_11' title="bbox 519 1065 2111 1145">
     <span class='ocr_line' id='line_1_11' title="bbox 519 1065 2111 1145; baseline 0.005 -27"><span class='ocrx_word' id='word_1_81' title='bbox 519 1065 686 1145; x_wconf 79' lang='lat' dir='ltr'><strong>gloria</strong></span> <span class='ocrx_word' id='word_1_82' title='bbox 719 1065 1010 1121; x_wconf 69' lang='lat' dir='ltr'><strong>Dominicze</strong></span> <span class='ocrx_word' id='word_1_83' title='bbox 1042 1066 1358 1135; x_wconf 87' lang='lat' dir='ltr'><strong>majestatis,</strong></span> <span class='ocrx_word' id='word_1_84' title='bbox 1394 1081 1452 1124; x_wconf 92' lang='lat' dir='ltr'><strong>ut</strong></span> <span class='ocrx_word' id='word_1_85' title='bbox 1481 1070 1533 1124; x_wconf 92' lang='lat' dir='ltr'><strong>in</strong></span> <span class='ocrx_word' id='word_1_86' title='bbox 1579 1070 1761 1124; x_wconf 87' lang='lat' dir='ltr'><strong>Exodo</strong></span> <span class='ocrx_word' id='word_1_87' title='bbox 1798 1089 1810 1125; x_wconf 92' lang='lat'><strong>:</strong></span> <span class='ocrx_word' id='word_1_88' title='bbox 1845 1091 1864 1122; x_wconf 85' lang='grc'><strong>‹</strong></span> <span class='ocrx_word' id='word_1_89' title='bbox 1901 1070 2111 1141; x_wconf 77' lang='lat' dir='ltr'><strong>Moyses</strong></span> 
     </span>
    </p>
   </div>
   <div class='ocr_carea' id='block_1_12' title="bbox 517 1158 2109 1231">
    <p class='ocr_par' dir='ltr' id='par_1_12' title="bbox 517 1158 2109 1231">
     <span class='ocr_line' id='line_1_12' title="bbox 517 1158 2109 1231; baseline 0.004 -21"><span class='ocrx_word' id='word_1_90' title='bbox 517 1158 762 1212; x_wconf 85' lang='lat' dir='ltr'><strong>ascendit</strong></span> <span class='ocrx_word' id='word_1_91' title='bbox 791 1159 844 1212; x_wconf 92' lang='lat' dir='ltr'><strong>in</strong></span> <span class='ocrx_word' id='word_1_92' title='bbox 887 1158 1195 1228; x_wconf 81' lang='lat' dir='ltr'><strong>caliginem,</strong></span> <span class='ocrx_word' id='word_1_93' title='bbox 1241 1160 1300 1214; x_wconf 69' lang='lat' dir='ltr'><strong>in&#39;</strong></span> <span class='ocrx_word' id='word_1_94' title='bbox 1338 1176 1444 1230; x_wconf 89' lang='lat' dir='ltr'><strong>qua</strong></span> <span class='ocrx_word' id='word_1_95' title='bbox 1479 1170 1599 1216; x_wconf 91' lang='lat' dir='ltr'><strong>erat</strong></span> <span class='ocrx_word' id='word_1_96' title='bbox 1642 1161 1784 1216; x_wconf 90' lang='lat' dir='ltr'><strong>Dens</strong></span> <span class='ocrx_word' id='word_1_97' title='bbox 1818 1161 1862 1227; x_wconf 73' lang='grc'>⁸,</span> <span class='ocrx_word' id='word_1_98' title='bbox 1914 1181 1932 1213; x_wconf 79' lang='grc' dir='ltr'><strong>ι</strong></span> <span class='ocrx_word' id='word_1_99' title='bbox 1967 1161 2109 1231; x_wconf 90' lang='lat' dir='ltr'><strong>quod</strong></span> 
     </span>
    </p>
   </div>
   <div class='ocr_carea' id='block_1_13' title="bbox 517 1247 2110 1325">
    <p class='ocr_par' dir='ltr' id='par_1_13' title="bbox 517 1247 2110 1325">
     <span class='ocr_line' id='line_1_13' title="bbox 517 1247 2110 1325; baseline 0.004 -23"><span class='ocrx_word' id='word_1_100' title='bbox 517 1247 614 1302; x_wconf 92' lang='lat' dir='ltr'><strong>soli</strong></span> <span class='ocrx_word' id='word_1_101' title='bbox 656 1247 880 1320; x_wconf 81' lang='lat' dir='ltr'><strong>perfecti</strong></span> <span class='ocrx_word' id='word_1_102' title='bbox 931 1252 998 1304; x_wconf 90' lang='lat' dir='ltr'><strong>ad</strong></span> <span class='ocrx_word' id='word_1_103' title='bbox 1036 1252 1503 1322; x_wconf 88' lang='lat' dir='ltr'><strong>contemplandam</strong></span> <span class='ocrx_word' id='word_1_104' title='bbox 1546 1253 1772 1325; x_wconf 77' lang='lat' dir='ltr'><strong>gloriam</strong></span> <span class='ocrx_word' id='word_1_105' title='bbox 1815 1254 2110 1309; x_wconf 74' lang='lat' dir='ltr'><strong>Dominicze</strong></span> 
     </span>
    </p>
   </div>
   <div class='ocr_carea' id='block_1_14' title="bbox 517 1337 2110 1414">
    <p class='ocr_par' dir='ltr' id='par_1_14' title="bbox 517 1337 2110 1414">
     <span class='ocr_line' id='line_1_14' title="bbox 517 1337 2110 1414; baseline 0.006 -23"><span class='ocrx_word' id='word_1_106' title='bbox 517 1337 812 1407; x_wconf 88' lang='lat' dir='ltr'><strong>majestatis</strong></span> <span class='ocrx_word' id='word_1_107' title='bbox 833 1342 1140 1413; x_wconf 84' lang='lat' dir='ltr'><strong>pertingere</strong></span> <span class='ocrx_word' id='word_1_108' title='bbox 1163 1345 1392 1411; x_wconf 87' lang='lat' dir='ltr'><strong>possint.</strong></span> <span class='ocrx_word' id='word_1_109' title='bbox 1423 1341 1630 1414; x_wconf 85' lang='lat' dir='ltr'><strong>Caligo,</strong></span> <span class='ocrx_word' id='word_1_110' title='bbox 1679 1343 1922 1400; x_wconf 81' lang='lat' dir='ltr'><strong>confusio</strong></span> <span class='ocrx_word' id='word_1_111' title='bbox 1958 1360 2110 1400; x_wconf 88' lang='lat' dir='ltr'><strong>men-</strong></span> 
     </span>
    </p>
   </div>
   <div class='ocr_carea' id='block_1_15' title="bbox 517 1430 2106 1506">
    <p class='ocr_par' dir='ltr' id='par_1_15' title="bbox 517 1430 2106 1506">
     <span class='ocr_line' id='line_1_15' title="bbox 517 1430 2106 1506; baseline 0.003 -22"><span class='ocrx_word' id='word_1_112' title='bbox 517 1431 605 1496; x_wconf 86' lang='lat' dir='ltr'><strong>tis,</strong></span> <span class='ocrx_word' id='word_1_113' title='bbox 633 1438 691 1485; x_wconf 92' lang='lat' dir='ltr'><strong>ut</strong></span> <span class='ocrx_word' id='word_1_114' title='bbox 724 1431 780 1485; x_wconf 92' lang='lat' dir='ltr'><strong>in</strong></span> <span class='ocrx_word' id='word_1_115' title='bbox 819 1430 920 1486; x_wconf 86' lang='lat' dir='ltr'><strong>Job</strong></span> <span class='ocrx_word' id='word_1_116' title='bbox 956 1447 970 1486; x_wconf 90' lang='lat'><strong>:</strong></span> <span class='ocrx_word' id='word_1_117' title='bbox 1008 1451 1025 1483; x_wconf 74' lang='grc' dir='ltr'><strong>ι</strong></span> <span class='ocrx_word' id='word_1_118' title='bbox 1063 1431 1303 1503; x_wconf 65' lang='lat' dir='ltr'><strong>Occupet</strong></span> <span class='ocrx_word' id='word_1_119' title='bbox 1329 1442 1563 1488; x_wconf 86' lang='lat' dir='ltr'><strong>mentem</strong></span> <span class='ocrx_word' id='word_1_120' title='bbox 1590 1434 1763 1506; x_wconf 85' lang='lat' dir='ltr'><strong>caligo</strong></span> <span class='ocrx_word' id='word_1_121' title='bbox 1794 1435 1835 1500; x_wconf 83' lang='grc'>⁸,</span> <span class='ocrx_word' id='word_1_122' title='bbox 1872 1457 1890 1488; x_wconf 84' lang='grc'><strong>›</strong></span> <span class='ocrx_word' id='word_1_123' title='bbox 1927 1435 1978 1489; x_wconf 92' lang='lat' dir='ltr'><strong>id</strong></span> <span class='ocrx_word' id='word_1_124' title='bbox 2001 1441 2106 1502; x_wconf 79' lang='lat' dir='ltr'><strong>est,</strong></span> 
     </span>
    </p>
   </div>
   <div class='ocr_carea' id='block_1_16' title="bbox 514 1523 2108 1590">
    <p class='ocr_par' dir='ltr' id='par_1_16' title="bbox 514 1523 2108 1590">
     <span class='ocr_line' id='line_1_16' title="bbox 514 1523 2108 1590; baseline 0.005 -16"><span class='ocrx_word' id='word_1_125' title='bbox 514 1536 737 1590; x_wconf 85' lang='lat' dir='ltr'><strong>pravam</strong></span> <span class='ocrx_word' id='word_1_126' title='bbox 765 1523 1179 1580; x_wconf 85' lang='lat' dir='ltr'><strong>delectationem</strong></span> <span class='ocrx_word' id='word_1_127' title='bbox 1222 1527 1418 1581; x_wconf 78' lang='lat' dir='ltr'><strong>mentis</strong></span> <span class='ocrx_word' id='word_1_128' title='bbox 1458 1525 1703 1582; x_wconf 84' lang='lat' dir='ltr'><strong>confusio</strong></span> <span class='ocrx_word' id='word_1_129' title='bbox 1733 1528 1970 1583; x_wconf 88' lang='lat' dir='ltr'><strong>invadat.</strong></span> <span class='ocrx_word' id='word_1_130' title='bbox 2003 1528 2108 1582; x_wconf 88' lang='lat' dir='ltr'><strong>Ca-</strong></span> 
     </span>
    </p>
   </div>
   <div class='ocr_carea' id='block_1_17' title="bbox 514 1611 2104 1684">
    <p class='ocr_par' dir='ltr' id='par_1_17' title="bbox 514 1611 2104 1684">
     <span class='ocr_line' id='line_1_17' title="bbox 514 1611 2104 1684; baseline 0.008 -20"><span class='ocrx_word' id='word_1_131' title='bbox 514 1611 637 1682; x_wconf 85' lang='lat' dir='ltr'><strong>ligo,</strong></span> <span class='ocrx_word' id='word_1_132' title='bbox 677 1621 981 1684; x_wconf 90' lang='lat' dir='ltr'><strong>peccatum,</strong></span> <span class='ocrx_word' id='word_1_133' title='bbox 1022 1625 1082 1670; x_wconf 94' lang='lat' dir='ltr'><strong>ut</strong></span> <span class='ocrx_word' id='word_1_134' title='bbox 1111 1616 1166 1672; x_wconf 91' lang='lat' dir='ltr'><strong>in</strong></span> <span class='ocrx_word' id='word_1_135' title='bbox 1203 1615 1342 1672; x_wconf 90' lang='lat' dir='ltr'><strong>Job:</strong></span> <span class='ocrx_word' id='word_1_136' title='bbox 1374 1636 1393 1670; x_wconf 85' lang='grc'><strong>‹</strong></span> <span class='ocrx_word' id='word_1_137' title='bbox 1429 1617 1540 1673; x_wconf 88' lang='lat' dir='ltr'><strong>Nec</strong></span> <span class='ocrx_word' id='word_1_138' title='bbox 1576 1618 1773 1675; x_wconf 81' lang='lat' dir='ltr'><strong>faciem</strong></span> <span class='ocrx_word' id='word_1_139' title='bbox 1806 1635 1983 1676; x_wconf 87' lang='lat' dir='ltr'><strong>meam</strong></span> <span class='ocrx_word' id='word_1_140' title='bbox 2011 1635 2104 1676; x_wconf 91' lang='lat' dir='ltr'><strong>oc-</strong></span> 
     </span>
    </p>
   </div>
   <div class='ocr_carea' id='block_1_18' title="bbox 513 1707 2106 1780">
    <p class='ocr_par' dir='ltr' id='par_1_18' title="bbox 513 1707 2106 1780">
     <span class='ocr_line' id='line_1_18' title="bbox 513 1707 2106 1780; baseline 0.004 -19"><span class='ocrx_word' id='word_1_141' title='bbox 513 1715 673 1776; x_wconf 89' lang='lat' dir='ltr'><strong>cupet</strong></span> <span class='ocrx_word' id='word_1_142' title='bbox 714 1707 888 1780; x_wconf 88' lang='lat' dir='ltr'><strong>caligo</strong></span> <span class='ocrx_word' id='word_1_143' title='bbox 912 1707 958 1776; x_wconf 67' lang='grc'>’,</span> <span class='ocrx_word' id='word_1_144' title='bbox 995 1727 1014 1762; x_wconf 80' lang='grc' dir='ltr'><strong>ι</strong></span> <span class='ocrx_word' id='word_1_145' title='bbox 1051 1709 1106 1764; x_wconf 90' lang='lat' dir='ltr'><strong>id</strong></span> <span class='ocrx_word' id='word_1_146' title='bbox 1149 1717 1254 1776; x_wconf 93' lang='lat' dir='ltr'><strong>est,</strong></span> <span class='ocrx_word' id='word_1_147' title='bbox 1297 1711 1496 1767; x_wconf 89' lang='lat' dir='ltr'><strong>mentis</strong></span> <span class='ocrx_word' id='word_1_148' title='bbox 1537 1727 1670 1768; x_wconf 83' lang='lat' dir='ltr'><strong>meae</strong></span> <span class='ocrx_word' id='word_1_149' title='bbox 1707 1711 1959 1768; x_wconf 77' lang='lat' dir='ltr'><strong>allectum</strong></span> <span class='ocrx_word' id='word_1_150' title='bbox 1999 1728 2106 1769; x_wconf 91' lang='lat' dir='ltr'><strong>non</strong></span> 
     </span>
    </p>
   </div>
   <div class='ocr_carea' id='block_1_19' title="bbox 2213 520 3668 606">
    <p class='ocr_par' dir='ltr' id='par_1_19' title="bbox 2213 520 3668 606">
     <span class='ocr_line' id='line_1_19' title="bbox 2213 520 3668 606; baseline 0.017 -32"><span class='ocrx_word' id='word_1_151' title='bbox 2213 520 2428 586; x_wconf 91' lang='lat' dir='ltr'><strong>docuit,</strong></span> <span class='ocrx_word' id='word_1_152' title='bbox 2461 521 2693 591; x_wconf 87' lang='lat' dir='ltr'><strong>Spiritus</strong></span> <span class='ocrx_word' id='word_1_153' title='bbox 2722 533 2944 581; x_wconf 88' lang='lat' dir='ltr'><strong>sanctus</strong></span> <span class='ocrx_word' id='word_1_154' title='bbox 2975 543 3155 581; x_wconf 92' lang='lat' dir='ltr'><strong>eorum</strong></span> <span class='ocrx_word' id='word_1_155' title='bbox 3191 531 3414 588; x_wconf 86' lang='lat' dir='ltr'><strong>cordibus</strong></span> <span class='ocrx_word' id='word_1_156' title='bbox 3442 535 3668 606; x_wconf 79' lang='lat' dir='ltr'><strong>inspiravit.</strong></span> 
     </span>
    </p>
   </div>
   <div class='ocr_carea' id='block_1_20' title="bbox 2212 613 3672 689">
    <p class='ocr_par' dir='ltr' id='par_1_20' title="bbox 2212 613 3672 689">
     <span class='ocr_line' id='line_1_20' title="bbox 2212 613 3672 689; baseline 0.012 -21"><span class='ocrx_word' id='word_1_157' title='bbox 2212 613 2483 679; x_wconf 81' lang='lat' dir='ltr'><strong>Calamus,</strong></span> <span class='ocrx_word' id='word_1_158' title='bbox 2515 615 2738 685; x_wconf 84' lang='lat' dir='ltr'><strong>quilibet</strong></span> <span class='ocrx_word' id='word_1_159' title='bbox 2758 619 3096 686; x_wconf 70' lang='lat' dir='ltr'><strong>przedicator,</strong></span> <span class='ocrx_word' id='word_1_160' title='bbox 3126 630 3184 675; x_wconf 91' lang='lat' dir='ltr'><strong>ut</strong></span> <span class='ocrx_word' id='word_1_161' title='bbox 3207 621 3258 676; x_wconf 92' lang='lat' dir='ltr'><strong>in</strong></span> <span class='ocrx_word' id='word_1_162' title='bbox 3283 622 3403 678; x_wconf 88' lang='lat' dir='ltr'><strong>Isaia</strong></span> <span class='ocrx_word' id='word_1_163' title='bbox 3429 644 3439 679; x_wconf 89' lang='lat'><strong>:</strong></span> <span class='ocrx_word' id='word_1_164' title='bbox 3471 645 3487 678; x_wconf 80' lang='grc' dir='ltr'><strong>ι</strong></span> <span class='ocrx_word' id='word_1_165' title='bbox 3516 628 3672 689; x_wconf 84' lang='lat' dir='ltr'><strong>Orietur</strong></span> 
     </span>
    </p>
   </div>
   <div class='ocr_carea' id='block_1_21' title="bbox 2212 704 3675 780">
    <p class='ocr_par' dir='ltr' id='par_1_21' title="bbox 2212 704 3675 780">
     <span class='ocr_line' id='line_1_21' title="bbox 2212 704 3675 780; baseline 0.014 -21"><span class='ocrx_word' id='word_1_166' title='bbox 2212 704 2266 759; x_wconf 93' lang='lat' dir='ltr'><strong>in</strong></span> <span class='ocrx_word' id='word_1_167' title='bbox 2301 718 2366 758; x_wconf 91' lang='lat' dir='ltr'><strong>ea</strong></span> <span class='ocrx_word' id='word_1_168' title='bbox 2407 705 2555 760; x_wconf 89' lang='lat' dir='ltr'><strong>viror</strong></span> <span class='ocrx_word' id='word_1_169' title='bbox 2586 705 2778 761; x_wconf 90' lang='lat' dir='ltr'><strong>calami</strong></span> <span class='ocrx_word' id='word_1_170' title='bbox 2807 707 2877 773; x_wconf 82' lang='grc'><strong>¹⁰,</strong></span> <span class='ocrx_word' id='word_1_171' title='bbox 2921 727 2940 760; x_wconf 81' lang='grc' dir='ltr'><strong>ι</strong></span> <span class='ocrx_word' id='word_1_172' title='bbox 2982 708 3035 763; x_wconf 94' lang='lat' dir='ltr'><strong>id</strong></span> <span class='ocrx_word' id='word_1_173' title='bbox 3077 717 3184 776; x_wconf 89' lang='lat' dir='ltr'><strong>est,</strong></span> <span class='ocrx_word' id='word_1_174' title='bbox 3231 712 3281 766; x_wconf 89' lang='lat' dir='ltr'><strong>in</strong></span> <span class='ocrx_word' id='word_1_175' title='bbox 3315 713 3516 771; x_wconf 81' lang='lat' dir='ltr'><strong>Ecclesia</strong></span> <span class='ocrx_word' id='word_1_176' title='bbox 3543 720 3675 780; x_wconf 83' lang='lat' dir='ltr'><strong>doctor</strong></span> 
     </span>
    </p>
   </div>
   <div class='ocr_carea' id='block_1_22' title="bbox 2212 794 3676 870">
    <p class='ocr_par' dir='ltr' id='par_1_22' title="bbox 2212 794 3676 870">
     <span class='ocr_line' id='line_1_22' title="bbox 2212 794 3676 870; baseline 0.014 -23"><span class='ocrx_word' id='word_1_177' title='bbox 2212 796 2642 866; x_wconf 56' lang='lat' dir='ltr'><strong>praedicatorum.</strong></span> <span class='ocrx_word' id='word_1_178' title='bbox 2670 794 2941 864; x_wconf 82' lang='lat' dir='ltr'><strong>Calamus,</strong></span> <span class='ocrx_word' id='word_1_179' title='bbox 2967 799 3246 870; x_wconf 80' lang='lat' dir='ltr'><strong>gentilitas,</strong></span> <span class='ocrx_word' id='word_1_180' title='bbox 3266 812 3321 857; x_wconf 88' lang='lat' dir='ltr'><strong>ut</strong></span> <span class='ocrx_word' id='word_1_181' title='bbox 3342 805 3387 858; x_wconf 93' lang='lat' dir='ltr'><strong>in</strong></span> <span class='ocrx_word' id='word_1_182' title='bbox 3406 805 3518 861; x_wconf 88' lang='lat' dir='ltr'><strong>Isaia</strong></span> <span class='ocrx_word' id='word_1_183' title='bbox 3538 827 3547 862; x_wconf 93' lang='lat'><strong>:</strong></span> <span class='ocrx_word' id='word_1_184' title='bbox 3571 829 3586 861; x_wconf 81' lang='grc' dir='ltr'><strong>ι</strong></span> <span class='ocrx_word' id='word_1_185' title='bbox 3608 811 3676 868; x_wconf 80' lang='lat' dir='ltr'><strong>Ca-</strong></span> 
     </span>
    </p>
   </div>
   <div class='ocr_carea' id='block_1_23' title="bbox 2211 887 3677 963">
    <p class='ocr_par' dir='ltr' id='par_1_23' title="bbox 2211 887 3677 963">
     <span class='ocr_line' id='line_1_23' title="bbox 2211 887 3677 963; baseline 0.01 -21"><span class='ocrx_word' id='word_1_186' title='bbox 2211 887 2410 944; x_wconf 89' lang='lat' dir='ltr'><strong>lamum</strong></span> <span class='ocrx_word' id='word_1_187' title='bbox 2435 893 2752 960; x_wconf 80' lang='lat' dir='ltr'><strong>quassatum</strong></span> <span class='ocrx_word' id='word_1_188' title='bbox 2772 905 2880 946; x_wconf 90' lang='lat' dir='ltr'><strong>non</strong></span> <span class='ocrx_word' id='word_1_189' title='bbox 2908 901 3147 947; x_wconf 89' lang='lat' dir='ltr'><strong>conteret</strong></span> <span class='ocrx_word' id='word_1_190' title='bbox 3163 894 3230 959; x_wconf 80' lang='lat'><strong>“,</strong></span> <span class='ocrx_word' id='word_1_191' title='bbox 3257 913 3274 946; x_wconf 81' lang='grc' dir='ltr'><strong>ι</strong></span> <span class='ocrx_word' id='word_1_192' title='bbox 3299 895 3346 949; x_wconf 89' lang='lat' dir='ltr'><strong>id</strong></span> <span class='ocrx_word' id='word_1_193' title='bbox 3368 905 3458 963; x_wconf 90' lang='lat' dir='ltr'><strong>est,</strong></span> <span class='ocrx_word' id='word_1_194' title='bbox 3479 899 3677 957; x_wconf 82' lang='lat' dir='ltr'><strong>inﬁmum</strong></span> 
     </span>
    </p>
   </div>
   <div class='ocr_carea' id='block_1_24' title="bbox 2210 975 3675 1058">
    <p class='ocr_par' dir='ltr' id='par_1_24' title="bbox 2210 975 3675 1058">
     <span class='ocr_line' id='line_1_24' title="bbox 2210 975 3675 1058; baseline 0.01 -25"><span class='ocrx_word' id='word_1_195' title='bbox 2210 975 2470 1050; x_wconf 44' lang='lat' dir='ltr'><strong>gentilem&#39;</strong></span> <span class='ocrx_word' id='word_1_196' title='bbox 2490 982 2745 1051; x_wconf 91' lang='lat' dir='ltr'><strong>populum</strong></span> <span class='ocrx_word' id='word_1_197' title='bbox 2784 997 2892 1037; x_wconf 89' lang='lat' dir='ltr'><strong>non</strong></span> <span class='ocrx_word' id='word_1_198' title='bbox 2920 985 3290 1042; x_wconf 84' lang='lat' dir='ltr'><strong>condemnabit</strong></span> <span class='ocrx_word' id='word_1_199' title='bbox 3323 988 3383 1040; x_wconf 83' lang='grc'><strong>¹².</strong></span> <span class='ocrx_word' id='word_1_200' title='bbox 3423 1008 3439 1041; x_wconf 80' lang='grc' dir='ltr'><strong>ι</strong></span> <span class='ocrx_word' id='word_1_201' title='bbox 3480 989 3675 1058; x_wconf 74' lang='lat' dir='ltr'><strong>Calamus,</strong></span> 
     </span>
    </p>
   </div>
   <div class='ocr_carea' id='block_1_25' title="bbox 2209 1069 3678 1142">
    <p class='ocr_par' dir='ltr' id='par_1_25' title="bbox 2209 1069 3678 1142">
     <span class='ocr_line' id='line_1_25' title="bbox 2209 1069 3678 1142; baseline 0.01 -19"><span class='ocrx_word' id='word_1_202' title='bbox 2209 1069 2489 1141; x_wconf 85' lang='lat' dir='ltr'><strong>hypocrita</strong></span> <span class='ocrx_word' id='word_1_203' title='bbox 2519 1073 2776 1142; x_wconf 89' lang='lat' dir='ltr'><strong>quilibet,</strong></span> <span class='ocrx_word' id='word_1_204' title='bbox 2821 1081 2882 1128; x_wconf 89' lang='lat' dir='ltr'><strong>ut</strong></span> <span class='ocrx_word' id='word_1_205' title='bbox 2921 1075 2974 1129; x_wconf 93' lang='lat' dir='ltr'><strong>in</strong></span> <span class='ocrx_word' id='word_1_206' title='bbox 3003 1074 3104 1131; x_wconf 92' lang='lat' dir='ltr'><strong>Job</strong></span> <span class='ocrx_word' id='word_1_207' title='bbox 3134 1095 3146 1130; x_wconf 91' lang='lat'><strong>:</strong></span> <span class='ocrx_word' id='word_1_208' title='bbox 3184 1096 3202 1130; x_wconf 78' lang='grc' dir='ltr'><strong>ι</strong></span> <span class='ocrx_word' id='word_1_209' title='bbox 3245 1077 3296 1131; x_wconf 90' lang='lat' dir='ltr'><strong>ln</strong></span> <span class='ocrx_word' id='word_1_210' title='bbox 3333 1089 3513 1135; x_wconf 87' lang='lat' dir='ltr'><strong>secreto</strong></span> <span class='ocrx_word' id='word_1_211' title='bbox 3544 1083 3678 1138; x_wconf 79' lang='lat' dir='ltr'><strong>calami</strong></span> 
     </span>
    </p>
   </div>
   <div class='ocr_carea' id='block_1_26' title="bbox 2210 1161 3680 1235">
    <p class='ocr_par' dir='ltr' id='par_1_26' title="bbox 2210 1161 3680 1235">
     <span class='ocr_line' id='line_1_26' title="bbox 2210 1161 3680 1235; baseline 0.007 -20"><span class='ocrx_word' id='word_1_212' title='bbox 2210 1161 2507 1219; x_wconf 87' lang='lat' dir='ltr'><strong>Behemoth</strong></span> <span class='ocrx_word' id='word_1_213' title='bbox 2534 1164 2736 1220; x_wconf 91' lang='lat' dir='ltr'><strong>dormit</strong></span> <span class='ocrx_word' id='word_1_214' title='bbox 2763 1165 2827 1228; x_wconf 80' lang='lat'><strong>”,</strong></span> <span class='ocrx_word' id='word_1_215' title='bbox 2865 1185 2884 1218; x_wconf 73' lang='grc' dir='ltr'><strong>ι</strong></span> <span class='ocrx_word' id='word_1_216' title='bbox 2920 1168 3062 1235; x_wconf 86' lang='lat' dir='ltr'><strong>quod</strong></span> <span class='ocrx_word' id='word_1_217' title='bbox 3087 1167 3142 1222; x_wconf 90' lang='lat' dir='ltr'><strong>in</strong></span> <span class='ocrx_word' id='word_1_218' title='bbox 3172 1179 3341 1223; x_wconf 88' lang='lat' dir='ltr'><strong>mente</strong></span> <span class='ocrx_word' id='word_1_219' title='bbox 3362 1171 3583 1226; x_wconf 86' lang='lat' dir='ltr'><strong>simulanti</strong></span> <span class='ocrx_word' id='word_1_220' title='bbox 3605 1174 3680 1226; x_wconf 87' lang='lat' dir='ltr'><strong>dia-</strong></span> 
     </span>
    </p>
   </div>
   <div class='ocr_carea' id='block_1_27' title="bbox 2209 1250 3681 1328">
    <p class='ocr_par' dir='ltr' id='par_1_27' title="bbox 2209 1250 3681 1328">
     <span class='ocr_line' id='line_1_27' title="bbox 2209 1250 3681 1328; baseline 0.008 -21"><span class='ocrx_word' id='word_1_221' title='bbox 2209 1250 2363 1308; x_wconf 90' lang='lat' dir='ltr'><strong>bolus</strong></span> <span class='ocrx_word' id='word_1_222' title='bbox 2385 1255 2636 1324; x_wconf 89' lang='lat' dir='ltr'><strong>quiescit.</strong></span> <span class='ocrx_word' id='word_1_223' title='bbox 2683 1255 2954 1320; x_wconf 78' lang='lat' dir='ltr'><strong>Calamus,</strong></span> <span class='ocrx_word' id='word_1_224' title='bbox 2997 1258 3268 1328; x_wconf 87' lang='lat' dir='ltr'><strong>dispositio</strong></span> <span class='ocrx_word' id='word_1_225' title='bbox 3303 1260 3405 1325; x_wconf 87' lang='lat' dir='ltr'><strong>Dei,</strong></span> <span class='ocrx_word' id='word_1_226' title='bbox 3440 1271 3491 1316; x_wconf 91' lang='lat' dir='ltr'><strong>ut</strong></span> <span class='ocrx_word' id='word_1_227' title='bbox 3519 1263 3560 1315; x_wconf 93' lang='lat' dir='ltr'><strong>in</strong></span> <span class='ocrx_word' id='word_1_228' title='bbox 3589 1261 3681 1319; x_wconf 76' lang='lat' dir='ltr'><strong>Ete-</strong></span> 
     </span>
    </p>
   </div>
   <div class='ocr_carea' id='block_1_28' title="bbox 2210 1345 3680 1423">
    <p class='ocr_par' dir='ltr' id='par_1_28' title="bbox 2210 1345 3680 1423">
     <span class='ocr_line' id='line_1_28' title="bbox 2210 1345 3680 1423; baseline 0.007 -23"><span class='ocrx_word' id='word_1_229' title='bbox 2210 1345 2352 1401; x_wconf 91' lang='lat' dir='ltr'><strong>chiel</strong></span> <span class='ocrx_word' id='word_1_230' title='bbox 2382 1366 2395 1402; x_wconf 90' lang='lat'><strong>:</strong></span> <span class='ocrx_word' id='word_1_231' title='bbox 2431 1365 2448 1398; x_wconf 73' lang='grc' dir='ltr'><strong>ι</strong></span> <span class='ocrx_word' id='word_1_232' title='bbox 2487 1347 2738 1404; x_wconf 85' lang='lat' dir='ltr'><strong>Calamus</strong></span> <span class='ocrx_word' id='word_1_233' title='bbox 2774 1365 3035 1404; x_wconf 67' lang='lat' dir='ltr'><strong>mensum</strong></span> <span class='ocrx_word' id='word_1_234' title='bbox 3065 1352 3116 1406; x_wconf 93' lang='lat' dir='ltr'><strong>in</strong></span> <span class='ocrx_word' id='word_1_235' title='bbox 3142 1366 3294 1406; x_wconf 88' lang='lat' dir='ltr'><strong>manu</strong></span> <span class='ocrx_word' id='word_1_236' title='bbox 3321 1352 3442 1423; x_wconf 87' lang='lat' dir='ltr'><strong>ejus,</strong></span> <span class='ocrx_word' id='word_1_237' title='bbox 3478 1373 3494 1404; x_wconf 80' lang='grc' dir='ltr'><strong>ι</strong></span> <span class='ocrx_word' id='word_1_238' title='bbox 3522 1356 3680 1422; x_wconf 84' lang='lat' dir='ltr'><strong>quodin</strong></span> 
     </span>
    </p>
   </div>
   <div class='ocr_carea' id='block_1_29' title="bbox 2209 1440 3681 1512">
    <p class='ocr_par' dir='ltr' id='par_1_29' title="bbox 2209 1440 3681 1512">
     <span class='ocr_line' id='line_1_29' title="bbox 2209 1440 3681 1512; baseline 0.005 -20"><span class='ocrx_word' id='word_1_239' title='bbox 2209 1445 2477 1506; x_wconf 85' lang='lat' dir='ltr'><strong>potestate</strong></span> <span class='ocrx_word' id='word_1_240' title='bbox 2509 1455 2603 1494; x_wconf 93' lang='lat' dir='ltr'><strong>sua</strong></span> <span class='ocrx_word' id='word_1_241' title='bbox 2645 1441 2803 1494; x_wconf 87' lang='lat' dir='ltr'><strong>habet</strong></span> <span class='ocrx_word' id='word_1_242' title='bbox 2835 1440 2978 1496; x_wconf 91' lang='lat' dir='ltr'><strong>Deus</strong></span> <span class='ocrx_word' id='word_1_243' title='bbox 3012 1442 3289 1512; x_wconf 88' lang='lat' dir='ltr'><strong>disponere</strong></span> <span class='ocrx_word' id='word_1_244' title='bbox 3313 1445 3490 1498; x_wconf 87' lang='lat' dir='ltr'><strong>omnia.</strong></span> <span class='ocrx_word' id='word_1_245' title='bbox 3525 1443 3681 1500; x_wconf 76' lang='lat' dir='ltr'><strong>Perco-</strong></span> 
     </span>
    </p>
   </div>
   <div class='ocr_carea' id='block_1_30' title="bbox 2209 1528 3682 1600">
    <p class='ocr_par' dir='ltr' id='par_1_30' title="bbox 2209 1528 3682 1600">
     <span class='ocr_line' id='line_1_30' title="bbox 2209 1528 3682 1600; baseline 0.004 -17"><span class='ocrx_word' id='word_1_246' title='bbox 2209 1528 2406 1584; x_wconf 87' lang='lat' dir='ltr'><strong>lamum</strong></span> <span class='ocrx_word' id='word_1_247' title='bbox 2442 1532 2842 1600; x_wconf 65' lang='lat' dir='ltr'><strong>praedicatores,</strong></span> <span class='ocrx_word' id='word_1_248' title='bbox 2887 1541 2945 1584; x_wconf 92' lang='lat' dir='ltr'><strong>ut</strong></span> <span class='ocrx_word' id='word_1_249' title='bbox 2978 1532 3032 1585; x_wconf 92' lang='lat' dir='ltr'><strong>in</strong></span> <span class='ocrx_word' id='word_1_250' title='bbox 3073 1533 3286 1588; x_wconf 81' lang='lat' dir='ltr'><strong>Exodo:</strong></span> <span class='ocrx_word' id='word_1_251' title='bbox 3323 1553 3339 1586; x_wconf 74' lang='grc' dir='ltr'><strong>ι</strong></span> <span class='ocrx_word' id='word_1_252' title='bbox 3380 1533 3432 1588; x_wconf 87' lang='lat' dir='ltr'><strong>lu</strong></span> <span class='ocrx_word' id='word_1_253' title='bbox 3465 1533 3682 1589; x_wconf 67' lang='lat' dir='ltr'><strong>hastilia-</strong></span> 
     </span>
    </p>
   </div>
   <div class='ocr_carea' id='block_1_31' title="bbox 2211 1621 3682 1696">
    <p class='ocr_par' dir='ltr' id='par_1_31' title="bbox 2211 1621 3682 1696">
     <span class='ocr_line' id='line_1_31' title="bbox 2211 1621 3682 1696; baseline 0.004 -20"><span class='ocrx_word' id='word_1_254' title='bbox 2211 1621 2338 1678; x_wconf 89' lang='lat' dir='ltr'><strong>lami</strong></span> <span class='ocrx_word' id='word_1_255' title='bbox 2360 1631 2416 1678; x_wconf 90' lang='lat' dir='ltr'><strong>et</strong></span> <span class='ocrx_word' id='word_1_256' title='bbox 2440 1624 2627 1695; x_wconf 84' lang='lat' dir='ltr'><strong>scyphi</strong></span> <span class='ocrx_word' id='word_1_257' title='bbox 2649 1623 2717 1692; x_wconf 74' lang='lat'><strong>“,</strong></span> <span class='ocrx_word' id='word_1_258' title='bbox 2731 1644 2749 1676; x_wconf 74' lang='grc' dir='ltr'><strong>ι</strong></span> <span class='ocrx_word' id='word_1_259' title='bbox 2767 1628 2910 1694; x_wconf 90' lang='lat' dir='ltr'><strong>quod</strong></span> <span class='ocrx_word' id='word_1_260' title='bbox 2926 1626 2981 1680; x_wconf 91' lang='lat' dir='ltr'><strong>in</strong></span> <span class='ocrx_word' id='word_1_261' title='bbox 3003 1626 3236 1681; x_wconf 86' lang='lat' dir='ltr'><strong>Ecclesia</strong></span> <span class='ocrx_word' id='word_1_262' title='bbox 3261 1635 3376 1682; x_wconf 91' lang='lat' dir='ltr'><strong>sunt</strong></span> <span class='ocrx_word' id='word_1_263' title='bbox 3395 1626 3682 1696; x_wconf 55' lang='lat' dir='ltr'><strong>praedicatores</strong></span> 
     </span>
    </p>
   </div>
   <div class='ocr_carea' id='block_1_32' title="bbox 2211 1715 2588 1771">
    <p class='ocr_par' dir='ltr' id='par_1_32' title="bbox 2211 1715 2588 1771">
     <span class='ocr_line' id='line_1_32' title="bbox 2211 1715 2588 1771; baseline -0.003 0"><span class='ocrx_word' id='word_1_264' title='bbox 2211 1723 2266 1771; x_wconf 91' lang='lat' dir='ltr'><strong>et</strong></span> <span class='ocrx_word' id='word_1_265' title='bbox 2295 1715 2588 1771; x_wconf 87' lang='lat' dir='ltr'><strong>auditores.</strong></span> 
     </span>
    </p>
   </div>
   <div class='ocr_carea' id='block_1_33' title="bbox 513 1785 3682 1888">
    <p class='ocr_par' dir='ltr' id='par_1_33' title="bbox 513 1785 3682 1888">
     <span class='ocr_line' id='line_1_33' title="bbox 513 1785 3682 1888; baseline 0.002 -34"><span class='ocrx_word' id='word_1_266' title='bbox 513 1785 736 1854; x_wconf 71' lang='lat' dir='ltr'><strong>czec&#39;avit</strong></span> <span class='ocrx_word' id='word_1_267' title='bbox 765 1800 940 1872; x_wconf 90' lang='lat' dir='ltr'><strong>culpa.</strong></span> <span class='ocrx_word' id='word_1_268' title='bbox 982 1801 1186 1888; x_wconf 86' lang='lat' dir='ltr'><strong>Caligo,</strong></span> <span class='ocrx_word' id='word_1_269' title='bbox 1229 1803 1346 1860; x_wconf 90' lang='lat' dir='ltr'><strong>dies</strong></span> <span class='ocrx_word' id='word_1_270' title='bbox 1375 1806 1693 1873; x_wconf 85' lang='lat' dir='ltr'><strong>novissima,</strong></span> <span class='ocrx_word' id='word_1_271' title='bbox 1724 1813 1784 1861; x_wconf 92' lang='lat' dir='ltr'><strong>ut</strong></span> <span class='ocrx_word' id='word_1_272' title='bbox 1813 1807 1867 1861; x_wconf 90' lang='lat' dir='ltr'><strong>in</strong></span> <span class='ocrx_word' id='word_1_273' title='bbox 1898 1806 2110 1877; x_wconf 90' lang='lat' dir='ltr'><strong>Sopbo-</strong></span> <span class='ocrx_word' id='word_1_274' title='bbox 2137 1797 2184 1857; x_wconf 88' lang='lat' dir='ltr'><strong>B</strong></span> <span class='ocrx_word' id='word_1_275' title='bbox 2281 1802 2676 1870; x_wconf 83' lang='lat' dir='ltr'><strong>Calumniator,</strong></span> <span class='ocrx_word' id='word_1_276' title='bbox 2711 1803 2985 1871; x_wconf 89' lang='lat' dir='ltr'><strong>diabolus,</strong></span> <span class='ocrx_word' id='word_1_277' title='bbox 3014 1814 3076 1862; x_wconf 92' lang='lat' dir='ltr'><strong>ut</strong></span> <span class='ocrx_word' id='word_1_278' title='bbox 3105 1805 3158 1860; x_wconf 91' lang='lat' dir='ltr'><strong>ln</strong></span> <span class='ocrx_word' id='word_1_279' title='bbox 3184 1805 3415 1878; x_wconf 90' lang='lat' dir='ltr'><strong>psalmo:</strong></span> <span class='ocrx_word' id='word_1_280' title='bbox 3441 1823 3459 1855; x_wconf 77' lang='grc' dir='ltr'><strong>ι</strong></span> <span class='ocrx_word' id='word_1_281' title='bbox 3483 1805 3540 1859; x_wconf 86' lang='lat' dir='ltr'><strong>Et</strong></span> <span class='ocrx_word' id='word_1_282' title='bbox 3557 1805 3682 1861; x_wconf 86' lang='lat' dir='ltr'><strong>humi-</strong></span> 
     </span>
    </p>
   </div>
   <div class='ocr_carea' id='block_1_34' title="bbox 512 1893 2106 1970">
    <p class='ocr_par' dir='ltr' id='par_1_34' title="bbox 512 1893 2106 1970">
     <span class='ocr_line' id='line_1_34' title="bbox 512 1893 2106 1970; baseline 0.001 -18"><span class='ocrx_word' id='word_1_283' title='bbox 512 1894 620 1952; x_wconf 90' lang='lat' dir='ltr'><strong>nia.</strong></span> <span class='ocrx_word' id='word_1_284' title='bbox 670 1912 690 1947; x_wconf 78' lang='grc' dir='ltr'><strong>ι</strong></span> <span class='ocrx_word' id='word_1_285' title='bbox 735 1893 864 1952; x_wconf 89' lang='lat' dir='ltr'><strong>Dies</strong></span> <span class='ocrx_word' id='word_1_286' title='bbox 896 1895 1021 1962; x_wconf 89' lang='lat' dir='ltr'><strong>illa,</strong></span> <span class='ocrx_word' id='word_1_287' title='bbox 1069 1896 1185 1952; x_wconf 89' lang='lat' dir='ltr'><strong>dies</strong></span> <span class='ocrx_word' id='word_1_288' title='bbox 1249 1898 1495 1969; x_wconf 81' lang='lat' dir='ltr'><strong>caliginis</strong></span> <span class='ocrx_word' id='word_1_289' title='bbox 1526 1899 1568 1964; x_wconf 88' lang='lat'><strong>&quot;,</strong></span> <span class='ocrx_word' id='word_1_290' title='bbox 1617 1919 1636 1952; x_wconf 74' lang='grc' dir='ltr'><strong>ι</strong></span> <span class='ocrx_word' id='word_1_291' title='bbox 1678 1899 1821 1970; x_wconf 90' lang='lat' dir='ltr'><strong>quod</strong></span> <span class='ocrx_word' id='word_1_292' title='bbox 1861 1899 1976 1955; x_wconf 89' lang='lat' dir='ltr'><strong>dies</strong></span> <span class='ocrx_word' id='word_1_293' title='bbox 2016 1898 2106 1954; x_wconf 87' lang='lat' dir='ltr'><strong>illa</strong></span> 
     </span>
    </p>
   </div>
   <div class='ocr_carea' id='block_1_35' title="bbox 513 1987 2106 2063">
    <p class='ocr_par' dir='ltr' id='par_1_35' title="bbox 513 1987 2106 2063">
     <span class='ocr_line' id='line_1_35' title="bbox 513 1987 2106 2063; baseline 0.004 -22"><span class='ocrx_word' id='word_1_294' title='bbox 513 1987 699 2043; x_wconf 90' lang='lat' dir='ltr'><strong>ultima</strong></span> <span class='ocrx_word' id='word_1_295' title='bbox 733 1990 995 2061; x_wconf 87' lang='lat' dir='ltr'><strong>reprobos</strong></span> <span class='ocrx_word' id='word_1_296' title='bbox 1019 1990 1352 2046; x_wconf 89' lang='lat' dir='ltr'><strong>obscurabit.</strong></span> <span class='ocrx_word' id='word_1_297' title='bbox 1387 1990 1588 2063; x_wconf 84' lang='lat' dir='ltr'><strong>Caligo,</strong></span> <span class='ocrx_word' id='word_1_298' title='bbox 1621 2007 1849 2048; x_wconf 80' lang='lat' dir='ltr'><strong>examen</strong></span> <span class='ocrx_word' id='word_1_299' title='bbox 1877 1991 2106 2048; x_wconf 88' lang='lat' dir='ltr'><strong>extremi</strong></span> 
     </span>
    </p>
   </div>
   <div class='ocr_carea' id='block_1_36' title="bbox 509 2080 2103 2157">
    <p class='ocr_par' dir='ltr' id='par_1_36' title="bbox 509 2080 2103 2157">
     <span class='ocr_line' id='line_1_36' title="bbox 509 2080 2103 2157; baseline 0.004 -23"><span class='ocrx_word' id='word_1_300' title='bbox 509 2080 723 2150; x_wconf 84' lang='lat' dir='ltr'><strong>iudicii,</strong></span> <span class='ocrx_word' id='word_1_301' title='bbox 764 2091 824 2136; x_wconf 92' lang='lat' dir='ltr'><strong>ut</strong></span> <span class='ocrx_word' id='word_1_302' title='bbox 855 2082 908 2137; x_wconf 92' lang='lat' dir='ltr'><strong>in</strong></span> <span class='ocrx_word' id='word_1_303' title='bbox 936 2081 1136 2138; x_wconf 86' lang='lat' dir='ltr'><strong>Genesi</strong></span> <span class='ocrx_word' id='word_1_304' title='bbox 1165 2101 1177 2137; x_wconf 94' lang='lat'><strong>:</strong></span> <span class='ocrx_word' id='word_1_305' title='bbox 1217 2101 1236 2134; x_wconf 75' lang='grc' dir='ltr'><strong>ι</strong></span> <span class='ocrx_word' id='word_1_306' title='bbox 1267 2083 1432 2138; x_wconf 87' lang='lat' dir='ltr'><strong>Facta</strong></span> <span class='ocrx_word' id='word_1_307' title='bbox 1461 2094 1546 2140; x_wconf 89' lang='lat' dir='ltr'><strong>est</strong></span> <span class='ocrx_word' id='word_1_308' title='bbox 1571 2085 1744 2157; x_wconf 86' lang='lat' dir='ltr'><strong>caligo</strong></span> <span class='ocrx_word' id='word_1_309' title='bbox 1773 2085 2058 2140; x_wconf 90' lang='lat' dir='ltr'><strong>tenebrosa</strong></span> <span class='ocrx_word' id='word_1_310' title='bbox 2086 2085 2103 2105; x_wconf 79' lang='grc'>⁶</span> 
     </span>
    </p>
   </div>
   <div class='ocr_carea' id='block_1_37' title="bbox 513 2172 2106 2247">
    <p class='ocr_par' dir='ltr' id='par_1_37' title="bbox 513 2172 2106 2247">
     <span class='ocr_line' id='line_1_37' title="bbox 513 2172 2106 2247; baseline 0.004 -22"><span class='ocrx_word' id='word_1_311' title='bbox 513 2172 786 2230; x_wconf 90' lang='lat' dir='ltr'><strong>transiens</strong></span> <span class='ocrx_word' id='word_1_312' title='bbox 829 2173 972 2228; x_wconf 90' lang='lat' dir='ltr'><strong>inter</strong></span> <span class='ocrx_word' id='word_1_313' title='bbox 1007 2174 1301 2230; x_wconf 88' lang='lat' dir='ltr'><strong>divisiones</strong></span> <span class='ocrx_word' id='word_1_314' title='bbox 1332 2175 1452 2230; x_wconf 91' lang='lat' dir='ltr'><strong>illas</strong></span> <span class='ocrx_word' id='word_1_315' title='bbox 1473 2175 1516 2240; x_wconf 82' lang='grc'>⁸,</span> <span class='ocrx_word' id='word_1_316' title='bbox 1554 2197 1572 2229; x_wconf 81' lang='grc' dir='ltr'><strong>ι</strong></span> <span class='ocrx_word' id='word_1_317' title='bbox 1609 2177 1755 2247; x_wconf 92' lang='lat' dir='ltr'><strong>quod</strong></span> <span class='ocrx_word' id='word_1_318' title='bbox 1777 2176 2024 2232; x_wconf 90' lang='lat' dir='ltr'><strong>ultimum</strong></span> <span class='ocrx_word' id='word_1_319' title='bbox 2050 2175 2106 2232; x_wconf 91' lang='lat' dir='ltr'><strong>id</strong></span> 
     </span>
    </p>
   </div>
   <div class='ocr_carea' id='block_1_38' title="bbox 509 2263 1544 2338">
    <p class='ocr_par' dir='ltr' id='par_1_38' title="bbox 509 2263 1544 2338">
     <span class='ocr_line' id='line_1_38' title="bbox 509 2263 1544 2338; baseline 0.004 -21"><span class='ocrx_word' id='word_1_320' title='bbox 509 2263 766 2333; x_wconf 88' lang='lat' dir='ltr'><strong>judicium</strong></span> <span class='ocrx_word' id='word_1_321' title='bbox 796 2265 970 2322; x_wconf 90' lang='lat' dir='ltr'><strong>malos</strong></span> <span class='ocrx_word' id='word_1_322' title='bbox 997 2280 1028 2320; x_wconf 90' lang='lat' dir='ltr'><strong>a</strong></span> <span class='ocrx_word' id='word_1_323' title='bbox 1059 2266 1217 2322; x_wconf 88' lang='lat' dir='ltr'><strong>bonis</strong></span> <span class='ocrx_word' id='word_1_324' title='bbox 1250 2268 1544 2338; x_wconf 86' lang='lat' dir='ltr'><strong>separabit.</strong></span> 
     </span>
    </p>
   </div>
   <div class='ocr_carea' id='block_1_39' title="bbox 583 2356 2101 2432">
    <p class='ocr_par' dir='ltr' id='par_1_39' title="bbox 583 2356 2101 2432">
     <span class='ocr_line' id='line_1_39' title="bbox 583 2356 2101 2432; baseline 0.004 -22"><span class='ocrx_word' id='word_1_325' title='bbox 583 2356 745 2412; x_wconf 90' lang='lat' dir='ltr'><strong>Calor</strong></span> <span class='ocrx_word' id='word_1_326' title='bbox 790 2367 873 2414; x_wconf 88' lang='lat' dir='ltr'><strong>est</strong></span> <span class='ocrx_word' id='word_1_327' title='bbox 916 2358 1098 2414; x_wconf 82' lang='lat' dir='ltr'><strong>fervor</strong></span> <span class='ocrx_word' id='word_1_328' title='bbox 1145 2361 1320 2414; x_wconf 89' lang='lat' dir='ltr'><strong>sancti</strong></span> <span class='ocrx_word' id='word_1_329' title='bbox 1367 2358 1620 2430; x_wconf 90' lang='lat' dir='ltr'><strong>Spiritus,</strong></span> <span class='ocrx_word' id='word_1_330' title='bbox 1647 2369 1707 2417; x_wconf 90' lang='lat' dir='ltr'><strong>ut</strong></span> <span class='ocrx_word' id='word_1_331' title='bbox 1746 2361 1804 2416; x_wconf 92' lang='lat' dir='ltr'><strong>in</strong></span> <span class='ocrx_word' id='word_1_332' title='bbox 1845 2360 2053 2432; x_wconf 88' lang='lat' dir='ltr'><strong>psalmo</strong></span> <span class='ocrx_word' id='word_1_333' title='bbox 2086 2378 2101 2416; x_wconf 92' lang='lat'><strong>:</strong></span> 
     </span>
    </p>
   </div>
   <div class='ocr_carea' id='block_1_40' title="bbox 517 2449 2106 2526">
    <p class='ocr_par' dir='ltr' id='par_1_40' title="bbox 517 2449 2106 2526">
     <span class='ocr_line' id='line_1_40' title="bbox 517 2449 2106 2526; baseline 0.006 -25"><span class='ocrx_word' id='word_1_334' title='bbox 517 2466 538 2499; x_wconf 76' lang='lat' dir='ltr'><strong>r</strong></span> <span class='ocrx_word' id='word_1_335' title='bbox 574 2449 692 2505; x_wconf 90' lang='lat' dir='ltr'><strong>Non</strong></span> <span class='ocrx_word' id='word_1_336' title='bbox 728 2460 812 2506; x_wconf 91' lang='lat' dir='ltr'><strong>est</strong></span> <span class='ocrx_word' id='word_1_337' title='bbox 848 2451 940 2521; x_wconf 91' lang='lat' dir='ltr'><strong>qui</strong></span> <span class='ocrx_word' id='word_1_338' title='bbox 983 2465 1044 2507; x_wconf 86' lang='lat' dir='ltr'><strong>se</strong></span> <span class='ocrx_word' id='word_1_339' title='bbox 1071 2451 1368 2507; x_wconf 89' lang='lat' dir='ltr'><strong>abscondat</strong></span> <span class='ocrx_word' id='word_1_340' title='bbox 1398 2468 1427 2507; x_wconf 92' lang='lat' dir='ltr'><strong>a</strong></span> <span class='ocrx_word' id='word_1_341' title='bbox 1457 2453 1638 2509; x_wconf 91' lang='lat' dir='ltr'><strong>calore</strong></span> <span class='ocrx_word' id='word_1_342' title='bbox 1663 2454 1780 2526; x_wconf 90' lang='lat' dir='ltr'><strong>ejus</strong></span> <span class='ocrx_word' id='word_1_343' title='bbox 1819 2453 1864 2520; x_wconf 83' lang='lat'><strong>’,</strong></span> <span class='ocrx_word' id='word_1_344' title='bbox 1907 2473 1927 2506; x_wconf 84' lang='grc'><strong>›</strong></span> <span class='ocrx_word' id='word_1_345' title='bbox 1961 2453 2106 2524; x_wconf 92' lang='lat' dir='ltr'><strong>quod</strong></span> 
     </span>
    </p>
   </div>
   <div class='ocr_carea' id='block_1_41' title="bbox 511 2542 2104 2616">
    <p class='ocr_par' dir='ltr' id='par_1_41' title="bbox 511 2542 2104 2616">
     <span class='ocr_line' id='line_1_41' title="bbox 511 2542 2104 2616; baseline 0.003 -18"><span class='ocrx_word' id='word_1_346' title='bbox 511 2542 802 2615; x_wconf 85' lang='lat' dir='ltr'><strong>unicuique</strong></span> <span class='ocrx_word' id='word_1_347' title='bbox 844 2545 1006 2600; x_wconf 89' lang='lat' dir='ltr'><strong>datur</strong></span> <span class='ocrx_word' id='word_1_348' title='bbox 1041 2544 1405 2601; x_wconf 89' lang='lat' dir='ltr'><strong>manifestatio</strong></span> <span class='ocrx_word' id='word_1_349' title='bbox 1446 2545 1681 2616; x_wconf 89' lang='lat' dir='ltr'><strong>Spiritus</strong></span> <span class='ocrx_word' id='word_1_350' title='bbox 1718 2547 1787 2602; x_wconf 87' lang='lat' dir='ltr'><strong>ad</strong></span> <span class='ocrx_word' id='word_1_351' title='bbox 1827 2548 1844 2569; x_wconf 75' lang='grc'>⁶</span> <span class='ocrx_word' id='word_1_352' title='bbox 1883 2563 2104 2603; x_wconf 92' lang='lat' dir='ltr'><strong>mensu-</strong></span> 
     </span>
    </p>
   </div>
   <div class='ocr_carea' id='block_1_42' title="bbox 512 2636 2106 2710">
    <p class='ocr_par' dir='ltr' id='par_1_42' title="bbox 512 2636 2106 2710">
     <span class='ocr_line' id='line_1_42' title="bbox 512 2636 2106 2710; baseline 0.002 -17"><span class='ocrx_word' id='word_1_353' title='bbox 512 2654 649 2694; x_wconf 85' lang='lat' dir='ltr'><strong>ram.</strong></span> <span class='ocrx_word' id='word_1_354' title='bbox 693 2636 870 2704; x_wconf 90' lang='lat' dir='ltr'><strong>Calor,</strong></span> <span class='ocrx_word' id='word_1_355' title='bbox 916 2639 1144 2695; x_wconf 90' lang='lat' dir='ltr'><strong>dulcedo</strong></span> <span class='ocrx_word' id='word_1_356' title='bbox 1181 2639 1484 2706; x_wconf 90' lang='lat' dir='ltr'><strong>charitatis,</strong></span> <span class='ocrx_word' id='word_1_357' title='bbox 1520 2648 1580 2696; x_wconf 93' lang='lat' dir='ltr'><strong>ut</strong></span> <span class='ocrx_word' id='word_1_358' title='bbox 1617 2641 1672 2696; x_wconf 95' lang='lat' dir='ltr'><strong>in</strong></span> <span class='ocrx_word' id='word_1_359' title='bbox 1713 2639 1852 2697; x_wconf 92' lang='lat' dir='ltr'><strong>Job:</strong></span> <span class='ocrx_word' id='word_1_360' title='bbox 1889 2658 1908 2692; x_wconf 73' lang='grc' dir='ltr'><strong>ι</strong></span> <span class='ocrx_word' id='word_1_361' title='bbox 1943 2638 2106 2710; x_wconf 90' lang='lat' dir='ltr'><strong>Lapis</strong></span> 
     </span>
    </p>
   </div>
   <div class='ocr_carea' id='block_1_43' title="bbox 512 2731 2100 2807">
    <p class='ocr_par' dir='ltr' id='par_1_43' title="bbox 512 2731 2100 2807">
     <span class='ocr_line' id='line_1_43' title="bbox 512 2731 2100 2807; baseline 0.001 -19"><span class='ocrx_word' id='word_1_362' title='bbox 512 2733 722 2788; x_wconf 88' lang='lat' dir='ltr'><strong>solutus</strong></span> <span class='ocrx_word' id='word_1_363' title='bbox 742 2731 922 2788; x_wconf 91' lang='lat' dir='ltr'><strong>calore</strong></span> <span class='ocrx_word' id='word_1_364' title='bbox 943 2733 998 2788; x_wconf 92' lang='lat' dir='ltr'><strong>in</strong></span> <span class='ocrx_word' id='word_1_365' title='bbox 1020 2749 1096 2789; x_wconf 67' lang='grc' dir='ltr'><strong>ωε</strong></span> <span class='ocrx_word' id='word_1_366' title='bbox 1125 2734 1356 2789; x_wconf 84' lang='lat' dir='ltr'><strong>vertitur</strong></span> <span class='ocrx_word' id='word_1_367' title='bbox 1385 2733 1481 2801; x_wconf 72' lang='lat' dir='ltr'><strong>“,s</strong></span> <span class='ocrx_word' id='word_1_368' title='bbox 1516 2736 1662 2807; x_wconf 91' lang='lat' dir='ltr'><strong>quod</strong></span> <span class='ocrx_word' id='word_1_369' title='bbox 1682 2735 1774 2806; x_wconf 91' lang='lat' dir='ltr'><strong>qui</strong></span> <span class='ocrx_word' id='word_1_370' title='bbox 1793 2737 1960 2791; x_wconf 90' lang='lat' dir='ltr'><strong>durus</strong></span> <span class='ocrx_word' id='word_1_371' title='bbox 1981 2735 2100 2800; x_wconf 85' lang='lat' dir='ltr'><strong>fuit,</strong></span> 
     </span>
    </p>
   </div>
   <div class='ocr_carea' id='block_1_44' title="bbox 511 2821 2102 2894">
    <p class='ocr_par' dir='ltr' id='par_1_44' title="bbox 511 2821 2102 2894">
     <span class='ocr_line' id='line_1_44' title="bbox 511 2821 2102 2894; baseline 0.003 -17"><span class='ocrx_word' id='word_1_372' title='bbox 511 2839 608 2894; x_wconf 87' lang='lat' dir='ltr'><strong>per</strong></span> <span class='ocrx_word' id='word_1_373' title='bbox 630 2823 912 2880; x_wconf 87' lang='lat' dir='ltr'><strong>charitatis</strong></span> <span class='ocrx_word' id='word_1_374' title='bbox 950 2825 1288 2881; x_wconf 88' lang='lat' dir='ltr'><strong>dulcedinem</strong></span> <span class='ocrx_word' id='word_1_375' title='bbox 1333 2825 1622 2882; x_wconf 90' lang='lat' dir='ltr'><strong>emollitur.</strong></span> <span class='ocrx_word' id='word_1_376' title='bbox 1671 2821 1852 2893; x_wconf 84' lang='lat' dir='ltr'><strong>Calor,</strong></span> <span class='ocrx_word' id='word_1_377' title='bbox 1895 2825 2102 2882; x_wconf 85' lang='lat' dir='ltr'><strong>deside-</strong></span> 
     </span>
    </p>
   </div>
   <div class='ocr_carea' id='block_1_45' title="bbox 512 2914 2106 2990">
    <p class='ocr_par' dir='ltr' id='par_1_45' title="bbox 512 2914 2106 2990">
     <span class='ocr_line' id='line_1_45' title="bbox 512 2914 2106 2990; baseline 0.004 -22"><span class='ocrx_word' id='word_1_378' title='bbox 512 2914 653 2969; x_wconf 86' lang='lat' dir='ltr'><strong>rium</strong></span> <span class='ocrx_word' id='word_1_379' title='bbox 690 2915 937 2986; x_wconf 68' lang='lat' dir='ltr'><strong>justitiae,</strong></span> <span class='ocrx_word' id='word_1_380' title='bbox 978 2925 1038 2972; x_wconf 91' lang='lat' dir='ltr'><strong>ut</strong></span> <span class='ocrx_word' id='word_1_381' title='bbox 1077 2917 1132 2972; x_wconf 93' lang='lat' dir='ltr'><strong>in</strong></span> <span class='ocrx_word' id='word_1_382' title='bbox 1171 2916 1406 2974; x_wconf 89' lang='lat' dir='ltr'><strong>Genesi:</strong></span> <span class='ocrx_word' id='word_1_383' title='bbox 1446 2936 1466 2970; x_wconf 89' lang='grc'><strong><em>‹</em></strong></span> <span class='ocrx_word' id='word_1_384' title='bbox 1493 2917 1718 2974; x_wconf 90' lang='lat' dir='ltr'><strong>Factum</strong></span> <span class='ocrx_word' id='word_1_385' title='bbox 1744 2927 1827 2974; x_wconf 88' lang='lat' dir='ltr'><strong>est</strong></span> <span class='ocrx_word' id='word_1_386' title='bbox 1855 2918 1910 2973; x_wconf 92' lang='lat' dir='ltr'><strong>in</strong></span> <span class='ocrx_word' id='word_1_387' title='bbox 1931 2919 2106 2990; x_wconf 80' lang='lat' dir='ltr'><strong>primo</strong></span> 
     </span>
    </p>
   </div>
   <div class='ocr_carea' id='block_1_46' title="bbox 510 3005 2106 3080">
    <p class='ocr_par' dir='ltr' id='par_1_46' title="bbox 510 3005 2106 3080">
     <span class='ocr_line' id='line_1_46' title="bbox 510 3005 2106 3080; baseline 0.003 -20"><span class='ocrx_word' id='word_1_388' title='bbox 510 3005 692 3062; x_wconf 90' lang='lat' dir='ltr'><strong>calore</strong></span> <span class='ocrx_word' id='word_1_389' title='bbox 731 3007 927 3075; x_wconf 88' lang='lat' dir='ltr'><strong>coitus,</strong></span> <span class='ocrx_word' id='word_1_390' title='bbox 966 3008 1096 3063; x_wconf 90' lang='lat' dir='ltr'><strong>dum</strong></span> <span class='ocrx_word' id='word_1_391' title='bbox 1123 3023 1254 3065; x_wconf 90' lang='lat' dir='ltr'><strong>oves</strong></span> <span class='ocrx_word' id='word_1_392' title='bbox 1297 3009 1636 3064; x_wconf 89' lang='lat' dir='ltr'><strong>intuerentur</strong></span> <span class='ocrx_word' id='word_1_393' title='bbox 1660 3009 1842 3080; x_wconf 90' lang='lat' dir='ltr'><strong>virgas</strong></span> <span class='ocrx_word' id='word_1_394' title='bbox 1870 3016 1926 3065; x_wconf 91' lang='lat' dir='ltr'><strong>et</strong></span> <span class='ocrx_word' id='word_1_395' title='bbox 1949 3023 2106 3079; x_wconf 90' lang='lat' dir='ltr'><strong>pare-</strong></span> 
     </span>
    </p>
   </div>
   <div class='ocr_carea' id='block_1_47' title="bbox 511 3099 2104 3172">
    <p class='ocr_par' dir='ltr' id='par_1_47' title="bbox 511 3099 2104 3172">
     <span class='ocr_line' id='line_1_47' title="bbox 511 3099 2104 3172; baseline 0.002 -20"><span class='ocrx_word' id='word_1_396' title='bbox 511 3106 634 3152; x_wconf 90' lang='lat' dir='ltr'><strong>rent</strong></span> <span class='ocrx_word' id='word_1_397' title='bbox 673 3099 736 3165; x_wconf 80' lang='lat'><strong>“,</strong></span> <span class='ocrx_word' id='word_1_398' title='bbox 787 3119 805 3152; x_wconf 77' lang='grc' dir='ltr'><strong>ι</strong></span> <span class='ocrx_word' id='word_1_399' title='bbox 855 3101 998 3171; x_wconf 91' lang='lat' dir='ltr'><strong>quod</strong></span> <span class='ocrx_word' id='word_1_400' title='bbox 1039 3101 1314 3172; x_wconf 87' lang='lat' dir='ltr'><strong>simplices</strong></span> <span class='ocrx_word' id='word_1_401' title='bbox 1350 3101 1552 3172; x_wconf 89' lang='lat' dir='ltr'><strong>quique</strong></span> <span class='ocrx_word' id='word_1_402' title='bbox 1597 3101 1653 3154; x_wconf 91' lang='lat' dir='ltr'><strong>in</strong></span> <span class='ocrx_word' id='word_1_403' title='bbox 1687 3101 1805 3172; x_wconf 89' lang='lat' dir='ltr'><strong>ipso</strong></span> <span class='ocrx_word' id='word_1_404' title='bbox 1839 3101 2104 3157; x_wconf 91' lang='lat' dir='ltr'><strong>desiderio</strong></span> 
     </span>
    </p>
   </div>
   <div class='ocr_carea' id='block_1_48' title="bbox 2209 1893 3683 1964">
    <p class='ocr_par' dir='ltr' id='par_1_48' title="bbox 2209 1893 3683 1964">
     <span class='ocr_line' id='line_1_48' title="bbox 2209 1893 3683 1964; baseline 0.002 -15"><span class='ocrx_word' id='word_1_405' title='bbox 2209 1893 2367 1950; x_wconf 89' lang='lat' dir='ltr'><strong>liabis</strong></span> <span class='ocrx_word' id='word_1_406' title='bbox 2401 1895 2845 1952; x_wconf 88' lang='lat' dir='ltr'><strong>calumniatorem</strong></span> <span class='ocrx_word' id='word_1_407' title='bbox 2876 1896 2942 1962; x_wconf 80' lang='grc'><strong>³⁸,</strong></span> <span class='ocrx_word' id='word_1_408' title='bbox 2969 1915 2988 1948; x_wconf 76' lang='grc' dir='ltr'><strong>ι</strong></span> <span class='ocrx_word' id='word_1_409' title='bbox 3024 1896 3078 1952; x_wconf 92' lang='lat' dir='ltr'><strong>id</strong></span> <span class='ocrx_word' id='word_1_410' title='bbox 3107 1905 3207 1964; x_wconf 88' lang='lat' dir='ltr'><strong>est,</strong></span> <span class='ocrx_word' id='word_1_411' title='bbox 3243 1895 3468 1953; x_wconf 87' lang='lat' dir='ltr'><strong>Christus</strong></span> <span class='ocrx_word' id='word_1_412' title='bbox 3490 1896 3683 1952; x_wconf 85' lang='lat' dir='ltr'><strong>diabolum</strong></span> 
     </span>
    </p>
   </div>
   <div class='ocr_carea' id='block_1_49' title="bbox 2208 1986 3232 2056">
    <p class='ocr_par' dir='ltr' id='par_1_49' title="bbox 2208 1986 3232 2056">
     <span class='ocr_line' id='line_1_49' title="bbox 2208 1986 3232 2056; baseline 0 -15"><span class='ocrx_word' id='word_1_413' title='bbox 2208 1986 2508 2056; x_wconf 89' lang='lat' dir='ltr'><strong>superabit.</strong></span> <span class='ocrx_word' id='word_1_414' title='bbox 3229 1999 3232 2003; x_wconf 86' lang='lat'>&#39;</span> 
     </span>
    </p>
   </div>
   <div class='ocr_carea' id='block_1_50' title="bbox 2278 2077 3683 2147">
    <p class='ocr_par' dir='ltr' id='par_1_50' title="bbox 2278 2077 3683 2147">
     <span class='ocr_line' id='line_1_50' title="bbox 2278 2077 3683 2147; baseline 0.001 -14"><span class='ocrx_word' id='word_1_415' title='bbox 2278 2077 2598 2133; x_wconf 81' lang='lat' dir='ltr'><strong>Calcaneum</strong></span> <span class='ocrx_word' id='word_1_416' title='bbox 2624 2087 2710 2136; x_wconf 90' lang='lat' dir='ltr'><strong>est</strong></span> <span class='ocrx_word' id='word_1_417' title='bbox 2751 2081 3073 2137; x_wconf 80' lang='lat' dir='ltr'><strong>extremitas</strong></span> <span class='ocrx_word' id='word_1_418' title='bbox 3115 2081 3332 2138; x_wconf 90' lang='lat' dir='ltr'><strong>actionis</strong></span> <span class='ocrx_word' id='word_1_419' title='bbox 3371 2088 3555 2147; x_wconf 64' lang='lat' dir='ltr'><strong>nostra,</strong></span> <span class='ocrx_word' id='word_1_420' title='bbox 3580 2089 3624 2135; x_wconf 85' lang='lat' dir='ltr'><strong>ut</strong></span> <span class='ocrx_word' id='word_1_421' title='bbox 3648 2079 3683 2136; x_wconf 85' lang='lat' dir='ltr'><strong>in</strong></span> 
     </span>
    </p>
   </div>
   <div class='ocr_carea' id='block_1_51' title="bbox 2205 2170 3682 2242">
    <p class='ocr_par' dir='ltr' id='par_1_51' title="bbox 2205 2170 3682 2242">
     <span class='ocr_line' id='line_1_51' title="bbox 2205 2170 3682 2242; baseline -0.001 -15"><span class='ocrx_word' id='word_1_422' title='bbox 2205 2171 2400 2228; x_wconf 89' lang='lat' dir='ltr'><strong>Genesi</strong></span> <span class='ocrx_word' id='word_1_423' title='bbox 2427 2186 2441 2224; x_wconf 92' lang='lat'><strong>:</strong></span> <span class='ocrx_word' id='word_1_424' title='bbox 2471 2190 2491 2224; x_wconf 72' lang='grc' dir='ltr'><strong>ι</strong></span> <span class='ocrx_word' id='word_1_425' title='bbox 2521 2171 2599 2225; x_wconf 92' lang='lat' dir='ltr'><strong>Tu</strong></span> <span class='ocrx_word' id='word_1_426' title='bbox 2635 2172 2950 2230; x_wconf 88' lang='lat' dir='ltr'><strong>observabis</strong></span> <span class='ocrx_word' id='word_1_427' title='bbox 2995 2173 3304 2229; x_wconf 89' lang='lat' dir='ltr'><strong>caleaneum</strong></span> <span class='ocrx_word' id='word_1_428' title='bbox 3349 2172 3453 2242; x_wconf 86' lang='lat' dir='ltr'><strong>ejus</strong></span> <span class='ocrx_word' id='word_1_429' title='bbox 3473 2172 3528 2238; x_wconf 82' lang='lat'><strong>&quot;,</strong></span> <span class='ocrx_word' id='word_1_430' title='bbox 3547 2192 3564 2225; x_wconf 74' lang='grc' dir='ltr'><strong>ι</strong></span> <span class='ocrx_word' id='word_1_431' title='bbox 3587 2170 3682 2242; x_wconf 87' lang='lat' dir='ltr'><strong>quod</strong></span> 
     </span>
    </p>
   </div>
   <div class='ocr_carea' id='block_1_52' title="bbox 2208 2261 3682 2334">
    <p class='ocr_par' dir='ltr' id='par_1_52' title="bbox 2208 2261 3682 2334">
     <span class='ocr_line' id='line_1_52' title="bbox 2208 2261 3682 2334; baseline -0.001 -18"><span class='ocrx_word' id='word_1_432' title='bbox 2208 2261 2372 2317; x_wconf 86' lang='lat' dir='ltr'><strong>ﬁnem</strong></span> <span class='ocrx_word' id='word_1_433' title='bbox 2407 2270 2606 2317; x_wconf 76' lang='lat' dir='ltr'><strong>nostra:</strong></span> <span class='ocrx_word' id='word_1_434' title='bbox 2651 2262 2880 2318; x_wconf 90' lang='lat' dir='ltr'><strong>actionis</strong></span> <span class='ocrx_word' id='word_1_435' title='bbox 2925 2263 3174 2319; x_wconf 71' lang='lat' dir='ltr'><strong>diabolus</strong></span> <span class='ocrx_word' id='word_1_436' title='bbox 3213 2277 3526 2334; x_wconf 88' lang='lat' dir='ltr'><strong>corrumpere</strong></span> <span class='ocrx_word' id='word_1_437' title='bbox 3547 2261 3682 2318; x_wconf 84' lang='lat' dir='ltr'><strong>studet.</strong></span> 
     </span>
    </p>
   </div>
   <div class='ocr_carea' id='block_1_53' title="bbox 2207 2349 3684 2426">
    <p class='ocr_par' dir='ltr' id='par_1_53' title="bbox 2207 2349 3684 2426">
     <span class='ocr_line' id='line_1_53' title="bbox 2207 2349 3684 2426; baseline 0.001 -21"><span class='ocrx_word' id='word_1_438' title='bbox 2207 2351 2547 2424; x_wconf 81' lang='lat' dir='ltr'><strong>Calcaneum,</strong></span> <span class='ocrx_word' id='word_1_439' title='bbox 2589 2353 2864 2424; x_wconf 83' lang='lat' dir='ltr'><strong>profectus</strong></span> <span class='ocrx_word' id='word_1_440' title='bbox 2915 2363 3123 2422; x_wconf 84' lang='lat' dir='ltr'><strong>noster,</strong></span> <span class='ocrx_word' id='word_1_441' title='bbox 3152 2362 3212 2410; x_wconf 91' lang='lat' dir='ltr'><strong>ut</strong></span> <span class='ocrx_word' id='word_1_442' title='bbox 3256 2355 3308 2410; x_wconf 91' lang='lat' dir='ltr'><strong>in</strong></span> <span class='ocrx_word' id='word_1_443' title='bbox 3345 2354 3559 2426; x_wconf 88' lang='lat' dir='ltr'><strong>psalmo:</strong></span> <span class='ocrx_word' id='word_1_444' title='bbox 3583 2349 3684 2421; x_wconf 72' lang='lat' dir='ltr'><strong>clpsi</strong></span> 
     </span>
    </p>
   </div>
   <div class='ocr_carea' id='block_1_54' title="bbox 2207 2439 3684 2517">
    <p class='ocr_par' dir='ltr' id='par_1_54' title="bbox 2207 2439 3684 2517">
     <span class='ocr_line' id='line_1_54' title="bbox 2207 2439 3684 2517; baseline -0.003 -18"><span class='ocrx_word' id='word_1_445' title='bbox 2207 2445 2520 2500; x_wconf 87' lang='lat' dir='ltr'><strong>caleaneum</strong></span> <span class='ocrx_word' id='word_1_446' title='bbox 2547 2459 2729 2500; x_wconf 89' lang='lat' dir='ltr'><strong>meum</strong></span> <span class='ocrx_word' id='word_1_447' title='bbox 2751 2445 3120 2500; x_wconf 80' lang='lat' dir='ltr'><strong>observabant</strong></span> <span class='ocrx_word' id='word_1_448' title='bbox 3147 2446 3214 2511; x_wconf 83' lang='lat'><strong>&quot;,</strong></span> <span class='ocrx_word' id='word_1_449' title='bbox 3236 2465 3255 2497; x_wconf 79' lang='grc' dir='ltr'><strong>ι</strong></span> <span class='ocrx_word' id='word_1_450' title='bbox 3283 2446 3414 2517; x_wconf 90' lang='lat' dir='ltr'><strong>quod</strong></span> <span class='ocrx_word' id='word_1_451' title='bbox 3431 2442 3596 2499; x_wconf 88' lang='lat' dir='ltr'><strong>inimici</strong></span> <span class='ocrx_word' id='word_1_452' title='bbox 3615 2439 3684 2495; x_wconf 85' lang='lat' dir='ltr'><strong>mei</strong></span> 
     </span>
    </p>
   </div>
   <div class='ocr_carea' id='block_1_55' title="bbox 2205 2534 3682 2608">
    <p class='ocr_par' dir='ltr' id='par_1_55' title="bbox 2205 2534 3682 2608">
     <span class='ocr_line' id='line_1_55' title="bbox 2205 2534 3682 2608; baseline -0.001 -18"><span class='ocrx_word' id='word_1_453' title='bbox 2205 2535 2473 2608; x_wconf 89' lang='lat' dir='ltr'><strong>profectui</strong></span> <span class='ocrx_word' id='word_1_454' title='bbox 2493 2551 2613 2593; x_wconf 91' lang='lat' dir='ltr'><strong>meo</strong></span> <span class='ocrx_word' id='word_1_455' title='bbox 2639 2535 2880 2594; x_wconf 88' lang='lat' dir='ltr'><strong>invidere</strong></span> <span class='ocrx_word' id='word_1_456' title='bbox 2901 2553 3011 2594; x_wconf 90' lang='lat' dir='ltr'><strong>non</strong></span> <span class='ocrx_word' id='word_1_457' title='bbox 3028 2544 3263 2593; x_wconf 88' lang='lat' dir='ltr'><strong>cessant.</strong></span> <span class='ocrx_word' id='word_1_458' title='bbox 3291 2534 3580 2601; x_wconf 79' lang='lat' dir='ltr'><strong>Calcaneum,</strong></span> <span class='ocrx_word' id='word_1_459' title='bbox 3597 2547 3682 2589; x_wconf 83' lang='lat' dir='ltr'><strong>caro</strong></span> 
     </span>
    </p>
   </div>
   <div class='ocr_carea' id='block_1_56' title="bbox 2205 2623 3683 2700">
    <p class='ocr_par' dir='ltr' id='par_1_56' title="bbox 2205 2623 3683 2700">
     <span class='ocr_line' id='line_1_56' title="bbox 2205 2623 3683 2700; baseline -0.003 -18"><span class='ocrx_word' id='word_1_460' title='bbox 2205 2636 2414 2694; x_wconf 89' lang='lat' dir='ltr'><strong>nostra,</strong></span> <span class='ocrx_word' id='word_1_461' title='bbox 2444 2636 2502 2683; x_wconf 92' lang='lat' dir='ltr'><strong>ut</strong></span> <span class='ocrx_word' id='word_1_462' title='bbox 2546 2627 2600 2682; x_wconf 91' lang='lat' dir='ltr'><strong>in</strong></span> <span class='ocrx_word' id='word_1_463' title='bbox 2645 2627 2892 2700; x_wconf 89' lang='lat' dir='ltr'><strong>psalmo:</strong></span> <span class='ocrx_word' id='word_1_464' title='bbox 2924 2647 2943 2681; x_wconf 75' lang='grc' dir='ltr'><strong>ι</strong></span> <span class='ocrx_word' id='word_1_465' title='bbox 2969 2627 3231 2700; x_wconf 84' lang='lat' dir='ltr'><strong>lniquitas</strong></span> <span class='ocrx_word' id='word_1_466' title='bbox 3274 2626 3489 2684; x_wconf 85' lang='lat' dir='ltr'><strong>calcanei</strong></span> <span class='ocrx_word' id='word_1_467' title='bbox 3511 2623 3683 2680; x_wconf 84' lang='lat' dir='ltr'><strong>meicir-</strong></span> 
     </span>
    </p>
   </div>
   <div class='ocr_carea' id='block_1_57' title="bbox 2208 2720 2732 2776">
    <p class='ocr_par' dir='ltr' id='par_1_57' title="bbox 2208 2720 2732 2776">
     <span class='ocr_line' id='line_1_57' title="bbox 2208 2720 2732 2776; baseline -0.004 -1"><span class='ocrx_word' id='word_1_468' title='bbox 2208 2720 2486 2776; x_wconf 89' lang='lat' dir='ltr'><strong>cumdabit</strong></span> <span class='ocrx_word' id='word_1_469' title='bbox 2507 2735 2594 2775; x_wconf 88' lang='lat' dir='ltr'><strong>me</strong></span> <span class='ocrx_word' id='word_1_470' title='bbox 2621 2720 2686 2774; x_wconf 80' lang='grc'><strong>’⁸.</strong></span> <span class='ocrx_word' id='word_1_471' title='bbox 2713 2741 2732 2773; x_wconf 72' lang='grc' dir='ltr'><strong>ι</strong></span> 
     </span>
    </p>
   </div>
   <div class='ocr_carea' id='block_1_58' title="bbox 2278 2803 3685 2886">
    <p class='ocr_par' dir='ltr' id='par_1_58' title="bbox 2278 2803 3685 2886">
     <span class='ocr_line' id='line_1_58' title="bbox 2278 2803 3685 2886; baseline -0.006 -20"><span class='ocrx_word' id='word_1_472' title='bbox 2278 2810 2525 2867; x_wconf 84' lang='lat' dir='ltr'><strong>Calculus</strong></span> <span class='ocrx_word' id='word_1_473' title='bbox 2559 2821 2642 2868; x_wconf 90' lang='lat' dir='ltr'><strong>est</strong></span> <span class='ocrx_word' id='word_1_474' title='bbox 2683 2826 2862 2868; x_wconf 88' lang='lat' dir='ltr'><strong>sermo</strong></span> <span class='ocrx_word' id='word_1_475' title='bbox 2908 2812 3150 2886; x_wconf 81' lang='lat' dir='ltr'><strong>divinus,</strong></span> <span class='ocrx_word' id='word_1_476' title='bbox 3195 2821 3256 2867; x_wconf 91' lang='lat' dir='ltr'><strong>ut</strong></span> <span class='ocrx_word' id='word_1_477' title='bbox 3283 2811 3334 2866; x_wconf 94' lang='lat' dir='ltr'><strong>in</strong></span> <span class='ocrx_word' id='word_1_478' title='bbox 3365 2809 3516 2866; x_wconf 85' lang='lat' dir='ltr'><strong>Isaia:</strong></span> <span class='ocrx_word' id='word_1_479' title='bbox 3540 2825 3556 2858; x_wconf 83' lang='grc' dir='ltr'><strong>ι</strong></span> <span class='ocrx_word' id='word_1_480' title='bbox 3580 2804 3628 2860; x_wconf 83' lang='lat' dir='ltr'><strong>Et</strong></span> <span class='ocrx_word' id='word_1_481' title='bbox 3648 2803 3685 2858; x_wconf 81' lang='lat' dir='ltr'><strong>in</strong></span> 
     </span>
    </p>
   </div>
   <div class='ocr_carea' id='block_1_59' title="bbox 2205 2897 3685 2981">
    <p class='ocr_par' dir='ltr' id='par_1_59' title="bbox 2205 2897 3685 2981">
     <span class='ocr_line' id='line_1_59' title="bbox 2205 2897 3685 2981; baseline -0.007 -17"><span class='ocrx_word' id='word_1_482' title='bbox 2205 2925 2370 2964; x_wconf 91' lang='lat' dir='ltr'><strong>manu</strong></span> <span class='ocrx_word' id='word_1_483' title='bbox 2411 2911 2682 2981; x_wconf 91' lang='lat' dir='ltr'><strong>seraphim</strong></span> <span class='ocrx_word' id='word_1_484' title='bbox 2728 2910 2966 2966; x_wconf 88' lang='lat' dir='ltr'><strong>calculus</strong></span> <span class='ocrx_word' id='word_1_485' title='bbox 2995 2909 3068 2976; x_wconf 82' lang='lat'><strong>”,</strong></span> <span class='ocrx_word' id='word_1_486' title='bbox 3093 2929 3112 2962; x_wconf 79' lang='grc' dir='ltr'><strong>ι</strong></span> <span class='ocrx_word' id='word_1_487' title='bbox 3148 2910 3287 2979; x_wconf 90' lang='lat' dir='ltr'><strong>quod</strong></span> <span class='ocrx_word' id='word_1_488' title='bbox 3325 2907 3456 2962; x_wconf 91' lang='lat' dir='ltr'><strong>illum</strong></span> <span class='ocrx_word' id='word_1_489' title='bbox 3487 2897 3685 2959; x_wconf 79' lang='lat' dir='ltr'><strong>amorDei</strong></span> 
     </span>
    </p>
   </div>
   <div class='ocr_carea' id='block_1_60' title="bbox 2206 2988 3684 3072">
    <p class='ocr_par' dir='ltr' id='par_1_60' title="bbox 2206 2988 3684 3072">
     <span class='ocr_line' id='line_1_60' title="bbox 2206 2988 3684 3072; baseline -0.009 -14"><span class='ocrx_word' id='word_1_490' title='bbox 2206 3003 2462 3070; x_wconf 91' lang='lat' dir='ltr'><strong>incendit,</strong></span> <span class='ocrx_word' id='word_1_491' title='bbox 2486 3006 2576 3072; x_wconf 87' lang='lat' dir='ltr'><strong>qui</strong></span> <span class='ocrx_word' id='word_1_492' title='bbox 2605 3019 2909 3059; x_wconf 90' lang='lat' dir='ltr'><strong>sermonem</strong></span> <span class='ocrx_word' id='word_1_493' title='bbox 2938 3003 3181 3058; x_wconf 90' lang='lat' dir='ltr'><strong>divinum</strong></span> <span class='ocrx_word' id='word_1_494' title='bbox 3203 3015 3358 3072; x_wconf 89' lang='lat' dir='ltr'><strong>opere</strong></span> <span class='ocrx_word' id='word_1_495' title='bbox 3381 2996 3586 3068; x_wconf 88' lang='lat' dir='ltr'><strong>complet.</strong></span> <span class='ocrx_word' id='word_1_496' title='bbox 3605 2988 3684 3045; x_wconf 77' lang='lat' dir='ltr'><strong>Cal-</strong></span> 
     </span>
    </p>
   </div>
   <div class='ocr_carea' id='block_1_61' title="bbox 2205 3081 3683 3166">
    <p class='ocr_par' dir='ltr' id='par_1_61' title="bbox 2205 3081 3683 3166">
     <span class='ocr_line' id='line_1_61' title="bbox 2205 3081 3683 3166; baseline -0.005 -16"><span class='ocrx_word' id='word_1_497' title='bbox 2205 3095 2378 3160; x_wconf 85' lang='lat' dir='ltr'><strong>culus,</strong></span> <span class='ocrx_word' id='word_1_498' title='bbox 2404 3095 2678 3152; x_wconf 66' lang='lat' dir='ltr'><strong>azternitas</strong></span> <span class='ocrx_word' id='word_1_499' title='bbox 2712 3110 2960 3165; x_wconf 66' lang='lat' dir='ltr'><strong>superna:</strong></span> <span class='ocrx_word' id='word_1_500' title='bbox 2989 3095 3202 3166; x_wconf 57' lang='lat' dir='ltr'><strong>patriae,</strong></span> <span class='ocrx_word' id='word_1_501' title='bbox 3230 3101 3288 3148; x_wconf 92' lang='lat' dir='ltr'><strong>ut</strong></span> <span class='ocrx_word' id='word_1_502' title='bbox 3324 3093 3374 3148; x_wconf 88' lang='lat' dir='ltr'><strong>in</strong></span> <span class='ocrx_word' id='word_1_503' title='bbox 3411 3081 3683 3160; x_wconf 74' lang='lat' dir='ltr'><strong>ApocalypSi:</strong></span> 
     </span>
    </p>
   </div>
   <div class='ocr_carea' id='block_1_62' title="bbox 505 3165 3685 3264">
    <p class='ocr_par' dir='ltr' id='par_1_62' title="bbox 505 3165 3685 3264">
     <span class='ocr_line' id='line_1_62' title="bbox 505 3165 3685 3264; baseline -0 -19"><span class='ocrx_word' id='word_1_504' title='bbox 505 3186 731 3258; x_wconf 72' lang='lat' dir='ltr'><strong>iustitia:</strong></span> <span class='ocrx_word' id='word_1_505' title='bbox 751 3165 984 3262; x_wconf 80' lang='lat' dir='ltr'><strong>primum</strong></span> <span class='ocrx_word' id='word_1_506' title='bbox 1007 3165 1253 3264; x_wconf 82' lang='lat' dir='ltr'><strong>exempla</strong></span> <span class='ocrx_word' id='word_1_507' title='bbox 1280 3165 1600 3263; x_wconf 74' lang='lat' dir='ltr'><strong>respiciunt,</strong></span> <span class='ocrx_word' id='word_1_508' title='bbox 1629 3200 1686 3248; x_wconf 91' lang='lat' dir='ltr'><strong>et</strong></span> <span class='ocrx_word' id='word_1_509' title='bbox 1707 3165 1930 3258; x_wconf 80' lang='lat' dir='ltr'><strong>bonum,</strong></span> <span class='ocrx_word' id='word_1_510' title='bbox 1962 3192 2106 3262; x_wconf 90' lang='lat' dir='ltr'><strong>quod</strong></span> <span class='ocrx_word' id='word_1_511' title='bbox 2131 3165 2178 3229; x_wconf 63' lang='grc' dir='ltr'><strong>(ἶ</strong></span> <span class='ocrx_word' id='word_1_512' title='bbox 2215 3205 2233 3238; x_wconf 77' lang='grc' dir='ltr'><strong>ι</strong></span> <span class='ocrx_word' id='word_1_513' title='bbox 2265 3187 2513 3242; x_wconf 82' lang='lat' dir='ltr'><strong>Vincenti</strong></span> <span class='ocrx_word' id='word_1_514' title='bbox 2556 3187 2693 3241; x_wconf 88' lang='lat' dir='ltr'><strong>dabo</strong></span> <span class='ocrx_word' id='word_1_515' title='bbox 2747 3165 3009 3242; x_wconf 88' lang='lat' dir='ltr'><strong>calculum</strong></span> <span class='ocrx_word' id='word_1_516' title='bbox 3057 3185 3344 3241; x_wconf 84' lang='lat' dir='ltr'><strong>candidum</strong></span> <span class='ocrx_word' id='word_1_517' title='bbox 3372 3183 3433 3249; x_wconf 82' lang='grc'><strong>³⁸,</strong></span> <span class='ocrx_word' id='word_1_518' title='bbox 3455 3201 3471 3234; x_wconf 76' lang='grc' dir='ltr'><strong>ι</strong></span> <span class='ocrx_word' id='word_1_519' title='bbox 3496 3177 3606 3250; x_wconf 75' lang='lat' dir='ltr'><strong>quod</strong></span> <span class='ocrx_word' id='word_1_520' title='bbox 3625 3173 3685 3244; x_wconf 75' lang='grc' dir='ltr'><strong>Ψιί</strong></span> 
     </span>
    </p>
   </div>
   <div class='ocr_carea' id='block_1_63' title="bbox 512 3279 2106 3354">
    <p class='ocr_par' dir='ltr' id='par_1_63' title="bbox 512 3279 2106 3354">
     <span class='ocr_line' id='line_1_63' title="bbox 512 3279 2106 3354; baseline 0.001 -18"><span class='ocrx_word' id='word_1_521' title='bbox 512 3281 845 3349; x_wconf 87' lang='lat' dir='ltr'><strong>desiderant,</strong></span> <span class='ocrx_word' id='word_1_522' title='bbox 876 3283 944 3337; x_wconf 89' lang='lat' dir='ltr'><strong>ad</strong></span> <span class='ocrx_word' id='word_1_523' title='bbox 971 3281 1224 3338; x_wconf 78' lang='lat' dir='ltr'><strong>etl‘ectum</strong></span> <span class='ocrx_word' id='word_1_524' title='bbox 1252 3283 1572 3354; x_wconf 89' lang='lat' dir='ltr'><strong>perducunt.</strong></span> <span class='ocrx_word' id='word_1_525' title='bbox 1611 3279 1792 3349; x_wconf 89' lang='lat' dir='ltr'><strong>Calor,</strong></span> <span class='ocrx_word' id='word_1_526' title='bbox 1828 3296 1988 3352; x_wconf 78' lang='lat' dir='ltr'><strong>poma</strong></span> <span class='ocrx_word' id='word_1_527' title='bbox 2020 3296 2106 3338; x_wconf 85' lang='lat' dir='ltr'><strong>re-</strong></span> 
     </span>
    </p>
   </div>
   <div class='ocr_carea' id='block_1_64' title="bbox 508 3375 2106 3443">
    <p class='ocr_par' dir='ltr' id='par_1_64' title="bbox 508 3375 2106 3443">
     <span class='ocr_line' id='line_1_64' title="bbox 508 3375 2106 3443; baseline 0.002 -17"><span class='ocrx_word' id='word_1_528' title='bbox 508 3375 826 3443; x_wconf 89' lang='lat' dir='ltr'><strong>proborum,</strong></span> <span class='ocrx_word' id='word_1_529' title='bbox 856 3383 916 3430; x_wconf 90' lang='lat' dir='ltr'><strong>ut</strong></span> <span class='ocrx_word' id='word_1_530' title='bbox 937 3375 992 3430; x_wconf 92' lang='lat' dir='ltr'><strong>in</strong></span> <span class='ocrx_word' id='word_1_531' title='bbox 1011 3375 1112 3432; x_wconf 86' lang='lat' dir='ltr'><strong>Job</strong></span> <span class='ocrx_word' id='word_1_532' title='bbox 1137 3393 1152 3428; x_wconf 86' lang='lat'><strong>:</strong></span> <span class='ocrx_word' id='word_1_533' title='bbox 1181 3393 1202 3427; x_wconf 77' lang='grc' dir='ltr'><strong>ι</strong></span> <span class='ocrx_word' id='word_1_534' title='bbox 1231 3375 1314 3430; x_wconf 85' lang='lat' dir='ltr'><strong>Ad</strong></span> <span class='ocrx_word' id='word_1_535' title='bbox 1342 3376 1571 3431; x_wconf 90' lang='lat' dir='ltr'><strong>nimium</strong></span> <span class='ocrx_word' id='word_1_536' title='bbox 1596 3375 1831 3432; x_wconf 88' lang='lat' dir='ltr'><strong>calorem</strong></span> <span class='ocrx_word' id='word_1_537' title='bbox 1864 3382 2106 3430; x_wconf 90' lang='lat' dir='ltr'><strong>transeat</strong></span> 
     </span>
    </p>
   </div>
   <div class='ocr_carea' id='block_1_65' title="bbox 510 3465 2102 3540">
    <p class='ocr_par' dir='ltr' id='par_1_65' title="bbox 510 3465 2102 3540">
     <span class='ocr_line' id='line_1_65' title="bbox 510 3465 2102 3540; baseline 0.002 -21"><span class='ocrx_word' id='word_1_538' title='bbox 510 3465 580 3520; x_wconf 91' lang='lat' dir='ltr'><strong>ab</strong></span> <span class='ocrx_word' id='word_1_539' title='bbox 609 3467 766 3536; x_wconf 89' lang='lat' dir='ltr'><strong>aquis</strong></span> <span class='ocrx_word' id='word_1_540' title='bbox 795 3466 1000 3522; x_wconf 89' lang='lat' dir='ltr'><strong>nivium</strong></span> <span class='ocrx_word' id='word_1_541' title='bbox 1033 3467 1100 3536; x_wconf 82' lang='lat'><strong>&quot;,</strong></span> <span class='ocrx_word' id='word_1_542' title='bbox 1137 3486 1157 3522; x_wconf 79' lang='grc' dir='ltr'><strong>ι</strong></span> <span class='ocrx_word' id='word_1_543' title='bbox 1189 3467 1332 3538; x_wconf 91' lang='lat' dir='ltr'><strong>quod</strong></span> <span class='ocrx_word' id='word_1_544' title='bbox 1367 3468 1607 3525; x_wconf 86' lang='lat' dir='ltr'><strong>damnati</strong></span> <span class='ocrx_word' id='word_1_545' title='bbox 1632 3484 1664 3523; x_wconf 91' lang='lat' dir='ltr'><strong>a</strong></span> <span class='ocrx_word' id='word_1_546' title='bbox 1689 3467 1891 3540; x_wconf 81' lang='lat' dir='ltr'><strong>frigore</strong></span> <span class='ocrx_word' id='word_1_547' title='bbox 1921 3475 2102 3522; x_wconf 89' lang='lat' dir='ltr'><strong>trans-</strong></span> 
     </span>
    </p>
   </div>
   <div class='ocr_carea' id='block_1_66' title="bbox 509 3558 1030 3616">
    <p class='ocr_par' dir='ltr' id='par_1_66' title="bbox 509 3558 1030 3616">
     <span class='ocr_line' id='line_1_66' title="bbox 509 3558 1030 3616; baseline 0.002 -2"><span class='ocrx_word' id='word_1_548' title='bbox 509 3565 643 3614; x_wconf 87' lang='lat' dir='ltr'><strong>eunt</strong></span> <span class='ocrx_word' id='word_1_549' title='bbox 667 3558 734 3613; x_wconf 91' lang='lat' dir='ltr'><strong>ad</strong></span> <span class='ocrx_word' id='word_1_550' title='bbox 760 3559 1030 3616; x_wconf 89' lang='lat' dir='ltr'><strong>ardorem.</strong></span> 
     </span>
    </p>
   </div>
   <div class='ocr_carea' id='block_1_67' title="bbox 475 3645 2100 3723">
    <p class='ocr_par' dir='ltr' id='par_1_67' title="bbox 475 3645 2100 3723">
     <span class='ocr_line' id='line_1_67' title="bbox 475 3645 2100 3723; baseline 0.001 -17"><span class='ocrx_word' id='word_1_551' title='bbox 475 3645 478 3647; x_wconf 75' lang='grc'><em>’</em></span> <span class='ocrx_word' id='word_1_552' title='bbox 581 3648 738 3707; x_wconf 69' lang='lat' dir='ltr'><strong>Caliz</strong></span> <span class='ocrx_word' id='word_1_553' title='bbox 763 3659 846 3708; x_wconf 90' lang='lat' dir='ltr'><strong>est</strong></span> <span class='ocrx_word' id='word_1_554' title='bbox 884 3653 1065 3723; x_wconf 91' lang='lat' dir='ltr'><strong>passio</strong></span> <span class='ocrx_word' id='word_1_555' title='bbox 1103 3651 1324 3718; x_wconf 90' lang='lat' dir='ltr'><strong>Christi,</strong></span> <span class='ocrx_word' id='word_1_556' title='bbox 1357 3658 1418 3708; x_wconf 87' lang='lat' dir='ltr'><strong>ut</strong></span> <span class='ocrx_word' id='word_1_557' title='bbox 1447 3651 1504 3708; x_wconf 93' lang='lat' dir='ltr'><strong>in</strong></span> <span class='ocrx_word' id='word_1_558' title='bbox 1530 3650 1864 3722; x_wconf 85' lang='lat' dir='ltr'><strong>Evangelio:</strong></span> <span class='ocrx_word' id='word_1_559' title='bbox 1902 3669 1922 3704; x_wconf 78' lang='grc' dir='ltr'><strong>ι</strong></span> <span class='ocrx_word' id='word_1_560' title='bbox 1956 3651 2100 3708; x_wconf 86' lang='lat' dir='ltr'><strong>Cali-</strong></span> 
     </span>
    </p>
   </div>
   <div class='ocr_carea' id='block_1_68' title="bbox 509 3736 2102 3814">
    <p class='ocr_par' dir='ltr' id='par_1_68' title="bbox 509 3736 2102 3814">
     <span class='ocr_line' id='line_1_68' title="bbox 509 3736 2102 3814; baseline -0.001 -14"><span class='ocrx_word' id='word_1_561' title='bbox 509 3736 628 3800; x_wconf 77' lang='lat' dir='ltr'><strong>cem</strong></span> <span class='ocrx_word' id='word_1_562' title='bbox 667 3743 884 3814; x_wconf 89' lang='lat' dir='ltr'><strong>quidem</strong></span> <span class='ocrx_word' id='word_1_563' title='bbox 925 3759 1106 3799; x_wconf 89' lang='lat' dir='ltr'><strong>meum</strong></span> <span class='ocrx_word' id='word_1_564' title='bbox 1147 3744 1344 3800; x_wconf 89' lang='lat' dir='ltr'><strong>bibetis</strong></span> <span class='ocrx_word' id='word_1_565' title='bbox 1379 3743 1442 3809; x_wconf 77' lang='lat'><strong>“,</strong></span> <span class='ocrx_word' id='word_1_566' title='bbox 1489 3762 1508 3796; x_wconf 77' lang='grc' dir='ltr'><strong>ι</strong></span> <span class='ocrx_word' id='word_1_567' title='bbox 1559 3743 1612 3799; x_wconf 93' lang='lat' dir='ltr'><strong>id</strong></span> <span class='ocrx_word' id='word_1_568' title='bbox 1650 3751 1756 3810; x_wconf 90' lang='lat' dir='ltr'><strong>est,</strong></span> <span class='ocrx_word' id='word_1_569' title='bbox 1795 3743 2102 3812; x_wconf 89' lang='lat' dir='ltr'><strong>passionem</strong></span> 
     </span>
    </p>
   </div>
   <div class='ocr_carea' id='block_1_69' title="bbox 508 3834 2100 3906">
    <p class='ocr_par' dir='ltr' id='par_1_69' title="bbox 508 3834 2100 3906">
     <span class='ocr_line' id='line_1_69' title="bbox 508 3834 2100 3906; baseline -0.001 -14"><span class='ocrx_word' id='word_1_570' title='bbox 508 3851 685 3893; x_wconf 89' lang='lat' dir='ltr'><strong>meam</strong></span> <span class='ocrx_word' id='word_1_571' title='bbox 731 3836 1098 3893; x_wconf 89' lang='lat' dir='ltr'><strong>imitabimini.</strong></span> <span class='ocrx_word' id='word_1_572' title='bbox 1147 3835 1332 3902; x_wconf 75' lang='lat' dir='ltr'><strong>Calix,</strong></span> <span class='ocrx_word' id='word_1_573' title='bbox 1387 3834 1670 3906; x_wconf 89' lang='lat' dir='ltr'><strong>Scriptura</strong></span> <span class='ocrx_word' id='word_1_574' title='bbox 1718 3850 1896 3901; x_wconf 87' lang='lat' dir='ltr'><strong>sacra,</strong></span> <span class='ocrx_word' id='word_1_575' title='bbox 1939 3844 2000 3889; x_wconf 90' lang='lat' dir='ltr'><strong>ut</strong></span> <span class='ocrx_word' id='word_1_576' title='bbox 2045 3838 2100 3891; x_wconf 89' lang='lat' dir='ltr'><strong>in</strong></span> 
     </span>
    </p>
   </div>
   <div class='ocr_carea' id='block_1_70' title="bbox 506 3928 2101 4002">
    <p class='ocr_par' dir='ltr' id='par_1_70' title="bbox 506 3928 2101 4002">
     <span class='ocr_line' id='line_1_70' title="bbox 506 3928 2101 4002; baseline -0.003 -16"><span class='ocrx_word' id='word_1_577' title='bbox 506 3929 718 4002; x_wconf 87' lang='lat' dir='ltr'><strong>psalmo</strong></span> <span class='ocrx_word' id='word_1_578' title='bbox 757 3948 771 3985; x_wconf 87' lang='lat'><strong>:</strong></span> <span class='ocrx_word' id='word_1_579' title='bbox 822 3949 840 3982; x_wconf 77' lang='grc' dir='ltr'><strong>ι</strong></span> <span class='ocrx_word' id='word_1_580' title='bbox 873 3928 1022 3986; x_wconf 85' lang='lat' dir='ltr'><strong>Calix</strong></span> <span class='ocrx_word' id='word_1_581' title='bbox 1064 3945 1218 3986; x_wconf 90' lang='lat' dir='ltr'><strong>meus</strong></span> <span class='ocrx_word' id='word_1_582' title='bbox 1257 3931 1554 3986; x_wconf 87' lang='lat' dir='ltr'><strong>inebriatus</strong></span> <span class='ocrx_word' id='word_1_583' title='bbox 1587 3928 1657 3996; x_wconf 66' lang='grc' dir='ltr'><strong>ιδ,</strong></span> <span class='ocrx_word' id='word_1_584' title='bbox 1695 3948 1714 3982; x_wconf 79' lang='grc' dir='ltr'><strong>ι</strong></span> <span class='ocrx_word' id='word_1_585' title='bbox 1757 3930 1901 4000; x_wconf 91' lang='lat' dir='ltr'><strong>quod</strong></span> <span class='ocrx_word' id='word_1_586' title='bbox 1945 3943 2101 3984; x_wconf 85' lang='lat' dir='ltr'><strong>sacra</strong></span> 
     </span>
    </p>
   </div>
   <div class='ocr_carea' id='block_1_71' title="bbox 511 4019 2102 4093">
    <p class='ocr_par' dir='ltr' id='par_1_71' title="bbox 511 4019 2102 4093">
     <span class='ocr_line' id='line_1_71' title="bbox 511 4019 2102 4093; baseline -0.002 -16"><span class='ocrx_word' id='word_1_587' title='bbox 511 4021 812 4092; x_wconf 90' lang='lat' dir='ltr'><strong>Scriptura,</strong></span> <span class='ocrx_word' id='word_1_588' title='bbox 857 4038 978 4093; x_wconf 68' lang='lat' dir='ltr'><strong>quae</strong></span> <span class='ocrx_word' id='word_1_589' title='bbox 1019 4022 1252 4079; x_wconf 88' lang='lat' dir='ltr'><strong>inebriat</strong></span> <span class='ocrx_word' id='word_1_590' title='bbox 1283 4022 1582 4086; x_wconf 90' lang='lat' dir='ltr'><strong>audientes,</strong></span> <span class='ocrx_word' id='word_1_591' title='bbox 1623 4020 1768 4076; x_wconf 89' lang='lat' dir='ltr'><strong>clara</strong></span> <span class='ocrx_word' id='word_1_592' title='bbox 1806 4027 1909 4076; x_wconf 91' lang='lat' dir='ltr'><strong>est.</strong></span> <span class='ocrx_word' id='word_1_593' title='bbox 1947 4019 2102 4074; x_wconf 80' lang='lat' dir='ltr'><strong>Calia:</strong></span> 
     </span>
    </p>
   </div>
   <div class='ocr_carea' id='block_1_72' title="bbox 502 4112 2102 4186">
    <p class='ocr_par' dir='ltr' id='par_1_72' title="bbox 502 4112 2102 4186">
     <span class='ocr_line' id='line_1_72' title="bbox 502 4112 2102 4186; baseline -0.002 -18"><span class='ocrx_word' id='word_1_594' title='bbox 502 4113 768 4184; x_wconf 87' lang='lat' dir='ltr'><strong>judicium</strong></span> <span class='ocrx_word' id='word_1_595' title='bbox 811 4113 929 4180; x_wconf 88' lang='lat' dir='ltr'><strong>Dei,</strong></span> <span class='ocrx_word' id='word_1_596' title='bbox 963 4125 1024 4170; x_wconf 91' lang='lat' dir='ltr'><strong>ut</strong></span> <span class='ocrx_word' id='word_1_597' title='bbox 1065 4115 1118 4169; x_wconf 93' lang='lat' dir='ltr'><strong>in</strong></span> <span class='ocrx_word' id='word_1_598' title='bbox 1162 4114 1413 4186; x_wconf 90' lang='lat' dir='ltr'><strong>psalmo:</strong></span> <span class='ocrx_word' id='word_1_599' title='bbox 1449 4131 1468 4164; x_wconf 74' lang='grc' dir='ltr'><strong>ι</strong></span> <span class='ocrx_word' id='word_1_600' title='bbox 1504 4112 1654 4168; x_wconf 89' lang='lat' dir='ltr'><strong>Calix</strong></span> <span class='ocrx_word' id='word_1_601' title='bbox 1697 4113 1750 4167; x_wconf 91' lang='lat' dir='ltr'><strong>in</strong></span> <span class='ocrx_word' id='word_1_602' title='bbox 1794 4127 1957 4167; x_wconf 90' lang='lat' dir='ltr'><strong>manu</strong></span> <span class='ocrx_word' id='word_1_603' title='bbox 1998 4113 2102 4166; x_wconf 86' lang='lat' dir='ltr'><strong>Do-</strong></span> 
     </span>
    </p>
   </div>
   <div class='ocr_carea' id='block_1_73' title="bbox 507 4201 2100 4276">
    <p class='ocr_par' dir='ltr' id='par_1_73' title="bbox 507 4201 2100 4276">
     <span class='ocr_line' id='line_1_73' title="bbox 507 4201 2100 4276; baseline -0.004 -15"><span class='ocrx_word' id='word_1_604' title='bbox 507 4207 639 4262; x_wconf 91' lang='lat' dir='ltr'><strong>mini</strong></span> <span class='ocrx_word' id='word_1_605' title='bbox 673 4206 740 4274; x_wconf 75' lang='lat'><strong>&quot;,</strong></span> <span class='ocrx_word' id='word_1_606' title='bbox 783 4225 802 4258; x_wconf 78' lang='grc' dir='ltr'><strong>ι</strong></span> <span class='ocrx_word' id='word_1_607' title='bbox 848 4207 905 4262; x_wconf 89' lang='lat' dir='ltr'><strong>id</strong></span> <span class='ocrx_word' id='word_1_608' title='bbox 940 4215 1056 4272; x_wconf 89' lang='lat' dir='ltr'><strong>est,</strong></span> <span class='ocrx_word' id='word_1_609' title='bbox 1094 4205 1357 4276; x_wconf 90' lang='lat' dir='ltr'><strong>judicium</strong></span> <span class='ocrx_word' id='word_1_610' title='bbox 1402 4205 1458 4260; x_wconf 89' lang='lat' dir='ltr'><strong>in</strong></span> <span class='ocrx_word' id='word_1_611' title='bbox 1505 4212 1772 4274; x_wconf 89' lang='lat' dir='ltr'><strong>potestate</strong></span> <span class='ocrx_word' id='word_1_612' title='bbox 1817 4203 1948 4268; x_wconf 88' lang='lat' dir='ltr'><strong>Dei,</strong></span> <span class='ocrx_word' id='word_1_613' title='bbox 1993 4201 2100 4256; x_wconf 84' lang='lat' dir='ltr'><strong>vini</strong></span> 
     </span>
    </p>
   </div>
   <div class='ocr_carea' id='block_1_74' title="bbox 509 4295 2098 4368">
    <p class='ocr_par' dir='ltr' id='par_1_74' title="bbox 509 4295 2098 4368">
     <span class='ocr_line' id='line_1_74' title="bbox 509 4295 2098 4368; baseline -0.001 -18"><span class='ocrx_word' id='word_1_614' title='bbox 509 4297 659 4363; x_wconf 72' lang='lat' dir='ltr'><strong>men’,</strong></span> <span class='ocrx_word' id='word_1_615' title='bbox 693 4297 808 4352; x_wconf 89' lang='lat' dir='ltr'><strong>sine</strong></span> <span class='ocrx_word' id='word_1_616' title='bbox 836 4297 984 4354; x_wconf 88' lang='lat' dir='ltr'><strong>omni</strong></span> <span class='ocrx_word' id='word_1_617' title='bbox 1014 4297 1144 4353; x_wconf 65' lang='lat' dir='ltr'><strong>faece</strong></span> <span class='ocrx_word' id='word_1_618' title='bbox 1172 4299 1191 4318; x_wconf 77' lang='lat'><strong><em>‘</em></strong></span> <span class='ocrx_word' id='word_1_619' title='bbox 1215 4297 1487 4367; x_wconf 56' lang='lat' dir='ltr'><strong>justitiam</strong></span> <span class='ocrx_word' id='word_1_620' title='bbox 1511 4297 1700 4368; x_wconf 89' lang='lat' dir='ltr'><strong>plenus</strong></span> <span class='ocrx_word' id='word_1_621' title='bbox 1729 4303 1915 4360; x_wconf 75' lang='lat' dir='ltr'><strong>mixto,</strong></span> <span class='ocrx_word' id='word_1_622' title='bbox 1943 4315 1960 4347; x_wconf 82' lang='grc' dir='ltr'><strong>ι</strong></span> <span class='ocrx_word' id='word_1_623' title='bbox 1999 4295 2098 4349; x_wconf 91' lang='lat' dir='ltr'><strong>bo-</strong></span> 
     </span>
    </p>
   </div>
   <div class='ocr_carea' id='block_1_75' title="bbox 506 4386 2098 4459">
    <p class='ocr_par' dir='ltr' id='par_1_75' title="bbox 506 4386 2098 4459">
     <span class='ocr_line' id='line_1_75' title="bbox 506 4386 2098 4459; baseline -0.001 -16"><span class='ocrx_word' id='word_1_624' title='bbox 506 4388 592 4444; x_wconf 89' lang='lat' dir='ltr'><strong>nis</strong></span> <span class='ocrx_word' id='word_1_625' title='bbox 635 4389 777 4444; x_wconf 87' lang='lat' dir='ltr'><strong>bona</strong></span> <span class='ocrx_word' id='word_1_626' title='bbox 804 4391 822 4410; x_wconf 85' lang='lat'><strong>&#39;</strong></span> <span class='ocrx_word' id='word_1_627' title='bbox 849 4389 1008 4445; x_wconf 86' lang='lat' dir='ltr'><strong>malis</strong></span> <span class='ocrx_word' id='word_1_628' title='bbox 1041 4387 1182 4444; x_wconf 90' lang='lat' dir='ltr'><strong>mala</strong></span> <span class='ocrx_word' id='word_1_629' title='bbox 1228 4388 1547 4459; x_wconf 88' lang='lat' dir='ltr'><strong>rependens.</strong></span> <span class='ocrx_word' id='word_1_630' title='bbox 1599 4386 1772 4454; x_wconf 73' lang='lat' dir='ltr'><strong>Calix,</strong></span> <span class='ocrx_word' id='word_1_631' title='bbox 1825 4386 2098 4443; x_wconf 89' lang='lat' dir='ltr'><strong>tribulatio</strong></span> 
     </span>
    </p>
   </div>
   <div class='ocr_carea' id='block_1_76' title="bbox 507 4481 2097 4552">
    <p class='ocr_par' dir='ltr' id='par_1_76' title="bbox 507 4481 2097 4552">
     <span class='ocr_line' id='line_1_76' title="bbox 507 4481 2097 4552; baseline 0.001 -18"><span class='ocrx_word' id='word_1_632' title='bbox 507 4489 838 4548; x_wconf 88' lang='lat' dir='ltr'><strong>sanctorum,</strong></span> <span class='ocrx_word' id='word_1_633' title='bbox 869 4490 931 4538; x_wconf 92' lang='lat' dir='ltr'><strong>ut</strong></span> <span class='ocrx_word' id='word_1_634' title='bbox 966 4482 1020 4537; x_wconf 91' lang='lat' dir='ltr'><strong>in</strong></span> <span class='ocrx_word' id='word_1_635' title='bbox 1051 4482 1280 4552; x_wconf 90' lang='lat' dir='ltr'><strong>psalmo,</strong></span> <span class='ocrx_word' id='word_1_636' title='bbox 1316 4499 1336 4533; x_wconf 81' lang='grc' dir='ltr'><strong>ι</strong></span> <span class='ocrx_word' id='word_1_637' title='bbox 1371 4481 1630 4538; x_wconf 89' lang='lat' dir='ltr'><strong>Dominus</strong></span> <span class='ocrx_word' id='word_1_638' title='bbox 1656 4496 1780 4552; x_wconf 88' lang='lat' dir='ltr'><strong>pars</strong></span> <span class='ocrx_word' id='word_1_639' title='bbox 1807 4481 2097 4536; x_wconf 69' lang='lat' dir='ltr'><strong>haeredita-</strong></span> 
     </span>
    </p>
   </div>
   <div class='ocr_carea' id='block_1_77' title="bbox 506 4571 2099 4644">
    <p class='ocr_par' dir='ltr' id='par_1_77' title="bbox 506 4571 2099 4644">
     <span class='ocr_line' id='line_1_77' title="bbox 506 4571 2099 4644; baseline 0.003 -18"><span class='ocrx_word' id='word_1_640' title='bbox 506 4573 578 4626; x_wconf 89' lang='lat' dir='ltr'><strong>tis</strong></span> <span class='ocrx_word' id='word_1_641' title='bbox 607 4590 772 4641; x_wconf 68' lang='lat' dir='ltr'><strong>meaz,</strong></span> <span class='ocrx_word' id='word_1_642' title='bbox 804 4585 860 4631; x_wconf 90' lang='lat' dir='ltr'><strong>et</strong></span> <span class='ocrx_word' id='word_1_643' title='bbox 887 4575 1075 4631; x_wconf 86' lang='lat' dir='ltr'><strong>calicis</strong></span> <span class='ocrx_word' id='word_1_644' title='bbox 1104 4574 1211 4629; x_wconf 90' lang='lat' dir='ltr'><strong>mei</strong></span> <span class='ocrx_word' id='word_1_645' title='bbox 1239 4573 1302 4641; x_wconf 77' lang='lat'><strong>“,</strong></span> <span class='ocrx_word' id='word_1_646' title='bbox 1334 4592 1352 4626; x_wconf 73' lang='grc' dir='ltr'><strong>ι</strong></span> <span class='ocrx_word' id='word_1_647' title='bbox 1383 4573 1525 4644; x_wconf 87' lang='lat' dir='ltr'><strong>quod</strong></span> <span class='ocrx_word' id='word_1_648' title='bbox 1561 4574 1703 4628; x_wconf 90' lang='lat' dir='ltr'><strong>Deus</strong></span> <span class='ocrx_word' id='word_1_649' title='bbox 1733 4571 1946 4628; x_wconf 90' lang='lat' dir='ltr'><strong>illorum</strong></span> <span class='ocrx_word' id='word_1_650' title='bbox 1973 4587 2099 4643; x_wconf 87' lang='lat' dir='ltr'><strong>pars</strong></span> 
     </span>
    </p>
   </div>
   <div class='ocr_carea' id='block_1_78' title="bbox 508 4663 2094 4737">
    <p class='ocr_par' dir='ltr' id='par_1_78' title="bbox 508 4663 2094 4737">
     <span class='ocr_line' id='line_1_78' title="bbox 508 4663 2094 4737; baseline 0 -16"><span class='ocrx_word' id='word_1_651' title='bbox 508 4674 614 4732; x_wconf 89' lang='lat' dir='ltr'><strong>est,</strong></span> <span class='ocrx_word' id='word_1_652' title='bbox 643 4667 733 4737; x_wconf 91' lang='lat' dir='ltr'><strong>qui</strong></span> <span class='ocrx_word' id='word_1_653' title='bbox 762 4682 862 4737; x_wconf 92' lang='lat' dir='ltr'><strong>pro</strong></span> <span class='ocrx_word' id='word_1_654' title='bbox 889 4683 954 4723; x_wconf 89' lang='lat' dir='ltr'><strong>eo</strong></span> <span class='ocrx_word' id='word_1_655' title='bbox 985 4667 1330 4723; x_wconf 87' lang='lat' dir='ltr'><strong>tribulantur.</strong></span> <span class='ocrx_word' id='word_1_656' title='bbox 1363 4663 1538 4732; x_wconf 70' lang='lat' dir='ltr'><strong>Calizr,</strong></span> <span class='ocrx_word' id='word_1_657' title='bbox 1568 4665 1747 4737; x_wconf 88' lang='lat' dir='ltr'><strong>passio</strong></span> <span class='ocrx_word' id='word_1_658' title='bbox 1773 4675 2094 4736; x_wconf 86' lang='lat' dir='ltr'><strong>martyrum,</strong></span> 
     </span>
    </p>
   </div>
   <div class='ocr_carea' id='block_1_79' title="bbox 503 4756 2099 4828">
    <p class='ocr_par' dir='ltr' id='par_1_79' title="bbox 503 4756 2099 4828">
     <span class='ocr_line' id='line_1_79' title="bbox 503 4756 2099 4828; baseline 0.001 -18"><span class='ocrx_word' id='word_1_659' title='bbox 503 4765 566 4810; x_wconf 86' lang='lat' dir='ltr'><strong>ut</strong></span> <span class='ocrx_word' id='word_1_660' title='bbox 604 4757 656 4810; x_wconf 94' lang='lat' dir='ltr'><strong>in</strong></span> <span class='ocrx_word' id='word_1_661' title='bbox 696 4758 902 4827; x_wconf 89' lang='lat' dir='ltr'><strong>psalmo</strong></span> <span class='ocrx_word' id='word_1_662' title='bbox 937 4776 951 4812; x_wconf 89' lang='lat'><strong>:</strong></span> <span class='ocrx_word' id='word_1_663' title='bbox 991 4777 1009 4810; x_wconf 72' lang='grc' dir='ltr'><strong>ε</strong></span> <span class='ocrx_word' id='word_1_664' title='bbox 1046 4757 1278 4814; x_wconf 88' lang='lat' dir='ltr'><strong>Calicem</strong></span> <span class='ocrx_word' id='word_1_665' title='bbox 1320 4757 1575 4813; x_wconf 90' lang='lat' dir='ltr'><strong>salutaris</strong></span> <span class='ocrx_word' id='word_1_666' title='bbox 1603 4757 1862 4828; x_wconf 89' lang='lat' dir='ltr'><strong>accipiam</strong></span> <span class='ocrx_word' id='word_1_667' title='bbox 1889 4756 1956 4824; x_wconf 81' lang='grc'><strong>¹⁷,</strong></span> <span class='ocrx_word' id='word_1_668' title='bbox 1989 4775 2008 4808; x_wconf 81' lang='grc' dir='ltr'><strong>ι</strong></span> <span class='ocrx_word' id='word_1_669' title='bbox 2043 4756 2099 4812; x_wconf 90' lang='lat' dir='ltr'><strong>id</strong></span> 
     </span>
    </p>
   </div>
   <div class='ocr_carea' id='block_1_80' title="bbox 505 4845 2096 4921">
    <p class='ocr_par' dir='ltr' id='par_1_80' title="bbox 505 4845 2096 4921">
     <span class='ocr_line' id='line_1_80' title="bbox 505 4845 2096 4921; baseline 0 -19"><span class='ocrx_word' id='word_1_670' title='bbox 505 4855 608 4912; x_wconf 89' lang='lat' dir='ltr'><strong>est,</strong></span> <span class='ocrx_word' id='word_1_671' title='bbox 638 4849 942 4918; x_wconf 91' lang='lat' dir='ltr'><strong>passionem</strong></span> <span class='ocrx_word' id='word_1_672' title='bbox 970 4849 1219 4921; x_wconf 89' lang='lat' dir='ltr'><strong>martyrii</strong></span> <span class='ocrx_word' id='word_1_673' title='bbox 1245 4851 1312 4904; x_wconf 91' lang='lat' dir='ltr'><strong>ad</strong></span> <span class='ocrx_word' id='word_1_674' title='bbox 1341 4849 1700 4904; x_wconf 89' lang='lat' dir='ltr'><strong>imitationem</strong></span> <span class='ocrx_word' id='word_1_675' title='bbox 1729 4847 1930 4904; x_wconf 89' lang='lat' dir='ltr'><strong>Christi</strong></span> <span class='ocrx_word' id='word_1_676' title='bbox 1964 4845 2096 4902; x_wconf 92' lang='lat' dir='ltr'><strong>tole-</strong></span> 
     </span>
    </p>
   </div>
   <div class='ocr_carea' id='block_1_81' title="bbox 505 4938 2094 5013">
    <p class='ocr_par' dir='ltr' id='par_1_81' title="bbox 505 4938 2094 5013">
     <span class='ocr_line' id='line_1_81' title="bbox 505 4938 2094 5013; baseline 0.002 -21"><span class='ocrx_word' id='word_1_677' title='bbox 505 4939 658 4994; x_wconf 87' lang='lat' dir='ltr'><strong>rabo.</strong></span> <span class='ocrx_word' id='word_1_678' title='bbox 695 4938 869 5006; x_wconf 70' lang='lat' dir='ltr'><strong>Calix,</strong></span> <span class='ocrx_word' id='word_1_679' title='bbox 906 4943 1177 4996; x_wconf 88' lang='lat' dir='ltr'><strong>mundana</strong></span> <span class='ocrx_word' id='word_1_680' title='bbox 1207 4942 1474 5013; x_wconf 89' lang='lat' dir='ltr'><strong>voluptas,</strong></span> <span class='ocrx_word' id='word_1_681' title='bbox 1505 4950 1563 4996; x_wconf 92' lang='lat' dir='ltr'><strong>ut</strong></span> <span class='ocrx_word' id='word_1_682' title='bbox 1593 4941 1646 4996; x_wconf 92' lang='lat' dir='ltr'><strong>in</strong></span> <span class='ocrx_word' id='word_1_683' title='bbox 1675 4939 2018 5011; x_wconf 83' lang='lat' dir='ltr'><strong>Apocalypsi,</strong></span> <span class='ocrx_word' id='word_1_684' title='bbox 2051 4939 2094 4971; x_wconf 83' lang='grc'><strong>¹⁸</strong></span> 
     </span>
    </p>
   </div>
   <div class='ocr_carea' id='block_1_82' title="bbox 504 5032 2094 5108">
    <p class='ocr_par' dir='ltr' id='par_1_82' title="bbox 504 5032 2094 5108">
     <span class='ocr_line' id='line_1_82' title="bbox 504 5032 2094 5108; baseline 0.001 -22"><span class='ocrx_word' id='word_1_685' title='bbox 504 5032 645 5087; x_wconf 89' lang='lat' dir='ltr'><strong>calix</strong></span> <span class='ocrx_word' id='word_1_686' title='bbox 692 5048 888 5089; x_wconf 89' lang='lat' dir='ltr'><strong>aureus</strong></span> <span class='ocrx_word' id='word_1_687' title='bbox 927 5033 1187 5108; x_wconf 90' lang='lat' dir='ltr'><strong>Babylon,</strong></span> <span class='ocrx_word' id='word_1_688' title='bbox 1234 5037 1378 5107; x_wconf 90' lang='lat' dir='ltr'><strong>quod</strong></span> <span class='ocrx_word' id='word_1_689' title='bbox 1422 5035 1646 5107; x_wconf 85' lang='lat' dir='ltr'><strong>pulcher</strong></span> <span class='ocrx_word' id='word_1_690' title='bbox 1667 5035 1885 5105; x_wconf 89' lang='lat' dir='ltr'><strong>quidem</strong></span> <span class='ocrx_word' id='word_1_691' title='bbox 1910 5041 2094 5090; x_wconf 87' lang='lat' dir='ltr'><strong>noster</strong></span> 
     </span>
    </p>
   </div>
   <div class='ocr_carea' id='block_1_83' title="bbox 507 5125 1709 5194">
    <p class='ocr_par' dir='ltr' id='par_1_83' title="bbox 507 5125 1709 5194">
     <span class='ocr_line' id='line_1_83' title="bbox 507 5125 1709 5194; baseline 0.001 -15"><span class='ocrx_word' id='word_1_692' title='bbox 507 5125 740 5181; x_wconf 89' lang='lat' dir='ltr'><strong>mundus</strong></span> <span class='ocrx_word' id='word_1_693' title='bbox 766 5126 901 5194; x_wconf 91' lang='lat' dir='ltr'><strong>iste,</strong></span> <span class='ocrx_word' id='word_1_694' title='bbox 929 5129 1023 5184; x_wconf 90' lang='lat' dir='ltr'><strong>sed</strong></span> <span class='ocrx_word' id='word_1_695' title='bbox 1049 5129 1116 5183; x_wconf 87' lang='lat' dir='ltr'><strong>ad</strong></span> <span class='ocrx_word' id='word_1_696' title='bbox 1143 5127 1512 5184; x_wconf 79' lang='lat' dir='ltr'><strong>confusionem</strong></span> <span class='ocrx_word' id='word_1_697' title='bbox 1541 5127 1709 5183; x_wconf 85' lang='lat' dir='ltr'><strong>ducit.</strong></span> 
     </span>
    </p>
   </div>
   <div class='ocr_carea' id='block_1_84' title="bbox 574 5216 2097 5292">
    <p class='ocr_par' dir='ltr' id='par_1_84' title="bbox 574 5216 2097 5292">
     <span class='ocr_line' id='line_1_84' title="bbox 574 5216 2097 5292; baseline 0.001 -20"><span class='ocrx_word' id='word_1_698' title='bbox 574 5216 823 5275; x_wconf 86' lang='lat' dir='ltr'><strong>Calamus</strong></span> <span class='ocrx_word' id='word_1_699' title='bbox 851 5229 935 5277; x_wconf 90' lang='lat' dir='ltr'><strong>est</strong></span> <span class='ocrx_word' id='word_1_700' title='bbox 958 5219 1228 5290; x_wconf 87' lang='lat' dir='ltr'><strong>Christus,</strong></span> <span class='ocrx_word' id='word_1_701' title='bbox 1255 5231 1315 5276; x_wconf 92' lang='lat' dir='ltr'><strong>ut</strong></span> <span class='ocrx_word' id='word_1_702' title='bbox 1343 5222 1396 5275; x_wconf 92' lang='lat' dir='ltr'><strong>in</strong></span> <span class='ocrx_word' id='word_1_703' title='bbox 1426 5220 1665 5292; x_wconf 90' lang='lat' dir='ltr'><strong>psalmo:</strong></span> <span class='ocrx_word' id='word_1_704' title='bbox 1701 5238 1719 5272; x_wconf 78' lang='grc' dir='ltr'><strong>ι</strong></span> <span class='ocrx_word' id='word_1_705' title='bbox 1741 5220 1948 5292; x_wconf 90' lang='lat' dir='ltr'><strong>Lingua</strong></span> <span class='ocrx_word' id='word_1_706' title='bbox 1977 5233 2097 5276; x_wconf 91' lang='lat' dir='ltr'><strong>mea</strong></span> 
     </span>
    </p>
   </div>
   <div class='ocr_carea' id='block_1_85' title="bbox 2207 3270 3685 3346">
    <p class='ocr_par' dir='ltr' id='par_1_85' title="bbox 2207 3270 3685 3346">
     <span class='ocr_line' id='line_1_85' title="bbox 2207 3270 3685 3346; baseline -0.006 -10"><span class='ocrx_word' id='word_1_707' title='bbox 2207 3280 2295 3336; x_wconf 91' lang='lat' dir='ltr'><strong>hic</strong></span> <span class='ocrx_word' id='word_1_708' title='bbox 2346 3279 2627 3336; x_wconf 85' lang='lat' dir='ltr'><strong>tentationi</strong></span> <span class='ocrx_word' id='word_1_709' title='bbox 2674 3279 2976 3336; x_wconf 90' lang='lat' dir='ltr'><strong>resistendo</strong></span> <span class='ocrx_word' id='word_1_710' title='bbox 3019 3279 3225 3346; x_wconf 87' lang='lat' dir='ltr'><strong>vincit,</strong></span> <span class='ocrx_word' id='word_1_711' title='bbox 3250 3279 3437 3336; x_wconf 90' lang='lat' dir='ltr'><strong>claram</strong></span> <span class='ocrx_word' id='word_1_712' title='bbox 3481 3275 3527 3330; x_wconf 89' lang='lat' dir='ltr'><strong>in</strong></span> <span class='ocrx_word' id='word_1_713' title='bbox 3563 3270 3685 3326; x_wconf 80' lang='lat' dir='ltr'><strong>futuro</strong></span> 
     </span>
    </p>
   </div>
   <div class='ocr_carea' id='block_1_86' title="bbox 2204 3363 3687 3444">
    <p class='ocr_par' dir='ltr' id='par_1_86' title="bbox 2204 3363 3687 3444">
     <span class='ocr_line' id='line_1_86' title="bbox 2204 3363 3687 3444; baseline -0.008 -16"><span class='ocrx_word' id='word_1_714' title='bbox 2204 3373 2563 3430; x_wconf 61' lang='lat' dir='ltr'><strong>asternitatem</strong></span> <span class='ocrx_word' id='word_1_715' title='bbox 2599 3383 2963 3444; x_wconf 71' lang='lat' dir='ltr'><strong>mternamque</strong></span> <span class='ocrx_word' id='word_1_716' title='bbox 2991 3373 3297 3431; x_wconf 87' lang='lat' dir='ltr'><strong>claritatem</strong></span> <span class='ocrx_word' id='word_1_717' title='bbox 3325 3369 3531 3428; x_wconf 84' lang='lat' dir='ltr'><strong>habebit.</strong></span> <span class='ocrx_word' id='word_1_718' title='bbox 3555 3363 3687 3420; x_wconf 75' lang='lat' dir='ltr'><strong>Calcu-</strong></span> 
     </span>
    </p>
   </div>
   <div class='ocr_carea' id='block_1_87' title="bbox 2203 3457 3769 3540">
    <p class='ocr_par' dir='ltr' id='par_1_87' title="bbox 2203 3457 3769 3540">
     <span class='ocr_line' id='line_1_87' title="bbox 2203 3457 3769 3540; baseline -0.006 -18"><span class='ocrx_word' id='word_1_719' title='bbox 2203 3467 2308 3533; x_wconf 83' lang='lat' dir='ltr'><strong>lus,</strong></span> <span class='ocrx_word' id='word_1_720' title='bbox 2333 3483 2493 3539; x_wconf 65' lang='lat' dir='ltr'><strong>poena</strong></span> <span class='ocrx_word' id='word_1_721' title='bbox 2521 3469 2715 3540; x_wconf 77' lang='lat' dir='ltr'><strong>linguae</strong></span> <span class='ocrx_word' id='word_1_722' title='bbox 2739 3469 3050 3524; x_wconf 89' lang='lat' dir='ltr'><strong>mentientis</strong></span> <span class='ocrx_word' id='word_1_723' title='bbox 3067 3509 3086 3536; x_wconf 92' lang='lat'><strong>,</strong></span> <span class='ocrx_word' id='word_1_724' title='bbox 3115 3478 3175 3524; x_wconf 90' lang='lat' dir='ltr'><strong>ut</strong></span> <span class='ocrx_word' id='word_1_725' title='bbox 3207 3468 3261 3522; x_wconf 91' lang='lat' dir='ltr'><strong>in</strong></span> <span class='ocrx_word' id='word_1_726' title='bbox 3285 3463 3562 3522; x_wconf 85' lang='lat' dir='ltr'><strong>Parabolis:</strong></span> <span class='ocrx_word' id='word_1_727' title='bbox 3586 3477 3600 3509; x_wconf 76' lang='grc' dir='ltr'><strong>ι</strong></span> <span class='ocrx_word' id='word_1_728' title='bbox 3620 3457 3686 3512; x_wconf 71' lang='grc' dir='ltr'><strong>Κε-</strong></span> <span class='ocrx_word' id='word_1_729' title='bbox 3765 3503 3769 3507; x_wconf 96' lang='grc'><strong>.</strong></span> 
     </span>
    </p>
   </div>
   <div class='ocr_carea' id='block_1_88' title="bbox 2203 3555 3686 3632">
    <p class='ocr_par' dir='ltr' id='par_1_88' title="bbox 2203 3555 3686 3632">
     <span class='ocr_line' id='line_1_88' title="bbox 2203 3555 3686 3632; baseline -0.007 -18"><span class='ocrx_word' id='word_1_730' title='bbox 2203 3561 2440 3632; x_wconf 88' lang='lat' dir='ltr'><strong>plebitur</strong></span> <span class='ocrx_word' id='word_1_731' title='bbox 2462 3577 2524 3617; x_wconf 85' lang='lat' dir='ltr'><strong>os</strong></span> <span class='ocrx_word' id='word_1_732' title='bbox 2550 3559 2667 3629; x_wconf 90' lang='lat' dir='ltr'><strong>ejus</strong></span> <span class='ocrx_word' id='word_1_733' title='bbox 2700 3560 2928 3628; x_wconf 89' lang='lat' dir='ltr'><strong>calculo,</strong></span> <span class='ocrx_word' id='word_1_734' title='bbox 2953 3580 2970 3612; x_wconf 80' lang='grc' dir='ltr'><strong>ι</strong></span> <span class='ocrx_word' id='word_1_735' title='bbox 3001 3563 3149 3632; x_wconf 89' lang='lat' dir='ltr'><strong>quod</strong></span> <span class='ocrx_word' id='word_1_736' title='bbox 3173 3561 3264 3631; x_wconf 91' lang='lat' dir='ltr'><strong>qui</strong></span> <span class='ocrx_word' id='word_1_737' title='bbox 3289 3561 3372 3615; x_wconf 90' lang='lat' dir='ltr'><strong>hic</strong></span> <span class='ocrx_word' id='word_1_738' title='bbox 3394 3560 3441 3613; x_wconf 91' lang='lat' dir='ltr'><strong>in</strong></span> <span class='ocrx_word' id='word_1_739' title='bbox 3465 3555 3606 3625; x_wconf 83' lang='lat' dir='ltr'><strong>lingua</strong></span> <span class='ocrx_word' id='word_1_740' title='bbox 3624 3562 3686 3620; x_wconf 70' lang='lat' dir='ltr'><strong>pa</strong></span> 
     </span>
    </p>
   </div>
   <div class='ocr_carea' id='block_1_89' title="bbox 2203 3650 3686 3723">
    <p class='ocr_par' dir='ltr' id='par_1_89' title="bbox 2203 3650 3686 3723">
     <span class='ocr_line' id='line_1_89' title="bbox 2203 3650 3686 3723; baseline -0.009 -14"><span class='ocrx_word' id='word_1_741' title='bbox 2203 3653 2544 3710; x_wconf 89' lang='lat' dir='ltr'><strong>mendacium</strong></span> <span class='ocrx_word' id='word_1_742' title='bbox 2575 3661 2783 3723; x_wconf 89' lang='lat' dir='ltr'><strong>peccat,</strong></span> <span class='ocrx_word' id='word_1_743' title='bbox 2813 3651 2870 3707; x_wconf 89' lang='lat' dir='ltr'><strong>in</strong></span> <span class='ocrx_word' id='word_1_744' title='bbox 2913 3650 3101 3709; x_wconf 89' lang='lat' dir='ltr'><strong>futuro</strong></span> <span class='ocrx_word' id='word_1_745' title='bbox 3128 3653 3185 3708; x_wconf 90' lang='lat' dir='ltr'><strong>in</strong></span> <span class='ocrx_word' id='word_1_746' title='bbox 3222 3651 3393 3722; x_wconf 84' lang='lat' dir='ltr'><strong>lingua</strong></span> <span class='ocrx_word' id='word_1_747' title='bbox 3421 3663 3505 3718; x_wconf 89' lang='lat' dir='ltr'><strong>per</strong></span> <span class='ocrx_word' id='word_1_748' title='bbox 3535 3652 3686 3715; x_wconf 73' lang='lat' dir='ltr'><strong>pcenaln</strong></span> 
     </span>
    </p>
   </div>
   <div class='ocr_carea' id='block_1_90' title="bbox 2204 3743 2785 3800">
    <p class='ocr_par' dir='ltr' id='par_1_90' title="bbox 2204 3743 2785 3800">
     <span class='ocr_line' id='line_1_90' title="bbox 2204 3743 2785 3800; baseline -0.005 -1"><span class='ocrx_word' id='word_1_749' title='bbox 2204 3745 2416 3800; x_wconf 90' lang='lat' dir='ltr'><strong>ardoris</strong></span> <span class='ocrx_word' id='word_1_750' title='bbox 2437 3743 2785 3800; x_wconf 91' lang='lat' dir='ltr'><strong>cruciabitur.</strong></span> 
     </span>
    </p>
   </div>
   <div class='ocr_carea' id='block_1_91' title="bbox 2275 3818 3685 3905">
    <p class='ocr_par' dir='ltr' id='par_1_91' title="bbox 2275 3818 3685 3905">
     <span class='ocr_line' id='line_1_91' title="bbox 2275 3818 3685 3905; baseline -0.012 -15"><span class='ocrx_word' id='word_1_751' title='bbox 2275 3833 2439 3890; x_wconf 86' lang='lat' dir='ltr'><strong>Callis</strong></span> <span class='ocrx_word' id='word_1_752' title='bbox 2479 3843 2564 3890; x_wconf 89' lang='lat' dir='ltr'><strong>est</strong></span> <span class='ocrx_word' id='word_1_753' title='bbox 2611 3833 2721 3888; x_wconf 87' lang='lat' dir='ltr'><strong>vita</strong></span> <span class='ocrx_word' id='word_1_754' title='bbox 2765 3833 3028 3905; x_wconf 90' lang='lat' dir='ltr'><strong>cujusque</strong></span> <span class='ocrx_word' id='word_1_755' title='bbox 3075 3830 3345 3903; x_wconf 85' lang='lat' dir='ltr'><strong>religiosi,</strong></span> <span class='ocrx_word' id='word_1_756' title='bbox 3392 3835 3448 3884; x_wconf 87' lang='lat' dir='ltr'><strong>ut</strong></span> <span class='ocrx_word' id='word_1_757' title='bbox 3485 3827 3531 3881; x_wconf 87' lang='lat' dir='ltr'><strong>in</strong></span> <span class='ocrx_word' id='word_1_758' title='bbox 3563 3818 3685 3877; x_wconf 79' lang='lat' dir='ltr'><strong>Isaia:</strong></span> 
     </span>
    </p>
   </div>
   <div class='ocr_carea' id='block_1_92' title="bbox 2211 3908 3687 3996">
    <p class='ocr_par' dir='ltr' id='par_1_92' title="bbox 2211 3908 3687 3996">
     <span class='ocr_line' id='line_1_92' title="bbox 2211 3908 3687 3996; baseline 0.001 -17"><span class='ocrx_word' id='word_1_759' title='bbox 2211 3946 2231 3979; x_wconf 87' lang='grc'><em>‹</em></span> <span class='ocrx_word' id='word_1_760' title='bbox 2268 3927 2468 3983; x_wconf 85' lang='lat' dir='ltr'><strong>Rectus</strong></span> <span class='ocrx_word' id='word_1_761' title='bbox 2504 3925 2658 3982; x_wconf 89' lang='lat' dir='ltr'><strong>callis</strong></span> <span class='ocrx_word' id='word_1_762' title='bbox 2684 3925 2818 3996; x_wconf 90' lang='lat' dir='ltr'><strong>justi</strong></span> <span class='ocrx_word' id='word_1_763' title='bbox 2854 3925 2924 3980; x_wconf 88' lang='lat' dir='ltr'><strong>ad</strong></span> <span class='ocrx_word' id='word_1_764' title='bbox 2958 3925 3340 3981; x_wconf 89' lang='lat' dir='ltr'><strong>ambulandum</strong></span> <span class='ocrx_word' id='word_1_765' title='bbox 3363 3921 3426 3987; x_wconf 85' lang='grc'><strong>³¹,</strong></span> <span class='ocrx_word' id='word_1_766' title='bbox 3454 3941 3470 3973; x_wconf 74' lang='grc' dir='ltr'><strong>ι</strong></span> <span class='ocrx_word' id='word_1_767' title='bbox 3498 3915 3608 3989; x_wconf 76' lang='lat' dir='ltr'><strong>quod</strong></span> <span class='ocrx_word' id='word_1_768' title='bbox 3628 3908 3687 3981; x_wconf 76' lang='grc' dir='ltr'>(ιιιί</span> 
     </span>
    </p>
   </div>
   <div class='ocr_carea' id='block_1_93' title="bbox 2199 4004 3688 4093">
    <p class='ocr_par' dir='ltr' id='par_1_93' title="bbox 2199 4004 3688 4093">
     <span class='ocr_line' id='line_1_93' title="bbox 2199 4004 3688 4093; baseline 0.001 -17"><span class='ocrx_word' id='word_1_769' title='bbox 2199 4022 2354 4093; x_wconf 88' lang='lat' dir='ltr'><strong>juxta</strong></span> <span class='ocrx_word' id='word_1_770' title='bbox 2382 4021 2755 4092; x_wconf 87' lang='lat' dir='ltr'><strong>religiosorum</strong></span> <span class='ocrx_word' id='word_1_771' title='bbox 2779 4023 2946 4078; x_wconf 89' lang='lat' dir='ltr'><strong>vitam</strong></span> <span class='ocrx_word' id='word_1_772' title='bbox 2969 4023 3124 4088; x_wconf 89' lang='lat' dir='ltr'><strong>vivit,</strong></span> <span class='ocrx_word' id='word_1_773' title='bbox 3145 4023 3210 4078; x_wconf 72' lang='lat' dir='ltr'><strong>in</strong></span> <span class='ocrx_word' id='word_1_774' title='bbox 3239 4018 3528 4076; x_wconf 88' lang='lat' dir='ltr'><strong>tortitudine</strong></span> <span class='ocrx_word' id='word_1_775' title='bbox 3552 4004 3688 4076; x_wconf 69' lang='grc' dir='ltr'><strong>ἰιιὶφιί·</strong></span> 
     </span>
    </p>
   </div>
   <div class='ocr_carea' id='block_1_94' title="bbox 2205 4112 3686 4182">
    <p class='ocr_par' dir='ltr' id='par_1_94' title="bbox 2205 4112 3686 4182">
     <span class='ocr_line' id='line_1_94' title="bbox 2205 4112 3686 4182; baseline -0.006 -12"><span class='ocrx_word' id='word_1_776' title='bbox 2205 4115 2332 4170; x_wconf 90' lang='lat' dir='ltr'><strong>tatis</strong></span> <span class='ocrx_word' id='word_1_777' title='bbox 2361 4130 2467 4169; x_wconf 91' lang='lat' dir='ltr'><strong>non</strong></span> <span class='ocrx_word' id='word_1_778' title='bbox 2497 4114 2736 4170; x_wconf 78' lang='lat' dir='ltr'><strong>offendit.</strong></span> <span class='ocrx_word' id='word_1_779' title='bbox 2776 4114 2881 4171; x_wconf 88' lang='lat' dir='ltr'><strong>Per</strong></span> <span class='ocrx_word' id='word_1_780' title='bbox 2910 4115 3173 4170; x_wconf 78' lang='lat' dir='ltr'><strong>calculum</strong></span> <span class='ocrx_word' id='word_1_781' title='bbox 3196 4158 3210 4182; x_wconf 95' lang='lat'><strong>,</strong></span> <span class='ocrx_word' id='word_1_782' title='bbox 3238 4114 3477 4170; x_wconf 74' lang='lat' dir='ltr'><strong>doctrina:</strong></span> <span class='ocrx_word' id='word_1_783' title='bbox 3508 4112 3686 4172; x_wconf 59' lang='lat' dir='ltr'><strong>nequam.</strong></span> 
     </span>
    </p>
   </div>
   <div class='ocr_carea' id='block_1_95' title="bbox 2202 4193 3688 4276">
    <p class='ocr_par' dir='ltr' id='par_1_95' title="bbox 2202 4193 3688 4276">
     <span class='ocr_line' id='line_1_95' title="bbox 2202 4193 3688 4276; baseline -0.01 -14"><span class='ocrx_word' id='word_1_784' title='bbox 2202 4216 2263 4262; x_wconf 90' lang='lat' dir='ltr'><strong>ut</strong></span> <span class='ocrx_word' id='word_1_785' title='bbox 2287 4209 2338 4261; x_wconf 92' lang='lat' dir='ltr'><strong>in</strong></span> <span class='ocrx_word' id='word_1_786' title='bbox 2370 4207 2505 4263; x_wconf 87' lang='lat' dir='ltr'><strong>libro</strong></span> <span class='ocrx_word' id='word_1_787' title='bbox 2534 4206 2782 4263; x_wconf 88' lang='lat' dir='ltr'><strong>Judicum</strong></span> <span class='ocrx_word' id='word_1_788' title='bbox 2808 4226 2822 4262; x_wconf 89' lang='lat'><strong>:</strong></span> <span class='ocrx_word' id='word_1_789' title='bbox 2855 4227 2874 4259; x_wconf 72' lang='grc' dir='ltr'><strong>ι</strong></span> <span class='ocrx_word' id='word_1_790' title='bbox 2906 4209 3336 4264; x_wconf 84' lang='lat' dir='ltr'><strong>Ambulaverunt</strong></span> <span class='ocrx_word' id='word_1_791' title='bbox 3368 4220 3456 4276; x_wconf 85' lang='lat' dir='ltr'><strong>per</strong></span> <span class='ocrx_word' id='word_1_792' title='bbox 3479 4199 3609 4257; x_wconf 83' lang='lat' dir='ltr'><strong>calles</strong></span> <span class='ocrx_word' id='word_1_793' title='bbox 3628 4193 3688 4247; x_wconf 85' lang='lat' dir='ltr'><strong>de-</strong></span> 
     </span>
    </p>
   </div>
   <div class='ocr_carea' id='block_1_96' title="bbox 2200 4298 3619 4370">
    <p class='ocr_par' dir='ltr' id='par_1_96' title="bbox 2200 4298 3619 4370">
     <span class='ocr_line' id='line_1_96' title="bbox 2200 4298 3619 4370; baseline -0.005 -17"><span class='ocrx_word' id='word_1_794' title='bbox 2200 4298 2317 4353; x_wconf 90' lang='lat' dir='ltr'><strong>vios</strong></span> <span class='ocrx_word' id='word_1_795' title='bbox 2349 4298 2417 4363; x_wconf 82' lang='grc'><strong>³²,</strong></span> <span class='ocrx_word' id='word_1_796' title='bbox 2441 4317 2459 4349; x_wconf 76' lang='grc' dir='ltr'><strong>ι</strong></span> <span class='ocrx_word' id='word_1_797' title='bbox 2493 4299 2544 4353; x_wconf 90' lang='lat' dir='ltr'><strong>id</strong></span> <span class='ocrx_word' id='word_1_798' title='bbox 2573 4307 2674 4364; x_wconf 91' lang='lat' dir='ltr'><strong>est,</strong></span> <span class='ocrx_word' id='word_1_799' title='bbox 2705 4300 2980 4354; x_wconf 89' lang='lat' dir='ltr'><strong>doctrinas</strong></span> <span class='ocrx_word' id='word_1_800' title='bbox 3010 4300 3374 4370; x_wconf 88' lang='lat' dir='ltr'><strong>sequebantur</strong></span> <span class='ocrx_word' id='word_1_801' title='bbox 3395 4303 3619 4351; x_wconf 76' lang='lat' dir='ltr'><strong>erroneaS-</strong></span> 
     </span>
    </p>
   </div>
   <div class='ocr_carea' id='block_1_97' title="bbox 2272 4381 3686 4458">
    <p class='ocr_par' dir='ltr' id='par_1_97' title="bbox 2272 4381 3686 4458">
     <span class='ocr_line' id='line_1_97' title="bbox 2272 4381 3686 4458; baseline -0.009 -11"><span class='ocrx_word' id='word_1_802' title='bbox 2272 4389 2694 4447; x_wconf 80' lang='lat' dir='ltr'><strong>Calceamentum</strong></span> <span class='ocrx_word' id='word_1_803' title='bbox 2715 4401 2801 4448; x_wconf 90' lang='lat' dir='ltr'><strong>est</strong></span> <span class='ocrx_word' id='word_1_804' title='bbox 2819 4394 3130 4449; x_wconf 89' lang='lat' dir='ltr'><strong>humanitas</strong></span> <span class='ocrx_word' id='word_1_805' title='bbox 3152 4393 3374 4458; x_wconf 88' lang='lat' dir='ltr'><strong>Christi,</strong></span> <span class='ocrx_word' id='word_1_806' title='bbox 3387 4390 3500 4447; x_wconf 91' lang='lat' dir='ltr'><strong>utin</strong></span> <span class='ocrx_word' id='word_1_807' title='bbox 3517 4381 3686 4457; x_wconf 84' lang='lat' dir='ltr'><strong>psalmo:</strong></span> 
     </span>
    </p>
   </div>
   <div class='ocr_carea' id='block_1_98' title="bbox 2207 4480 3690 4547">
    <p class='ocr_par' dir='ltr' id='par_1_98' title="bbox 2207 4480 3690 4547">
     <span class='ocr_line' id='line_1_98' title="bbox 2207 4480 3690 4547; baseline 0.004 -11"><span class='ocrx_word' id='word_1_808' title='bbox 2207 4503 2227 4536; x_wconf 73' lang='grc' dir='ltr'><strong>ι</strong></span> <span class='ocrx_word' id='word_1_809' title='bbox 2245 4484 2304 4540; x_wconf 85' lang='lat' dir='ltr'><strong>In</strong></span> <span class='ocrx_word' id='word_1_810' title='bbox 2323 4483 2614 4540; x_wconf 65' lang='lat' dir='ltr'><strong>ldumaaum</strong></span> <span class='ocrx_word' id='word_1_811' title='bbox 2635 4485 2919 4540; x_wconf 86' lang='lat' dir='ltr'><strong>extendam</strong></span> <span class='ocrx_word' id='word_1_812' title='bbox 2942 4484 3306 4540; x_wconf 86' lang='lat' dir='ltr'><strong>calceamenta</strong></span> <span class='ocrx_word' id='word_1_813' title='bbox 3330 4481 3393 4547; x_wconf 83' lang='grc'><strong>⁸³,</strong></span> <span class='ocrx_word' id='word_1_814' title='bbox 3417 4501 3434 4534; x_wconf 73' lang='grc' dir='ltr'><strong>ι</strong></span> <span class='ocrx_word' id='word_1_815' title='bbox 3451 4480 3496 4534; x_wconf 87' lang='lat' dir='ltr'><strong>id</strong></span> <span class='ocrx_word' id='word_1_816' title='bbox 3513 4484 3690 4542; x_wconf 70' lang='grc' dir='ltr'>εεινςθιι·</span> 
     </span>
    </p>
   </div>
   <div class='ocr_carea' id='block_1_99' title="bbox 2204 4565 3691 4630">
    <p class='ocr_par' dir='ltr' id='par_1_99' title="bbox 2204 4565 3691 4630">
     <span class='ocr_line' id='line_1_99' title="bbox 2204 4565 3691 4630; baseline -0.011 -1"><span class='ocrx_word' id='word_1_817' title='bbox 2204 4575 2384 4630; x_wconf 88' lang='lat' dir='ltr'><strong>tilitati</strong></span> <span class='ocrx_word' id='word_1_818' title='bbox 2431 4573 2684 4629; x_wconf 83' lang='lat' dir='ltr'><strong>revelabo</strong></span> <span class='ocrx_word' id='word_1_819' title='bbox 2732 4573 3160 4629; x_wconf 89' lang='lat' dir='ltr'><strong>incarnationem</strong></span> <span class='ocrx_word' id='word_1_820' title='bbox 3202 4587 3396 4627; x_wconf 89' lang='lat' dir='ltr'><strong>meam.</strong></span> <span class='ocrx_word' id='word_1_821' title='bbox 3439 4565 3691 4623; x_wconf 73' lang='lat' dir='ltr'><strong>Calceam-</strong></span> 
     </span>
    </p>
   </div>
   <div class='ocr_carea' id='block_1_100' title="bbox 2199 4654 3691 4738">
    <p class='ocr_par' dir='ltr' id='par_1_100' title="bbox 2199 4654 3691 4738">
     <span class='ocr_line' id='line_1_100' title="bbox 2199 4654 3691 4738; baseline -0.007 -18"><span class='ocrx_word' id='word_1_822' title='bbox 2199 4677 2331 4731; x_wconf 78' lang='lat' dir='ltr'><strong>tum,</strong></span> <span class='ocrx_word' id='word_1_823' title='bbox 2375 4665 2721 4738; x_wconf 70' lang='lat' dir='ltr'><strong>praedicatio,</strong></span> <span class='ocrx_word' id='word_1_824' title='bbox 2750 4675 2811 4720; x_wconf 91' lang='lat' dir='ltr'><strong>ut</strong></span> <span class='ocrx_word' id='word_1_825' title='bbox 2839 4665 2894 4720; x_wconf 93' lang='lat' dir='ltr'><strong>in</strong></span> <span class='ocrx_word' id='word_1_826' title='bbox 2928 4664 3376 4722; x_wconf 88' lang='lat' dir='ltr'><strong>Deuteronomio:</strong></span> <span class='ocrx_word' id='word_1_827' title='bbox 3407 4680 3425 4713; x_wconf 75' lang='grc' dir='ltr'><strong>ι</strong></span> <span class='ocrx_word' id='word_1_828' title='bbox 3451 4658 3628 4715; x_wconf 84' lang='lat' dir='ltr'><strong>Ferrum</strong></span> <span class='ocrx_word' id='word_1_829' title='bbox 3657 4654 3691 4700; x_wconf 76' lang='grc' dir='ltr'>ει</span> 
     </span>
    </p>
   </div>
   <div class='ocr_carea' id='block_1_101' title="bbox 2199 4741 3691 4828">
    <p class='ocr_par' dir='ltr' id='par_1_101' title="bbox 2199 4741 3691 4828">
     <span class='ocr_line' id='line_1_101' title="bbox 2199 4741 3691 4828; baseline -0.016 -12"><span class='ocrx_word' id='word_1_830' title='bbox 2199 4775 2274 4816; x_wconf 66' lang='lat' dir='ltr'><strong>aas</strong></span> <span class='ocrx_word' id='word_1_831' title='bbox 2317 4761 2738 4816; x_wconf 85' lang='lat' dir='ltr'><strong>calceamenturn</strong></span> <span class='ocrx_word' id='word_1_832' title='bbox 2764 4757 2882 4828; x_wconf 89' lang='lat' dir='ltr'><strong>ejus</strong></span> <span class='ocrx_word' id='word_1_833' title='bbox 2897 4758 2965 4824; x_wconf 77' lang='grc'><strong>⁸⁸,</strong></span> <span class='ocrx_word' id='word_1_834' title='bbox 2990 4777 3009 4810; x_wconf 78' lang='grc' dir='ltr'><strong>ι</strong></span> <span class='ocrx_word' id='word_1_835' title='bbox 3043 4759 3097 4814; x_wconf 89' lang='lat' dir='ltr'><strong>id</strong></span> <span class='ocrx_word' id='word_1_836' title='bbox 3123 4767 3224 4824; x_wconf 90' lang='lat' dir='ltr'><strong>est,</strong></span> <span class='ocrx_word' id='word_1_837' title='bbox 3253 4753 3497 4814; x_wconf 80' lang='lat' dir='ltr'><strong>fortitudo</strong></span> <span class='ocrx_word' id='word_1_838' title='bbox 3515 4756 3559 4804; x_wconf 88' lang='lat' dir='ltr'><strong>et</strong></span> <span class='ocrx_word' id='word_1_839' title='bbox 3579 4741 3691 4798; x_wconf 80' lang='lat' dir='ltr'><strong>tribu-</strong></span> 
     </span>
    </p>
   </div>
   <div class='ocr_carea' id='block_1_102' title="bbox 2198 4845 3687 4922">
    <p class='ocr_par' dir='ltr' id='par_1_102' title="bbox 2198 4845 3687 4922">
     <span class='ocr_line' id='line_1_102' title="bbox 2198 4845 3687 4922; baseline -0.008 -15"><span class='ocrx_word' id='word_1_840' title='bbox 2198 4852 2330 4907; x_wconf 91' lang='lat' dir='ltr'><strong>latio</strong></span> <span class='ocrx_word' id='word_1_841' title='bbox 2376 4852 2620 4922; x_wconf 89' lang='lat' dir='ltr'><strong>sequitur</strong></span> <span class='ocrx_word' id='word_1_842' title='bbox 2665 4850 3104 4922; x_wconf 73' lang='lat' dir='ltr'><strong>prsedieationem</strong></span> <span class='ocrx_word' id='word_1_843' title='bbox 3147 4849 3284 4919; x_wconf 92' lang='lat' dir='ltr'><strong>ejus.</strong></span> <span class='ocrx_word' id='word_1_844' title='bbox 3332 4845 3687 4903; x_wconf 71' lang='grc' dir='ltr'>ϐαιεωιιιιιιωωι</span> 
     </span>
    </p>
   </div>
   <div class='ocr_carea' id='block_1_103' title="bbox 2198 4934 3690 5016">
    <p class='ocr_par' dir='ltr' id='par_1_103' title="bbox 2198 4934 3690 5016">
     <span class='ocr_line' id='line_1_103' title="bbox 2198 4934 3690 5016; baseline -0.011 -16"><span class='ocrx_word' id='word_1_845' title='bbox 2198 4943 2461 5016; x_wconf 88' lang='lat' dir='ltr'><strong>operatio,</strong></span> <span class='ocrx_word' id='word_1_846' title='bbox 2495 4953 2556 4998; x_wconf 93' lang='lat' dir='ltr'><strong>ut</strong></span> <span class='ocrx_word' id='word_1_847' title='bbox 2583 4943 2638 4997; x_wconf 89' lang='lat' dir='ltr'><strong>in</strong></span> <span class='ocrx_word' id='word_1_848' title='bbox 2666 4941 2819 4997; x_wconf 91' lang='lat' dir='ltr'><strong>libris</strong></span> <span class='ocrx_word' id='word_1_849' title='bbox 2850 4943 3057 5014; x_wconf 83' lang='lat' dir='ltr'><strong>Regum</strong></span> <span class='ocrx_word' id='word_1_850' title='bbox 3085 4961 3100 4996; x_wconf 92' lang='lat'><strong>:</strong></span> <span class='ocrx_word' id='word_1_851' title='bbox 3129 4959 3150 4993; x_wconf 74' lang='grc' dir='ltr'><strong>ε</strong></span> <span class='ocrx_word' id='word_1_852' title='bbox 3183 4940 3366 4997; x_wconf 88' lang='lat' dir='ltr'><strong>Posuit</strong></span> <span class='ocrx_word' id='word_1_853' title='bbox 3392 4937 3550 4992; x_wconf 82' lang='lat' dir='ltr'><strong>Abuer</strong></span> <span class='ocrx_word' id='word_1_854' title='bbox 3570 4934 3690 4981; x_wconf 75' lang='grc' dir='ltr'><strong>ωηο·</strong></span> 
     </span>
    </p>
   </div>
   <div class='ocr_carea' id='block_1_104' title="bbox 2202 5022 3688 5104">
    <p class='ocr_par' dir='ltr' id='par_1_104' title="bbox 2202 5022 3688 5104">
     <span class='ocr_line' id='line_1_104' title="bbox 2202 5022 3688 5104; baseline -0.003 -16"><span class='ocrx_word' id='word_1_855' title='bbox 2202 5048 2317 5089; x_wconf 87' lang='lat' dir='ltr'><strong>rem</strong></span> <span class='ocrx_word' id='word_1_856' title='bbox 2355 5031 2526 5104; x_wconf 70' lang='lat' dir='ltr'><strong>praelii</strong></span> <span class='ocrx_word' id='word_1_857' title='bbox 2554 5032 2610 5086; x_wconf 92' lang='lat' dir='ltr'><strong>in</strong></span> <span class='ocrx_word' id='word_1_858' title='bbox 2635 5031 2998 5087; x_wconf 88' lang='lat' dir='ltr'><strong>calceamento</strong></span> <span class='ocrx_word' id='word_1_859' title='bbox 3034 5046 3151 5097; x_wconf 91' lang='lat' dir='ltr'><strong>suo,</strong></span> <span class='ocrx_word' id='word_1_860' title='bbox 3176 5049 3194 5084; x_wconf 79' lang='grc' dir='ltr'><strong>ι</strong></span> <span class='ocrx_word' id='word_1_861' title='bbox 3231 5028 3370 5100; x_wconf 90' lang='lat' dir='ltr'><strong>quod</strong></span> <span class='ocrx_word' id='word_1_862' title='bbox 3394 5022 3583 5097; x_wconf 66' lang='lat' dir='ltr'><strong>quilibel</strong></span> <span class='ocrx_word' id='word_1_863' title='bbox 3601 5023 3688 5084; x_wconf 70' lang='grc' dir='ltr'><strong>Ρη·</strong></span> 
     </span>
    </p>
   </div>
   <div class='ocr_carea' id='block_1_105' title="bbox 2199 5111 3687 5182">
    <p class='ocr_par' dir='ltr' id='par_1_105' title="bbox 2199 5111 3687 5182">
     <span class='ocr_line' id='line_1_105' title="bbox 2199 5111 3687 5182; baseline -0.01 0"><span class='ocrx_word' id='word_1_864' title='bbox 2199 5141 2300 5181; x_wconf 90' lang='lat' dir='ltr'><strong>vus</strong></span> <span class='ocrx_word' id='word_1_865' title='bbox 2331 5123 2702 5180; x_wconf 90' lang='lat' dir='ltr'><strong>crudelitatem</strong></span> <span class='ocrx_word' id='word_1_866' title='bbox 2752 5122 3034 5178; x_wconf 85' lang='lat' dir='ltr'><strong>discordiae</strong></span> <span class='ocrx_word' id='word_1_867' title='bbox 3077 5128 3296 5176; x_wconf 81' lang='lat' dir='ltr'><strong>exercet</strong></span> <span class='ocrx_word' id='word_1_868' title='bbox 3339 5119 3390 5172; x_wconf 89' lang='lat' dir='ltr'><strong>in</strong></span> <span class='ocrx_word' id='word_1_869' title='bbox 3435 5121 3574 5182; x_wconf 75' lang='lat' dir='ltr'><strong>opere</strong></span> <span class='ocrx_word' id='word_1_870' title='bbox 3607 5111 3687 5161; x_wconf 69' lang='grc' dir='ltr'><strong>δυο·</strong></span> 
     </span>
    </p>
   </div>
   <div class='ocr_carea' id='block_1_106' title="bbox 2201 5187 3689 5280">
    <p class='ocr_par' dir='ltr' id='par_1_106' title="bbox 2201 5187 3689 5280">
     <span class='ocr_line' id='line_1_106' title="bbox 2201 5187 3689 5280; baseline -0.012 -9"><span class='ocrx_word' id='word_1_871' title='bbox 2201 5215 2642 5280; x_wconf 86' lang='lat' dir='ltr'><strong>Calceamentum,</strong></span> <span class='ocrx_word' id='word_1_872' title='bbox 2665 5213 2807 5268; x_wconf 91' lang='lat' dir='ltr'><strong>actio</strong></span> <span class='ocrx_word' id='word_1_873' title='bbox 2828 5212 3129 5270; x_wconf 85' lang='lat' dir='ltr'><strong>mortifera.</strong></span> <span class='ocrx_word' id='word_1_874' title='bbox 3158 5220 3219 5266; x_wconf 91' lang='lat' dir='ltr'><strong>ut</strong></span> <span class='ocrx_word' id='word_1_875' title='bbox 3239 5211 3293 5265; x_wconf 91' lang='lat' dir='ltr'><strong>in</strong></span> <span class='ocrx_word' id='word_1_876' title='bbox 3317 5204 3518 5264; x_wconf 84' lang='lat' dir='ltr'><strong>Exodo:</strong></span> <span class='ocrx_word' id='word_1_877' title='bbox 3543 5217 3558 5249; x_wconf 74' lang='grc' dir='ltr'><strong>ι</strong></span> <span class='ocrx_word' id='word_1_878' title='bbox 3581 5187 3689 5248; x_wconf 65' lang='grc'><strong>501⁸³⁸</strong></span> 
     </span>
    </p>
   </div>
   <div class='ocr_carea' id='block_1_107' title="bbox 573 5355 2103 5498">
    <p class='ocr_par' dir='ltr' id='par_1_107' title="bbox 573 5395 2103 5498">
     <span class='ocr_line' id='line_1_107' title="bbox 573 5395 2103 5498; baseline -0.007 -39"><span class='ocrx_word' id='word_1_879' title='bbox 573 5406 591 5494; x_wconf 60' lang='grc' dir='ltr'><strong>ξ</strong></span> <span class='ocrx_word' id='word_1_880' title='bbox 619 5403 726 5459; x_wconf 89' lang='lat' dir='ltr'><strong>lsa.</strong></span> <span class='ocrx_word' id='word_1_881' title='bbox 759 5419 906 5498; x_wconf 51' lang='lat' dir='ltr'><strong>un,</strong></span> <span class='ocrx_word' id='word_1_882' title='bbox 935 5402 1080 5498; x_wconf 47' lang='lat'><strong>2.4!.“</strong></span> <span class='ocrx_word' id='word_1_883' title='bbox 1107 5400 1250 5498; x_wconf 46' lang='lat' dir='ltr'><strong>fsal.</strong></span> <span class='ocrx_word' id='word_1_884' title='bbox 1279 5415 1412 5498; x_wconf 55' lang='lat' dir='ltr'><strong>xvq,</strong></span> <span class='ocrx_word' id='word_1_885' title='bbox 1437 5398 1524 5498; x_wconf 60' lang='grc'><strong>13.</strong></span> <span class='ocrx_word' id='word_1_886' title='bbox 1547 5397 1760 5498; x_wconf 47' lang='lat' dir='ltr'><strong>[:ll’sa&#39;l:</strong></span> <span class='ocrx_word' id='word_1_887' title='bbox 1786 5413 1930 5498; x_wconf 45' lang='lat' dir='ltr'><strong>xcvi,</strong></span> <span class='ocrx_word' id='word_1_888' title='bbox 1956 5396 2027 5498; x_wconf 45' lang='grc' dir='ltr'>ξ</span> <span class='ocrx_word' id='word_1_889' title='bbox 2052 5395 2103 5498; x_wconf 42' lang='grc' dir='ltr'>ἒ]</span> 
     </span>
    </p>
   </div>
   <div class='ocr_carea' id='block_1_108' title="bbox 2199 5355 3686 5498">
    <p class='ocr_par' dir='ltr' id='par_1_108' title="bbox 2199 5355 3686 5498">
     <span class='ocr_line' id='line_1_108' title="bbox 2199 5355 3686 5459; baseline -0.013 -9"><span class='ocrx_word' id='word_1_890' title='bbox 2199 5393 2270 5450; x_wconf 71' lang='grc' dir='ltr'><strong>ιὰ.</strong></span> <span class='ocrx_word' id='word_1_891' title='bbox 2301 5409 2396 5459; x_wconf 86' lang='lat' dir='ltr'><strong>xx,</strong></span> <span class='ocrx_word' id='word_1_892' title='bbox 2427 5392 2517 5446; x_wconf 71' lang='grc'><strong>21.</strong></span> <span class='ocrx_word' id='word_1_893' title='bbox 2555 5391 2576 5423; x_wconf 80' lang='grc'><strong><em>⁸</em></strong></span> <span class='ocrx_word' id='word_1_894' title='bbox 2603 5391 2702 5447; x_wconf 92' lang='lat' dir='ltr'><strong>Job</strong></span> <span class='ocrx_word' id='word_1_895' title='bbox 2731 5406 2812 5456; x_wconf 92' lang='grc' dir='ltr'>ιιι,</span> <span class='ocrx_word' id='word_1_896' title='bbox 2845 5391 2899 5446; x_wconf 80' lang='lat'><strong>5.</strong></span> <span class='ocrx_word' id='word_1_897' title='bbox 2937 5389 2959 5422; x_wconf 77' lang='grc'>⁸</span> <span class='ocrx_word' id='word_1_898' title='bbox 2983 5390 3086 5446; x_wconf 83' lang='lat' dir='ltr'><strong>Job</strong></span> <span class='ocrx_word' id='word_1_899' title='bbox 3111 5355 3272 5454; x_wconf 74' lang='lat' dir='ltr'><strong>xxxii,</strong></span> <span class='ocrx_word' id='word_1_900' title='bbox 3299 5389 3350 5442; x_wconf 89' lang='lat'><strong>7.</strong></span> <span class='ocrx_word' id='word_1_901' title='bbox 3375 5387 3393 5418; x_wconf 81' lang='lat'>&#39;</span> <span class='ocrx_word' id='word_1_902' title='bbox 3412 5380 3552 5452; x_wconf 91' lang='lat' dir='ltr'><strong>Soph.</strong></span> <span class='ocrx_word' id='word_1_903' title='bbox 3578 5391 3606 5434; x_wconf 84' lang='grc'><strong>1.</strong></span> <span class='ocrx_word' id='word_1_904' title='bbox 3629 5365 3686 5423; x_wconf 59' lang='lat'><strong>‘5-</strong></span> 
     </span>
     <span class='ocr_line' id='line_1_109' title="bbox 2223 5443 3685 5498; baseline -0.003 0"><span class='ocrx_word' id='word_1_905' title='bbox 2223 5481 2328 5498; x_wconf 66' lang='grc' dir='ltr'><strong>-..ν</strong></span> <span class='ocrx_word' id='word_1_906' title='bbox 2388 5463 2456 5498; x_wconf 68' lang='grc' dir='ltr'><strong>’κο</strong></span> <span class='ocrx_word' id='word_1_907' title='bbox 2513 5463 2555 5493; x_wconf 76' lang='grc' dir='ltr'>η</span> <span class='ocrx_word' id='word_1_908' title='bbox 2593 5462 2685 5498; x_wconf 66' lang='grc' dir='ltr'>ιηιι</span> <span class='ocrx_word' id='word_1_909' title='bbox 2713 5479 2841 5498; x_wconf 64' lang='grc' dir='ltr'><strong>νιν...</strong></span> <span class='ocrx_word' id='word_1_910' title='bbox 2895 5463 2963 5498; x_wconf 78' lang='grc' dir='ltr'>ιο</span> <span class='ocrx_word' id='word_1_911' title='bbox 3014 5463 3058 5494; x_wconf 72' lang='grc' dir='ltr'><strong>ιι</strong></span> <span class='ocrx_word' id='word_1_912' title='bbox 3087 5461 3250 5498; x_wconf 65' lang='lat' dir='ltr'><strong>Matth</strong></span> <span class='ocrx_word' id='word_1_913' title='bbox 3297 5454 3487 5498; x_wconf 50' lang='grc' dir='ltr'><strong>πῆξις</strong></span> <span class='ocrx_word' id='word_1_914' title='bbox 3514 5443 3685 5498; x_wconf 72' lang='lat' dir='ltr'><strong>“llam-</strong></span> 
     </span>
    </p>
   </div>
   <div class='ocr_carea' id='block_1_109' title="bbox 503 5454 3686 5586">
    <p class='ocr_par' dir='ltr' id='par_1_109' title="bbox 503 5454 3686 5586">
     <span class='ocr_line' id='line_1_110' title="bbox 503 5454 3685 5560; baseline -0.009 -26"><span class='ocrx_word' id='word_1_915' title='bbox 503 5473 526 5510; x_wconf 85' lang='grc'><strong><em>⁸</em></strong></span> <span class='ocrx_word' id='word_1_916' title='bbox 551 5454 1338 5539; x_wconf 40' lang='grc' dir='ltr'><strong>ϐεἶῗὶῖλὶἶ-Ρεεῖίιινιιι,</strong></span> <span class='ocrx_word' id='word_1_917' title='bbox 1367 5454 1418 5525; x_wconf 53' lang='lat'><strong>7&#39;.</strong></span> <span class='ocrx_word' id='word_1_918' title='bbox 1461 5471 1502 5502; x_wconf 83' lang='grc'><strong>¹⁰</strong></span> <span class='ocrx_word' id='word_1_919' title='bbox 1535 5469 1638 5525; x_wconf 91' lang='lat' dir='ltr'><strong>Job</strong></span> <span class='ocrx_word' id='word_1_920' title='bbox 1661 5485 1855 5534; x_wconf 87' lang='lat' dir='ltr'><strong>xxvm,</strong></span> <span class='ocrx_word' id='word_1_921' title='bbox 1889 5454 1944 5523; x_wconf 58' lang='grc' dir='ltr'><strong>ἑ.</strong></span> <span class='ocrx_word' id='word_1_922' title='bbox 1984 5467 2027 5500; x_wconf 77' lang='grc'><strong>⁸⁸</strong></span> <span class='ocrx_word' id='word_1_923' title='bbox 2054 5465 2190 5522; x_wconf 90' lang='lat' dir='ltr'><strong>Gen.</strong></span> <span class='ocrx_word' id='word_1_924' title='bbox 2223 5481 2351 5526; x_wconf 85' lang='lat' dir='ltr'><strong>xxx,</strong></span> <span class='ocrx_word' id='word_1_925' title='bbox 2383 5454 2475 5518; x_wconf 34' lang='lat'><strong>&#39;39.</strong></span> <span class='ocrx_word' id='word_1_926' title='bbox 2513 5463 2555 5493; x_wconf 83' lang='lat'>“</span> <span class='ocrx_word' id='word_1_927' title='bbox 2584 5462 2685 5518; x_wconf 88' lang='lat' dir='ltr'><strong>Job</strong></span> <span class='ocrx_word' id='word_1_928' title='bbox 2713 5454 2862 5527; x_wconf 67' lang='lat' dir='ltr'><strong>xxiv,</strong></span> <span class='ocrx_word' id='word_1_929' title='bbox 2895 5463 2983 5517; x_wconf 84' lang='lat' dir='ltr'><strong>l9.</strong></span> <span class='ocrx_word' id='word_1_930' title='bbox 3014 5463 3058 5494; x_wconf 72' lang='grc'>⁸³</span> <span class='ocrx_word' id='word_1_931' title='bbox 3083 5461 3272 5514; x_wconf 88' lang='lat' dir='ltr'><strong>Matth.</strong></span> <span class='ocrx_word' id='word_1_932' title='bbox 3297 5454 3488 5519; x_wconf 74' lang='lat' dir='ltr'><strong>xx,25;</strong></span> <span class='ocrx_word' id='word_1_933' title='bbox 3514 5454 3550 5480; x_wconf 83' lang='lat'>&quot;</span> <span class='ocrx_word' id='word_1_934' title='bbox 3571 5454 3685 5560; x_wconf 60' lang='lat' dir='ltr'><strong>Mar;-</strong></span> 
     </span>
     <span class='ocr_line' id='line_1_111' title="bbox 503 5523 3686 5586; baseline -0.003 0"><span class='ocrx_word' id='word_1_935' title='bbox 503 5563 532 5586; x_wconf 66' lang='grc' dir='ltr'><strong>ν</strong></span> <span class='ocrx_word' id='word_1_936' title='bbox 587 5546 672 5586; x_wconf 62' lang='lat'><strong>39,</strong></span> <span class='ocrx_word' id='word_1_937' title='bbox 723 5546 767 5576; x_wconf 70' lang='lat' dir='ltr'><strong>ﬂ</strong></span> <span class='ocrx_word' id='word_1_938' title='bbox 795 5544 937 5586; x_wconf 60' lang='lat' dir='ltr'><strong>paul,</strong></span> <span class='ocrx_word' id='word_1_939' title='bbox 972 5559 1106 5586; x_wconf 67' lang='lat' dir='ltr'><strong>YYIL</strong></span> <span class='ocrx_word' id='word_1_940' title='bbox 1141 5543 1194 5586; x_wconf 63' lang='lat' dir='ltr'><strong>Pi-</strong></span> <span class='ocrx_word' id='word_1_941' title='bbox 1229 5542 1272 5572; x_wconf 72' lang='grc' dir='ltr'>η</span> <span class='ocrx_word' id='word_1_942' title='bbox 1301 5541 1439 5586; x_wconf 70' lang='lat' dir='ltr'><strong>Psal-</strong></span> <span class='ocrx_word' id='word_1_943' title='bbox 1473 5557 1652 5586; x_wconf 67' lang='lat' dir='ltr'><strong>lxxxv-</strong></span> <span class='ocrx_word' id='word_1_944' title='bbox 1687 5543 1740 5586; x_wconf 78' lang='lat'><strong>9-</strong></span> <span class='ocrx_word' id='word_1_945' title='bbox 1787 5540 1827 5571; x_wconf 69' lang='grc'><strong>³⁷</strong></span> <span class='ocrx_word' id='word_1_946' title='bbox 1861 5538 2003 5586; x_wconf 76' lang='lat' dir='ltr'><strong>Psal.</strong></span> <span class='ocrx_word' id='word_1_947' title='bbox 2031 5553 2124 5586; x_wconf 86' lang='lat' dir='ltr'><strong>xv.</strong></span> <span class='ocrx_word' id='word_1_948' title='bbox 2153 5537 2207 5586; x_wconf 86' lang='lat'><strong>5.</strong></span> <span class='ocrx_word' id='word_1_949' title='bbox 2256 5535 2298 5567; x_wconf 82' lang='grc'><strong>¹⁸</strong></span> <span class='ocrx_word' id='word_1_950' title='bbox 2323 5534 2465 5586; x_wconf 83' lang='lat' dir='ltr'><strong>Psal.</strong></span> <span class='ocrx_word' id='word_1_951' title='bbox 2498 5549 2620 5586; x_wconf 82' lang='lat' dir='ltr'><strong>CXV.</strong></span> <span class='ocrx_word' id='word_1_952' title='bbox 2653 5531 2740 5586; x_wconf 73' lang='grc'><strong>15.</strong></span> <span class='ocrx_word' id='word_1_953' title='bbox 2781 5533 2821 5564; x_wconf 78' lang='grc'><strong>¹⁹</strong></span> <span class='ocrx_word' id='word_1_954' title='bbox 2853 5533 3020 5586; x_wconf 73' lang='grc' dir='ltr'><strong>Αοοο.</strong></span> <span class='ocrx_word' id='word_1_955' title='bbox 3051 5547 3180 5586; x_wconf 85' lang='lat' dir='ltr'><strong>xvn.</strong></span> <span class='ocrx_word' id='word_1_956' title='bbox 3215 5531 3268 5584; x_wconf 70' lang='grc'><strong>4.</strong></span> <span class='ocrx_word' id='word_1_957' title='bbox 3306 5529 3347 5559; x_wconf 71' lang='grc' dir='ltr'><strong>’θ</strong></span> <span class='ocrx_word' id='word_1_958' title='bbox 3371 5523 3495 5582; x_wconf 79' lang='lat' dir='ltr'><strong>Psal.</strong></span> <span class='ocrx_word' id='word_1_959' title='bbox 3519 5530 3686 5586; x_wconf 45' lang='lat' dir='ltr'><strong>“Win:</strong></span> 
     </span>
    </p>
   </div>
   <div class='ocr_carea' id='block_1_110' title="bbox 500 5534 2103 5670">
    <p class='ocr_par' dir='ltr' id='par_1_110' title="bbox 500 5534 2103 5670">
     <span class='ocr_line' id='line_1_112' title="bbox 500 5534 2102 5611; baseline -0.007 -10"><span class='ocrx_word' id='word_1_960' title='bbox 500 5563 560 5611; x_wconf 64' lang='grc' dir='ltr'>κ,</span> <span class='ocrx_word' id='word_1_961' title='bbox 587 5546 676 5601; x_wconf 81' lang='grc'><strong>59.</strong></span> <span class='ocrx_word' id='word_1_962' title='bbox 723 5546 767 5576; x_wconf 73' lang='grc'><strong>³⁵</strong></span> <span class='ocrx_word' id='word_1_963' title='bbox 794 5534 939 5600; x_wconf 75' lang='lat' dir='ltr'><strong>Psal.</strong></span> <span class='ocrx_word' id='word_1_964' title='bbox 972 5559 1108 5607; x_wconf 83' lang='lat' dir='ltr'><strong>xxn,</strong></span> <span class='ocrx_word' id='word_1_965' title='bbox 1141 5543 1195 5596; x_wconf 81' lang='lat'><strong>5.</strong></span> <span class='ocrx_word' id='word_1_966' title='bbox 1229 5542 1272 5572; x_wconf 81' lang='grc'><strong>¹⁸</strong></span> <span class='ocrx_word' id='word_1_967' title='bbox 1301 5534 1439 5595; x_wconf 84' lang='lat' dir='ltr'><strong>Psal.</strong></span> <span class='ocrx_word' id='word_1_968' title='bbox 1473 5557 1653 5596; x_wconf 80' lang='lat' dir='ltr'><strong>Lxxw.</strong></span> <span class='ocrx_word' id='word_1_969' title='bbox 1687 5543 1741 5595; x_wconf 87' lang='lat'><strong>9.</strong></span> <span class='ocrx_word' id='word_1_970' title='bbox 1787 5540 1827 5571; x_wconf 78' lang='grc'><strong>⁸⁷</strong></span> <span class='ocrx_word' id='word_1_971' title='bbox 1859 5538 2003 5595; x_wconf 89' lang='lat' dir='ltr'><strong>Psal.</strong></span> <span class='ocrx_word' id='word_1_972' title='bbox 2031 5553 2102 5592; x_wconf 86' lang='lat' dir='ltr'><strong>xv</strong></span> 
     </span>
     <span class='ocr_line' id='line_1_113' title="bbox 502 5607 2103 5670; baseline -0.006 0"><span class='ocrx_word' id='word_1_973' title='bbox 502 5619 546 5649; x_wconf 74' lang='grc' dir='ltr'>ἰ</span> <span class='ocrx_word' id='word_1_974' title='bbox 577 5616 682 5670; x_wconf 88' lang='lat' dir='ltr'><strong>lsa.</strong></span> <span class='ocrx_word' id='word_1_975' title='bbox 712 5631 881 5670; x_wconf 81' lang='lat' dir='ltr'><strong>xxxv.</strong></span> <span class='ocrx_word' id='word_1_976' title='bbox 910 5615 963 5668; x_wconf 90' lang='lat'><strong>8.</strong></span> <span class='ocrx_word' id='word_1_977' title='bbox 1013 5615 1057 5644; x_wconf 86' lang='grc'><strong><em>²²</em></strong></span> <span class='ocrx_word' id='word_1_978' title='bbox 1085 5613 1226 5669; x_wconf 86' lang='lat' dir='ltr'><strong>Psal.</strong></span> <span class='ocrx_word' id='word_1_979' title='bbox 1260 5629 1400 5670; x_wconf 82' lang='grc' dir='ltr'>ιιιιι,</span> <span class='ocrx_word' id='word_1_980' title='bbox 1445 5613 1497 5665; x_wconf 81' lang='lat'><strong>5.</strong></span> <span class='ocrx_word' id='word_1_981' title='bbox 1539 5613 1586 5642; x_wconf 80' lang='grc'><strong>³³</strong></span> <span class='ocrx_word' id='word_1_982' title='bbox 1629 5610 1730 5666; x_wconf 93' lang='lat' dir='ltr'><strong>Job</strong></span> <span class='ocrx_word' id='word_1_983' title='bbox 1755 5627 1844 5670; x_wconf 75' lang='lat' dir='ltr'><strong>XL.</strong></span> <span class='ocrx_word' id='word_1_984' title='bbox 1878 5609 1964 5664; x_wconf 84' lang='lat' dir='ltr'><strong>l6.</strong></span> <span class='ocrx_word' id='word_1_985' title='bbox 2007 5607 2055 5640; x_wconf 72' lang='lat'><strong>&quot;‘</strong></span> <span class='ocrx_word' id='word_1_986' title='bbox 2093 5607 2103 5662; x_wconf 88' lang='lat' dir='ltr'><strong>l</strong></span> 
     </span>
    </p>
   </div>
   <div class='ocr_carea' id='block_1_111' title="bbox 2199 5534 3686 5670">
    <p class='ocr_par' dir='ltr' id='par_1_111' title="bbox 2199 5534 3686 5670">
     <span class='ocr_line' id='line_1_114' title="bbox 2199 5534 3686 5603; baseline -0.016 -13"><span class='ocrx_word' id='word_1_987' title='bbox 2199 5575 2207 5590; x_wconf 90' lang='lat'><strong>.</strong></span> <span class='ocrx_word' id='word_1_988' title='bbox 2256 5535 2298 5567; x_wconf 70' lang='grc'><strong>’⁸</strong></span> <span class='ocrx_word' id='word_1_989' title='bbox 2323 5534 2465 5590; x_wconf 87' lang='lat' dir='ltr'><strong>Psal.</strong></span> <span class='ocrx_word' id='word_1_990' title='bbox 2498 5549 2620 5596; x_wconf 88' lang='lat' dir='ltr'><strong>cxv,</strong></span> <span class='ocrx_word' id='word_1_991' title='bbox 2653 5534 2740 5586; x_wconf 79' lang='grc'><strong>15.</strong></span> <span class='ocrx_word' id='word_1_992' title='bbox 2781 5534 2821 5564; x_wconf 83' lang='grc'><strong>¹⁹</strong></span> <span class='ocrx_word' id='word_1_993' title='bbox 2853 5534 3020 5603; x_wconf 86' lang='lat' dir='ltr'><strong>Apoc.</strong></span> <span class='ocrx_word' id='word_1_994' title='bbox 3051 5547 3180 5597; x_wconf 85' lang='lat' dir='ltr'><strong>xvn,</strong></span> <span class='ocrx_word' id='word_1_995' title='bbox 3215 5534 3268 5584; x_wconf 75' lang='grc'><strong>4.</strong></span> <span class='ocrx_word' id='word_1_996' title='bbox 3306 5534 3347 5559; x_wconf 83' lang='grc'><strong>²⁰</strong></span> <span class='ocrx_word' id='word_1_997' title='bbox 3371 5534 3495 5582; x_wconf 79' lang='lat' dir='ltr'><strong>l’sal.</strong></span> <span class='ocrx_word' id='word_1_998' title='bbox 3519 5534 3686 5596; x_wconf 54' lang='lat' dir='ltr'><strong>xum:-</strong></span> 
     </span>
     <span class='ocr_line' id='line_1_115' title="bbox 2199 5581 3686 5670; baseline -0.015 -9"><span class='ocrx_word' id='word_1_999' title='bbox 2199 5607 2264 5661; x_wconf 81' lang='lat' dir='ltr'><strong>ld.</strong></span> <span class='ocrx_word' id='word_1_1000' title='bbox 2307 5621 2514 5669; x_wconf 77' lang='lat' dir='ltr'><strong>xxxv&quot;,</strong></span> <span class='ocrx_word' id='word_1_1001' title='bbox 2557 5606 2642 5659; x_wconf 84' lang='lat' dir='ltr'><strong>l7.</strong></span> <span class='ocrx_word' id='word_1_1002' title='bbox 2698 5605 2744 5634; x_wconf 71' lang='grc'><strong>’⁵</strong></span> <span class='ocrx_word' id='word_1_1003' title='bbox 2775 5603 2916 5659; x_wconf 84' lang='lat' dir='ltr'><strong>Psal.</strong></span> <span class='ocrx_word' id='word_1_1004' title='bbox 2961 5619 3174 5668; x_wconf 84' lang='lat' dir='ltr'><strong>Lxxvu,</strong></span> <span class='ocrx_word' id='word_1_1005' title='bbox 3207 5601 3261 5655; x_wconf 71' lang='grc'><strong>4.</strong></span> <span class='ocrx_word' id='word_1_1006' title='bbox 3299 5597 3502 5670; x_wconf 58' lang='lat' dir='ltr'><strong>&quot;Gen.</strong></span> <span class='ocrx_word' id='word_1_1007' title='bbox 3537 5601 3599 5650; x_wconf 93' lang='grc' dir='ltr'>ιιι,</span> <span class='ocrx_word' id='word_1_1008' title='bbox 3627 5581 3686 5670; x_wconf 56' lang='lat' dir='ltr'><strong>lg-</strong></span> 
     </span>
    </p>
   </div>
   <div class='ocr_carea' id='block_1_112' title="bbox 503 5631 2103 5752">
    <p class='ocr_par' dir='ltr' id='par_1_112' title="bbox 503 5631 2103 5752">
     <span class='ocr_line' id='line_1_116' title="bbox 503 5631 2103 5680; baseline -0.006 -10"><span class='ocrx_word' id='word_1_1009' title='bbox 503 5631 546 5649; x_wconf 72' lang='lat'><strong>&quot;</strong></span> <span class='ocrx_word' id='word_1_1010' title='bbox 577 5631 682 5672; x_wconf 77' lang='lat' dir='ltr'><strong>lsa.</strong></span> <span class='ocrx_word' id='word_1_1011' title='bbox 712 5631 881 5680; x_wconf 87' lang='lat' dir='ltr'><strong>xxxv,</strong></span> <span class='ocrx_word' id='word_1_1012' title='bbox 910 5631 963 5668; x_wconf 79' lang='grc' dir='ltr'><strong>δ.</strong></span> <span class='ocrx_word' id='word_1_1013' title='bbox 1015 5631 1056 5644; x_wconf 80' lang='grc' dir='ltr'>η</span> <span class='ocrx_word' id='word_1_1014' title='bbox 1085 5631 1226 5669; x_wconf 75' lang='lat' dir='ltr'><strong>rsal.</strong></span> <span class='ocrx_word' id='word_1_1015' title='bbox 1260 5631 1400 5677; x_wconf 81' lang='grc' dir='ltr'>ιιιιι,</span> <span class='ocrx_word' id='word_1_1016' title='bbox 1445 5631 1497 5665; x_wconf 77' lang='grc' dir='ltr'><strong>ο.</strong></span> <span class='ocrx_word' id='word_1_1017' title='bbox 1539 5631 1586 5642; x_wconf 72' lang='grc' dir='ltr'><strong>-υ</strong></span> <span class='ocrx_word' id='word_1_1018' title='bbox 1629 5631 1730 5666; x_wconf 81' lang='lat' dir='ltr'><strong>wn</strong></span> <span class='ocrx_word' id='word_1_1019' title='bbox 1755 5631 1844 5674; x_wconf 80' lang='lat' dir='ltr'><strong>xL,</strong></span> <span class='ocrx_word' id='word_1_1020' title='bbox 1878 5631 1964 5664; x_wconf 80' lang='grc' dir='ltr'><strong>ιο.</strong></span> <span class='ocrx_word' id='word_1_1021' title='bbox 2008 5631 2055 5640; x_wconf 66' lang='grc' dir='ltr'><strong>-ν</strong></span> <span class='ocrx_word' id='word_1_1022' title='bbox 2093 5631 2103 5662; x_wconf 84' lang='grc' dir='ltr'><strong>ι</strong></span> 
     </span>
     <span class='ocr_line' id='line_1_117' title="bbox 503 5679 2103 5752; baseline -0.003 -13"><span class='ocrx_word' id='word_1_1023' title='bbox 503 5689 546 5719; x_wconf 82' lang='grc'><strong>’⁷</strong></span> <span class='ocrx_word' id='word_1_1024' title='bbox 579 5685 718 5740; x_wconf 86' lang='lat' dir='ltr'><strong>Psal.</strong></span> <span class='ocrx_word' id='word_1_1025' title='bbox 751 5701 849 5748; x_wconf 80' lang='lat' dir='ltr'><strong>LV,</strong></span> <span class='ocrx_word' id='word_1_1026' title='bbox 882 5685 934 5738; x_wconf 86' lang='lat'><strong>7.</strong></span> <span class='ocrx_word' id='word_1_1027' title='bbox 973 5684 1019 5716; x_wconf 79' lang='grc'><strong>’⁸</strong></span> <span class='ocrx_word' id='word_1_1028' title='bbox 1058 5683 1201 5741; x_wconf 88' lang='lat' dir='ltr'><strong>Psal.</strong></span> <span class='ocrx_word' id='word_1_1029' title='bbox 1230 5699 1434 5752; x_wconf 74' lang='lat' dir='ltr'><strong>xum,</strong></span> <span class='ocrx_word' id='word_1_1030' title='bbox 1458 5682 1512 5739; x_wconf 92' lang='lat'><strong>6.</strong></span> <span class='ocrx_word' id='word_1_1031' title='bbox 1554 5681 1597 5714; x_wconf 72' lang='grc'><em>³³</em></span> <span class='ocrx_word' id='word_1_1032' title='bbox 1627 5682 1730 5737; x_wconf 91' lang='lat' dir='ltr'><strong>lsa.</strong></span> <span class='ocrx_word' id='word_1_1033' title='bbox 1763 5698 1834 5746; x_wconf 77' lang='grc' dir='ltr'>γι,</span> <span class='ocrx_word' id='word_1_1034' title='bbox 1865 5681 1918 5738; x_wconf 89' lang='lat'><strong>6.</strong></span> <span class='ocrx_word' id='word_1_1035' title='bbox 1954 5679 2000 5711; x_wconf 77' lang='grc' dir='ltr'><strong>³ο</strong></span> <span class='ocrx_word' id='word_1_1036' title='bbox 2019 5679 2103 5750; x_wconf 89' lang='lat' dir='ltr'><strong>Ap</strong></span> 
     </span>
    </p>
   </div>
   <div class='ocr_carea' id='block_1_113' title="bbox 2199 5631 3686 5752">
    <p class='ocr_par' dir='ltr' id='par_1_113' title="bbox 2199 5631 3686 5745">
     <span class='ocr_line' id='line_1_118' title="bbox 2199 5631 3644 5669; baseline -0.014 -8"><span class='ocrx_word' id='word_1_1037' title='bbox 2199 5631 2264 5661; x_wconf 76' lang='lat' dir='ltr'><strong>luo</strong></span> <span class='ocrx_word' id='word_1_1038' title='bbox 2308 5631 2514 5669; x_wconf 59' lang='lat' dir='ltr'><strong>.‘ALVII,</strong></span> <span class='ocrx_word' id='word_1_1039' title='bbox 2557 5631 2642 5659; x_wconf 69' lang='grc' dir='ltr'><strong>ΙΙ,</strong></span> <span class='ocrx_word' id='word_1_1040' title='bbox 2699 5631 2740 5634; x_wconf 61' lang='grc'><strong>-’</strong></span> <span class='ocrx_word' id='word_1_1041' title='bbox 2775 5631 2916 5659; x_wconf 67' lang='grc' dir='ltr'><strong>Γδδιο</strong></span> <span class='ocrx_word' id='word_1_1042' title='bbox 2961 5631 3174 5668; x_wconf 44' lang='lat' dir='ltr'><strong>LXXVII,</strong></span> <span class='ocrx_word' id='word_1_1043' title='bbox 3207 5631 3261 5655; x_wconf 68' lang='lat' dir='ltr'><strong>‘l-</strong></span> <span class='ocrx_word' id='word_1_1044' title='bbox 3382 5631 3502 5658; x_wconf 59' lang='lat' dir='ltr'><strong>“uno</strong></span> <span class='ocrx_word' id='word_1_1045' title='bbox 3537 5631 3599 5650; x_wconf 70' lang='lat' dir='ltr'><strong>an,</strong></span> <span class='ocrx_word' id='word_1_1046' title='bbox 3631 5631 3644 5634; x_wconf 64' lang='grc' dir='ltr'><strong>ν</strong></span> 
     </span>
     <span class='ocr_line' id='line_1_119' title="bbox 2216 5646 3686 5745; baseline -0.009 -12"><span class='ocrx_word' id='word_1_1047' title='bbox 2216 5694 2277 5745; x_wconf 87' lang='grc' dir='ltr'><strong>ιι,</strong></span> <span class='ocrx_word' id='word_1_1048' title='bbox 2307 5678 2393 5733; x_wconf 87' lang='grc'><strong>17.</strong></span> <span class='ocrx_word' id='word_1_1049' title='bbox 2437 5677 2480 5708; x_wconf 80' lang='grc'><strong>³¹</strong></span> <span class='ocrx_word' id='word_1_1050' title='bbox 2502 5677 2602 5731; x_wconf 90' lang='lat' dir='ltr'><strong>lsa.</strong></span> <span class='ocrx_word' id='word_1_1051' title='bbox 2639 5692 2785 5742; x_wconf 73' lang='lat' dir='ltr'><strong>xxvr,</strong></span> <span class='ocrx_word' id='word_1_1052' title='bbox 2811 5676 2861 5730; x_wconf 92' lang='lat'><strong>7.</strong></span> <span class='ocrx_word' id='word_1_1053' title='bbox 2898 5673 3086 5731; x_wconf 73' lang='lat' dir='ltr'><strong>“Jud.</strong></span> <span class='ocrx_word' id='word_1_1054' title='bbox 3117 5690 3170 5740; x_wconf 86' lang='lat' dir='ltr'><strong>v,</strong></span> <span class='ocrx_word' id='word_1_1055' title='bbox 3202 5674 3254 5728; x_wconf 88' lang='lat'><strong>6.</strong></span> <span class='ocrx_word' id='word_1_1056' title='bbox 3294 5664 3486 5724; x_wconf 74' lang='lat' dir='ltr'><strong>&quot;Psal.</strong></span> <span class='ocrx_word' id='word_1_1057' title='bbox 3512 5671 3599 5721; x_wconf 59' lang='lat' dir='ltr'><strong>LII!</strong></span> <span class='ocrx_word' id='word_1_1058' title='bbox 3628 5646 3686 5705; x_wconf 72' lang='grc' dir='ltr'><strong>ίθι</strong></span> 
     </span>
    </p>
   </div>
   <div class='ocr_carea' id='block_1_114' title="bbox 502 5753 1076 5821">
    <p class='ocr_par' dir='ltr' id='par_1_114' title="bbox 502 5753 1076 5821">
     <span class='ocr_line' id='line_1_120' title="bbox 502 5753 1076 5821; baseline 0.002 -13"><span class='ocrx_word' id='word_1_1059' title='bbox 502 5757 548 5789; x_wconf 71' lang='grc' dir='ltr'><strong>³δ</strong></span> <span class='ocrx_word' id='word_1_1060' title='bbox 579 5755 736 5811; x_wconf 86' lang='lat' dir='ltr'><strong>Deut.</strong></span> <span class='ocrx_word' id='word_1_1061' title='bbox 767 5768 963 5821; x_wconf 83' lang='lat' dir='ltr'><strong>xxxlu,</strong></span> <span class='ocrx_word' id='word_1_1062' title='bbox 985 5753 1076 5809; x_wconf 73' lang='lat'><strong>25.</strong></span> 
     </span>
    </p>
   </div>
  </div>
