3972 6336
340 407 442 465 881

1296 399 1712 460 ALLEGORUE
1749 400 1818 458 IN
1858 396 2136 460 SACRAM
2169 391 2632 460 SCRIPTURAM.

3483 404 3592 466 882

338 523 705 580 calceamenta
726 517 793 575 de
819 517 1042 590 pedibus
1070 520 1175 575 tuis
1204 520 1246 587 ¹,
1269 539 1288 572 ι
1316 521 1372 577 id
1393 530 1497 588 est,
1548 521 1751 592 projice
1777 536 1912 593 opus
1938 523 1990 584 A
2015 535 2143 591 pum
2173 521 2236 586 ⁸⁸,
2260 538 2280 572 ι
2298 520 2440 589 quod
2460 518 2708 576 Christus
2729 520 2796 576 ad
2816 519 3072 592 populum
3093 524 3241 580 venit
3257 523 3589 584 Iudaeorum.

338 617 532 672 mortis
560 617 628 671 de
657 611 939 669 affectibus
969 615 1096 670 tuis.
1129 613 1234 669 Per
1257 613 1661 670 calceamenlum
1689 623 1911 671 externa

336 709 480 766 bona
510 707 578 763 ad
605 704 908 778 profectum
948 704 1214 760 bonorum
1244 721 1488 776 operum.
1521 707 1540 728 ⁶
1563 706 1670 762 Per
1705 706 1910 762 calcea-

334 811 512 858 menta
558 807 781 855 externa
817 797 979 864 mala,
1006 806 1067 852 ut
1100 798 1155 852 in
1183 798 1506 870 Evangelia:
1536 817 1554 850 ι
1581 798 1756 855 Nolite
1786 815 1913 871 por-

335 902 453 949 tare
495 891 862 948 calceamenta
885 891 980 956 ’,ι
1011 889 1068 944 id
1113 897 1228 955 est,
1278 889 1444 946 nolite
1481 905 1578 946 vos
1621 906 1912 962 pravorum

335 983 596 1054 exemplis
626 981 858 1037 munire.
884 980 989 1036 Per
1015 981 1444 1048 calceamentum,
1469 983 1911 1042 mortificationes

333 1074 696 1130 membrorum
745 1080 1051 1128 nostrorum
1071 1113 1085 1136 ,
1109 1087 1228 1142 quae
1257 1083 1381 1128 sunt
1408 1089 1570 1145 super
1596 1083 1818 1142 terram,
1851 1087 1913 1131 ut

332 1166 389 1221 in
434 1165 656 1221 Cautico
685 1183 698 1218 :
727 1183 746 1214 ‹
775 1163 949 1230 Quam
989 1163 1199 1234 pulchri
1245 1174 1371 1220 sunt
1413 1165 1689 1236 ingressus
1735 1167 1810 1220 tui
1855 1167 1911 1222 in

333 1257 714 1314 calceamentis
740 1257 784 1324 ³,
807 1277 825 1310 ι
852 1257 906 1312 id
927 1265 1032 1324 est,
1065 1274 1227 1328 quam
1254 1259 1452 1316 decora
1481 1270 1609 1316 sunt
1631 1275 1796 1331 opera
1819 1267 1910 1316 tua

331 1351 388 1405 in
416 1349 830 1405 mortiﬁcatione
852 1347 1204 1417 voluptatum.

403 1439 617 1496 Clamor
663 1449 747 1497 est
788 1443 1007 1511 sanguis
1035 1450 1234 1498 nostrae
1278 1443 1706 1513 redemptionis,
1749 1453 1810 1500 ut
1853 1447 1910 1502 in

329 1533 468 1590 Job:
499 1553 517 1584 σ
545 1530 729 1604 Neque
775 1533 1014 1588 inveniat
1053 1533 1108 1588 in
1155 1541 1207 1590 te
1251 1534 1425 1589 locum
1469 1535 1672 1591 latendi
1704 1538 1911 1594 clamor

329 1641 484 1682 meus
518 1625 559 1690 ⁸,
585 1645 603 1678 ι
654 1625 797 1696 quod
827 1625 1025 1680 Christi
1069 1626 1310 1681 Ecclesia
1360 1637 1545 1684 sancta
1595 1631 1910 1701 sanguinem

328 1732 440 1772 non
481 1715 784 1772 abscondit.
827 1714 1060 1782 Clamor,
1087 1716 1411 1772 desiderium
1444 1718 1727 1787 cujuslibet
1750 1720 1907 1790 justi,

326 1819 389 1864 ut
417 1809 472 1864 in
498 1808 703 1878 psalmo
729 1827 740 1862 :
795 1826 815 1859 ι
847 1807 1065 1864 Clamor
1091 1825 1242 1864 meus
1269 1811 1335 1863 ad
1365 1819 1416 1864 te
1443 1813 1622 1867 veniat
1648 1815 1689 1879 ⁵,
1715 1834 1732 1867 ι
1765 1815 1909 1886 quod

2011 613 2116 668 Per
2143 629 2407 684 campum,
2432 613 2658 685 gentiles
2681 614 2892 683 inculti,
2920 625 2980 672 ut
3007 617 3061 672 in
3089 620 3392 688 propheta:
3421 640 3441 675 ι
3464 620 3593 677 Ger-

2011 705 2351 761 minaverunt
2407 708 2582 777 campi
2623 709 2792 764 eremi
2839 725 3058 782 germen
3105 713 3289 769 odoris
3339 713 3540 782 Israel,
3567 733 3587 769 ι

2012 799 2155 867 quod
2198 797 2432 855 fructum
2479 798 2635 870 legis,
2663 816 2784 871 qua:
2813 802 3010 874 populo
3040 801 3264 862 Judaico
3307 806 3432 862 data
3467 807 3593 878 fuit,

2011 891 2238 962 populus
2262 891 2499 964 gentium
2525 893 2768 962 pertulit.
2804 894 2908 949 Per
2933 913 3196 966 campum,
3227 907 3438 954 mentes
3461 899 3594 956 ﬁde-

2011 981 2161 1047 lium,
2188 991 2248 1038 ut
2269 983 2324 1038 in
2348 983 2557 1054 psalmo
2581 1001 2596 1049 _:
2626 1004 2644 1035 ι
2674 984 2740 1039 Ει
2764 986 2938 1058 campi
2961 987 3039 1041 tui
3067 987 3414 1056 replebuntur
3431 991 3595 1046 uber-

2011 1081 2124 1129 tate
2170 1073 2238 1141 η,
2266 1095 2285 1128 ι
2314 1076 2457 1146 quod
2503 1084 2710 1133 mentes
2753 1075 3024 1148 justorum
3073 1079 3288 1137 interna
3331 1082 3594 1140 societate

2012 1165 2310 1236 replentur.

2081 1254 2324 1311 Camelus
2352 1265 2436 1313 est
2459 1256 2726 1325 Christus,
2750 1267 2810 1314 ut
2837 1260 2893 1315 in
2917 1259 3242 1331 Evangelio:
3275 1279 3294 1314 ι
3326 1261 3594 1321 ΕΧΟΟΙΩηο

2011 1355 2094 1403 tes
2116 1347 2362 1414 culicem,
2383 1351 2646 1405 camelum
2671 1352 2956 1422 glutientes
2982 1353 3046 1418 ²⁰,
3079 1373 3100 1408 ι
3127 1355 3181 1409 id
3203 1355 3588 1422 est,latronem

2009 1437 2362 1509 postulantes,
2384 1449 2439 1495 et
2458 1441 2729 1496 Christum
2757 1444 3152 1514 cruciﬁgentcs.
3183 1443 3451 1514 Camelus,
3475 1455 3594 1503 tor-

2012 1531 2184 1587 titudo
2217 1531 2494 1600 vitiorum,
2517 1542 2575 1588 ut
2611 1535 2664 1589 in
2704 1535 2898 1592 Genesi
2927 1555 2938 1590 :
2969 1556 2988 1589 ι
3017 1535 3145 1592 Viso
3165 1538 3315 1593 Isaac
3339 1537 3588 1595 Rebecca

2012 1622 2287 1678 descendit
2313 1624 2378 1678 de
2401 1625 2608 1681 camelo
2643 1625 2708 1690 “,
2737 1646 2756 1678 ι
2778 1629 2920 1696 quod
2947 1628 3160 1700 cognito
3187 1628 3403 1686 Christo
3432 1631 3593 1687 vitio-

2012 1729 2132 1768 rum
2174 1714 2547 1771 tortitudinem
2593 1717 2850 1773 deseruit.
2896 1717 3002 1772 Per
3037 1718 3315 1785 camelum,
3345 1729 3594 1790 potentes

2011 1806 2169 1876 hujus
2218 1805 2428 1872 szeculi,
2461 1815 2518 1862 ut
2563 1809 2617 1862 in
2663 1809 2838 1864 Isaia:
2873 1829 2891 1862 ι
2935 1811 3214 1868 Inundatio
3263 1813 3591 1870 camelorum

327 1899 655 1955 desiderium
685 1897 814 1966 justi
838 1899 1058 1953 exaudit
1078 1899 1236 1953 Deus.
1260 1905 1277 1918 '
1299 1899 1355 1954 Id
1381 1910 1485 1968 est,
1516 1883 1799 1972 cupiditas
1827 1919 1909 1958 re-
1937 1883 1985 1943 Β
2011 1897 2219 1964 ορενίει
2259 1905 2310 1951 te
2340 1898 2406 1964 ",
2437 1918 2454 1950 ι
2491 1899 2633 1968 quod
2662 1905 2909 1970 potentes
2957 1902 3135 1956 saculi
3184 1903 3251 1958 ad
3297 1903 3594 1960 Ecclesiam

325 1990 646 2063 proborum,
675 1998 735 2045 ut
758 1991 810 2044 in
835 1989 1031 2046 Genesi
1059 2005 1074 2044 :
1103 2011 1120 2042 ‹
1149 1990 1366 2048 Clamor
1387 1993 1743 2051 Sodomorum
1765 1999 1912 2054 venit

325 2096 514 2136 coram
560 2096 646 2136 me
671 2079 713 2143 ⁸,
738 2099 756 2131 ι
779 2081 919 2152 quod
941 2081 1207 2152 cupiditas
1235 2086 1586 2154 reprohorum
1605 2087 1912 2157 importune

327 2171 691 2228 tumultuatur
711 2172 765 2227 in
787 2174 1010 2230 auribus
1029 2175 1143 2229 Dei.
1168 2173 1398 2241 Clamor,
1422 2177 1656 2234 violenta
1683 2179 1941 2238 tentatio

325 2265 549 2332 diaboli,
605 2273 663 2320 ut
693 2265 747 2320 in
774 2264 914 2321 Job:
963 2285 981 2318 ι
1023 2265 1324 2322 Clamorem
1354 2269 1623 2325 exactoris
1654 2286 1758 2326 non
1813 2288 1910 2328 ex-

324 2359 536 2414 audivit
559 2358 578 2389 ⁷
597 2400 613 2425 ,
660 2378 679 2411 ι
718 2359 860 2428 quod
889 2359 972 2413 vir
998 2368 1218 2416 sanctus
1246 2360 1496 2417 violentis
1528 2364 1912 2423 tentationibus

326 2449 528 2505 diaboli
560 2463 664 2503 non
697 2448 986 2504 consentit.

398 2539 546 2594 Clavi
569 2548 693 2596 sunt
717 2549 984 2612 praecepta
1006 2541 1308 2604 charitatis,
1332 2550 1391 2597 ut
1416 2543 1468 2598 in
1493 2543 1632 2600 libro
1656 2544 1865 2616 Regum
1892 2567 1906 2602 :

331 2648 353 2684 ι
381 2629 563 2686 Atﬁxit
604 2631 832 2688 laminas
860 2632 1030 2687 clavis
1059 2633 1237 2689 aureis
1258 2633 1302 2700 ⁸,
1324 2653 1342 2686 ι
1372 2635 1425 2689 id
1449 2644 1553 2701 est,
1581 2651 1743 2706 opera
1775 2653 1911 2706 prae-

324 2728 500 2798 ceptis
533 2727 813 2784 charitatis
847 2727 1101 2782 firmavit.
1130 2725 1302 2795 Clavi,
1335 2729 1478 2783 ratio
1503 2737 1560 2785 et
1584 2730 1907 2798 intellectus,

325 2828 388 2874 ut
414 2819 468 2874 in
499 2818 634 2874 Isaia
661 2837 675 2874 :
705 2838 724 2872 ι
749 2819 818 2874 Ει
835 2818 1014 2874 clavos
1040 2827 1158 2876 tuos
1185 2819 1459 2876 consolida
1489 2820 1533 2888 ’,
1557 2841 1576 2873 ι
1603 2822 1655 2877 id
1682 2832 1787 2889 est,
1821 2838 1910 2878 ra-

327 2912 534 2967 tionem
575 2920 630 2966 et
679 2910 1046 2977 intellectum,
1073 2927 1143 2967 ne
1191 2911 1556 2978 inlirmentur,
1597 2915 1908 2970 corrobora.

325 3001 496 3070 Clavi,
539 3003 900 3060 correctiones
944 3011 1289 3070 sanctorum,
1335 3012 1397 3058 ut
1441 3004 1495 3059 in
1545 3004 1906 3062 Ecclesiaste;

332 3117 353 3152 ι
380 3097 556 3154 Verba
602 3097 908 3166 sapientum
954 3096 1108 3166 quasi
1144 3095 1281 3150 clavi
1313 3096 1377 3162 ‘°,
1400 3115 1418 3146 ι
1450 3096 1594 3166 quod
1633 3112 1912 3154 sermones

325 3204 517 3246 eorum
545 3203 643 3260 per
663 3188 1034 3244 correctiones
1061 3187 1191 3242 vitia
1219 3198 1480 3258 pungunt.

2012 1989 2254 2043 veniunt.
2291 1989 2396 2044 Per
2425 1991 2680 2057 camelos,
2711 1992 3091 2064 dispositiones
3127 2009 3310 2050 rerum
3353 2005 3596 2054 terrena-

2013 2095 2154 2144 rum,
2181 2087 2241 2134 ut
2266 2081 2319 2134 in
2344 2080 2444 2136 Job
2471 2123 2482 2133 .
2516 2099 2535 2131 ι
2570 2081 2700 2136 Erat
2736 2084 3005 2152 possessio
3033 2082 3147 2153 ejus
3177 2086 3279 2140 tria
3307 2086 3470 2141 millia
3499 2103 3594 2142 ca-

2012 2173 2274 2229 melorum
2308 2175 2377 2240 ²³,
2402 2194 2419 2226 ι
2449 2177 2592 2244 quod
2614 2176 2698 2230 vir
2726 2186 2945 2232 sanctus
2968 2186 3214 2234 terrenas
3239 2180 3597 2251 dispensatio-

2013 2282 2109 2322 nes
2136 2266 2432 2322 intellectui
2459 2277 2661 2323 sancta:
2691 2268 2972 2324 Trinitatis
3003 2271 3238 2341 subjicit.

2043 2370 2045 2372 ‘
2083 2356 2312 2412 Chamus
2353 2366 2436 2413 est
2478 2359 2660 2413 carnis
2699 2358 2955 2424 alllictio,
3001 2368 3060 2414 ut
3105 2361 3159 2416 in
3206 2361 3452 2432 psalmo:
3485 2381 3504 2414 ι
3537 2363 3598 2418 In

2012 2453 2204 2508 chamo
2228 2459 2284 2506 et
2310 2451 2542 2518 freno“,
2569 2473 2588 2505 ι
2616 2452 2670 2506 id
2698 2463 2798 2516 est,
2835 2453 2889 2508 i-n
2913 2453 3201 2509 afﬂictione
3227 2455 3429 2521 carnis,
3455 2455 3598 2512 elata

2012 2557 2198 2599 eorum
2222 2543 2386 2598 verba
2414 2543 2626 2599 cohibe.
2655 2542 2908 2609 Chamus,
2927 2545 3206 2616 disciplina
3231 2565 3245 2600 :
3269 2547 3288 2566 ⁶
3314 2565 3334 2598 ι
3360 2545 3600 2603 Chamus

2013 2635 2166 2690 asino
2188 2635 2254 2699 ’⁵,
2277 2654 2295 2686 ›
2322 2634 2376 2688 id
2401 2644 2507 2701 est,
2532 2633 2813 2704 disciplina
2843 2650 3018 2691 servo.

2085 2723 2335 2779 Caminus
2361 2734 2446 2780 est
2466 2723 3046 2794 tribulatiojustorum,
3070 2734 3132 2781 ut
3155 2727 3209 2781 in
3235 2727 3556 2800 Apocalypsi
3580 2749 3594 2785 :

2019 2837 2038 2870 ι
2067 2817 2135 2872 Et
2162 2817 2324 2887 pedes
2349 2833 2538 2874 eorum
2573 2819 2777 2874 similes
2798 2819 3106 2875 aurichalco
3130 2820 3272 2875 sicut
3300 2821 3354 2875 in
3381 2822 3598 2877 camino

2014 2910 2224 2966 ardenti
2245 2911 2312 2976 “,
2335 2931 2352 2962 ι
2373 2910 2516 2981 quod
2532 2909 2703 2978 iustos
2725 2910 3000 2967 tribulatio
3022 2911 3294 2982 excoquit.
3325 2910 3597 2982 Caminus,

2013 3003 2266 3068 charitas,
2295 3012 2355 3058 ut
2380 3003 2435 3057 in
2464 3002 2597 3058 Isaia
2626 3017 2639 3056 :
2673 3020 2691 3053 ι
2720 3003 2786 3056 Ει
2817 3004 3061 3060 caminus
3103 3005 3220 3074 ejus
3269 3004 3325 3059 in
3369 3003 3594 3060 Jerusa-
3683 3011 3702 3035 ⁵

2014 3093 2117 3149 lem
2145 3095 2211 3161 '7,
2243 3112 2260 3146 ι
2289 3094 2432 3165 quod
2460 3095 2512 3148 in
2543 3108 2774 3164 superna
2805 3094 2979 3162 patria
3010 3093 3173 3150 ardor
3205 3103 3392 3165 regnat
3421 3095 3602 3150 chari-

2014 3185 2162 3241 tatis.
2195 3184 2467 3252 Caminus,
2495 3185 2775 3240 infernalis
2804 3185 2938 3251 vita,
2959 3195 3019 3240 ut
3045 3187 3098 3241 in
3121 3186 3448 3258 Evangelio:
3479 3206 3496 3240 ι
3527 3187 3598 3250 Et

400 3249 573 3336 Clavi;
621 3287 708 3336 est
747 3279 1018 3346 Christus,
1065 3286 1124 3332 ut
1173 3249 1236 3334 iri
1275 3249 1562 3350 Evangelio
1591 3298 1604 3334 :
1637 3299 1656 3332 ι
1687 3280 1913 3337 Tulistis
1939 3249 1984 3314 C
2021 3279 2238 3334 mittent
2266 3293 2359 3334 eos
2392 3277 2446 3332 in
2473 3277 2739 3334 caminum
2772 3277 2911 3349 ignis
2929 3277 2997 3345 ’⁸,
3029 3297 3047 3331 ι
3075 3249 3326 3348 id_est,in
3353 3277 3604 3336 ardorem

326 3378 537 3435 clavem
577 3376 818 3431 scientiae
842 3373 1067 3439 Christi,
1097 3388 1194 3428 vos
1243 3389 1350 3428 non
1395 3373 1680 3439 introistis,
1714 3382 1770 3429 et
1795 3390 1912 3442 vos,

328 3472 425 3542 qui
450 3470 791 3536 introierunt,
819 3467 1171 3540 prohibuistis
1198 3468 1264 3533 “;
1295 3488 1313 3520 ι
1342 3467 1393 3522 id
1419 3475 1523 3534 est,
1571 3483 1657 3524 me
1699 3469 1916 3526 auferre

331 3565 586 3629 studetis,
620 3577 721 3619 nec
751 3563 806 3617 in
835 3577 922 3618 me
947 3561 1189 3628 creditis,
1216 3575 1317 3616 nec
1351 3561 1484 3616 alios
1524 3564 1751 3618 credere
1794 3577 1918 3632 per-

331 3657 566 3714 mittitis.
596 3655 794 3723 Clam‘s,
821 3655 1030 3725 apertio
1059 3669 1229 3710 sacra:
1267 3651 1582 3724 Scriptum,
1614 3661 1676 3708 ut
1705 3654 1760 3710 in
1792 3669 1916 3724 pro-

331 3752 536 3824 pheta:
564 3769 583 3803 ι
623 3749 692 3804 Et
733 3747 870 3804 dabo
914 3746 1120 3802 clavem
1168 3747 1360 3801 domus
1406 3745 1576 3800 David
1605 3746 1672 3812 ",
1696 3765 1714 3796 ι
1743 3745 1795 3800 id
1835 3753 1919 3800 est

336 3842 726 3900 reserationem
776 3855 945 3896 sacra:
994 3837 1288 3908 Scripturae
1339 3853 1537 3908 ponam
1575 3837 1629 3892 in
1676 3837 1918 3893 Ecclesia

335 3934 557 3990 Christi.
605 3931 799 3998 Clavis,
830 3931 1058 3986 inclusio
1098 3929 1277 3986 cordis
1316 3929 1488 3998 impii,
1514 3935 1575 3982 ut
1610 3927 1664 3982 in
1704 3931 1918 3998 Apoca-

337 4026 513 4099 lypsi:
547 4045 564 4076 ι
594 4025 714 4080 Vidi
746 4023 994 4092 angelum
1022 4023 1436 4077 descendentem
1466 4021 1532 4076 de
1552 4019 1690 4074 caelo
1717 4019 1921 4074 haben-

337 4125 450 4172 tem
494 4116 700 4171 clavem
734 4114 914 4184 ahyssi
945 4112 1012 4178 ³³,
1045 4131 1063 4164 ι
1093 4111 1235 4180 quod
1264 4110 1534 4165 credimus
1561 4109 1614 4163 in
1644 4107 1920 4163 Christum

338 4226 398 4266 se
429 4209 804 4264 humiliantem
823 4248 838 4272 ,
864 4206 955 4276 qui
985 4219 1182 4274 corpus
1215 4211 1456 4258 nostrum
1481 4203 1630 4272 justo
1657 4217 1755 4257 suo
1778 4200 1922 4271 judi-

339 4303 426 4358 cio
476 4300 718 4356 includit.
773 4299 875 4352 Per
922 4296 1089 4351 claves
1121 4301 1413 4365 potestates
1447 4277 1752 4357 doctorum,
1779 4299 1838 4344 ut
1867 4290 1922 4344 in

341 4391 634 4464 Evangelio
659 4407 674 4446 :
703 4411 722 4443 ι
751 4390 819 4444 Ει
839 4388 977 4444 dabo
1007 4386 1102 4440 tibi
1130 4385 1309 4440 claves
1337 4385 1487 4454 regni
1519 4382 1778 4439 crelorum
1802 4381 1868 4448 “,
1898 4400 1916 4432 ι

341 4493 666 4557 potestatem
694 4481 895 4552 ligandi
922 4487 1083 4550 atque
1102 4476 1343 4532 solvendi
1373 4475 1632 4531 Dominus
1658 4475 1713 4529 in
1737 4473 1923 4530 Eccle-

345 4579 430 4640 sia
462 4577 668 4632 tribuit.

2022 3370 2250 3427 ﬂammae
2280 3369 2581 3426 infernalis.

2091 3461 2477 3518 Candelabrum
2517 3469 2600 3518 est
2641 3460 2920 3528 Christus,
2943 3469 3002 3516 ut
3031 3461 3085 3516 in
3112 3460 3338 3518 Exodo:
3365 3482 3382 3516 ‹
3413 3461 3606 3520 Facies

2021 3552 2402 3610 candelabrum
2429 3551 2626 3607 ductile
2650 3552 2716 3619 ⁸⁸,
2739 3571 2758 3603 ι
2786 3553 2928 3622 quod
2955 3551 3250 3618 Christum,
3281 3553 3372 3623 qui
3397 3551 3486 3608 lux
3520 3563 3606 3609 est

2021 3643 2226 3710 mundi,
2240 3643 2550 3712 passionum
2567 3643 2842 3698 tunsiones
2855 3640 3176 3697 afﬂixerunt.
3191 3641 3602 3711 Candelabrum,

2023 3736 2419 3807 contemplatio,
2446 3743 2507 3790 ut
2533 3735 2587 3789 in
2613 3735 2766 3791 libris
2793 3735 3000 3806 Regum
3026 3752 3039 3789 :
3069 3755 3088 3787 ι
3116 3735 3183 3789 Ει
3209 3749 3472 3804 ponamus
3495 3736 3609 3792 Eli-

2023 3842 2129 3883 saeo
2172 3826 2554 3882 candelabrum
2594 3825 2658 3890 ³⁰,
2701 3844 2720 3877 ι
2749 3824 2918 3896 quod,
2971 3832 3030 3879 ut
3070 3822 3334 3890 Christus,
3383 3826 3475 3896 qui
3510 3839 3610 3895 per

2022 3921 2272 3977 Elisaaum
2333 3920 2694 3991 exprimitur,
2752 3929 2969 3975 maneat
3023 3920 3165 3990 apud
3227 3935 3368 3989 nos,
3421 3921 3608 3980 lumen

2023 4031 2124 4072 nos
2167 4022 2381 4085 oportet
2411 4013 2611 4068 habere
2654 4012 3140 4082 contemplationis.
3189 4011 3601 4082 Candelabrum,

2025 4107 2257 4178 dignitas
2286 4105 2676 4176 prmdicatoris,
2697 4112 2755 4158 ut
2776 4104 2829 4158 in
2853 4103 3172 4174 Apocalypsi
3200 4122 3211 4158 :
3245 4124 3261 4155 ι
3296 4101 3406 4158 Nisi
3432 4106 3609 4172 paeni-

2026 4201 2250 4257 tentiam
2297 4199 2493 4270 egeris,
2523 4198 2750 4252 movebo
2791 4196 3175 4252 candelabrum
3205 4204 3355 4250 tuum
3390 4197 3456 4252 de
3490 4197 3611 4254 loco
3689 4193 3692 4196 ’
3745 4221 3748 4228 ι

2026 4311 2124 4350 ευο
2145 4294 2211 4358 ³¹,
2242 4313 2259 4345 ι
2295 4291 2346 4346 id
2370 4299 2489 4357 est,
2521 4290 2761 4344 auferam
2783 4305 2813 4343 a
2837 4297 2888 4343 te
2917 4288 3230 4358 dignitatem
3262 4297 3430 4342 tuam.
3464 4285 3608 4344 Can-

2027 4386 2316 4450 delabrum,
2348 4392 2519 4440 status
2563 4383 2805 4452 corporis
2848 4382 3042 4446 nostri,
3071 4390 3130 4436 ut
3175 4381 3230 4435 in
3270 4381 3607 4451 Evangelio:

2034 4497 2053 4529 ι
2081 4477 2186 4532 Sed
2213 4491 2372 4547 super
2407 4473 2791 4530 candelabrum
2817 4471 2882 4536 ³³,
2912 4490 2929 4523 ι
2958 4470 3100 4540 quod
3128 4469 3352 4524 verbum
3381 4471 3474 4524 Dei
3504 4469 3612 4540 ipsi

2030 4567 2244 4638 corpori
2269 4578 2452 4623 nostro
2477 4579 2789 4636 praeponere
2807 4561 3088 4618 debemus;
3108 4559 3213 4615 Per
3237 4559 3612 4638 candelabrum

419 4632 647 4740 Campus
669 4675 752 4722 est
776 4665 1010 4721 mundus
1031 4664 1154 4727 iste,
1178 4669 1236 4716 ut
1256 4661 1309 4716 in
1329 4658 1556 4715 Cantico
1579 4676 1592 4712 :
1623 4675 1642 4709 ι
1667 4657 1782 4726 Ego
1805 4671 1923 4711 sum
1951 4634 2006 4694 D
2032 4632 2302 4724 Ecclesia»,
2347 4667 2405 4712 ut
2453 4632 2507 4710 in
2565 4632 2880 4726 Apocalypsi
2905 4671 2918 4708 :
2951 4672 2970 4705 ι
3020 4651 3239 4723 Septem
3285 4632 3613 4708 candelabra

349 4766 447 4820 llos
459 4762 637 4833 campi
664 4761 728 4828 ”,
755 4780 773 4812 ι
798 4760 852 4815 id
874 4768 974 4823 est,
991 4756 1172 4813 mundi
1203 4755 1363 4811 decor
1386 4768 1486 4823 ego
1511 4767 1648 4807 sum.
1675 4749 1924 4822 Campus,

348 4857 660 4931 gentilitas,
706 4861 768 4908 ut
812 4853 868 4906 in
924 4848 1241 4906 Ezechiele:
1271 4867 1289 4898 ι
1319 4846 1490 4916 Surge
1515 4885 1530 4910 ,
1566 4843 1824 4915 egredere
1869 4844 1927 4898 in

349 4963 600 5019 campum
626 4947 690 5012 ⁸⁸,
712 4965 730 4998 ›
757 4943 901 5014 quod
927 4940 1176 4997 Christus
1204 4938 1270 4993 ad
1293 4941 1620 5007 praeceptum
1643 4933 1822 4988 Patris
1847 4933 1928 4989 in-

349 5053 570 5112 gressus
596 5035 874 5100 mundum,
895 5033 1121 5104 gentiles
1143 5029 1210 5085 ad
1237 5028 1396 5084 ﬁdem
1418 5025 1648 5082 vocavit.
1678 5022 1929 5096 Campus,

351 5133 464 5188 lata
504 5129 819 5200 vita_bujus
869 5125 1070 5189 saeculi,
1097 5131 1156 5178 ut
1199 5122 1251 5177 in
1294 5119 1544 5192 psalmo:
1575 5139 1594 5169 ‹
1626 5117 1694 5173 Ει
1737 5131 1930 5186 pecora

353 5225 531 5295 campi
563 5225 629 5290 ιτ,
650 5243 670 5276 ι
696 5223 750 5278 id
769 5228 873 5287 est,
898 5218 1245 5288 voluptuosos
1271 5213 1477 5268 mundi.
1496 5209 1747 5282 Campus,
1768 5223 1934 5280 popu-

353 5317 442 5372 lus
466 5315 740 5382 Judaicus,
767 5322 834 5388 ut
870 5312 927 5368 in
966 5309 1222 5366 Daniele:
1252 5327 1271 5360 ι
1297 5307 1413 5362 Ibat
1454 5304 1673 5360 Abacuc
1702 5303 1760 5360 in
1786 5317 1936 5359 cam-

2033 4760 2238 4820 septem
2263 4746 2518 4802 Ecclesiae
2545 4754 2670 4800 sunt
2696 4745 2762 4799 ³³.
2786 4765 2804 4795 ι

2104 4840 2316 4896 Candor
2351 4847 2435 4894 est
2467 4836 2774 4892 innocentia
2797 4875 2812 4902 ,
2845 4842 2905 4888 ut
2945 4833 2998 4888 in
3029 4831 3289 4889 Cantico:
3320 4853 3338 4886 ι
3375 4834 3612 4892 Dilectus

2031 4948 2184 4989 meus
2211 4931 2472 4988 candidus
2493 4930 2561 4996 “,
2591 4948 2610 4981 ι
2635 4928 2690 4984 id
2718 4936 2820 4994 est,
2850 4942 2880 4981 a
2913 4934 3138 4997 peccato
3161 4938 3351 4997 purus.
3374 4925 3608 4994 Candor,

2031 5025 2193 5080 decor
2221 5023 2410 5094 patria:
2437 5020 2695 5086 caelestis,
2724 5028 2784 5073 ut
2811 5018 2865 5072 in
2894 5016 3034 5073 libro
3063 5014 3286 5085 Sapient
3306 5027 3393 5068 ae:
3469 5014 3611 5068 Can-

2032 5117 2132 5173 dor
2164 5116 2299 5172 lucis
2323 5123 2538 5170 aeternae
2560 5113 2633 5180 ³⁸,
2667 5132 2687 5166 ι
2715 5110 2856 5183 quod
2887 5110 2942 5166 in
2969 5108 3187 5166 Christo
3209 5121 3470 5180 perpetua
3495 5105 3616 5183 cl_a_a

2039 5208 2174 5264 ritas
2203 5216 2306 5263 est.

2112 5298 2413 5355 Canistrum
2433 5305 2516 5354 est
2537 5312 2691 5353 sacra
2723 5295 3024 5367 Scriptura,
3046 5302 3106 5350 ut
3130 5293 3184 5349 in
3204 5292 3394 5350 Exodo
3418 5309 3432 5347 :
3457 5309 3477 5346 ι
3508 5292 3620 5349 Ca-

351 5513 356 5520 '
433 5503 450 5533 ¹
481 5501 650 5556 Exod.
677 5513 760 5564 ιιι,
793 5496 846 5552 5.
879 5497 899 5527 ³
929 5493 1115 5549 Matth.
1140 5508 1198 5556 ι,
1220 5492 1313 5564 κιο.
1335 5491 1358 5564 ξ’
1379 5489 1536 5564 Cant.
1564 5501 1660 5551 vn,
1679 5486 1786 5564 -l._f
1805 5483 1906 5564 Job
1932 5499 2042 5564 x_vr,
2072 5483 2157 5538 18.
2193 5482 2484 5564 'Rsal_._c_r,
2507 5481 2562 5536 2.
2603 5480 2624 5511 ⁸
2651 5479 2967 5564 ϐειιξχγιιι,
2995 5477 3085 5532 20.
3125 5477 3155 5564 τί
3181 5474 3284 5564 Job
3309 5473 3619 5564 XEXELH).

355 5543 850 5642 ειιιῐὶὶῗὲἱξέἱζ
887 5566 908 5597 ε
930 5543 1348 5642 {adﬁge—fw
1386 5543 1696 5642 anm-xit,
1733 5557 1817 5642 ιι.
1863 5557 1902 5588 ιι

2119 5570 2194 5642 ξι,
2228 5554 2318 5608 52.
2361 5555 2404 5584 ⁸⁸
2429 5543 2822 5642 ἑξακξξέιηῖὶ.
2864 5549 2906 5580 ’³
3137 5549 3315 5642 amnt.
3356 5547 3400 5582 ιδ
3426 5543 3621 5642 Μθιέιὲ.

358 5611 1306 5702 11,.1vT"°—Eiecli.
1339 5611 1536 5695 ιιξέἓ.
1558 5629 1602 5702 ξ’
1631 5611 1772 5702 Psal.
1803 5643 1916 5702 νιιι,

2044 5625 2101 5702 ³⁸⁸
2120 5611 2273 5702 Dan;
2291 5639 2399 5688 xtv,
2428 5623 2516 5677 5‘2.
2546 5621 2586 5652 ¹⁹
2602 5611 2928 5702 Ρεξιιι..ι.ιιγ,
2955 5611 3323 5702 1'2._':Mﬁtth.
3351 5613 3622 5702 “111,23.

362 5684 924 5774 it'iieii'I'meféi'F-’
1081 5684 1180 5770 ιζ,
1193 5684 1459 5759 liis-“dub
1489 5716 1524 5766 ι,
1549 5701 1610 5774 ζ».
1652 5684 1917 5774 ’δρΡεῃ-Ιζῇ

2035 5739 2049 5763 ,
2075 5696 2150 5774 9--
2168 5696 2214 5774 Ῐ⁵
2239 5684 2399 5774 Ριριέ
2427 5709 2572 5757 mh
2601 5694 2654 5746 δ·
2679 5690 2724 5774 1°
2752 5684 2919 5774 A209:
2955 5705 3010 5774 ιι.
3048 5687 3137 5774 ’ξι
3176 5687 3350 5774 fil“.-
3373 5684 3619 5774 W53-

363 5786 413 5818 ⁸⁸
441 5784 628 5838 Matth.
671 5770 787 5847 χιιι,
827 5780 919 5845 42,
946 5779 1034 5834 59.
1091 5777 1136 5806 ²⁹
1187 5776 1354 5831 Exod.
1379 5787 1516 5847 μιν,
1546 5772 1649 5847 51.-
1671 5771 1738 5847 ’³ο
1762 5770 1972 5847 _l_V_Reg

1977 5808 1990 5822 .
2023 5757 2096 5832 ι’γ,
2130 5769 2216 5820 10.
2280 5767 2319 5797 ³³
2350 5765 2514 5836 Apoc.
2566 5779 2625 5828 ιι,
2678 5762 2731 5818 ὅ.
2792 5757 2836 5792 δ’
2865 5759 3054 5815 Matth.
3084 5773 3138 5824 v,
3171 5757 3277 5824 16;
3323 5757 3456 5814 Luc.
3502 5770 3603 5812 vut

366 5837 556 5924 ιθζξι
576 5837 672 5921 ίιιι,
702 5837 792 5908 55.
826 5851 872 5884 ³³
902 5837 1068 5922 Apoc.
1099 5847 1255 5932 1,20.
1294 5847 1339 5880 "t
1365 5844 1518 5901 Cant.
1546 5858 1598 5911 v,
1631 5843 1717 5900 10.
1759 5844 1806 5875 ³⁵
1829 5841 1917 5913 Sa]

2026 5857 2084 5906 ιι,
2126 5837 2208 5894 16.
