3972 6336
469 354 572 413 883

1097 356 1158 410 B.
1204 355 1451 411 RABANI
1492 354 1713 413 MAURI
1748 352 2069 409 ARCHIEP.
2104 330 2745 409 MOGUNT..OPERUM
2782 346 2962 404 PARS
2998 348 3083 406 Ill.
3558 353 3637 411 ssi

468 467 697 535 nistruum
727 466 780 520 in
816 466 1022 537 azymis
1048 468 1278 541 panibus
1316 470 1356 535 ',
1388 488 1404 520 ι
1432 467 1485 523 id
1508 477 1610 532 est,
1640 482 1850 524 sacram
1882 466 2033 522 Scri-

2157 485 2162 518 [
2190 464 2364 521 Omne
2406 472 2567 536 caput
2612 463 2923 535 languidum
2950 464 3018 528 ὀ,
3044 482 3062 515 ι
3088 463 3229 535 quod
3254 464 3632 537 universusprin-

416 580 429 587 ’
477 562 689 625 pturam
708 569 845 631 .cnm
868 556 1020 625 puris
1045 557 1318 628 operibus.

541 642 763 703 Canale:
793 656 921 701 sunt
944 662 1117 703 sacrm
1138 648 1449 721 Scriptum,
1474 658 1532 705 ut
1558 650 1613 705 in
1636 646 1831 707 Genesi
1858 671 1871 706 :
1900 672 1918 704 ι
1945 650 2049 708 Ρο-

469 736 579 793 ειιὶι
597 739 778 808 virgas
806 738 859 794 in
884 740 1159 799 canalibus
1178 743 1230 809 ⁸,
1262 761 1280 795 ι
1308 740 1448 813 quod
1476 742 1718 812 exempla
1738 754 2048 800 sanctorum

471 837 602 884 sunt
630 830 684 884 in
714 829 1026 903 Scripturis.
1058 830 1313 899 Canales,
1346 842 1551 889 mentes
1589 832 1879 904 justorum,
1910 844 1969 891 ιιι
1994 837 2049 891 in

472 916 733 975 Cantico:
783 942 800 973 ι
832 921 1073 992 Purpura
1116 924 1257 996 regis
1278 923 1465 994 juncta
1493 924 1770 982 canalibus
1789 926 1831 995 ³,
1862 946 1881 979 ι
1905 927 2051 998 quod

472 1017 655 1093 passio
683 1014 887 1069 Christi
918 1016 1179 1087 impressa
1212 1026 1297 1072 est
1322 1026 1633 1075 sanctorum
1664 1020 1952 1079 mentibus.

545 1106 704 1164 Canis
754 1117 837 1160 est
884 1116 1137 1176 peccator
1184 1109 1485 1180 impudens,
1513 1118 1571 1165 ut
1612 1110 1667 1165 in
1728 1106 2047 1168 Parabolis:

479 1220 499 1253 ι
529 1198 690 1256 Canis
728 1212 982 1253 reversus
1012 1199 1078 1253 ad
1104 1200 1361 1254 vomitum
1395 1216 1550 1255 suum
1591 1201 1632 1267 ’⁵,
1665 1221 1682 1252 ι
1710 1202 1762 1257 id
1791 1211 1890 1267 est,
1921 1220 2049 1273 pec-

473 1298 626 1347 cator
677 1287 955 1360 impudens
1003 1289 1141 1345 redit
1183 1289 1249 1344 ad
1298 1300 1577 1359 peccatum
1631 1308 1807 1348 suum.
1857 1291 2048 1360 Canis,

473 1386 740 1457 pcenitens
784 1384 1037 1456 quilibet,
1086 1394 1143 1439 ut
1187 1386 1241 1442 in
1296 1385 1664 1442 Ecclesiaste:
1698 1406 1717 1438 ι
1750 1386 1938 1443 Melius
1971 1397 2053 1443 est

474 1479 621 1555 canis
660 1478 814 1534 vivus
857 1477 1012 1534 leone
1058 1489 1272 1535 mortuo
1306 1479 1349 1547 ⁸,
1389 1500 1406 1531 ι
1435 1480 1578 1550 quod
1619 1479 1810 1536 melior
1845 1489 1946 1547 est,
1986 1478 2053 1537 de

472 1569 716 1640 peccatis
760 1568 1036 1625 humiliter
1085 1569 1367 1636 conﬁtens,
1405 1585 1566 1641 quam
1616 1570 1681 1626 de
1726 1571 1934 1627 meritis
1963 1586 2053 1626 su-

473 1658 639 1729 perbe
666 1676 1016 1732 praesumens.
1047 1660 1228 1728 Canis,
1258 1662 1483 1733 quilibet
1509 1661 1787 1730 inﬁrmus,
1813 1672 1873 1719 ut
1907 1662 1963 1719 in
1990 1664 2055 1719 li-

474 1751 573 1807 bro
608 1752 811 1823 Regum
840 1773 851 1808 :
877 1760 903 1805 ἰ
935 1752 1184 1827 Nunquid
1221 1757 1374 1812 canis
1417 1772 1572 1825 sum,
1607 1758 1751 1830 quod
1796 1766 1853 1814 tu
1900 1759 2052 1814 venis

2147 559 2358 631 cipatus
2406 558 2703 630 Synagogze
2756 555 3109 631 spiritualiter
3170 556 3445 629 aagrotavit.
3488 556 3642 630 Caput,

2148 655 2471 729 principium
2495 696 2512 722 ,
2557 662 2618 711 ut
2661 654 2715 711 in
2762 652 3011 724 psalmo:
3042 671 3061 705 ι
3092 650 3149 706 In
3193 651 3359 721 capite
3398 650 3506 706 libri
3543 654 3645 708 scri-

2146 758 2301 822 ptum
2326 749 2393 815 “,
2424 768 2445 801 ι
2467 748 2520 803 id
2549 754 2649 813 εει,
2666 747 2721 800 in
2751 744 3017 815 principio
3037 741 3531 812 Psalteriiscriptum
3553 762 3568 794 ι
3589 754 3651 799 εει

2149 846 2216 902 de
2241 860 2340 899 me.
2370 864 2387 895 ι
2419 840 2611 914 Caput,
2637 840 2865 913 quilibet
2892 837 3053 909 hujus
3073 836 3253 906 saeculi
3273 836 3524 909 superbus,
3545 845 3592 890 nt
3610 837 3651 892 in

2149 935 2287 992 Job:
2321 956 2339 987 ι
2368 936 2476 989 Aut
2507 930 2845 1005 gnrgustium
2892 931 3119 1003 piscium
3164 928 3394 999 lmplebis
3433 928 3577 999 capite
3607 928 3654 982 il-

2150 1029 2254 1084 lius
2293 1029 2360 1094 ²²,
2390 1049 2408 1078 ι
2436 1027 2577 1098 quod
2631 1026 2771 1079 Deus
2816 1038 2912 1095 per
2962 1021 3338 1094 praedicatores
3378 1034 3489 1075 suos
3528 1020 3655 1075 etiam

2153 1122 2413 1193 superbos
2439 1121 2503 1175 ad
2535 1133 2593 1174 se
2623 1118 2811 1172 trahit.
2843 1114 3035 1187 Caput,
3071 1114 3278 1168 initium
3307 1112 3594 1177 tentationis,
3615 1122 3658 1167 ut

2152 1215 2205 1270 in
2233 1213 2331 1269 Job
2360 1230 2372 1265 :
2405 1229 2423 1262 ι
2450 1210 2623 1279 Caput
2663 1209 2865 1279 aspidis
2890 1215 3047 1279 suget
3068 1205 3137 1272 “,
3162 1225 3179 1258 ι
3208 1206 3342 1277 quod
3369 1204 3555 1275 iniquus
3569 1205 3657 1275 qui-

2152 1306 2285 1360 libet
2307 1279 2725 1359 statim'initinm
2748 1298 3060 1355 tentationis
3081 1294 3446 1352 consentiendo
3469 1294 3659 1364 suscipit.

2154 1394 2344 1469 Caput,
2375 1391 2693 1449 excellentia
2714 1431 2729 1457 ,
2764 1398 2824 1445 ιιι
2854 1390 2906 1444 in
2936 1388 3092 1459 lege:
3125 1407 3144 1440 ι
3175 1385 3386 1440 Advena
3419 1385 3509 1440 erit
3532 1385 3574 1438 in
3596 1398 3661 1439 ca-

2155 1495 2251 1560 put
2277 1486 2346 1553 ”,
2374 1505 2392 1537 ι
2421 1485 2472 1541 id
2503 1492 2608 1551 est,
2640 1483 2850 1537 alienus
2886 1489 2935 1536 te
2966 1478 3214 1535 excellet.
3251 1475 3427 1546 Caput,
3453 1473 3661 1540 diabolus,

2153 1590 2215 1636 ut
2261 1579 2314 1634 in
2362 1576 2607 1648 psalmo:
2640 1594 2658 1627 ι
2688 1573 2863 1646 Caput
2911 1572 3178 1628 circuitus
3224 1584 3399 1625 eorum
3434 1564 3663 1636 ",iquod

2155 1668 2422 1735 diabolus,
2457 1668 2546 1738 qui
2591 1675 2752 1737 caput
2795 1675 2879 1721 est
2924 1664 3253 1741 iniquorum,
3282 1674 3528 1731 nunquam
3559 1667 3664 1713 recte

2157 1762 2376 1819 incedit.
2427 1758 2617 1830 Caput,
2666 1756 3054 1821 Antichristus,
3085 1764 3147 1811 ut
3182 1754 3238 1808 in
3274 1753 3504 1809 Abacuc:
3531 1769 3547 1802 ι
3568 1750 3665 1806 Per-

476 1858 599 1899 cum
621 1842 812 1899 baculo
846 1845 915 1899 ad
945 1846 1067 1901 me?
1089 1845 1110 1876 '
1140 1866 1157 1898 ι
1195 1846 1246 1902 id
1276 1855 1380 1911 est,
1407 1848 1649 1918 nunquid
1694 1864 1792 1920 pro
1830 1858 1941 1903 tam
1973 1849 2054 1904 in-
2086 1842 2131 1902 Β
2158 1855 2371 1911 cussisti
2403 1862 2563 1925 caput
2609 1851 2675 1906 de
2723 1851 2882 1906 domo
2935 1847 3086 1920 impii
3128 1844 3196 1913 ",
3227 1866 3247 1899 ι
3276 1845 3324 1900 id
3346 1853 3440 1921 est,
3462 1840 3666 1925 superasti

478 1932 635 1989 ﬁrmo
661 1951 746 1992 me
773 1935 960 2003 habes,
992 1946 1049 1991 ut
1078 1945 1189 1992 tam
1218 1937 1376 1993 facile
1404 1955 1561 2010 posse
1599 1958 1682 1997 me
1719 1957 1977 2013 superare
2007 1951 2057 1996 te

475 2027 703 2081 credas?
731 2026 910 2095 Canis,
939 2028 1168 2098 quilibet
1207 2029 1534 2098 vilissimus,
1565 2040 1622 2088 ut
1667 2033 1721 2087 in
1765 2032 1902 2089 libro
1948 2033 2056 2088 Re-

476 2132 639 2189 gum:
670 2139 689 2171 ι
722 2120 890 2188 Quem
938 2123 1280 2194 persequeris
1302 2164 1317 2191 ,
1364 2141 1457 2180 rex
1500 2125 1695 2181 Israel?
1736 2142 1919 2197 quem,
1954 2128 2058 2184 nisi

478 2223 665 2264 canem
714 2212 1059 2268 mortuum?"
1084 2233 1102 2265 ι
1132 2214 1186 2268 id
1214 2224 1317 2280 εει,
1351 2232 1435 2271 me
1466 2214 1808 2284 vilissimum,
1834 2220 1926 2289 qui
1957 2235 2059 2275 nec

476 2298 661 2357 vivere
684 2301 874 2372 dignus
902 2319 1040 2359 sum.
1063 2304 1169 2361 Per
1193 2324 1367 2373 canes,
1385 2310 1635 2378 apostoli,
1652 2318 1711 2365 ut
1734 2310 1789 2364 in
1810 2312 2052 2380 psalmo:

483 2407 501 2440 ι
531 2386 740 2460 Lingua
775 2408 969 2447 canum
1005 2402 1220 2451 tuorum
1261 2397 1302 2462 ⁸,
1334 2419 1352 2450 ι
1391 2400 1533 2467 quod
1576 2400 1895 2470 praedicatio
1926 2419 2056 2473 apo-

479 2477 739 2533 stolorum
770 2480 946 2536 infusa
985 2492 1068 2539 est
1108 2486 1374 2555 gentibus.
1420 2487 1525 2543 Per
1552 2505 1730 2557 canes,
1757 2500 1966 2561 gentes,
2000 2501 2060 2547 ut

479 2566 535 2621 in
563 2566 853 2641 Evangelio
883 2590 896 2625 :
928 2593 946 2625 ι
973 2571 1089 2629 Non
1118 2584 1199 2631 est
1232 2577 1430 2633 bonum
1460 2595 1675 2637 sumere
1702 2597 1896 2651 panem
1925 2583 2061 2638 ﬁlio-

410 2672 429 2697 ς
478 2672 599 2712 rum
627 2666 682 2714 et
705 2660 920 2718 mittere
941 2664 1165 2722 canibus
1186 2666 1231 2734 ’,
1255 2687 1275 2721 ι
1305 2668 1357 2724 id
1382 2679 1487 2735 est,
1511 2670 1813 2727 doctrinam
1842 2684 2060 2743 aposto-

428 2772 431 2775 λ
475 2747 637 2841 licam
660 2750 790 2807 dare
813 2756 1081 2825 gentibus.
1109 2755 1214 2815 Per
1234 2777 1410 2827 canes,
1440 2759 1632 2835 Judaei,
1653 2773 1715 2821 ιιι
1736 2766 1790 2820 in
1812 2767 2055 2841 psalmo:

483 2860 501 2893 ι
532 2839 1017 2902 Circumdederunt
1067 2865 1153 2907 me
1194 2867 1357 2909 canes
1382 2852 1444 2920 ιο,
1477 2875 1496 2908 ›
1523 2854 1578 2910 id
1610 2864 1713 2924 est,
1742 2839 2062 2914 invaserunt

392 2998 403 3013 .
482 2944 569 2987 me
592 2931 780 2991 Judaei.
814 2935 919 2992 Per
960 2954 1134 3007 canes,
1169 2944 1608 3013 reprehensores,
1640 2955 1701 3002 ut
1737 2948 1791 3003 in
1820 2948 2062 3022 Evange-

485 3023 598 3081 lio:
629 3047 646 3080 ι
689 3026 865 3085 Nolite
919 3030 1134 3109 mittere
1172 3045 1418 3092 sanctum
1467 3038 1692 3096 canibus
1727 3041 1794 3108 “,
1826 3061 1845 3093 ι
1873 3043 1925 3098 id
1954 3051 2058 3110 est,

488 3131 653 3174 sacrm
680 3118 974 3191 Scriptura:
1016 3127 1331 3197 mysterium
1361 3128 1466 3184 illis
1495 3130 1589 3201 qui
1630 3133 1957 3190 mordaciter
1978 3151 2063 3190 re-

2157 1948 2574 2011 Anticliristum,
2599 1945 2690 2016 qui
2715 1953 2799 1998 est
2825 1941 3090 1997 habitatio
3120 1937 3335 1994 diaboli.
3384 1935 3548 2007 Caput,
3573 1949 3664 1989 con-

2158 2040 2488 2114 cupisccntia
2538 2039 2734 2105 hostis,
2762 2045 2823 2091 ut
2874 2035 2929 2091 in
2976 2034 3175 2091 Genesi
3206 2051 3219 2086 :
3246 2032 3263 2053 ‘
3290 2051 3307 2083 ι
3336 2030 3445 2100 Ipsa
3482 2032 3668 2082 conteret

2157 2141 2319 2205 caput
2367 2140 2516 2185 tuum
2558 2129 2626 2195 ⁸⁷,
2675 2149 2693 2180 ι
2726 2128 2779 2181 id
2825 2135 2938 2189 est,
2997 2124 3169 2179 Maria
3212 2123 3359 2193 virgo
3402 2116 3669 2175 conculcahit

2159 2220 2654 2293 concupiscentiam
2686 2225 2854 2272 tuam.
2898 2215 3067 2287 Caput
3103 2224 3187 2271 est
3225 2227 3391 2276 mens,
3412 2218 3465 2265 ut
3498 2208 3544 2263 in
3566 2206 3668 2263 Can-

2160 2316 2304 2371 tico:
2334 2334 2351 2365 ι
2375 2312 2547 2384 Caput
2571 2321 2717 2366 tuum
2742 2319 2801 2364 ut
2819 2307 3103 2365 Carmelus
3124 2306 3190 2373 ’⁸,
3221 2326 3240 2360 ι
3272 2304 3321 2361 id
3350 2313 3444 2369 est,
3468 2308 3666 2359 mensula

2160 2405 2541 2476 cogitationem
2574 2402 2735 2457 habet
2764 2399 3060 2473 spiritualis
3092 2395 3531 2487 circumcisionis:
3561 2390 3666 2463 quod

2161 2498 2454 2561 Carmelus,
2482 2495 2708 2551 scientia
2748 2491 3180 2549 circumcisionis
3215 2482 3668 2559 interpretatur.Ca-

2160 2598 2272 2660 put,
2306 2588 2552 2653 intentio.
2578 2594 2633 2640 ιιι
2662 2586 2716 2640 in
2741 2583 2974 2641 Ieremia
3000 2602 3013 2638 :
3046 2602 3065 2634 ι
3097 2581 3249 2637 Facti
3276 2587 3395 2634 sunt
3416 2578 3569 2633 hostes
3586 2573 3668 2641 ejus

2161 2683 2214 2737 in
2242 2681 2416 2752 capite
2437 2679 2506 2745 ”,
2540 2700 2557 2733 ι
2588 2679 2640 2735 id
2668 2687 2770 2741 est,
2805 2676 3006 2731 inimici
3052 2670 3495 2745 tui-praevalentei
3520 2668 3561 2722 in

2162 2772 2478 2829 intentione.
2526 2768 2631 2825 Per
2679 2776 2837 2840 caput
2892 2766 3158 2821 elationes
3201 2763 3542 2833 superborum,
3565 2764 3609 2809 ιιι
3626 2763 3666 2807 in

2159 2863 2369 2935 psalmo
2396 2880 2408 2917 :
2439 2882 2457 2914 ι
2488 2858 2886 2931 Conquassabit
2928 2858 3108 2929 capita
3150 2856 3203 2911 in
3248 2864 3384 2910 terra
3410 2852 3470 2919 '°,
3496 2849 3574 2903 iid
3593 2856 3665 2911 est,

2161 2956 2403 3012 destruet
2444 2954 2496 3008 in
2526 2952 2769 3008 Ecclesia
2817 2949 3080 3006 elationes
3108 2947 3470 3020 pessimorum.
3503 2939 3585 2995 Per
3606 2954 3667 2991 ca-

2160 3047 2271 3119 pita
2318 3045 2448 3100 vitia
2497 3043 2834 3109 criminalia,
2864 3053 2923 3098 ut
2966 3042 3019 3097 in
3064 3037 3417 3113 Apocalypsi;
3445 3032 3667 3133 «habebat

2165 3138 2330 3195 draco
2356 3139 2531 3209 capita
2560 3147 2773 3209 septem
2805 3136 2873 3205 “,
2903 3156 2921 3188 ι
2948 3137 3076 3207 quia
3106 3133 3348 3190 diabolus
3366 3138 3544 3201 septem
3565 3139 3671 3194 capt-

490 3210 848 3303 prehendunt.
899 3214 1002 3270 Per
1045 3234 1223 3286 canes,
1269 3221 1626 3293 detractores,
1655 3233 1716 3279 ut
1760 3225 1813 3281 in
1857 3225 2060 3283 Paulo:
2088 3214 2138 3279 C
2170 3229 2298 3287 talia
2326 3231 2454 3285 vitia
2490 3228 2753 3303 suggerit.

490 3317 508 3351 ι
538 3299 726 3358 Videte
755 3320 919 3360 canes
938 3306 1011 3372 4‘,
1039 3327 1058 3360 ι
1083 3312 1102 3329 '
1132 3324 1202 3365 ne
1248 3310 1531 3368 intuemini
1572 3314 1925 3373 detractores.
1960 3317 2063 3374 Per

487 3405 659 3455 canes,
679 3391 990 3467 loquacitati
1021 3397 1338 3467 servientes,
1356 3410 1416 3456 ut
1433 3402 1487 3458 in
1505 3401 1857 3477 Apocalypsi:
1879 3427 1896 3457 ι
1908 3407 2062 3465 Foris

481 3494 664 3546 canes,
691 3483 821 3539 foris
849 3484 1075 3543 maleﬁci
1100 3487 1165 3555 ⁸³,
1199 3508 1218 3542 ι
1245 3491 1385 3562 quod
1414 3493 1504 3563 qui
1538 3493 1590 3549 in
1620 3492 1849 3553 crimine
1876 3497 2063 3570 loqua-

480 3573 663 3630 citatis
699 3582 753 3629 et
796 3576 949 3633 mala:
992 3580 1220 3637 actionis
1240 3593 1612 3657 perseverant,
1663 3604 1693 3642 a
1742 3604 1912 3669 regno
1964 3588 2061 3647 Dei

479 3663 854 3722 excluduntur.
911 3667 1016 3724 Per
1060 3689 1247 3740 canes,
1297 3676 1677 3744 praedicatores
1720 3663 1867 3747 boni,
1902 3691 1961 3738 ut
2005 3684 2060 3739 in

478 3752 765 3828 Evangelio
790 3780 803 3813 :
832 3780 851 3813 ι
879 3761 1052 3821 Canes
1073 3765 1349 3837 Iingehant
1370 3769 1550 3827 ulcera
1570 3771 1760 3829 Lazari
1786 3774 1847 3839 ιδ,
1874 3796 1893 3829 ι
1917 3778 2061 3849 quod

479 3851 652 3907 sancti
695 3855 1080 3924 praedicatores
1127 3861 1396 3918 sanabant
1438 3875 1663 3937 peccata
1706 3871 1927 3940 gentilis
1966 3886 2064 3941 po-

478 3941 608 4033 puli.
654 3943 761 4000 Per
804 3962 957 4003 canes
984 3950 1366 4020 praedicatores
1400 3956 1546 4025 mali,
1574 3965 1635 4015 ut
1664 3958 1722 4016 In
1748 3962 2014 4033 propheta
2042 3982 2057 4019 :

487 4051 505 4083 ι
536 4031 708 4124 Canes
752 4039 909 4106 muti,
942 4056 1050 4097 non
1091 4042 1334 4101 valentes
1356 4045 1557 4105 latrare
1600 4046 1666 4116 η,
1697 4070 1717 4104 ι
1743 4031 1888 4124 quod
1931 4053 2060 4110 mali

479 4123 861 4194 praedicatores
890 4129 1021 4185 vitia
1046 4132 1322 4205 corripere
1345 4136 1555 4193 nolunt.

554 4238 723 4312 Caput
771 4253 855 4303 εει
882 4245 1087 4303 Christi
1130 4249 1421 4319 divinitas,
1446 4262 1505 4308 ιιι
1532 4255 1588 4311 in
1616 4254 1841 4316 Cantico
1867 4282 1880 4316 :
1910 4280 1930 4313 ι
1956 4259 2062 4318 Ca-

484 4339 582 4401 put
611 4331 728 4402 ejus
755 4349 946 4391 aurum
970 4338 1232 4408 optimum
1257 4342 1319 4407 ³⁸,
1347 4362 1367 4394 ι
1391 4345 1535 4415 quod
1563 4347 1616 4403 in
1640 4348 1845 4405 Christi
1866 4352 2063 4407 divini-

487 4429 599 4477 tate
650 4422 825 4497 fulgor
862 4425 1300 4499 incomparabilis
1352 4441 1453 4489 εει.
1511 4434 1703 4509 Caput,
1748 4440 2061 4499 humanitas

482 4510 704 4603 Christi,
732 4515 867 4575 utin
886 4517 1098 4589 psalmo
1122 4538 1136 4575 :
1172 4540 1190 4572 ι
1219 4521 1488 4580 Exaltavit
1514 4537 1677 4598 caput
1698 4544 1877 4587 meum
1896 4548 2060 4603 super

2236 3320 2475 3389 Capillus
2504 3330 2588 3377 est
2613 3320 2885 3377 subtilitas
2911 3319 3323 3392 cogitationum,
3348 3314 3469 3369 utin
3487 3307 3666 3392 psalmo;

2169 3434 2189 3468 ι
2226 3414 2496 3472 Verticem
2523 3413 2703 3485 capilli
2736 3391 3237 3483 perambulantium
3265 3408 3339 3484 [in
3374 3404 3553 3462 delictis
3572 3391 3668 3467 suis]

2163 3512 2470 3584 confringet
2509 3509 2575 3578 3’,
2605 3529 2624 3561 ι
2654 3508 2707 3565 id
2733 3517 2838 3575 est,
2857 3523 3084 3564 acumen
3125 3504 3428 3563 subtilitatis
3450 3497 3668 3584 heretico-

2114 3646 2117 3649 .
2165 3619 2285 3659 rum
2329 3583 2592 3659 destruet.
2632 3596 2888 3672 Capillus,
2931 3599 3067 3657 ordo
3114 3596 3516 3672 praedicatorum,
3553 3594 3598 3641 ιιι
3628 3583 3667 3638 in

2165 3693 2694 3751 Daniele”Abacuc
2743 3692 2937 3764 capillo
2983 3690 3050 3747 de
3097 3688 3280 3747 Judzea
3326 3688 3380 3743 In
3416 3679 3667 3752 Babylonem

2166 3795 2506 3845 transvectus
2553 3802 2674 3843 esse
2700 3787 3058 3861 perhibetur;
3106 3799 3204 3855 per
3237 3782 3462 3841 Abacuc,
3486 3771 3561 3845 qui
3585 3780 3666 3822 σπι·

2162 3882 2388 3954 ριεειεηε
2428 3876 2543 3935 sive
2581 3875 2812 3932 luctator
2840 3876 3251 3946 interpretatur,
3290 3870 3579 3954 Redemptor
3597 3870 3667 3912 M-

2164 3951 2281 4029 ster
2305 3968 2648 4042 exprimitur,
2679 3966 2773 4040 qui
2800 3976 2858 4023 ut
2884 3981 3012 4023 suos
3044 3963 3151 4020 sibi
3177 3960 3487 4033 amplectens
3519 3951 3666 4042 ιηᾳξιιι

2163 4070 2352 4121 contra
2376 4032 2658 4117 diabolum
2682 4032 2842 4114 iniit:
2874 4076 2893 4109 ι
2922 4053 3055 4111 Erat
3082 4032 3273 4110 autem
3296 4050 3499 4107 Abacnc
3518 4044 3564 4098 in
3581 4032 3668 4089 ἰι-

2164 4158 2289 4215 dam
2311 4155 2378 4223 “,
2405 4174 2424 4207 ι
2451 4162 2508 4211 ει
2533 4152 2785 4210 Christus
2830 4148 3187 4223 spiritualiter
3213 4146 3280 4201 ad
3307 4141 3499 4198 Iudaeos
3520 4131 3666 4189 missus

2162 4259 2263 4307 est.
2296 4267 2315 4301 ι
2347 4248 2441 4305 Ille
2478 4247 2817 4321 pulmentum
2858 4248 3116 4306 coxerat,
3146 4258 3164 4291 ι
3196 4235 3339 4310 quod
3378 4230 3664 4325 Christus

2164 4359 2303 4415 aqua
2332 4318 2610 4413 sapientia:
2637 4337 2843 4409 Spiritu
2875 4343 3032 4391 santo
3056 4337 3379 4404 cooperante
3404 4326 3556 4381 cibum
3580 4318 3666 4415 vita?

2162 4408 2502 4508 praipara—vit.
2554 4430 2645 4485 Ille
2678 4408 2703 4481 ι
2738 4442 2904 4500 panes
2944 4426 3001 4482 in
3033 4423 3240 4481 alveolo
3287 4419 3569 4515 intriveratt

2162 4503 2410 4582 Christus
2438 4520 2699 4594 apostolis
2727 4519 2883 4591 quasi
2910 4518 3173 4573 Dominici
3216 4513 3359 4569 verbi
3386 4503 3579 4594 vasculis
3593 4508 3662 4567 Pa‘

480 4602 730 4662 inimicos
756 4623 906 4665 meos
937 4610 1001 4677 ¹⁷,
1029 4630 1051 4665 ι
1079 4612 1131 4667 id
1159 4622 1261 4681 est,
1288 4615 1519 4672 elevavit
1559 4591 1854 4677 Christum.
1884 4591 2059 4681 horni-
2081 4594 2138 4657 θ
2162 4616 2348 4674 bulum
2374 4591 2634 4673 doctrinas
2654 4609 2951 4685 spiritualis
2974 4607 3288 4681 exponendo
3308 4611 3535 4671 tanquam
3554 4591 3661 4685 ΐηξξ·

481 4708 609 4785 nem
627 4710 789 4766 super
808 4699 1058 4758 inimicos
1070 4704 1089 4723 ‘
1104 4718 1271 4761 meos.
1289 4703 1484 4778 Caput,
1502 4709 1653 4778 ﬁdes,
1673 4713 1800 4769 utin
1808 4716 2021 4785 psalmo
2037 4736 2051 4774 :
2080 4776 2087 4783 ,

490 4799 526 4879 ί
537 4782 711 4857 Caput
752 4804 954 4860 meum,
981 4812 1002 4846 ι
1023 4794 1079 4849 id
1119 4804 1221 4862 est,
1267 4796 1402 4855 ﬁdes
1426 4800 1480 4856 in
1516 4805 1701 4874 pravis
1734 4811 1752 4829 '
1782 4782 2053 4879 refriguit.

483 4874 676 4950 Caput,
697 4885 1058 4943 sacerdotium
1074 4886 1407 4960 Iudaeorum,
1434 4903 1494 4950 ut
1520 4894 1576 4950 in
1601 4895 1740 4955 Joh:
1772 4917 1792 4951 ι
1818 4874 2054 4959 Abstulit

481 4982 739 5060 coronam
766 4973 834 5029 de
858 4976 1034 5047 capite
1056 4994 1179 5037 meo
1215 4982 1279 5049 ³⁸,
1308 5002 1330 5036 ι
1355 4986 1498 5056 quod
1530 4987 1843 5060 dignitatem
1871 4993 2054 5049 abstu-

482 5059 546 5115 lit
572 5061 715 5119 Deus
739 5079 772 5119 a
792 5071 1093 5127 sacerdotio
1115 5071 1442 5133 Iudaeorum.
1482 5059 1657 5151 Caput
1672 5120 1689 5151 ,
1720 5082 1945 5153 quilibet
1971 5100 2058 5141 re-

481 5159 621 5222 ctor,
646 5168 706 5210 ut
733 5174 788 5213 tn
829 5159 979 5217 libris
1005 5162 1208 5237 Regum
1233 5186 1247 5223 :
1277 5189 1296 5221 ι
1322 5168 1495 5240 Caput
1534 5172 1589 5226 in
1623 5174 1867 5233 tribubus
1892 5176 2057 5235 Israel

483 5244 660 5304 factus
687 5264 748 5305 es
772 5250 835 5314 ".
858 5272 876 5306 ι
902 5253 955 5309 id
981 5266 1084 5323 est,
1109 5269 1287 5316 rector
1312 5261 1367 5317 in
1392 5262 1640 5333 plebibus
1664 5266 1829 5322 Israel
1852 5269 2056 5325 consti-

482 5345 632 5397 tutus
656 5357 735 5399 es.
773 5343 962 5418 Caput,
992 5352 1326 5421 principatus
1353 5353 1672 5427 Synagogac,
1698 5366 1757 5412 ut
1795 5359 1849 5413 in
1873 5359 2052 5416 Isaia:

2164 4710 2339 4785 gendo
2380 4679 2745 4766 commiserat.
2799 4703 2893 4761 Ille
2937 4723 2957 4756 ι
3003 4679 3059 4759 in
3102 4714 3347 4771 campum
3393 4679 3664 4792 iniens

2162 4803 2535 4861 messoribus:
2577 4819 2596 4853 ι
2623 4810 2678 4856 ει
2723 4796 2974 4856 Christus
3020 4796 3089 4852 ad
3136 4794 3460 4868 Synagogam
3494 4787 3663 4837 veniens

2160 4897 2472 4970 praedicavit
2495 4895 2715 4954 Iudaeis.
2748 4915 2768 4949 ‹
2800 4894 3054 4966 Dixitque
3084 4892 3304 4965 angelus
3327 4889 3408 4945 ei:
3436 4884 3526 4940 Fer
3539 4890 3659 4970 pran-

2160 4964 2307 5046 dium
2332 4988 2475 5063 quod
2510 4988 2698 5053 habes,
2727 4987 2782 5043 in
2817 4964 3175 5058 Babylonem,
3196 4979 3413 5042 Danieli,
3439 4973 3599 5047 quiest
3621 4964 3659 5019 in

2160 5083 2283 5141 lacn
2323 5081 2539 5136 leonum
2578 5079 2645 5147 ⁸⁸,
2667 5098 2685 5131 ι
2710 5079 2854 5150 quod
2901 5074 3126 5149 apostoli
3158 5072 3397 5146 gentibus
3434 5064 3659 5122 salutem:

2162 5176 2402 5235 Dominis
2424 5175 2541 5231 dari
2562 5175 3012 5246 deprecabantur.
3037 5170 3139 5226 Per
3157 5166 3475 5239 Babylonem,
3488 5150 3657 5246 εοιιΐιξει

2156 5268 2459 5342 εθιιιίιίιαε;
2486 5283 2585 5340 Per
2612 5240 2905 5333 Ῐὶαηίθιεηι,
2932 5264 3161 5339 populus
3200 5259 3457 5334 gentium;
3494 5240 3656 5342 perla-

2160 5379 2278 5417 cum
2305 5362 2532 5430 leonum,
2562 5363 2842 5418 tenebrosa
2868 5358 3206 5417 conversatio
3231 5356 3522 5410 dzemonum.
3544 5355 3560 5389 ι
3580 5331 3654 5388 L8-

558 5455 971 5557 ἘΞξοεὲιξξεξιρ
996 5463 1483 5557 ἕλκ’,βεετιτξδκε
1656 5471 1854 5557 ἱρείη·
1887 5488 1986 5557 ut;
2027 5473 2058 5557 ξ

2166 5473 2328 5557 Ρςονο
2370 5490 2523 5557 δίκην
2556 5475 2707 5557 1.4;)
2744 5473 2926 5557 βοίδια
2969 5442 3650 5557 ,ιιιέιλΐὲίῖςψοιῖνιέὲ

481 5525 502 5559 ⁷
528 5524 553 5579 Ι
574 5522 708 5599 Reg.
732 5545 880 5596 xxiv,
906 5519 992 5588 t3.
1016 5535 1040 5567 ⁸
1066 5533 1208 5589 Psal.
1236 5519 1500 5602 ιινιιιῖί.
1526 5519 2004 5609 δῖιειῶῖῖιτξέδ.
2028 5519 2058 5577 ἲ

481 5606 595 5638 nn
650 5598 718 5638 ης
776 5600 821 5631 ιδ
855 5601 966 5638 [nn
1014 5620 1100 5638 νυ.
1148 5606 1205 5638 οι
1279 5608 1323 5638 ιδ
1352 5609 1428 5638 1....
1490 5628 1572 5638 ....
1627 5614 1692 5638 ιη
1756 5615 1795 5638 m
1827 5614 1961 5638 nd.
2015 5631 2049 5638 --

2157 5519 2273 5638 ξῖιῖξ
2282 5519 2618 5638 sui}?
2628 5519 2939 5638 "iii.
3061 5519 3449 5638 “Iphitu'li'zf'
3472 5519 3648 5638 '33”??-

481 5606 619 5663 ιιηι,
650 5598 736 5653 15.
776 5600 821 5631 ¹⁶
855 5601 986 5657 Luc.
1014 5620 1123 5665 XVI.
1148 5606 1235 5661 2t.
1279 5608 1323 5639 “‘
1350 5598 1452 5664 Isa.
1488 5628 1598 5675 ινι,
1626 5614 1712 5668 10.
1754 5615 1795 5645 ¹⁶
1826 5598 2058 5670 ciui.“

482 5666 528 5699 ³ο
550 5665 652 5713 In-
680 5685 718 5713 ι-
741 5668 794 5713 5-
824 5672 869 5702 ἰ
900 5671 1019 5713 Dent
1068 5691 1230 5713 γιττη
1283 5678 1314 5713 Ω
1373 5682 1416 5710 ιι
1452 5681 1544 5713 ῐηι.
1570 5698 1625 5713 ν.
1683 5684 1751 5713 αα
1813 5686 1858 5713 η
1891 5686 1940 5713 ιη
1968 5706 1977 5713 .
2002 5703 2058 5713 ...

2157 5598 2197 5669 l.
2228 5598 2795 5681 t*viii’.~';it.‘im,'isﬁi~
2830 5598 3045 5670 Jobxu
3066 5656 3081 5681 ,
3106 5612 3157 5668 9.
3202 5608 3242 5641 "
3270 5607 3289 5662 Ι
3324 5598 3443 5673 ωτι·
3480 5609 3560 5695 ﬁ"
3586 5598 3647 5639 “'

2157 5692 2184 5713 μ
2232 5687 2275 5713 ιι
2306 5689 2433 5713 ειη...
2504 5705 2669 5713 --...-.-
2737 5687 2790 5713 ιι
2860 5688 2903 5713 ιιι
2945 5687 3062 5713 n....t
3120 5692 3304 5713 ,ην-νη-
3358 5676 3433 5713 ιιι-
3467 5670 3484 5700 ³
3520 5661 3633 5713 Abac

680 5668 794 5760 1,3.
811 5672 884 5760 ξι.
899 5671 1039 5760 Psal.
1068 5678 1351 5760 x3515};
1373 5682 1416 5710 “
1444 5664 1776 5760 ιόίιίιὶιέεε,
1813 5664 1866 5760 'E
1871 5664 1981 5760 i131;

2157 5664 2275 5760 itif}
2296 5664 2706 5760 pagi.";i;-’u{,'
2728 5664 3083 5760 44.771351:
3112 5664 3326 5760 ξιιλιξ.
3358 5664 3646 5760 {6.3135,

482 5736 685 5828 ξι.ιῶ
708 5727 944 5828 Effer
982 5727 1271 5828 ιέξνζι
1287 5727 1780 5828 ῖεηιῖἓῦιῖξὲῗέἒ
1822 5727 2058 5828 Τιῖἓίὲἱιῗὶ

2157 5758 2182 5809 ἱ.
2211 5757 2254 5789 ³ο
2296 5757 2437 5812 Psal.
2472 5727 2587 5826 eis,
2629 5728 2692 5815 (5.,
2720 5761 2762 5791 ³ί
2798 5758 2967 5828 Apoc.
3000 5775 3093 5826 xu,
3114 5755 3166 5810 5.
3208 5753 3251 5784 ³³
3274 5747 3402 5804 Psal.
3424 5749 3561 5803 ulmo
3580 5727 3632 5785 θ

485 5803 532 5836 ιι
554 5804 691 5861 Dan.
724 5822 836 5873 ιιιν,
866 5809 956 5865 35.
995 5803 1061 5844 δι’
1084 5813 1243 5885 lbid.,
1288 5803 2116 5905 νει-ε.’διι.”ιι”ιι›ιιι.,’ὑὲιὲέξ’έὲ.

2910 5906 2949 5929 Ι
