3972 6336
189 404 287 465 885

1135 395 1551 457 ALLEGORUE
1592 395 1659 453 ΙΝ
1699 393 1981 452 SACRAH
2023 392 2489 451 SCRIPTUBAM.

3330 392 3438 450 886

189 539 280 580 cus
301 521 477 593 itaque
496 519 553 575 in
577 518 904 591 Babylonem
927 519 970 587 ⁸,
995 538 1014 573 ι
1049 518 1315 576 habitatio
1334 526 1418 574 est
1440 519 1745 580 daemonum
1773 514 1825 576 Α
1846 510 2108 568 Cantica:
2138 531 2157 562 ι
2187 509 2391 581 Δᾶμις)
2412 520 2618 578 vesper
2647 522 2873 580 capreas
2896 509 2961 576 ¹⁸,
2983 530 3001 561 ι
3033 509 3086 564 id
3110 516 3218 573 est,
3245 508 3440 567 crudis

190 616 242 670 in
283 612 607 687 gentilitate:
647 630 666 663 ι
711 610 896 667 Daniel
936 611 993 669 in
1032 611 1176 676 lacu,
1206 632 1224 664 ι
1250 609 1480 682 populus
1514 608 1757 679 gentium

190 705 431 761 habitans
462 705 514 759 in
546 703 764 775 regione
787 705 991 760 umbrae
1019 704 1230 759 mortis.
1259 722 1279 755 ι
1308 701 1658 774 Babylonem,
1676 699 1761 755 ait

189 794 414 861 Abacuc,
440 812 547 853 non
600 797 730 864 vidi,
769 804 823 853 et
869 797 1045 852 lacum
1088 797 1304 864 nescio;
1334 816 1352 848 ι
1379 804 1434 853 et
1460 794 1753 850 Dominus:

195 907 214 941 ι
242 886 353 943 lion
378 904 494 944 sum
524 888 720 944 missus
740 888 842 943 nisi
879 888 945 943 ad
972 902 1102 943 oves
1123 902 1243 958 quze
1266 885 1543 959 perierunt
1569 885 1759 941 domus

188 980 344 1036 lsracl
365 980 406 1034 '.
448 999 466 1031 1
499 979 717 1036 Abacuc
743 994 871 1051 ergo
900 978 1092 1050 capillo
1121 980 1175 1035 in
1211 980 1537 1052 Babylonem
1572 987 1756 1033 trans-

188 1070 339 1137 latus,
368 1070 574 1126 Danieli
603 1072 887 1142 prandium
912 1114 927 1138 ,
955 1072 1097 1143 quod
1127 1071 1456 1128 messoribus
1481 1084 1755 1143 praepara-

186 1171 353 1231 verat,
381 1163 586 1229 attulit;
614 1172 667 1219 et
695 1162 1021 1235 Redemptor
1045 1173 1229 1220 noster
1254 1180 1353 1235 per
1378 1164 1760 1236 praedicatores

189 1271 312 1312 suos
335 1257 554 1312 verbum
582 1255 770 1312 salutis
790 1255 1015 1311 Judaico
1038 1255 1234 1328 populo
1258 1257 1603 1320 destinatum,
1631 1271 1760 1326 geu-

134 1332 151 1355 ’
190 1350 329 1403 tibus
357 1348 700 1404 ministravit.
729 1369 747 1401 ι
779 1348 1027 1404 Surrexit
1054 1348 1237 1405 Daniel
1261 1357 1315 1404 et
1341 1348 1672 1413 co:nedit;’r
1705 1354 1761 1403 et

188 1440 409 1512 populus
455 1440 692 1511 gentium
730 1441 797 1495 ab
832 1456 1017 1496 errore
1053 1454 1280 1512 surgens
1316 1443 1382 1496 ad
1412 1439 1567 1495 ﬁdem
1600 1439 1762 1511 erigi-

190 1541 295 1597 tur,
322 1542 375 1588 et
406 1533 599 1587 divina:
628 1533 889 1589 doctrinm
917 1533 1113 1603 pabulo
1139 1533 1396 1590 relicitur.
1428 1533 1633 1589 Relicto
1661 1534 1761 1588 Da-

190 1623 346 1688 nieie,
369 1624 584 1678 Abacuc
624 1623 680 1677 in
720 1622 917 1689 locum,
948 1624 1092 1678 unde
1142 1624 1435 1679 translatus
1476 1632 1578 1687 est,
1604 1623 1762 1678 resti-

190 1713 392 1768 tuitur:
417 1722 471 1768 et
498 1712 746 1770 Christus
775 1714 1106 1785 plenitudine
1131 1716 1368 1787 gentium
1400 1716 1660 1786 completa
1692 1717 1762 1771 ad

1859 619 1956 660 vos
1985 604 2053 658 ad
2078 603 2329 658 virtutes.

1928 691 2102 762 Capra
2128 701 2213 749 est
2230 688 2497 757 Ecclesia,
2528 702 2592 747 ut
2612 691 2673 749 in
2699 689 2897 748 Genesi
2927 710 2941 747 :
2970 708 2990 744 ι
3017 690 3183 748 Same
3216 705 3441 749 vaccam

1860 785 2143 849 triennem,
2163 792 2220 839 et
2257 798 2475 855 capram
2504 783 2720 839 trimam
2748 782 2814 848 η,
2840 800 2861 835 ι
2886 783 2941 839 id
2964 793 3073 851 est,
3103 782 3445 855 Syuagogam

1860 884 1915 932 et
1944 874 2264 941 Ecclesiam,
2293 890 2413 945 quae
2434 883 2668 946 atraque
2692 874 2866 930 credit
2894 874 3212 929 trinitatem.
3245 872 3442 943 Capra.

1861 968 2260 1039 contemplatio,
2297 976 2359 1022 ιιι
2400 968 2457 1023 in
2500 967 2743 1023 Levitico
2773 985 2786 1022 :
2817 986 2836 1019 ‹
2876 965 3081 1023 Οσειαειι
3130 980 3325 1038 agnam
3370 963 3443 1019 de

1861 1061 2132 1133 gregibus,
2146 1061 2261 1116 sive
2278 1074 2500 1130 capram
2524 1061 2566 1093 ⁸⁷
2578 1100 2593 1122 ,
2615 1079 2634 1112 ι
2654 1060 2707 1115 id
2726 1067 2833 1127 est,
2857 1058 3026 1113 vitam
3046 1058 3304 1123 activam,
3318 1071 3442 1126 qua

1859 1154 2096 1226 pertinet
2120 1152 2189 1207 ad
2219 1151 2439 1218 multos,
2464 1163 2523 1208 et
2550 1150 3044 1222 contemplativam,
3076 1165 3197 1222 quae
3220 1148 3289 1205 ad
3310 1162 3447 1219 pau-
3500 1224 3517 1241 ς

1861 1261 1975 1303 008.

1932 1338 2127 1394 Camer
2150 1346 2233 1393 est
2252 1337 2468 1410 pondus
2494 1336 2860 1407 corruptionis
2882 1342 3102 1399 nostrte,
3136 1342 3193 1388 ut
3218 1333 3272 1387 in
3299 1330 3402 1387 Job
3429 1350 3443 1385 :

1868 1451 1887 1483 ι
1919 1430 2327 1487 Circumdedisti
2372 1446 2458 1487 me
2490 1446 2713 1487 carcere
2758 1430 2823 1497 ¹⁸,
2856 1450 2874 1481 ι
2904 1430 2957 1484 id
2982 1438 3085 1495 est,
3116 1428 3331 1482 vallasti
3354 1441 3447 1483 me

1862 1523 2100 1593 undique
2148 1523 2382 1594 pondere
2426 1522 2790 1592 corruptionis
2831 1536 2985 1576 mete.
3026 1522 3045 1541 ⁴
3088 1519 3449 1592 Cougregatio

1864 1614 2160 1669 inﬁdelium
2184 1655 2199 1681 ,
2222 1624 2281 1669 ut
2308 1615 2361 1669 in
2390 1614 2713 1685 Apocalypsi
2742 1631 2755 1667 :
2789 1633 2808 1665 ι
2836 1608 3093 1668 Solvetur
3122 1613 3352 1666 Satanas
3381 1611 3450 1667 de

1866 1707 1884 1727 '
1920 1706 2040 1762 loco
2068 1721 2167 1762 suo
2192 1706 2256 1770 ³⁸,
2286 1726 2305 1759 ι
2332 1708 2473 1776 quod
2497 1706 2564 1761 de
2606 1705 2779 1766 malis.
2810 1705 2866 1759 in
2893 1704 3090 1775 quibus
3116 1701 3275 1758 modo
3304 1711 3451 1756 tene-

186 1807 395 1862 Judaaos
424 1806 640 1872 redibit,
667 1815 722 1861 et
748 1817 873 1862 tunc
910 1807 1086 1862 omnis
1110 1806 1273 1863 Israel
1297 1808 1478 1863 salvus
1507 1806 1617 1863 ﬁet.
1654 1805 1758 1861 Per
1802 1870 1809 1872 _
1865 1806 1977 1863 tur.
2000 1806 2131 1852 tunc
2154 1797 2343 1853 exibit.
2372 1798 2585 1863 Camer,
2614 1796 2910 1861 tribulatio,
2939 1806 2999 1852 ιιι
3022 1796 3076 1850 in
3099 1793 3447 1865 Apocalypsn

188 1895 423 1967 capillos,
476 1870 680 1967 angeli,
714 1905 774 1951 ιιι
819 1897 874 1952 in
924 1896 1279 1968 Apocalypsi:
1314 1919 1331 1948 ι
1360 1897 1550 1969 Capilli
1605 1870 1838 1963 erant.B
1871 1910 1891 1944 ι
1928 1888 2188 1947 Missurus
2218 1900 2300 1946 est
2328 1907 2420 1947 vos
2445 1891 2501 1945 in
2537 1905 2814 1946 carcerem
2844 1890 2916 1957 κ,
2947 1908 2966 1942 ι
2990 1888 3046 1944 id
3068 1896 3172 1955 est,
3198 1887 3253 1942 in
3284 1886 3455 1941 uibu-

190 1990 395 2044 candidi
414 1990 461 2056 ⁸,
507 2010 525 2041 ι
554 1990 693 2059 quod
722 1989 898 2060 angeli
944 1989 1153 2043 Domini
1182 1990 1235 2043 in
1262 1988 1483 2059 perenni
1517 1989 1764 2045 claritate
1866 1984 2146 2040 lationem.
2173 1984 2387 2051 Carcer,
2418 1998 2549 2039 care
2572 1992 2779 2047 nostra,
2815 1983 2951 2038 utin
2973 1982 3181 2053 psalmo
3208 1999 3221 2034 :
3251 1998 3270 2031 ι
3303 1974 3455 2035 Educ

188 2086 314 2133 sunt
338 2078 624 2148 perspicui.
659 2078 765 2133 Per
792 2078 1007 2148 capillos
1048 2088 1390 2133 sacramenta
1432 2078 1587 2149 legis,
1620 2088 1681 2135 ut
1708 2079 1761 2134 in
1866 2077 1934 2133 de
1959 2091 2180 2134 carcere
2200 2078 2435 2133 animam
2464 2092 2637 2133 meam
2659 2077 2729 2142 ¹¹,
2762 2096 2780 2129 ι
2807 2075 2860 2131 id
2884 2083 2987 2141 est,
3015 2075 3184 2132 libera
3216 2074 3454 2129 animam

188 2168 436 2238 Job,ipse
457 2167 558 2224 Job
586 2169 781 2238 legitur
809 2168 833 2201 ⁸
866 2185 896 2223 a
926 2169 1101 2239 capite
1129 2169 1351 2238 capillos
1382 2169 1598 2235 rasisse,
1620 2170 1764 2239 quod
1867 2181 2045 2223 meam
2073 2168 2140 2225 de
2167 2182 2396 2239 corpore
2430 2168 2622 2223 mortis
2648 2166 2826 2235 hujus.
2854 2165 3068 2233 Carcer,
3100 2165 3365 2231 infernus,
3394 2171 3457 2219 ut

188 2261 434 2317 Christus
479 2260 614 2331 legis
660 2269 999 2315 sacramenta
1039 2259 1225 2315 abillo
1252 2261 1431 2331 primo
1461 2260 1765 2316 sacerdotio
1867 2259 1921 2314 in
1946 2259 2273 2331 Evangelia:
2315 2257 2523 2315 «Iudex
2565 2259 2742 2315 mittet
2773 2266 2828 2315 te
2860 2259 2916 2313 in
2942 2272 3220 2314 carcerem
3234 2257 3306 2323 ³³,
3347 2274 3367 2308 ι
3404 2253 3459 2310 id

190 2352 361 2408 scitur
390 2350 698 2407 abstulisse.
748 2351 851 2407 Per
898 2351 1135 2423 capillos,
1162 2351 1547 2422 cogitationum
1576 2366 1767 2421 super-

190 2442 317 2508 ﬂua,
348 2450 407 2498 ut
430 2443 487 2497 in
510 2442 626 2514 iege
646 2441 668 2475 ⁸
692 2442 950 2513 iubentur
976 2442 1215 2497 Nazaraai
1242 2441 1464 2512 capillos
1506 2441 1562 2496 in
1589 2442 1763 2497 sacri-

190 2532 301 2587 ﬁcii
324 2533 448 2604 igne
476 2548 705 2603 ponere;
742 2533 883 2604 quod
920 2532 1143 2603 perfecti
1180 2532 1535 2603 cogitationes
1577 2546 1768 2601 super-

190 2624 325 2680 ﬂuas
350 2624 563 2680 ﬂamma
587 2624 840 2681 dominici
863 2625 1067 2679 amoris
1094 2625 1387 2689 incendere
1411 2622 1626 2679 debent.
1662 2622 1769 2678 Per

190 2716 428 2789 capillos,
458 2717 639 2788 populi
672 2716 874 2783 ildeles,
903 2717 994 2788 qui
1016 2717 1236 2773 Christo
1265 2714 1429 2786 capiti
1465 2714 1765 2782 adhaerent,

188 2811 327 2866 utin
346 2810 570 2865 Cantica
595 2826 609 2864 :
640 2828 661 2861 ‹
684 2809 877 2880 Capilli
894 2810 973 2864 tui
1000 2809 1141 2865 sicut
1165 2823 1297 2880 grex
1318 2820 1628 2879 caprarum,
1649 2819 1770 2876 quae

188 2903 551 2959 ascenderunt
588 2903 656 2959 de
689 2903 959 2971 lavacro,1r
978 2944 992 2969 ,
1022 2922 1042 2956 ι
1068 2901 1216 2973 quod
1245 2900 1426 2973 populi
1472 2914 1570 2971 per
1594 2899 1771 2971 bapti-

188 3008 369 3051 susum
392 2990 486 3049 loti
506 3008 716 3050 summa
744 3009 845 3065 per
866 2993 1189 3050 desiderium
1226 2999 1434 3062 petunt.
1477 2990 1582 3048 Per
1607 2990 1772 3062 capil-

188 3086 302 3150 los,
330 3095 544 3142 terrena
586 3086 869 3142 abundans
910 3084 1244 3151 substantia,
1275 3092 1337 3140 ut
1378 3084 1432 3139 in
1482 3081 1772 3155 Evangelia

194 3179 364 3234 Maria
405 3178 614 3251 capillis
658 3178 851 3249 capitis
886 3178 1052 3249 pedes
1092 3176 1305 3233 Domini
1343 3174 1499 3232 tersit
1536 3173 1593 3241 ⁸,
1624 3174 1773 3244 quod

188 3271 368 3327 ﬁdelis
394 3234 623 3343 quisque
649 3234 844 3328 cit-sna
884 3234 1214 3326 abundantia
1238 3267 1567 3341 pauperibus
1578 3234 1775 3321 ⁷ιιεεεε·
1801 3234 1849 3305 θ

194 3367 411 3423 sitatem
442 3366 652 3423 tribuit.

266 3458 525 3531 Capitella
554 3468 682 3517 sunt
718 3458 823 3516 duo
864 3456 1233 3524 Testamenta,
1260 3462 1322 3512 ut
1366 3456 1442 3517 in,
1474 3452 1628 3510 libris
1668 3451 1780 3509 lle-

192 3568 362 3628 gnm:
393 3570 415 3605 ι
444 3553 559 3610 Duo
588 3551 841 3625 capitalia
886 3566 1050 3623 super
1077 3550 1253 3622 capita
1279 3549 1650 3606 columnarum
1674 3544 1720 3613 ',
1753 3566 1773 3600 ι

190 3644 340 3716 quod
368 3645 477 3701 duo
509 3643 854 3701 Testamenta
882 3643 939 3698 in
965 3638 1235 3699 mentibus
1263 3642 1564 3697 doctorum.

262 3734 553 3790 Castellum
581 3744 666 3791 est
692 3736 847 3808 virgo
874 3734 1064 3799 Maria,
1096 3744 1155 3791 ιιι
1194 3735 1249 3789 in
1282 3732 1579 3805 Evangelia
1604 3748 1618 3786 :
1647 3749 1667 3783 ι
1694 3729 1783 3786 ίιι⁴

190 3827 360 3884 travit
384 3824 541 3883 Jesus
566 3827 620 3883 in
641 3827 907 3899 quoddam
932 3825 1213 3882 castellum
1237 3824 1301 3891 “,
1324 3844 1343 3877 ι
1371 3822 1511 3895 quod
1530 3822 1782 3879 Christus

186 3920 250 3976 in
290 3917 579 3989 singularis
614 3918 839 3990 virginis
868 3917 1016 3972 venit
1045 3926 1280 3973 uterum.
1330 3912 1642 3979 Castellum,
1670 3914 1691 3935 ⁴’
1724 3920 1785 3968 ιιι

1866 2362 1970 2417 est,
2000 2354 2055 2409 in
2094 2352 2387 2409 infernum.

1939 2444 2077 2500 Caro
2103 2443 2307 2501 Christi
2339 2442 2427 2500 vel
2454 2443 2547 2499 illa
2576 2450 2662 2500 est
2700 2458 2862 2513 quam
2887 2443 2943 2499 in
2974 2442 3135 2499 altari
3160 2442 3449 2505 sumimus,

1869 2539 1939 2594 de
1966 2552 2073 2607 qua
2099 2535 2339 2592 dicitur:
2372 2555 2391 2587 ι
2418 2536 2561 2592 Caro
2581 2537 2600 2556 "
2627 2544 2814 2591 nostra
2854 2548 2990 2591 vere
3032 2542 3116 2591 est
3150 2534 3304 2590 cibus
3332 2532 3401 2598 ”,
3434 2550 3454 2585 1

1872 2628 1958 2685 vel
1994 2628 2082 2683 illa
2114 2643 2237 2698 quae
2276 2626 2383 2682 fixa
2423 2636 2509 2682 est
2546 2628 2605 2682 in
2648 2627 2813 2700 ligno,
2856 2627 2923 2682 de
2961 2640 3068 2698 qua
3104 2626 3160 2682 iu
3199 2625 3455 2697 psalmo:

1876 2739 1898 2773 ι
1932 2720 2074 2776 Caro
2104 2734 2225 2775 mea
2256 2720 2540 2775 immutata
2576 2728 2663 2775 est
2696 2727 2917 2790 propter
2945 2719 3117 2775 Deum
3137 2716 3205 2786 ",
3231 2739 3250 2773 ι
3270 2718 3326 2774 id
3355 2729 3460 2786 est,

1873 2811 1931 2866 in
1961 2810 2191 2884 gloriam
2220 2810 2665 2877 immortalitatis,
2693 2818 2920 2882 propter
2948 2810 3179 2884 gratiam
3206 2809 3461 2880 spiritua-

1872 2901 2000 2959 lcm.
2042 2902 2203 2969 Cara,
2251 2912 2565 2973 peccatum,
2612 2912 2675 2961 ut
2720 2903 2777 2958 in
2813 2902 2917 2960 Job
2944 2922 2958 2958 :
2989 2924 3009 2956 ι
3034 2902 3237 2975 Operui
3277 2904 3464 2959 cinere

1874 3006 2097 3048 carnem
2142 3007 2319 3048 meam
2336 2994 2407 3060 ⁸⁸,
2434 3014 2452 3047 ι
2482 2994 2538 3049 id
2583 3002 2686 3061 est,
2714 2993 2897 3050 deteri
2934 2992 3239 3050 humilitate
3282 2994 3462 3066 poeni-

1874 3084 2067 3139 tentiae
2113 3084 2327 3156 culpam
2378 3100 2580 3142 meam.
2626 3086 2766 3142 Caro
2805 3101 2903 3157 per
2944 3094 3194 3142 naturam
3241 3086 3464 3154 dicitur,

1880 3195 1904 3231 ι
1938 3192 2069 3235 caro
2094 3178 2164 3233 de
2200 3192 2371 3235 carne
2416 3194 2539 3236 mea
2561 3179 2632 3247 ",
2658 3198 2680 3232 ι
2705 3180 2849 3252 quod
2897 3180 3218 3236 naturaliter
3264 3176 3466 3236 femina

1878 3273 1948 3329 de
1976 3273 2094 3328 viro
2126 3280 2230 3328 est.
2258 3271 2418 3340 Cara,
2447 3273 2700 3330 inﬁmus
2734 3272 2989 3345 quilibet,
3017 3281 3078 3328 ut
3116 3274 3173 3329 in
3212 3273 3463 3344 psalmo:

1880 3382 1906 3417 s
1942 3363 2278 3420 Recordatus
2316 3371 2402 3421 est
2428 3364 2573 3435 quod
2613 3378 2743 3420 caro
2788 3372 2916 3421 sunt
2942 3365 3017 3431 ι’,
3050 3382 3068 3417 ι
3100 3363 3159 3420 id
3186 3370 3287 3428 est,
3318 3363 3470 3420 novit

1876 3454 2140 3521 radicem,
2171 3455 2313 3526 quod
2351 3454 2571 3529 fragiles
2596 3464 2738 3512 sunt.
2768 3453 2936 3523 Caro,
2964 3455 3183 3512 dilectio
3206 3455 3465 3522 carnalis,

1880 3548 2015 3604 utin
2040 3545 2169 3604 Job:
2196 3568 2215 3601 ι
2232 3547 2498 3605 Tabescet
2521 3563 2651 3606 caro
2671 3549 2817 3605 illius
2829 3548 2898 3616 ”,
2920 3569 2943 3601 ι
2961 3548 3014 3605 id
3038 3558 3140 3615 est,
3165 3555 3466 3605 marcescet

1876 3652 2031 3697 caro.
2061 3637 2202 3694 Caro
2232 3679 2248 3706 ,
2272 3640 2703 3697 immortalitatis
2749 3640 3025 3711 carmptio
3045 3683 3060 3707 ,
3088 3646 3149 3695 ut
3176 3640 3230 3696 in
3254 3639 3423 3695 Paulo
3453 3658 3466 3694 :

1882 3750 1908 3785 ι
1940 3731 2081 3788 Caro
2106 3743 2164 3788 et
2194 3734 2414 3805 sanguis
2450 3748 2674 3804 regnum
2716 3733 2815 3790 Dei
2856 3749 2964 3788 non
2990 3733 3058 3800 ”,
3082 3742 3212 3800 etc.,
3233 3751 3252 3785 1
3282 3731 3335 3788 id
3362 3739 3468 3798 est,

1878 3825 2165 3896 corruptio
2194 3824 2612 3896 incorruptelam
2650 3840 2757 3881 non
2800 3824 3116 3895 possidebit.
3144 3823 3307 3889 Caro,
3337 3837 3465 3878 car-

1884 3919 2024 3976 nalis
2050 3920 2300 3990 quisque,
2327 3926 2389 3973 ut
2432 3918 2485 3973 in
2513 3917 2709 3975 Genesi
2737 3936 2750 3973 :
2775 3936 2794 3970 ι
2829 3916 2947 3972 Νοιι
2977 3904 3321 3987 permanebit
3344 3915 3470 3987 Spi-

186 4011 248 4067 in
292 4008 590 4080 Evangelia
629 4027 644 4064 :
694 4026 717 4065 ι
742 4008 825 4066 Ite
862 4009 919 4064 in
958 4007 1245 4065 centenum
1282 4005 1430 4078 quod
1460 4014 1654 4062 contra
1682 4018 1783 4063 vos
1878 4011 2024 4067 ritus
2046 4024 2204 4066 meas
2226 4010 2281 4065 in
2310 4009 2551 4076 homine,
2578 4010 2724 4081 quod
2746 4024 2877 4065 caro
2902 4008 3111 4077 est',s
3136 4008 3191 4064 id
3220 4018 3327 4075 est,
3357 4024 3467 4065 non

186 4108 279 4156 est
308 4099 377 4164 ι’,
412 4118 431 4152 ι
459 4099 513 4156 id
532 4107 644 4167 est,
664 4100 719 4155 in
747 4098 1008 4154 mundum
1028 4098 1125 4170 qui
1151 4097 1306 4154 vobis
1342 4096 1649 4153 contrarius
1674 4103 1780 4153 est.
1878 4102 2085 4176 poterit
2120 4112 2243 4159 eme
2277 4101 2596 4172 spiritualis,
2628 4100 2865 4171 quandiu
2898 4100 3081 4157 studet
3117 4115 3238 4158 esse
3276 4116 3471 4157 cama-

190 4190 495 4263 Capellum,
519 4206 673 4247 mens
702 4199 907 4258 nostra,
932 4199 994 4246 ut
1020 4191 1073 4246 in
1110 4186 1439 4262 Evangelia:
1472 4207 1493 4243 ι
1524 4188 1782 4245 Dominus
1883 4195 1971 4252 iis.
1998 4194 2156 4262 Caro,
2194 4201 2340 4251 totus
2364 4195 2547 4260 homo,
2579 4200 2639 4248 ut
2662 4193 2720 4248 in
2745 4191 2949 4249 Paulo:
2979 4212 2999 4246 ι
3028 4191 3313 4250 Manifesta
3339 4201 3468 4249 sunt

186 4284 429 4340 intravit
454 4300 578 4339 cum
611 4283 887 4355 ﬁscipulis
910 4285 970 4340 in
1008 4282 1269 4357 capellam
1302 4282 1525 4350 Emaus,
1546 4288 1606 4338 et
1631 4280 1782 4353 agni-
1884 4302 2052 4358 opera
2108 4286 2389 4353 carnis“,
2422 4307 2442 4340 ι
2476 4285 2531 4343 id
2556 4295 2659 4354 est,
2692 4286 2959 4354 hominis,
2986 4302 3098 4345 non
3127 4287 3272 4345 enim
3303 4286 3472 4344 solius

188 4382 402 4431 tuaest
428 4376 599 4434 absis
626 4376 695 4444 ι’,
722 4394 742 4429 ι
767 4377 911 4447 quod
950 4376 1169 4448 quando
1211 4374 1493 4432 nobiscum
1530 4374 1587 4430 in
1624 4373 1783 4430 nobis
1882 4381 2070 4439 carnis
2094 4421 2110 4447 ,
2163 4380 2259 4436 sed
2328 4379 2496 4435 animi
2548 4388 2676 4436 sunt
2722 4380 2873 4446 vitia,
2916 4395 3038 4451 qua:
3086 4390 3470 4437 numerantur.

186 4467 527 4539 ingreditur,
549 4468 665 4540 ejus
690 4467 847 4523 nobis
874 4468 1109 4540 cognitio
1135 4465 1436 4524 confertur.

1884 4471 2048 4539 Cura,
2072 4472 2338 4544 sapientia
2367 4472 2622 4539 carnalis,
2646 4481 2709 4528 ut
2734 4473 2789 4528 in
2820 4472 3150 4545 Evangelia:
3178 4490 3198 4524 ι
3229 4470 3371 4529 Caro
3416 4480 3474 4529 et

272 4558 537 4631 (Σερραὼ
584 4568 669 4617 est
720 4560 874 4632 plebs
919 4558 1165 4627 Iudaica,
1196 4568 1257 4617 at
1302 4562 1356 4616 in
1410 4559 1737 4617 Ecclesiaste
1765 4574 1781 4615 :
1806 4601 1863 4664 Β
1890 4563 2109 4634 sanguis
2133 4579 2240 4619 non
2269 4563 2531 4619 revelavit
2556 4562 2652 4619 tibi
2680 4562 2744 4627 ³³,
2774 4581 2792 4613 ι
2822 4562 2877 4617 id
2902 4571 3006 4628 est,
3036 4560 3242 4617 inﬂatio
3271 4576 3469 4618 carna-

188 4668 219 4706 c
250 4650 623 4723 Dissipabitur
665 4653 913 4725 capparis
935 4652 1001 4719 ¹⁸,
1030 4670 1050 4707 ι
1078 4654 1221 4723 quod
1244 4662 1469 4724 propter
1494 4650 1785 4710 increduli-
1807 4650 1858 4664 '
1886 4654 1958 4711 iis
1978 4654 2259 4726 capiemus
2278 4661 2334 4711 et
2356 4653 2600 4710 scientiae
2624 4670 2733 4710 non
2756 4653 3125 4710 manifestavit
3150 4652 3267 4709 tibi.
3300 4651 3461 4722 Caro,

184 4747 375 4797 tatem
402 4741 643 4813 abiectus
667 4744 897 4816 populus
918 4742 1175 4800 Iudaicus
1201 4754 1304 4800 est.

269 4830 483 4905 Caprea
524 4844 611 4892 est
636 4835 882 4893 Christus
901 4877 917 4903 ,
948 4845 1012 4892 ut
1036 4837 1090 4892 in
1115 4836 1375 4892 Cantica:
1406 4853 1429 4889 ι
1452 4833 1661 4892 Similis
1700 4841 1787 4892 est

178 4924 442 4983 dilectus
460 4944 617 4985 meus
628 4940 862 5001 capra,
890 4950 911 4984 ι
936 4929 1078 5001 quod
1099 4929 1351 4985 Christus
1376 4928 1785 4984 similitudinem

174 5019 449 5091 suscepit
466 5021 782 5078 humanam.
814 5020 1037 5095 Caprea,
1064 5022 1325 5090 Ecclesia,
1350 5031 1412 5077 ut
1435 5023 1488 5078 iu
1518 5021 1743 5079 Cantica
1766 5040 1781 5078 :

184 5126 212 5161 ι
244 5106 575 5178 lover-tere,
600 5113 795 5169 similis
829 5121 966 5181 esto,
996 5114 1192 5171 dilecte
1220 5115 1317 5180 mi,
1344 5129 1556 5184 caprea:
1586 5112 1650 5182 “;
1684 5132 1705 5167 ι
1733 5114 1788 5170 id

1888 4745 2346 4816 concupiscentia,
2374 4752 2436 4799 ut
2462 4744 2518 4799 in
2542 4744 2711 4800 Paulo
2736 4762 2749 4799 :
2778 4763 2800 4796 ι
2830 4742 2971 4800 Caro
2995 4744 3328 4816 concupiscit
3360 4745 3460 4801 ad—

1892 4852 2084 4894 versus
2132 4836 2380 4908 spiritum
2405 4835 2484 4903 ⁸³,
2517 4856 2536 4889 ι
2570 4836 2625 4891 id
2656 4844 2760 4901 est,
2805 4836 2988 4892 carnis
3031 4835 3469 4909 concupiscentia

1888 4938 2085 4988 contra
2109 4931 2366 4986 animam.
2394 4927 2549 4994 Care,
2574 4928 2851 4995 mollities,
2882 4937 2943 4984 ut
2968 4930 3023 4985 in
3050 4928 3249 4987 Genesi
3274 4948 3289 4985 :
3317 4948 3338 4983 ι
3367 4928 3472 4986 Tu-

1886 5020 1958 5078 ιιι
2010 5035 2173 5077 unam
2220 5020 2291 5076 de
2332 5020 2507 5076 costis
2547 5020 2692 5091 ejus,
2737 5027 2794 5076 et
2834 5019 3063 5092 replevit
3105 5036 3324 5078 carnem
3366 5036 3470 5092 pro

1888 5127 1959 5168 ea
1983 5110 2053 5178 “,
2080 5128 2101 5162 ι
2126 5109 2268 5182 quod
2298 5109 2466 5165 robur
2507 5108 2766 5167 Dominus
2813 5126 3197 5183 nonnunquam
3237 5126 3270 5167 a
3314 5110 3472 5193 nobis

176 5207 309 5266 est,
346 5202 467 5257 redi
492 5203 561 5258 ad
586 5205 926 5273 munditiam,
944 5220 1065 5261 mea
1095 5205 1288 5272 forma,
1316 5220 1480 5276 quam
1506 5206 1577 5262 ab
1603 5205 1788 5262 Eccle-
1895 5203 2093 5270 aufert,
2120 5210 2175 5258 et
2201 5201 2480 5257 mollitiem
2502 5202 2556 5257 in
2580 5202 2735 5258 nobis
2763 5218 2884 5259 esse
2912 5204 3198 5275 permittit.
3229 5203 3336 5261 Per
3359 5218 3472 5258 car-

172 5289 283 5345 sia
308 5294 627 5366 amisti.
666 5294 775 5353 Per
791 5312 1007 5369 capreas
1037 5297 1264 5355 virtutes
1290 5298 1614 5361 animarum,
1641 5305 1705 5354 ut
1730 5294 1790 5354 in
1892 5310 1987 5353 nes
2004 5293 2305 5352 uenatias
2316 5308 2493 5350 sacrae
2515 5292 2831 5365 Scriptura,
2853 5302 2914 5350 ut
2934 5294 2988 5350 in
3006 5295 3199 5352 Exodo
3217 5313 3231 5351 :
3251 5314 3272 5349 ι
3298 5295 3472 5350 Edent

270 5488 292 5521 ί
320 5488 606 5566 139.3",
625 5490 779 5566 se}
798 5491 988 5549 Matth.
1014 5508 1109 5566 ξιξ,
1129 5491 1220 5566 si.
1238 5493 1283 5566 ξ
1307 5494 1461 5552 Vers.
1480 5495 1574 5552 se.
1612 5495 1637 5529 ι
1654 5495 1768 5566 Διιο

1880 5534 1890 5562 ,
1914 5493 2003 5551 14.
2041 5494 2065 5529 ⁸
2084 5494 2205 5553 Joh.
2237 5494 2382 5561 1,29.
2422 5493 2444 5527 ⁸
2464 5492 2622 5550 Μαι.
2644 5508 2727 5566 vr,
2750 5494 2837 5552 l8.
2859 5496 2881 5529 "
2909 5480 3174 5562 Carm-v1,
3197 5495 3252 5551 4.
3292 5497 3315 5529 ⁸
3336 5496 3469 5554 Luc.

177 5572 317 5636 ιιιζ
338 5559 550 5627 ⁸58,“.
570 5560 606 5636 μ’
632 5562 702 5636 ιιι
728 5563 841 5636 [leg
891 5580 991 5631 v11,
1024 5559 1109 5636 ιβ.
1151 5564 1193 5596 ⁸⁰
1224 5563 1367 5636 με.
1392 5582 1448 5632 x,
1484 5567 1573 5624 38.
1618 5567 1661 5599 “
1690 5559 1768 5621 Si:

1880 5559 1884 5562 ’
1921 5582 2037 5635 χιι,
2083 5568 2141 5622 2.
2185 5567 2229 5599 ¹¹
2260 5559 2390 5623 Luc.
2424 5580 2575 5636 xx1v,
2603 5559 2822 5633 15,15,
2851 5566 2939 5623 Si.
2980 5568 3025 5600 "
3068 5559 3243 5623 Eccle.
3274 5583 3386 5635 ιιι,
3414 5568 3471 5623 5.

180 5631 239 5708 ῘΫ
267 5630 444 5708 ἔπῃ·
470 5648 535 5699 ιι,
561 5632 616 5690 9-
642 5632 705 5708 A"
731 5630 890 5708 Catil.
921 5630 1007 5702 ιιι,
1043 5634 1095 5690 5.
1126 5635 1176 5708 ff
1208 5634 1344 5708 Gen.
1374 5630 1465 5705 xv,
1492 5639 1544 5695 9.
1589 5638 1633 5671 ⁸⁷
1663 5636 1768 5694 Lev

1885 5653 1939 5703 v,
1984 5630 2037 5693 6.
2078 5637 2124 5670 ¹⁸
2165 5636 2266 5693 Job
2291 5637 2500 5708 ωδε.
2541 5635 2584 5669 ⁸⁸
2623 5630 2914 5708 Apoc“,
2940 5640 2993 5694 7.
3026 5639 3075 5670 ¹⁰
3103 5640 3267 5708 Apoc.
3296 5630 3469 5701 11,10.

177 5703 233 5736 ¹¹
267 5701 430 5759 Psal.
454 5717 603 5775 cur,
635 5703 689 5775 8.
727 5706 773 5737 ⁸⁸
802 5706 992 5762 Matth.
1022 5723 1080 5773 ν,
1113 5706 1205 5762 24.
1246 5709 1292 5740 ’³
1318 5701 1474 5764 ,Ιοιιιιζ
1521 5725 1595 5775 vi,
1624 5709 1713 5766 55.
1749 5710 1768 5741 ¹

1880 5701 1966 5765 sal.
1994 5724 2145 5775 cvm,
2180 5708 2275 5765 ει.
2305 5709 2354 5742 ¹⁸
2373 5707 2475 5765 Job
2505 5723 2627 5773 ιη,
2652 5701 2740 5765 ι’δ.
2776 5708 2824 5741 ’⁸
2853 5701 2987 5764 Cen.
3024 5724 3084 5775 11,
3120 5701 3214 5763 2‘5.
3255 5709 3300 5741 "
3327 5708 3469 5764 Psai.

160 5787 422 5838 mm.
450 5774 540 5832 59.
577 5775 624 5808 “
658 5774 763 5837 Job
787 5777 1101 5846 ωιιι,21.
1138 5777 1231 5836 ³⁸1
1256 5774 1616 5851 Cor.xv,50.
1653 5779 1768 5847 “ti

178 5844 242 5880 ³⁵
280 5841 437 5901 Gen.
456 5858 522 5915 ιι,
543 5842 638 5903 21.

1890 5794 1945 5838 τι
1992 5782 2052 5838 3.
2086 5774 2276 5838 “Gal.
2308 5795 2364 5849 v,
2397 5778 2485 5837 l9.
2522 5779 2571 5813 ³³
2596 5778 2788 5836 Matth.
2814 5792 2929 5848 xv1,
2962 5774 3276 5836 ιιςιιςαι.
3300 5796 3357 5847 v,
3381 5778 3470 5837 l7.
