3972 6336
597 369 696 426 887

1228 363 1290 416 Β.
1333 358 1584 415 RABANI
1625 356 1843 414 MAURI
1880 354 2200 412 A'RCHlEP.
2243 354 2550 411 MOGUNT.
2593 350 2877 409 OPERUM
2916 347 3096 408 PARS
3128 351 3211 407 lll.
3668 359 3740 416 333

597 497 791 541 carnes
822 488 981 536 nocte
1021 479 1111 534 illa
1155 492 1308 533 assas
1337 478 1446 548 igni
1470 476 1511 542 ⁸,
1541 496 1560 529 ι
1609 477 1660 532 id
1711 483 1814 539 est,
1847 475 1902 528 in
1927 473 2168 528 obscuri-
2196 476 2248 534 Α
2273 480 2579 526 sanctorum
2623 469 2664 501 ιτ
2694 468 2836 539 quod
2872 469 3094 539 spiritus
3140 477 3438 525 sanctorum
3477 469 3677 530 laetantur
3705 477 3744 536 in

599 581 709 628 tate
735 571 858 625 vitae
885 568 1188 640 praesentis.
1215 564 1500 622 sententiis
1550 577 1719 618 sacrae
1764 561 2060 630 Scriptum
2091 575 2176 614 re-

599 664 684 717 ﬁci
732 663 1007 717 debemus.
1060 660 1164 714 Per
1213 675 1446 723 carnem,
1479 654 1722 726 discipuli
1771 653 1996 717 Christi,
2030 661 2088 706 ut
2118 651 2174 706 in

597 753 699 808 Job
725 770 737 806 :
781 773 798 802 ι
822 751 955 806 Pelli
980 765 1114 804 mea:
1136 747 1470 816 consumptis
1492 747 1748 802 carnibus
1769 743 1996 798 adhaasit
2013 758 2074 797 os
2097 745 2170 807 ²,»

599 844 741 914 quod
795 841 1124 912 fugientibus
1173 837 1449 907 discipulis
1483 836 1701 892 Christo
1747 834 1946 890 milites
1986 835 2039 888 in
2079 848 2176 887 sua

597 936 850 1008 passione
899 932 1204 988 astiterunt.
1241 930 1345 984 Per
1373 945 1580 982 carnem
1625 926 1854 982 humiles
1894 925 2173 991 doctrinm,

601 1035 658 1079 ut
690 1026 742 1079 in
771 1022 977 1093 psalmo
1004 1039 1016 1074 :
1050 1041 1066 1070 ι
1101 1019 1242 1072 Pluit
1268 1033 1428 1087 super
1453 1031 1548 1071 eos
1589 1016 1730 1070 sicut
1757 1015 2030 1085 pulverem
2058 1029 2178 1068 car-

600 1134 700 1172 nes
727 1117 768 1176 ³,
799 1136 817 1166 ι
859 1115 910 1169 id
936 1121 1038 1178 est,
1068 1111 1347 1167 doctrinas
1371 1110 1517 1164 dedit
1534 1111 1612 1164 eis
1635 1107 1886 1172 humiles,
1915 1107 1984 1161 ad
2012 1107 2178 1161 actio-

601 1225 698 1262 nes
741 1207 1093 1278 pertinentes.
1135 1203 1240 1257 Per
1285 1219 1491 1256 carnem
1544 1201 1756 1254 infirma
1802 1214 1984 1270 opera,
2018 1207 2078 1253 ut
2124 1198 2176 1251 in

599 1297 917 1352 Parabolis:
947 1316 964 1347 ι
990 1296 1114 1350 Vita
1137 1293 1382 1348 carnium
1411 1293 1452 1358 ",
1484 1313 1501 1344 ι
1531 1293 1671 1361 quod
1718 1292 1763 1346 si
1796 1291 1998 1345 minute
2024 1290 2178 1344 inno-

599 1389 778 1443 centia
811 1387 1130 1450 custoditur,
1154 1394 1208 1439 et
1237 1385 1280 1440 si
1306 1401 1408 1454 qua
1439 1393 1567 1439 sunt
1593 1383 1724 1438 foris
1756 1383 1991 1448 inﬁrma,
2021 1382 2180 1437 robo-

599 1487 809 1535 rantur.
873 1478 977 1532 Per
1025 1494 1232 1531 carnem
1282 1476 1466 1546 impii,
1513 1482 1572 1528 ut
1619 1475 1673 1529 in
1721 1476 2173 1530 Deuteronomio:

606 1592 622 1622 ι
661 1571 880 1626 Gladius
906 1586 1057 1626 meus
1078 1569 1357 1625 devorahit
1384 1583 1576 1622 carnes
1600 1569 1640 1633 ⁸,
1668 1588 1685 1619 ι
1713 1569 1764 1623 id
1786 1578 1890 1632 est,
1921 1567 2179 1630 iudicium

597 1681 776 1724 meum
798 1664 1180 1721 condemnabit
1207 1662 1419 1732 impios.
1449 1660 1551 1715 Per
1569 1679 1775 1716 carnem
1803 1677 1978 1732 poma:
1999 1676 2182 1732 repro-

596 1759 809 1823 borum,
841 1763 898 1809 ut
947 1755 1002 1809 in
1046 1753 1405 1825 Apocalypsi:
1439 1771 1457 1801 ί
1492 1751 1564 1807 Ut
1607 1753 1944 1807 manducetis
1986 1768 2179 1808 carnes

2277 561 2483 615 mtimis
2506 559 2785 615 caelorum.
2817 556 3070 612 Cardines
3090 558 3475 629 pnedicatores,
3501 569 3552 615 ut
3583 564 3626 618 in
3655 580 3744 622 cau-

2277 652 2384 708 tico
2408 669 2421 706 :
2457 671 2477 704 ‹
2504 650 2716 706 Domini
2740 649 2884 704 enim
2913 658 3034 704 sunt
3061 651 3305 706 cardines
3331 660 3475 706 terra:
3501 652 3538 684 "
3580 657 3685 724 quod
3699 659 3746 715 ad

2278 742 2563 798 Dominum
2590 741 2868 812 pertinent
2893 739 3273 810 praedicatores
3300 741 3544 797 Ecclesiae.
3566 743 3746 804 Cardine:

2278 833 2414 888 ﬁnes
2439 832 2647 896 mundi,
2661 831 2794 885 utin
2810 829 2911 884 Job
2931 847 2944 883 :
2976 847 2995 880 ι
3019 829 3282 887 Cardines
3293 846 3499 904 quoque
3515 835 3746 908 marisope-

2278 926 2381 980 riet
2411 925 2478 990 ¹⁹,
2513 942 2532 975 ι
2563 923 2617 978 id
2642 930 2745 986 est,
2783 921 2918 976 lines
2943 921 3126 976 mundi
3149 921 3306 993 leget.

2350 1010 2620 1067 Carbones
2657 1017 2782 1064 sunt
2811 1009 3066 1074 virtutes,
3115 1024 3235 1078 qua:
3273 1019 3420 1065 erant
3445 1012 3492 1066 in
3513 1011 3751 1080 Cbristo,nt

2279 1105 2336 1160 in
2383 1104 2501 1175 lege
2527 1102 2744 1173 plenum
2788 1103 3115 1157 carbonibus
3141 1142 3154 1156 .
3182 1142 3196 1156 .
3224 1141 3238 1155 .
3269 1102 3563 1160 thuribulum
3583 1107 3748 1175 pontifex

2281 1195 2402 1251 tulit
2429 1196 2482 1249 in
2534 1193 2733 1249 Sancta
2783 1202 3096 1248 sanctorum
3145 1193 3214 1258 ³ο,
3242 1194 3380 1263 quod
3404 1209 3574 1264 corpus
3602 1198 3749 1266 plenum

2280 1291 2484 1348 sanctis
2513 1289 2804 1344 virtutibus
2847 1289 3097 1344 Christus
3152 1287 3345 1344 levabit
3391 1289 3450 1344 ad
3485 1287 3633 1344 ccelos.
3668 1289 3750 1344 Car-

2282 1385 2456 1448 bones,
2489 1382 2662 1438 sancti
2694 1383 2785 1453 qui
2812 1381 2865 1436 in
2909 1381 3013 1436 line
3044 1397 3167 1436 cum
3199 1380 3414 1436 Domino
3430 1380 3700 1451 judicabant,
3713 1393 3750 1435 ut

2282 1474 2334 1527 in
2360 1472 2624 1526 Psalmis:
2660 1490 2680 1522 ‹
2730 1469 2938 1527 Cadent
2987 1486 3151 1541 super
3190 1486 3282 1526 eos
3322 1471 3556 1526 carbones
3577 1471 3630 1534 ἰ,
3660 1473 3750 1540 quod

2284 1567 2544 1636 reprobos
2595 1562 2820 1633 perfecti
2864 1564 3038 1619 sancti
3090 1578 3216 1618 cum
3266 1562 3478 1618 Domino
3511 1560 3750 1628 judicabant.

2283 1655 2564 1722 Carbones,
2586 1655 2809 1711 ardores
2830 1654 3189 1724 paenitentiae,
3206 1662 3266 1708 ut
3285 1654 3337 1708 in
3349 1652 3617 1708 Parabolis:
3639 1673 3651 1703 ι
3671 1652 3752 1707 Car-

2283 1751 2452 1806 bones
2483 1751 2624 1822 ignis
2665 1765 2926 1822 congeres
2981 1765 3148 1819 super
3194 1757 3353 1819 caput
3377 1746 3481 1816 ejus
3508 1748 3566 1811 ¹¹,
3596 1766 3610 1797 ι
3635 1747 3672 1800 id
3687 1755 3750 1808 est,

597 1866 781 1920 regum
814 1857 870 1903 et
895 1849 1234 1903 tribunorum
1267 1848 1308 1913 ⁸,
1346 1868 1364 1897 ι
1412 1847 1464 1901 id
1508 1855 1608 1911 est,
1642 1855 1702 1901 ut
1735 1846 2074 1902 delectemini
2120 1847 2187 1900 de
2214 1826 2262 1887 Β
2289 1845 2448 1901 bonis
2472 1846 2728 1916 operibus
2763 1844 2868 1898 tuis
2909 1843 3194 1898 inimicum
3222 1851 3368 1898 tuum
3395 1841 3456 1896 ad
3487 1839 3750 1911 penitentiam

599 1941 842 1996 cruciatu
867 1940 1239 2010 reproborum,
1274 1947 1381 1992 tam
1408 1939 1674 2009 majorum
1701 1953 1862 2008 quam
1891 1939 2182 1993 minorum.

667 2030 891 2084 Carmen
921 2029 1038 2084 laus
1083 2030 1197 2092 Dei,
1235 2039 1294 2082 ut
1331 2029 1382 2082 in
1432 2028 1674 2098 psalmo:
1709 2046 1727 2078 ‹
1761 2027 1989 2083 Immisit
2041 2029 2094 2083 in
2124 2044 2185 2084 os

596 2138 774 2178 meum
827 2122 1096 2178 canticum
1149 2136 1370 2186 novum,
1419 2136 1638 2176 carmen
1689 2121 1824 2193 [Deo
1869 2121 2080 2193 nostro]
2109 2123 2128 2153 ⁷
2162 2142 2179 2174 ι

597 2213 651 2268 id
680 2222 783 2278 est,
816 2221 876 2268 ut
904 2228 1054 2268 more
1099 2228 1218 2267 meo
1266 2213 1476 2267 laudem
1521 2212 1689 2267 Deum
1721 2228 1922 2267 meum.
1959 2211 2185 2267 Carmen

596 2305 765 2373 gloria
791 2304 1044 2365 cmlestis,
1079 2313 1138 2358 ut
1168 2305 1220 2358 in
1265 2304 1582 2359 Ezechiele:
1623 2325 1640 2356 ι
1694 2306 1863 2360 Erant
1891 2306 2104 2374 scriptm
2129 2307 2182 2360 in

595 2397 735 2452 libro
783 2397 1194 2451 lamentationes
1247 2395 1345 2468 [et]
1393 2398 1683 2461 carmen“,
1728 2417 1746 2448 ι
1797 2397 1940 2466 quod
1981 2396 2184 2451 luctum

596 2491 754 2546 nobis
781 2492 830 2544 in
861 2491 1136 2561 prtesenti,
1162 2499 1218 2545 et
1263 2490 1486 2562 gloriam
1522 2491 1574 2544 in
1627 2489 1809 2545 futuro
1847 2507 1998 2546 sacra
2032 2489 2183 2545 Scri-

597 2593 757 2652 ptura
785 2583 1084 2637 denuntiat.
1133 2581 1238 2637 Per
1269 2598 1478 2636 carmen
1504 2583 1902 2638 consolationes
1932 2583 2182 2647 internae,

599 2679 657 2726 ut
684 2673 737 2727 in
771 2669 872 2729 Joh
899 2695 912 2726 :
942 2693 960 2724 ι
995 2673 1154 2728 Dedit
1193 2673 1437 2728 carmina
1479 2673 1534 2728 in
1564 2684 1720 2729 nocte
1748 2674 1792 2741 9,
1824 2695 1842 2727 ι
1880 2675 2022 2744 quod
2048 2689 2183 2729 con-

596 2765 890 2821 solationes
920 2764 1180 2820 Dominus
1207 2765 1320 2819 suis
1348 2766 1558 2820 confert
1584 2767 1637 2820 in
1666 2766 2038 2821 tribulatione.

668 2854 960 2923 Carmelus,
1006 2858 1096 2927 qui
1150 2857 1541 2927 interpretatur
1568 2859 1783 2912 scientia
1832 2858 2187 2914 circumcisio-

593 2948 694 3014 m's,
723 2949 959 3004 carnalis
984 2958 1072 3004 est
1100 2948 1408 3019 puriﬁcatio
1452 2949 1781 3016 Judzeorum,
1829 2960 1886 3006 ut
1933 2952 1986 3006 in
2033 2951 2185 3008 libris

590 3038 836 3111 Regum:
879 3060 897 3092 ‹
959 3040 1089 3095 Erat
1137 3039 1308 3095 Nabal
1352 3050 1408 3096 et
1455 3043 1726 3110 possessio
1782 3043 1901 3113 ejus
1949 3043 2004 3097 in
2053 3042 2188 3097 Car-

591 3131 732 3187 melo
764 3131 829 3197 '°,
857 3152 876 3184 ι
907 3130 1049 3202 quod
1072 3131 1267 3188 stultus
1294 3130 1550 3188 Iudaicus
1582 3132 1809 3204 populus
1833 3134 1887 3188 in
1912 3134 2183 3191 exteriore

2289 1939 2675 1993 commovebis.
2729 1935 3016 2001 Carbones,
3056 1935 3304 1990 incendia
3355 1933 3611 1995 charitatis,
3651 1941 3692 1984 ut
3718 1931 3750 1984 in

2288 2032 2554 2089 Psalmis:
2590 2052 2608 2084 ι
2651 2031 2830 2088 Nubes
2875 2032 3230 2096 transierunt,
3280 2031 3466 2102 grando
3491 2035 3538 2082 et
3576 2029 3750 2084 carbones

2291 2124 2429 2193 ignis
2457 2123 2525 2189 ”,
2560 2143 2580 2177 ι
2617 2123 2758 2193 quod
2803 2124 3120 2178 abundante
3183 2122 3456 2192 iniquitate
3497 2129 3543 2176 et
3574 2120 3749 2190 pradicao

2291 2217 2466 2271 tiones
2495 2223 2551 2272 et
2596 2215 3050 2272 comminationes
3099 2215 3153 2269 in
3183 2215 3364 2270 multis
3410 2212 3612 2268 salubres
3640 2227 3751 2266 cessa-

2289 2309 2441 2374 bunt,
2473 2319 2530 2364 et
2581 2308 2812 2364 ﬂamma:
2858 2309 3148 2365 charitatis
3192 2308 3535 2380 refrigescant.
3579 2306 3749 2362 Cariam

2289 2401 2463 2454 sancti
2490 2400 2614 2464 viri,
2643 2409 2701 2453 ut
2723 2400 2775 2453 in
2811 2399 3137 2456 Ezechiele:
3173 2417 3192 2449 ι
3228 2399 3298 2455 Ut
3325 2401 3557 2454 carbones
3583 2397 3682 2468 ignis
3699 2411 3750 2450 ar-

2288 2492 2464 2545 deutis
2493 2491 2559 2555 ’³,
2595 2511 2612 2542 ι
2643 2491 2826 2555 idest,
2859 2499 2916 2544 ut
2953 2499 3270 2546 sanctorum
3311 2491 3523 2546 virorum
3559 2489 3749 2544 Dominum

2289 2581 2342 2636 in
2364 2581 2593 2637 occultis
2615 2582 2935 2635 amantium.
2955 2579 3245 2647 Carbones,
3277 2581 3408 2635 bona
3433 2579 3645 2648 exempla,
3666 2578 3748 2632 utin

2288 2672 2555 2728 Psalmis:
2594 2692 2613 2723 ι
2645 2671 2781 2727 Cum
2825 2671 3160 2738 carbonibus
3194 2671 3511 2729 desolatoriis
3533 2671 3588 2733 ",
3627 2668 3748 2729 idest,

2288 2781 2410 2822 cum
2437 2764 2698 2835 exemplis
2715 2764 2892 2830 bonis,
2916 2764 3049 2820 vitia
3073 2763 3427 2821 vastantibus.
3442 2761 3748 2828 Carbones,pet-

2288 2862 2522 2921 catores,
2553 2862 2612 2909 ut
2641 2855 2694 2909 in
2721 2854 2950 2910 Psalmis
2984 2872 2998 2909 :
3032 2873 3052 2907 ε
3091 2853 3360 2912 Carbones
3384 2851 3590 2910 succensi
3609 2846 3747 2905 suntet

2288 2962 2354 3004 eo
2375 2947 2442 3012 ",
2476 2967 2494 3001 i
2532 2948 2673 3019 quod
2704 2948 2857 3003 multi
2902 2948 2972 3003 ab
3000 2948 3200 3005 ardore
3222 2949 3350 3020 justi
3372 2949 3390 2968 ‘
3415 2944 3621 3002 desiderii
3640 2941 3748 2997 extin-

2289 3042 2362 3097 cti
2391 3042 2774 3113 peccantisque
2812 3041 2951 3115 nigri
2985 3057 3015 3096 a
3063 3040 3182 3098 Deo
3237 3039 3466 3097 succensi
3491 3046 3537 3093 et
3555 3029 3748 3091 illuminati

2294 3142 2438 3190 sunt.
2479 3130 2744 3189 Carbones
2773 3133 2948 3204 iniqui
2989 3134 3045 3189 in
3096 3133 3256 3191 malis
3299 3133 3407 3190 suis
3437 3133 3747 3201 perseverante,

591 3196 966 3294 puriﬁcatione
1013 3227 1334 3292 confidebat,
1384 3228 1527 3296 quod
1576 3196 1742 3282 l—iabal
1775 3228 1967 3284 stultus
2016 3229 2182 3285 inter-
2208 3196 2254 3259 α
2285 3235 2345 3278 ut
2366 3225 2421 3278 in
2451 3223 2725 3280 Ieremia:
2769 3243 2790 3277 ι
2817 3196 3116 3297 Denigrata
3142 3235 3226 3282 est
3251 3240 3406 3297 super
3420 3196 3632 3280 carbones
3645 3215 3745 3270 facit!

592 3328 857 3388 pretatur.
886 3318 1179 3386 Carmelus,
1207 3319 1446 3390 cognitio
1474 3329 1830 3386 secretorum,
1861 3329 1923 3376 ut
1961 3322 2018 3377 in
2043 3323 2183 3379 Can-

597 3410 704 3464 tico
730 3428 742 3464 :
772 3428 791 3460 ε
829 3409 1002 3480 Caput
1035 3419 1188 3465 tuum
1233 3419 1296 3464 ut
1339 3409 1619 3468 Carmelus
1647 3411 1710 3478 “,
1741 3431 1761 3465 ι
1811 3411 1862 3467 id
1890 3422 1996 3480 est,
2029 3428 2183 3470 mens

594 3510 686 3556 tua
717 3502 1002 3556 scientiam
1029 3511 1085 3556 et
1111 3503 1358 3557 notitiam
1393 3504 1557 3558 habet
1585 3513 1939 3560 secretorum.

665 3589 932 3662 Cartilago
955 3593 1199 3648 membra
1228 3603 1355 3648 sunt
1380 3594 1602 3659 diaboli,
1651 3604 1712 3650 ut
1740 3595 1794 3649 in
1818 3593 1920 3652 Job
1947 3611 1963 3650 :
2001 3616 2020 3649 ε
2052 3596 2185 3653 Car-

595 3684 757 3755 tilago
804 3683 920 3753 cjus
960 3687 1113 3755 quasi
1160 3686 1360 3743 lamina
1391 3689 1567 3746 ferrea
1593 3691 1656 3756 ²²,
1694 3710 1713 3742 ι
1745 3693 1890 3762 quod
1939 3696 2183 3750 membra

593 3777 790 3832 diaboli
829 3793 923 3833 eos
968 3779 1061 3848 qui
1090 3781 1332 3836 membra
1376 3790 1502 3838 sunt
1529 3781 1754 3850 Christi,
1793 3785 2050 3842 tribulare
2077 3803 2184 3843 non

595 3878 829 3924 cessant.

662 3956 939 4014 Careclum
960 3961 1190 4031 populus
1214 3961 1492 4029 Judaicus,
1521 3973 1581 4018 ut
1606 3965 1660 4020 in
1689 3965 1913 4022 Exodo:
1949 3985 1969 4019 ι
2005 3967 2185 4038 Expo-

590 4051 699 4106 suit
721 4066 844 4105 eum
874 4053 926 4107 in
954 4063 1171 4109 carecto
1191 4053 1426 4110 ﬂuminis
1457 4055 1522 4122 ¹³,
1556 4076 1574 4107 ι
1603 4059 1744 4126 quod
1767 4059 1999 4128 primum
2027 4057 2184 4113 Chri-

593 4153 708 4198 stus
737 4159 932 4215 aspero
976 4145 1173 4216 pepulo
1209 4145 1434 4203 Judaico
1471 4148 1742 4219 apparuit.
1772 4147 2046 4204 Carectum
2073 4150 2182 4205 vita

591 4237 1023 4308 liypocritarum,
1072 4247 1128 4292 ut
1179 4239 1233 4293 in
1285 4237 1430 4294 Job:
1475 4260 1494 4291 ς
1546 4240 1653 4294 Aut
1706 4249 1885 4310 potest
1934 4256 2183 4298 crescere

591 4339 864 4385 carectum
911 4331 1025 4384 sine
1074 4330 1304 4401 aqua”,
1336 4351 1354 4383 ι
1395 4331 1538 4400 quod
1572 4332 1868 4402 hypocrita:
1914 4347 2022 4388 non
2073 4333 2180 4388 nisi

590 4438 656 4477 ex
685 4437 919 4493 superno
943 4438 1166 4478 munere
1194 4423 1525 4479 viriditatem
1550 4424 1706 4479 bonae
1727 4425 2062 4496 operationis
2084 4442 2179 4484 ac-

588 4512 814 4583 cipiunt.

659 4603 1044 4669 Carbunculus,
1097 4604 1191 4659 lux
1247 4621 1456 4677 magna:
1506 4607 1776 4675 scientiae,
1833 4619 1894 4665 ut
1941 4611 1994 4666 in
2043 4610 2179 4669 Eze-

588 4695 765 4750 chiele
804 4696 847 4726 ”
872 4696 1232 4751 carbunculus
1279 4698 1476 4752 dicitur
1517 4701 1796 4769 operuisse
1824 4703 2060 4774 primum
2090 4721 2184 4763 an-

590 4787 787 4858 gelum.
815 4788 958 4857 quod
982 4787 1074 4844 lux
1105 4804 1313 4861 magna:
1335 4791 1575 4848 scientiae
1604 4793 1894 4852 illustravit
1933 4797 2106 4854 illum.

662 4880 929 4935 Caradion
953 4881 1143 4937 vitium
1167 4893 1251 4938 est
1281 4883 1646 4955 loquacitatis,
1677 4895 1737 4942 ut
1766 4889 1821 4942 in
1844 4889 1961 4963 lege
1993 4891 2036 4922 “
2056 4907 2182 4963 pro-

589 4972 806 5029 hibetur
833 4974 1062 5044 populus
1089 4976 1183 5032 Dei
1214 4977 1497 5034 comedere
1532 4981 1550 5000 ⁶
1588 4981 1866 5048 caradion,
1912 4985 2055 5054 quod
2085 4986 2180 5055 qui

586 5065 700 5120 Deo
723 5066 940 5137 placere
981 5069 1221 5138 student,
1252 5071 1384 5126 vitio
1429 5071 1773 5144 loquacitatis
1803 5075 2053 5132 insistere
2088 5093 2181 5135 no-

585 5156 725 5211 lunt.

657 5249 912 5307 Cardines
941 5261 1069 5308 sunt
1104 5253 1328 5324 spiritus
1353 5256 1603 5324 angelici,
1626 5264 1686 5311 ut
1714 5257 1768 5313 in
1787 5257 1942 5316 libris
1969 5260 2173 5333 Regum

585 5341 836 5397 cardines
884 5343 1138 5398 dicuntur
1184 5344 1348 5400 fuisse
1395 5347 1448 5400 in
1494 5348 1753 5405 interiore
1797 5350 1959 5408 domo
1990 5351 2172 5408 Sancti

659 5454 677 5528 ξ
717 5454 884 5528 Exod.
931 5471 1030 5522 xu,
1065 5457 1120 5528 8.
1163 5459 1182 5488 '
1207 5457 1306 5512 Job
1351 5460 1580 5524 x1x,20.
1611 5463 1632 5492 ³
1659 5461 1803 5516 Psal.
1861 5480 2065 5528 Lxxvn,
2111 5463 2201 5518 27.
2233 5463 2256 5494 ⁸
2286 5464 2445 5519 Prov.
2497 5478 2610 5526 11v,
2655 5459 2744 5515 '50.
2793 5461 2814 5492 ⁸
2845 5461 3000 5515 Deut.
3035 5477 3209 5523 xxx",
3239 5457 3324 5528 42.
3366 5453 3527 5528 “AM

496 5587 498 5590 ι
584 5523 605 5553 ⁷
637 5513 1028 5605 Ρὲίι1.“κεωςιχ,’
1062 5527 1113 5582 4.
1147 5528 1387 5605 szccli.
1413 5513 1585 5605 "illi.
1623 5513 2064 5605 donavi}?

2011 5513 2172 5588 'I'w‘i
2188 5513 2345 5605 ne;
2361 5513 2611 5597 ’,ᾆξ’ἓῖ
2649 5513 2690 5563 ίι
2704 5513 2912 5605 Cant-ﬁ
2927 5513 3209 5605 fit???“
3232 5527 3330 5605 {ob
3341 5541 3429 5605 si,
3443 5513 3579 5605 ys:

586 5595 730 5674 {Et}
783 5595 825 5674 ’,³
855 5595 954 5650 ³0³)
996 5614 1109 5674 "1”.
1145 5599 1304 5674 μετ’
1335 5600 1527 5674 Εκρίξιι.
1558 5621 1745 5664 xxviii,
1779 5605 1865 5658 15.
1899 5605 1941 5635 ¹⁶
1973 5604 2096 5658 Le".
2126 5621 2154 5658 χ

2022 5620 2096 5658 e".
2126 5621 2200 5668 χι,
2229 5607 2248 5658 -1
2263 5594 2313 5658 εἷ
2353 5607 2391 5636 ¹⁷
2418 5607 2432 5658 |
2462 5594 2590 5674 lleg.
2620 5619 2712 5666 vn,
2736 5602 2825 5657 50.
2861 5604 2902 5634 ’⁸
2931 5602 2948 5656 1
2978 5594 3124 5657 δήια.
3151 5618 3210 5664 tt,
3241 5594 3474 5674 8._”_~!0_l]
3509 5599 3590 5674 ξιξ

2203 4570 2258 4631 D

2281 3332 2470 3373 eorum
2499 3317 2569 3384 ³⁷,
2599 3335 2618 3368 ι
2663 3316 2718 3372 id
2759 3325 2864 3383 est,
2895 3317 3042 3389 ipsos
3077 3317 3238 3376 valde
3283 3317 3480 3387 iniquos
3502 3314 3548 3370 in
3589 3307 3745 3382 pravita-

2283 3412 2427 3468 tibus
2454 3411 2568 3466 suis
2589 3418 2966 3467 servaverunt.

2353 3501 2646 3568 Craticula,
2693 3516 2790 3558 cor
2834 3499 3128 3572 cujuslibet
3174 3501 3364 3568 sancti,
3416 3507 3470 3555 ut
3515 3497 3559 3552 in
3601 3493 3744 3548 Exooo:

2290 3617 2309 3648 ‹
2349 3595 2677 3652 Craticulam
2705 3596 2761 3651 in
2805 3595 3026 3652 modum
3068 3597 3206 3652 retis
3247 3608 3440 3652 eaeam
3477 3589 3534 3655 ",
3571 3606 3586 3640 ι
3621 3583 3659 3638 id
3683 3587 3742 3641 εει,

2285 3698 2520 3743 mentem
2573 3687 2678 3744 viri
2731 3687 2906 3746 sancti
2939 3688 2996 3743 in
3044 3687 3309 3743 virtutum
3338 3679 3663 3753 multiplicium
3691 3684 3744 3725 rt-

2284 3781 2517 3836 bustam.

2355 3870 2544 3927 Crater
2587 3879 2672 3929 est
2715 3873 2851 3929 ordo
2893 3874 3334 3946 praedicatorum,
3383 3878 3439 3926 ut
3485 3868 3532 3923 in
3568 3857 3742 3946 Cantitoi

2291 3981 2310 4015 ι
2348 3961 2542 4019 Crater
2569 3964 2861 4032 tornatilis,
2897 3945 3185 4035 nunquam
3229 3964 3463 4034 indigens
3503 3945 3739 4029 ροοιιιίε¹¹ν⁹

2283 4057 2428 4127 quod
2457 4057 2842 4126 pradicatores
2866 4056 3041 4113 sancti
3061 4066 3119 4112 et
3142 4073 3176 4113 a
3201 4056 3422 4114 crimine
3445 4056 3551 4108 sunt
3573 4039 3741 4102 alienid

2285 4147 2555 4218 spirituali
2579 4147 2772 4219 poculo
2803 4147 2969 4219 pleni.

2355 4235 2552 4293 Caseus
2590 4246 2674 4295 est
2723 4239 2966 4295 soliditas
3013 4240 3236 4305 mentis,
3279 4245 3339 4294 ut
3379 4236 3429 4292 in
3467 4231 3617 4288 JobH
3651 4220 3739 4275 Sict“

2284 4347 2503 4390 caseum
2550 4347 2636 4388 me
2661 4333 2957 4403 coagulasti
2989 4334 3056 4400 ³⁸,
3081 4334 3138 4389 id
3184 4341 3287 4400 est,
3323 4332 3376 4386 in
3399 4313 3739 4397 compaginabat

2283 4425 2643 4496 pigrescentis
2670 4424 3015 4494 cogitationis
3041 4439 3130 4481 me
3149 4423 3406 4483 solidasti.
3683 4497 3738 4508 Η

2353 4523 2544 4580 Castra
2587 4533 2712 4581 sunt
2759 4524 2959 4596 angeli,
3006 4533 3068 4580 ut
3108 4525 3166 4581 in
3215 4521 3434 4580 Genesi:
3465 4537 3481 4569 ι
3529 4500 3738 4596 Casth

2283 4625 2411 4674 sunt
2436 4615 2527 4671 hic
2554 4615 2623 4682 “,
2658 4634 2677 4668 ι
2718 4615 2771 4671 id
2789 4593 2895 4682 est,
2918 4614 3104 4687 Angeli
3147 4614 3243 4671 Dei
3265 4620 3384 4669 sunt
3409 4611 3441 4664 ii
3463 4610 3507 4662 in
3526 4593 3738 4687 quibusin:

2285 4709 2426 4765 bitat
2450 4678 2619 4764 Deus.
2652 4704 2842 4762 Castra
2863 4678 2966 4763 viri
2989 4678 3186 4773 sancti,
3216 4715 3276 4762 ut
3313 4706 3364 4760 in
3391 4693 3647 4758 Ezechiele:
3667 4703 3681 4736 ί
3698 4678 3738 4736 Ut

2284 4816 2452 4858 sonus
2490 4799 2850 4854 multitudinis
2895 4807 3060 4870 atque
3103 4808 3396 4855 castrorum
3426 4793 3484 4857 ⁸¹,
3510 4809 3525 4840 ι
3548 4785 3589 4842 id
3620 4779 3736 4870 est)"

2283 4893 2428 4950 fama
2448 4890 2741 4947 multorum
2775 4863 3105 4946 sanctorum.
3131 4888 3316 4946 Castra
3340 4895 3442 4943 tota
3467 4876 3596 4938 simul

2284 4987 2365 5042 sia
2395 5027 2410 5052 ,
2461 4991 2522 5038 ut
2573 4983 2627 5038 in
2677 4981 2942 5038 Cantico:
2982 5001 3002 5034 r
3059 4982 3130 5039 Ut
3178 4990 3461 5038 castrorum
3506 4969 3617 5027 acies
3647 4955 3735 5014 onﬁ'

2284 5088 2412 5135 nata
2434 5077 2501 5144 ³³,
2535 5098 2554 5130 ι
2611 5076 2665 5131 id
2709 5084 2814 5141 est,
2859 5084 2920 5129 ut
2965 5089 3190 5131 concors
3243 5070 3476 5129 Ecclesia:
3515 5057 3734 5146 οοηταξωῇ

2283 5134 2500 5235 Castra,
2542 5167 2770 5222 virtutes
2798 5165 3126 5236 spirituales,
3171 5175 3230 5220 ut
3275 5166 3339 5218 in.
3369 5134 3733 5236 Canticonqui‘

2282 5260 2492 5317 videbis
2541 5259 2596 5314 in
2642 5257 3004 5323 Sunamitide,
3037 5257 3141 5313 nisi
3185 5257 3372 5312 choros
3395 5252 3638 5306 castrorum
3655 5231 3728 5323 ⁸⁸ιξ

2533 5312 2729 5421 populo
2755 5312 3004 5421 Iudaico,
3032 5348 3244 5419 quando
3279 5350 3537 5403 conversus
3556 5312 3730 5482 fuerit:

2286 5464 2425 5482 ’τίη
2498 5478 2588 5482 ----
2656 5459 2724 5482 ’⁷η
2793 5461 2978 5482 ¹¹“----
3036 5477 3184 5482 ------
3249 5457 3305 5482 m
3366 5453 3527 5482 Is...“-
3570 5452 3652 5482 τις,
3717 5460 3728 5475 .

3570 5452 3652 5496 ΙΙΙ.
3675 5452 3728 5496 ‘9'

3595 5593 3646 5632 vi.
3670 5565 3725 5622 ὅθι

587 5665 631 5694 ²⁰
661 5666 832 5719 Exod.
862 5683 988 5731 xxx,
1022 5659 1110 5721 5i.
1150 5671 1192 5700 ¹¹
1241 5669 1382 5723 Psal.
1415 5688 1635 5736 cxxxiii,
1665 5659 1751 5728 ll.
1780 5677 1826 5705 "
1857 5675 2019 5728 Prov.
2051 5691 2155 5729 xxv

587 5732 632 5763 16
661 5735 778 5770 Duql
830 5752 940 5770 νυη
984 5737 1018 5770 ο
1067 5739 1111 5770 ιτ
1140 5739 1319 5770 ’Νι-η..
1376 5757 1428 5770 ..ν
1472 5742 1502 5770 ο
1558 5745 1603 5770 ιε
1633 5744 1779 5770 ιιι-...ι
1835 5761 1983 5770 -....-.
2037 5745 2056 5770 ι
2130 5747 2155 5770 ιι

2155 5659 2395 5770 :31."
2425 5659 2570 5770 P8355
2603 5659 2740 5770 ξειὶν
2765 5674 2867 5770 ἐδ·
3198 5659 3235 5738 ίν
3266 5659 3723 5770 ¹⁵;ῙΪ.¹’Ξ²¹ιι⁶ἒῗὲὶῖ

584 5732 632 5822 τε
650 5719 1047 5822 Ξξελξιὶνιιξθί
1067 5719 1111 5770 ii
1135 5719 1801 5822 Ῑιιέερζξγῖἒῗῖέιᾟιόα.
1834 5719 2151 5814 sagit?

2075 5719 2178 5802 ῖέδ
2199 5719 2356 5804 6.3..
2391 5719 2902 5822 v;.:"§.;ss'1a;'g,
2929 5719 3438 5804 ιιῑῖῖεειίξίέυι,
3471 5733 3515 5790 ε.
3541 5719 3643 5776 πει

589 5817 630 5868 ι,
650 5804 742 5860 24.
769 5804 816 5835 ³⁸
839 5803 996 5861 Cant.
1029 5822 1105 5874 vl,
1135 5810 1189 5875 ὅ,
1214 5809 1265 5864 9.
1298 5811 1344 5842 ³⁸
1364 5803 1443 5868 Ib.
1468 5828 1591 5868 vers
1622 5814 1706 5870 12.

3746 5909 3758 5926 κ
3831 5819 3833 5933 l
