  <div class='ocr_page' id='page_1' title='image "/cluster/home/n/w/nwhite01/storage/ocr_20150623/112/hvd.32044015685407/450.png"; bbox 0 0 3972 6336; ppageno 0'>
   <div class='ocr_carea' id='block_1_1' title="bbox 259 333 367 392">
    <p class='ocr_par' dir='ltr' id='par_1_1' title="bbox 259 333 367 392">
     <span class='ocr_line' id='line_1_1' title="bbox 259 333 367 392; baseline 0 0"><span class='ocrx_word' id='word_1_1' title='bbox 259 333 367 392; x_wconf 84' lang='lat'><strong>889</strong></span> 
     </span>
    </p>
   </div>
   <div class='ocr_carea' id='block_1_2' title="bbox 1218 329 2567 394">
    <p class='ocr_par' dir='ltr' id='par_1_2' title="bbox 1218 329 2567 394">
     <span class='ocr_line' id='line_1_2' title="bbox 1218 329 2567 394; baseline 0.005 -8"><span class='ocrx_word' id='word_1_2' title='bbox 1218 331 1634 390; x_wconf 65' lang='lat' dir='ltr'><strong>ALLEGOBLIE</strong></span> <span class='ocrx_word' id='word_1_3' title='bbox 1673 333 1740 389; x_wconf 85' lang='lat' dir='ltr'><strong>IN</strong></span> <span class='ocrx_word' id='word_1_4' title='bbox 1779 329 2060 392; x_wconf 74' lang='lat' dir='ltr'><strong>SACRAM</strong></span> <span class='ocrx_word' id='word_1_5' title='bbox 2102 334 2567 394; x_wconf 79' lang='lat' dir='ltr'><strong>SCRIPTURAM.</strong></span> 
     </span>
    </p>
   </div>
   <div class='ocr_carea' id='block_1_3' title="bbox 3426 352 3534 407">
    <p class='ocr_par' dir='ltr' id='par_1_3' title="bbox 3426 352 3534 407">
     <span class='ocr_line' id='line_1_3' title="bbox 3426 352 3534 407; baseline -0.009 0"><span class='ocrx_word' id='word_1_6' title='bbox 3426 352 3534 407; x_wconf 65' lang='lat'><strong>800</strong></span> 
     </span>
    </p>
   </div>
   <div class='ocr_carea' id='block_1_4' title="bbox 256 445 3547 529">
    <p class='ocr_par' dir='ltr' id='par_1_4' title="bbox 256 445 3547 529">
     <span class='ocr_line' id='line_1_4' title="bbox 256 445 3547 529; baseline 0.005 -23"><span class='ocrx_word' id='word_1_7' title='bbox 256 451 449 516; x_wconf 92' lang='lat' dir='ltr'><strong>ﬁdem,</strong></span> <span class='ocrx_word' id='word_1_8' title='bbox 477 454 798 504; x_wconf 90' lang='lat' dir='ltr'><strong>ornamenta</strong></span> <span class='ocrx_word' id='word_1_9' title='bbox 825 454 985 504; x_wconf 88' lang='lat' dir='ltr'><strong>erunt</strong></span> <span class='ocrx_word' id='word_1_10' title='bbox 1018 445 1382 519; x_wconf 79' lang='lat' dir='ltr'><strong>spiritualium</strong></span> <span class='ocrx_word' id='word_1_11' title='bbox 1430 448 1710 504; x_wconf 87' lang='lat' dir='ltr'><strong>virtutum.</strong></span> <span class='ocrx_word' id='word_1_12' title='bbox 1744 447 1850 503; x_wconf 84' lang='lat' dir='ltr'><strong>Ca-</strong></span> <span class='ocrx_word' id='word_1_13' title='bbox 1877 454 1932 514; x_wconf 78' lang='grc' dir='ltr'>Α</span> <span class='ocrx_word' id='word_1_14' title='bbox 1957 451 2129 514; x_wconf 91' lang='lat' dir='ltr'><strong>sione,</strong></span> <span class='ocrx_word' id='word_1_15' title='bbox 2159 452 2418 508; x_wconf 88' lang='lat' dir='ltr'><strong>videbunt</strong></span> <span class='ocrx_word' id='word_1_16' title='bbox 2462 454 2514 508; x_wconf 92' lang='lat' dir='ltr'><strong>in</strong></span> <span class='ocrx_word' id='word_1_17' title='bbox 2541 453 2895 524; x_wconf 80' lang='lat' dir='ltr'><strong>plenitudine,</strong></span> <span class='ocrx_word' id='word_1_18' title='bbox 2936 459 3281 529; x_wconf 90' lang='lat' dir='ltr'><strong>requiescent</strong></span> <span class='ocrx_word' id='word_1_19' title='bbox 3314 463 3367 518; x_wconf 92' lang='lat' dir='ltr'><strong>in</strong></span> <span class='ocrx_word' id='word_1_20' title='bbox 3403 479 3547 520; x_wconf 87' lang='lat' dir='ltr'><strong>sum-</strong></span> 
     </span>
    </p>
   </div>
   <div class='ocr_carea' id='block_1_5' title="bbox 256 540 1861 616">
    <p class='ocr_par' dir='ltr' id='par_1_5' title="bbox 256 540 1861 616">
     <span class='ocr_line' id='line_1_5' title="bbox 256 540 1861 616; baseline -0.001 -17"><span class='ocrx_word' id='word_1_21' title='bbox 256 553 392 609; x_wconf 82' lang='lat' dir='ltr'><strong>stra,</strong></span> <span class='ocrx_word' id='word_1_22' title='bbox 415 550 815 616; x_wconf 72' lang='lat' dir='ltr'><strong>persecutores,</strong></span> <span class='ocrx_word' id='word_1_23' title='bbox 847 550 908 597; x_wconf 93' lang='lat' dir='ltr'><strong>ut</strong></span> <span class='ocrx_word' id='word_1_24' title='bbox 929 541 983 597; x_wconf 92' lang='lat' dir='ltr'><strong>in</strong></span> <span class='ocrx_word' id='word_1_25' title='bbox 1012 541 1227 612; x_wconf 85' lang='lat' dir='ltr'><strong>psalmo</strong></span> <span class='ocrx_word' id='word_1_26' title='bbox 1254 559 1266 595; x_wconf 90' lang='lat'><strong>:</strong></span> <span class='ocrx_word' id='word_1_27' title='bbox 1297 561 1316 593; x_wconf 69' lang='grc' dir='ltr'>ς</span> <span class='ocrx_word' id='word_1_28' title='bbox 1347 540 1407 597; x_wconf 91' lang='lat' dir='ltr'><strong>Si</strong></span> <span class='ocrx_word' id='word_1_29' title='bbox 1441 543 1744 598; x_wconf 87' lang='lat' dir='ltr'><strong>consistant</strong></span> <span class='ocrx_word' id='word_1_30' title='bbox 1766 542 1861 597; x_wconf 84' lang='lat' dir='ltr'><strong>ad-</strong></span> 
     </span>
    </p>
   </div>
   <div class='ocr_carea' id='block_1_6' title="bbox 1961 540 3624 628">
    <p class='ocr_par' dir='ltr' id='par_1_6' title="bbox 1961 540 3624 628">
     <span class='ocr_line' id='line_1_6' title="bbox 1961 540 3624 628; baseline 0.011 -32"><span class='ocrx_word' id='word_1_31' title='bbox 1961 557 2050 596; x_wconf 92' lang='lat' dir='ltr'><strong>ma</strong></span> <span class='ocrx_word' id='word_1_32' title='bbox 2075 559 2228 612; x_wconf 90' lang='lat' dir='ltr'><strong>pace.</strong></span> <span class='ocrx_word' id='word_1_33' title='bbox 2274 544 2442 628; x_wconf 86' lang='lat' dir='ltr'><strong>Igitur</strong></span> <span class='ocrx_word' id='word_1_34' title='bbox 2485 547 2658 615; x_wconf 91' lang='lat' dir='ltr'><strong>prima</strong></span> <span class='ocrx_word' id='word_1_35' title='bbox 2683 549 2943 605; x_wconf 85' lang='lat' dir='ltr'><strong>cathedra</strong></span> <span class='ocrx_word' id='word_1_36' title='bbox 2983 560 3067 606; x_wconf 93' lang='lat' dir='ltr'><strong>est</strong></span> <span class='ocrx_word' id='word_1_37' title='bbox 3109 553 3429 624; x_wconf 86' lang='lat' dir='ltr'><strong>iniquitatis,</strong></span> <span class='ocrx_word' id='word_1_38' title='bbox 3458 573 3548 613; x_wconf 81' lang='lat' dir='ltr'><strong>se-</strong></span> <span class='ocrx_word' id='word_1_39' title='bbox 3609 540 3624 580; x_wconf 43' lang='grc' dir='ltr'>τ</span> 
     </span>
    </p>
   </div>
   <div class='ocr_carea' id='block_1_7' title="bbox 253 631 3549 717">
    <p class='ocr_par' dir='ltr' id='par_1_7' title="bbox 253 631 3549 717">
     <span class='ocr_line' id='line_1_7' title="bbox 253 631 3549 717; baseline 0.005 -26"><span class='ocrx_word' id='word_1_40' title='bbox 253 649 482 692; x_wconf 75' lang='lat' dir='ltr'><strong>versum</strong></span> <span class='ocrx_word' id='word_1_41' title='bbox 519 649 605 691; x_wconf 89' lang='lat' dir='ltr'><strong>me</strong></span> <span class='ocrx_word' id='word_1_42' title='bbox 651 639 830 690; x_wconf 88' lang='lat' dir='ltr'><strong>castra</strong></span> <span class='ocrx_word' id='word_1_43' title='bbox 871 632 908 698; x_wconf 85' lang='grc'><em>¹,</em></span> <span class='ocrx_word' id='word_1_44' title='bbox 935 631 992 687; x_wconf 89' lang='lat' dir='ltr'><strong>id</strong></span> <span class='ocrx_word' id='word_1_45' title='bbox 1037 644 1139 698; x_wconf 89' lang='lat' dir='ltr'><strong>est,</strong></span> <span class='ocrx_word' id='word_1_46' title='bbox 1172 633 1388 704; x_wconf 85' lang='lat' dir='ltr'><strong>quando</strong></span> <span class='ocrx_word' id='word_1_47' title='bbox 1433 632 1566 690; x_wconf 91' lang='lat' dir='ltr'><strong>mihi</strong></span> <span class='ocrx_word' id='word_1_48' title='bbox 1598 633 1860 689; x_wconf 85' lang='lat' dir='ltr'><strong>resistent</strong></span> <span class='ocrx_word' id='word_1_49' title='bbox 1960 634 2140 688; x_wconf 88' lang='lat' dir='ltr'><strong>cunda</strong></span> <span class='ocrx_word' id='word_1_50' title='bbox 2165 635 2457 705; x_wconf 82' lang='lat' dir='ltr'><strong>aquitatis,</strong></span> <span class='ocrx_word' id='word_1_51' title='bbox 2490 638 2649 692; x_wconf 91' lang='lat' dir='ltr'><strong>tertia</strong></span> <span class='ocrx_word' id='word_1_52' title='bbox 2691 638 2988 698; x_wconf 83' lang='lat' dir='ltr'><strong>felicitatis.</strong></span> <span class='ocrx_word' id='word_1_53' title='bbox 3022 642 3124 710; x_wconf 86' lang='lat' dir='ltr'><strong>Qui</strong></span> <span class='ocrx_word' id='word_1_54' title='bbox 3154 645 3209 700; x_wconf 92' lang='lat' dir='ltr'><strong>in</strong></span> <span class='ocrx_word' id='word_1_55' title='bbox 3255 648 3430 717; x_wconf 89' lang='lat' dir='ltr'><strong>prima</strong></span> <span class='ocrx_word' id='word_1_56' title='bbox 3463 665 3549 707; x_wconf 82' lang='lat' dir='ltr'><strong>se-</strong></span> 
     </span>
    </p>
   </div>
   <div class='ocr_carea' id='block_1_8' title="bbox 255 722 1238 788">
    <p class='ocr_par' dir='ltr' id='par_1_8' title="bbox 255 722 1238 788">
     <span class='ocr_line' id='line_1_8' title="bbox 255 722 1238 788; baseline -0.006 -5"><span class='ocrx_word' id='word_1_57' title='bbox 255 725 558 783; x_wconf 86' lang='lat' dir='ltr'><strong>adversarii</strong></span> <span class='ocrx_word' id='word_1_58' title='bbox 580 723 708 788; x_wconf 88' lang='lat' dir='ltr'><strong>mei,</strong></span> <span class='ocrx_word' id='word_1_59' title='bbox 737 723 790 778; x_wconf 92' lang='lat' dir='ltr'><strong>in</strong></span> <span class='ocrx_word' id='word_1_60' title='bbox 819 722 931 778; x_wconf 92' lang='lat' dir='ltr'><strong>Deo</strong></span> <span class='ocrx_word' id='word_1_61' title='bbox 951 722 1238 779; x_wconf 91' lang='lat' dir='ltr'><strong>conﬁdam.</strong></span> 
     </span>
    </p>
   </div>
   <div class='ocr_carea' id='block_1_9' title="bbox 328 815 1858 882">
    <p class='ocr_par' dir='ltr' id='par_1_9' title="bbox 328 815 1858 882">
     <span class='ocr_line' id='line_1_9' title="bbox 328 815 1858 882; baseline -0.001 -8"><span class='ocrx_word' id='word_1_62' title='bbox 328 817 554 874; x_wconf 84' lang='lat' dir='ltr'><strong>Catulus</strong></span> <span class='ocrx_word' id='word_1_63' title='bbox 582 826 668 873; x_wconf 89' lang='lat' dir='ltr'><strong>est</strong></span> <span class='ocrx_word' id='word_1_64' title='bbox 689 815 960 882; x_wconf 88' lang='lat' dir='ltr'><strong>Christus,</strong></span> <span class='ocrx_word' id='word_1_65' title='bbox 990 823 1051 871; x_wconf 91' lang='lat' dir='ltr'><strong>ut</strong></span> <span class='ocrx_word' id='word_1_66' title='bbox 1076 816 1134 872; x_wconf 90' lang='lat' dir='ltr'><strong>in</strong></span> <span class='ocrx_word' id='word_1_67' title='bbox 1161 815 1361 872; x_wconf 90' lang='lat' dir='ltr'><strong>Genesi</strong></span> <span class='ocrx_word' id='word_1_68' title='bbox 1393 835 1406 871; x_wconf 93' lang='lat'><strong>:</strong></span> <span class='ocrx_word' id='word_1_69' title='bbox 1447 837 1464 867; x_wconf 76' lang='grc'><strong>1</strong></span> <span class='ocrx_word' id='word_1_70' title='bbox 1496 815 1720 871; x_wconf 89' lang='lat' dir='ltr'><strong>Catulus</strong></span> <span class='ocrx_word' id='word_1_71' title='bbox 1746 816 1858 873; x_wconf 89' lang='lat' dir='ltr'><strong>leo-</strong></span> 
     </span>
    </p>
   </div>
   <div class='ocr_carea' id='block_1_10' title="bbox 251 910 1857 979">
    <p class='ocr_par' dir='ltr' id='par_1_10' title="bbox 251 910 1857 979">
     <span class='ocr_line' id='line_1_10' title="bbox 251 910 1857 979; baseline -0.002 -10"><span class='ocrx_word' id='word_1_72' title='bbox 251 914 368 979; x_wconf 89' lang='lat' dir='ltr'><strong>nis,</strong></span> <span class='ocrx_word' id='word_1_73' title='bbox 391 911 529 968; x_wconf 91' lang='lat' dir='ltr'><strong>Juda</strong></span> <span class='ocrx_word' id='word_1_74' title='bbox 551 915 595 978; x_wconf 85' lang='grc'><em>²,</em></span> <span class='ocrx_word' id='word_1_75' title='bbox 631 933 651 965; x_wconf 75' lang='grc' dir='ltr'><strong><em>ι</em></strong></span> <span class='ocrx_word' id='word_1_76' title='bbox 683 912 738 968; x_wconf 91' lang='lat' dir='ltr'><strong>id</strong></span> <span class='ocrx_word' id='word_1_77' title='bbox 781 921 884 976; x_wconf 89' lang='lat' dir='ltr'><strong>est,</strong></span> <span class='ocrx_word' id='word_1_78' title='bbox 916 911 1165 970; x_wconf 83' lang='lat' dir='ltr'><strong>Christus</strong></span> <span class='ocrx_word' id='word_1_79' title='bbox 1187 911 1254 967; x_wconf 91' lang='lat' dir='ltr'><strong>de</strong></span> <span class='ocrx_word' id='word_1_80' title='bbox 1279 912 1420 968; x_wconf 87' lang='lat' dir='ltr'><strong>tribu</strong></span> <span class='ocrx_word' id='word_1_81' title='bbox 1453 910 1610 968; x_wconf 88' lang='lat' dir='ltr'><strong>Juda.</strong></span> <span class='ocrx_word' id='word_1_82' title='bbox 1636 910 1857 966; x_wconf 77' lang='lat' dir='ltr'><strong>Catulus</strong></span> 
     </span>
    </p>
   </div>
   <div class='ocr_carea' id='block_1_11' title="bbox 251 1003 1855 1076">
    <p class='ocr_par' dir='ltr' id='par_1_11' title="bbox 251 1003 1855 1076">
     <span class='ocr_line' id='line_1_11' title="bbox 251 1003 1855 1076; baseline 0 -15"><span class='ocrx_word' id='word_1_83' title='bbox 251 1007 489 1076; x_wconf 86' lang='lat' dir='ltr'><strong>populus</strong></span> <span class='ocrx_word' id='word_1_84' title='bbox 513 1003 788 1069; x_wconf 90' lang='lat' dir='ltr'><strong>Judaicus,</strong></span> <span class='ocrx_word' id='word_1_85' title='bbox 816 1013 876 1060; x_wconf 93' lang='lat' dir='ltr'><strong>ut</strong></span> <span class='ocrx_word' id='word_1_86' title='bbox 907 1004 962 1060; x_wconf 93' lang='lat' dir='ltr'><strong>in</strong></span> <span class='ocrx_word' id='word_1_87' title='bbox 987 1005 1238 1076; x_wconf 85' lang='lat' dir='ltr'><strong>psalmo:</strong></span> <span class='ocrx_word' id='word_1_88' title='bbox 1266 1024 1285 1058; x_wconf 77' lang='grc' dir='ltr'>ι</span> <span class='ocrx_word' id='word_1_89' title='bbox 1315 1006 1472 1062; x_wconf 85' lang='lat' dir='ltr'><strong>Sicut</strong></span> <span class='ocrx_word' id='word_1_90' title='bbox 1495 1005 1705 1061; x_wconf 86' lang='lat' dir='ltr'><strong>catulus</strong></span> <span class='ocrx_word' id='word_1_91' title='bbox 1739 1005 1855 1061; x_wconf 89' lang='lat' dir='ltr'><strong>leo-</strong></span> 
     </span>
    </p>
   </div>
   <div class='ocr_carea' id='block_1_12' title="bbox 248 1095 1855 1168">
    <p class='ocr_par' dir='ltr' id='par_1_12' title="bbox 248 1095 1855 1168">
     <span class='ocr_line' id='line_1_12' title="bbox 248 1095 1855 1168; baseline 0 -17"><span class='ocrx_word' id='word_1_92' title='bbox 248 1097 344 1152; x_wconf 90' lang='lat' dir='ltr'><strong>nis</strong></span> <span class='ocrx_word' id='word_1_93' title='bbox 372 1096 712 1168; x_wconf 84' lang='lat' dir='ltr'><strong>habitansiu</strong></span> <span class='ocrx_word' id='word_1_94' title='bbox 751 1095 948 1151; x_wconf 88' lang='lat' dir='ltr'><strong>abditis</strong></span> <span class='ocrx_word' id='word_1_95' title='bbox 977 1095 1020 1162; x_wconf 86' lang='grc'><em>³,</em></span> <span class='ocrx_word' id='word_1_96' title='bbox 1053 1116 1072 1148; x_wconf 76' lang='grc' dir='ltr'><strong>ι</strong></span> <span class='ocrx_word' id='word_1_97' title='bbox 1117 1095 1259 1166; x_wconf 91' lang='lat' dir='ltr'><strong>quod</strong></span> <span class='ocrx_word' id='word_1_98' title='bbox 1308 1095 1582 1152; x_wconf 88' lang='lat' dir='ltr'><strong>Christum</strong></span> <span class='ocrx_word' id='word_1_99' title='bbox 1624 1097 1855 1166; x_wconf 91' lang='lat' dir='ltr'><strong>populus</strong></span> 
     </span>
    </p>
   </div>
   <div class='ocr_carea' id='block_1_13' title="bbox 249 1187 1855 1259">
    <p class='ocr_par' dir='ltr' id='par_1_13' title="bbox 249 1187 1855 1259">
     <span class='ocr_line' id='line_1_13' title="bbox 249 1187 1855 1259; baseline 0 -14"><span class='ocrx_word' id='word_1_100' title='bbox 249 1187 515 1246; x_wconf 89' lang='lat' dir='ltr'><strong>Judaicus</strong></span> <span class='ocrx_word' id='word_1_101' title='bbox 542 1196 865 1259; x_wconf 90' lang='lat' dir='ltr'><strong>persecutus</strong></span> <span class='ocrx_word' id='word_1_102' title='bbox 897 1195 1002 1254; x_wconf 90' lang='lat' dir='ltr'><strong>est,</strong></span> <span class='ocrx_word' id='word_1_103' title='bbox 1029 1189 1268 1258; x_wconf 91' lang='lat' dir='ltr'><strong>primum</strong></span> <span class='ocrx_word' id='word_1_104' title='bbox 1297 1189 1346 1244; x_wconf 92' lang='lat' dir='ltr'><strong>ei</strong></span> <span class='ocrx_word' id='word_1_105' title='bbox 1377 1188 1638 1244; x_wconf 87' lang='lat' dir='ltr'><strong>insidians</strong></span> <span class='ocrx_word' id='word_1_106' title='bbox 1664 1189 1719 1243; x_wconf 91' lang='lat' dir='ltr'><strong>in</strong></span> <span class='ocrx_word' id='word_1_107' title='bbox 1761 1203 1855 1245; x_wconf 87' lang='lat' dir='ltr'><strong>oc-</strong></span> 
     </span>
    </p>
   </div>
   <div class='ocr_carea' id='block_1_14' title="bbox 249 1272 1854 1346">
    <p class='ocr_par' dir='ltr' id='par_1_14' title="bbox 249 1272 1854 1346">
     <span class='ocr_line' id='line_1_14' title="bbox 249 1272 1854 1346; baseline -0.001 -8"><span class='ocrx_word' id='word_1_108' title='bbox 249 1272 443 1338; x_wconf 62' lang='lat' dir='ltr'><strong>c&#39;ultis.</strong></span> <span class='ocrx_word' id='word_1_109' title='bbox 473 1280 712 1346; x_wconf 76' lang='lat' dir='ltr'><strong>Catulus,</strong></span> <span class='ocrx_word' id='word_1_110' title='bbox 740 1279 1009 1346; x_wconf 86' lang='lat' dir='ltr'><strong>diabolus,</strong></span> <span class='ocrx_word' id='word_1_111' title='bbox 1033 1289 1093 1335; x_wconf 91' lang='lat' dir='ltr'><strong>ut</strong></span> <span class='ocrx_word' id='word_1_112' title='bbox 1115 1281 1170 1336; x_wconf 91' lang='lat' dir='ltr'><strong>in</strong></span> <span class='ocrx_word' id='word_1_113' title='bbox 1195 1281 1334 1336; x_wconf 88' lang='lat' dir='ltr'><strong>libro</strong></span> <span class='ocrx_word' id='word_1_114' title='bbox 1358 1280 1605 1336; x_wconf 86' lang='lat' dir='ltr'><strong>Judicum</strong></span> <span class='ocrx_word' id='word_1_115' title='bbox 1637 1296 1668 1336; x_wconf 92' lang='lat' dir='ltr'><strong>a</strong></span> <span class='ocrx_word' id='word_1_116' title='bbox 1698 1281 1854 1336; x_wconf 89' lang='lat' dir='ltr'><strong>Sam-</strong></span> 
     </span>
    </p>
   </div>
   <div class='ocr_carea' id='block_1_15' title="bbox 248 1373 1851 1442">
    <p class='ocr_par' dir='ltr' id='par_1_15' title="bbox 248 1373 1851 1442">
     <span class='ocr_line' id='line_1_15' title="bbox 248 1373 1851 1442; baseline -0.001 -12"><span class='ocrx_word' id='word_1_117' title='bbox 248 1391 390 1430; x_wconf 91' lang='lat' dir='ltr'><strong>sone</strong></span> <span class='ocrx_word' id='word_1_118' title='bbox 442 1374 653 1430; x_wconf 88' lang='lat' dir='ltr'><strong>catulus</strong></span> <span class='ocrx_word' id='word_1_119' title='bbox 700 1373 873 1430; x_wconf 91' lang='lat' dir='ltr'><strong>leonis</strong></span> <span class='ocrx_word' id='word_1_120' title='bbox 926 1374 1252 1429; x_wconf 81' lang='lat' dir='ltr'><strong>interficitur</strong></span> <span class='ocrx_word' id='word_1_121' title='bbox 1279 1373 1322 1440; x_wconf 69' lang='lat'><strong>‘,</strong></span> <span class='ocrx_word' id='word_1_122' title='bbox 1365 1373 1508 1442; x_wconf 90' lang='lat' dir='ltr'><strong>quod</strong></span> <span class='ocrx_word' id='word_1_123' title='bbox 1555 1389 1586 1427; x_wconf 90' lang='lat' dir='ltr'><strong>a</strong></span> <span class='ocrx_word' id='word_1_124' title='bbox 1630 1373 1851 1428; x_wconf 88' lang='lat' dir='ltr'><strong>Christo</strong></span> 
     </span>
    </p>
   </div>
   <div class='ocr_carea' id='block_1_16' title="bbox 248 1462 1844 1538">
    <p class='ocr_par' dir='ltr' id='par_1_16' title="bbox 248 1462 1844 1538">
     <span class='ocr_line' id='line_1_16' title="bbox 248 1462 1844 1538; baseline -0.003 -15"><span class='ocrx_word' id='word_1_125' title='bbox 248 1467 508 1525; x_wconf 87' lang='lat' dir='ltr'><strong>diabolus</strong></span> <span class='ocrx_word' id='word_1_126' title='bbox 537 1475 843 1538; x_wconf 89' lang='lat' dir='ltr'><strong>superatur.</strong></span> <span class='ocrx_word' id='word_1_127' title='bbox 886 1465 992 1520; x_wconf 89' lang='lat' dir='ltr'><strong>Per</strong></span> <span class='ocrx_word' id='word_1_128' title='bbox 1016 1466 1219 1520; x_wconf 78' lang='lat' dir='ltr'><strong>catulos</strong></span> <span class='ocrx_word' id='word_1_129' title='bbox 1245 1465 1497 1536; x_wconf 89' lang='lat' dir='ltr'><strong>apostoli,</strong></span> <span class='ocrx_word' id='word_1_130' title='bbox 1535 1473 1595 1519; x_wconf 92' lang='lat' dir='ltr'><strong>ut</strong></span> <span class='ocrx_word' id='word_1_131' title='bbox 1621 1465 1675 1518; x_wconf 93' lang='lat' dir='ltr'><strong>in</strong></span> <span class='ocrx_word' id='word_1_132' title='bbox 1702 1462 1803 1520; x_wconf 93' lang='lat' dir='ltr'><strong>Job</strong></span> <span class='ocrx_word' id='word_1_133' title='bbox 1831 1481 1844 1518; x_wconf 89' lang='lat'><strong>:</strong></span> 
     </span>
    </p>
   </div>
   <div class='ocr_carea' id='block_1_17' title="bbox 253 1556 1849 1629">
    <p class='ocr_par' dir='ltr' id='par_1_17' title="bbox 253 1556 1849 1629">
     <span class='ocr_line' id='line_1_17' title="bbox 253 1556 1849 1629; baseline -0.001 -17"><span class='ocrx_word' id='word_1_134' title='bbox 253 1577 276 1612; x_wconf 72' lang='grc' dir='ltr'><em>α</em></span> <span class='ocrx_word' id='word_1_135' title='bbox 304 1560 561 1615; x_wconf 85' lang='lat' dir='ltr'><strong>Animam</strong></span> <span class='ocrx_word' id='word_1_136' title='bbox 610 1559 912 1615; x_wconf 88' lang='lat' dir='ltr'><strong>catulorum</strong></span> <span class='ocrx_word' id='word_1_137' title='bbox 955 1558 1202 1629; x_wconf 90' lang='lat' dir='ltr'><strong>implebis</strong></span> <span class='ocrx_word' id='word_1_138' title='bbox 1234 1559 1276 1624; x_wconf 81' lang='grc'><em>⁸,</em></span> <span class='ocrx_word' id='word_1_139' title='bbox 1307 1578 1325 1610; x_wconf 72' lang='grc' dir='ltr'>ι</span> <span class='ocrx_word' id='word_1_140' title='bbox 1379 1558 1433 1612; x_wconf 90' lang='lat' dir='ltr'><strong>id</strong></span> <span class='ocrx_word' id='word_1_141' title='bbox 1481 1565 1586 1622; x_wconf 92' lang='lat' dir='ltr'><strong>est,</strong></span> <span class='ocrx_word' id='word_1_142' title='bbox 1638 1556 1849 1612; x_wconf 84' lang='lat' dir='ltr'><strong>deside-</strong></span> 
     </span>
    </p>
   </div>
   <div class='ocr_carea' id='block_1_18' title="bbox 247 1648 1849 1721">
    <p class='ocr_par' dir='ltr' id='par_1_18' title="bbox 247 1648 1849 1721">
     <span class='ocr_line' id='line_1_18' title="bbox 247 1648 1849 1721; baseline -0.001 -15"><span class='ocrx_word' id='word_1_143' title='bbox 247 1651 398 1706; x_wconf 88' lang='lat' dir='ltr'><strong>rium</strong></span> <span class='ocrx_word' id='word_1_144' title='bbox 448 1650 817 1721; x_wconf 88' lang='lat' dir='ltr'><strong>apostolorum</strong></span> <span class='ocrx_word' id='word_1_145' title='bbox 875 1658 932 1706; x_wconf 88' lang='lat' dir='ltr'><strong>et</strong></span> <span class='ocrx_word' id='word_1_146' title='bbox 968 1650 1226 1706; x_wconf 73' lang='lat' dir='ltr'><strong>Ecclesia</strong></span> <span class='ocrx_word' id='word_1_147' title='bbox 1271 1649 1692 1706; x_wconf 88' lang='lat' dir='ltr'><strong>consummabis.</strong></span> <span class='ocrx_word' id='word_1_148' title='bbox 1744 1648 1849 1704; x_wconf 90' lang='lat' dir='ltr'><strong>Per</strong></span> 
     </span>
    </p>
   </div>
   <div class='ocr_carea' id='block_1_19' title="bbox 245 1739 1846 1813">
    <p class='ocr_par' dir='ltr' id='par_1_19' title="bbox 245 1739 1846 1813">
     <span class='ocr_line' id='line_1_19' title="bbox 245 1739 1846 1813; baseline -0.001 -17"><span class='ocrx_word' id='word_1_149' title='bbox 245 1743 458 1798; x_wconf 87' lang='lat' dir='ltr'><strong>catulos</strong></span> <span class='ocrx_word' id='word_1_150' title='bbox 477 1743 728 1798; x_wconf 85' lang='lat' dir='ltr'><strong>homines</strong></span> <span class='ocrx_word' id='word_1_151' title='bbox 751 1743 987 1812; x_wconf 87' lang='lat' dir='ltr'><strong>reprobi,</strong></span> <span class='ocrx_word' id='word_1_152' title='bbox 1021 1751 1081 1797; x_wconf 91' lang='lat' dir='ltr'><strong>ut</strong></span> <span class='ocrx_word' id='word_1_153' title='bbox 1107 1743 1162 1797; x_wconf 91' lang='lat' dir='ltr'><strong>in</strong></span> <span class='ocrx_word' id='word_1_154' title='bbox 1207 1741 1449 1813; x_wconf 87' lang='lat' dir='ltr'><strong>psalmo:</strong></span> <span class='ocrx_word' id='word_1_155' title='bbox 1485 1760 1502 1791; x_wconf 73' lang='grc'><strong>1</strong></span> <span class='ocrx_word' id='word_1_156' title='bbox 1531 1739 1706 1796; x_wconf 82' lang='lat' dir='ltr'><strong>Catuli</strong></span> <span class='ocrx_word' id='word_1_157' title='bbox 1736 1739 1846 1794; x_wconf 92' lang='lat' dir='ltr'><strong>leo-</strong></span> 
     </span>
    </p>
   </div>
   <div class='ocr_carea' id='block_1_20' title="bbox 1960 725 3547 812">
    <p class='ocr_par' dir='ltr' id='par_1_20' title="bbox 1960 725 3547 812">
     <span class='ocr_line' id='line_1_20' title="bbox 1960 725 3547 812; baseline 0.012 -33"><span class='ocrx_word' id='word_1_158' title='bbox 1960 725 2106 790; x_wconf 89' lang='lat' dir='ltr'><strong>dent,</strong></span> <span class='ocrx_word' id='word_1_159' title='bbox 2137 727 2441 783; x_wconf 90' lang='lat' dir='ltr'><strong>subduntur</strong></span> <span class='ocrx_word' id='word_1_160' title='bbox 2462 729 2634 798; x_wconf 89' lang='lat' dir='ltr'><strong>carni,</strong></span> <span class='ocrx_word' id='word_1_161' title='bbox 2674 731 2728 785; x_wconf 92' lang='lat' dir='ltr'><strong>in</strong></span> <span class='ocrx_word' id='word_1_162' title='bbox 2775 735 3177 804; x_wconf 90' lang='lat' dir='ltr'><strong>perpetratione</strong></span> <span class='ocrx_word' id='word_1_163' title='bbox 3209 741 3386 795; x_wconf 90' lang='lat' dir='ltr'><strong>omnis</strong></span> <span class='ocrx_word' id='word_1_164' title='bbox 3415 757 3547 812; x_wconf 90' lang='lat' dir='ltr'><strong>pec-</strong></span> 
     </span>
    </p>
   </div>
   <div class='ocr_carea' id='block_1_21' title="bbox 1959 817 3551 890">
    <p class='ocr_par' dir='ltr' id='par_1_21' title="bbox 1959 817 3551 890">
     <span class='ocr_line' id='line_1_21' title="bbox 1959 817 3551 890; baseline 0.011 -20"><span class='ocrx_word' id='word_1_165' title='bbox 1959 817 2097 882; x_wconf 91' lang='lat' dir='ltr'><strong>cati;</strong></span> <span class='ocrx_word' id='word_1_166' title='bbox 2115 818 2204 886; x_wconf 89' lang='lat' dir='ltr'><strong>qui</strong></span> <span class='ocrx_word' id='word_1_167' title='bbox 2230 818 2283 873; x_wconf 91' lang='lat' dir='ltr'><strong>in</strong></span> <span class='ocrx_word' id='word_1_168' title='bbox 2299 819 2555 885; x_wconf 88' lang='lat' dir='ltr'><strong>secunda,</strong></span> <span class='ocrx_word' id='word_1_169' title='bbox 2570 821 2863 890; x_wconf 86' lang='lat' dir='ltr'><strong>prasident</strong></span> <span class='ocrx_word' id='word_1_170' title='bbox 2882 823 3134 880; x_wconf 91' lang='lat' dir='ltr'><strong>Ecclesia</strong></span> <span class='ocrx_word' id='word_1_171' title='bbox 3152 825 3207 880; x_wconf 92' lang='lat' dir='ltr'><strong>in</strong></span> <span class='ocrx_word' id='word_1_172' title='bbox 3227 830 3551 888; x_wconf 82' lang='lat' dir='ltr'><strong>auctoritate</strong></span> 
     </span>
    </p>
   </div>
   <div class='ocr_carea' id='block_1_22' title="bbox 1958 908 3547 981">
    <p class='ocr_par' dir='ltr' id='par_1_22' title="bbox 1958 908 3547 981">
     <span class='ocr_line' id='line_1_22' title="bbox 1958 908 3547 981; baseline 0.009 -19"><span class='ocrx_word' id='word_1_173' title='bbox 1958 908 2092 964; x_wconf 91' lang='lat' dir='ltr'><strong>recti</strong></span> <span class='ocrx_word' id='word_1_174' title='bbox 2135 909 2360 977; x_wconf 91' lang='lat' dir='ltr'><strong>judicii;</strong></span> <span class='ocrx_word' id='word_1_175' title='bbox 2416 911 2508 981; x_wconf 89' lang='lat' dir='ltr'><strong>qui</strong></span> <span class='ocrx_word' id='word_1_176' title='bbox 2541 911 2594 965; x_wconf 92' lang='lat' dir='ltr'><strong>in</strong></span> <span class='ocrx_word' id='word_1_177' title='bbox 2638 914 2816 979; x_wconf 85' lang='lat' dir='ltr'><strong>tertia,</strong></span> <span class='ocrx_word' id='word_1_178' title='bbox 2874 915 3119 972; x_wconf 80' lang='lat' dir='ltr'><strong>exultant</strong></span> <span class='ocrx_word' id='word_1_179' title='bbox 3168 933 3290 974; x_wconf 93' lang='lat' dir='ltr'><strong>cum</strong></span> <span class='ocrx_word' id='word_1_180' title='bbox 3341 919 3453 976; x_wconf 89' lang='lat' dir='ltr'><strong>Deo</strong></span> <span class='ocrx_word' id='word_1_181' title='bbox 3491 921 3547 977; x_wconf 90' lang='lat' dir='ltr'><strong>in</strong></span> 
     </span>
    </p>
   </div>
   <div class='ocr_carea' id='block_1_23' title="bbox 1955 1001 3547 1082">
    <p class='ocr_par' dir='ltr' id='par_1_23' title="bbox 1955 1001 3547 1082">
     <span class='ocr_line' id='line_1_23' title="bbox 1955 1001 3547 1082; baseline 0.008 -26"><span class='ocrx_word' id='word_1_182' title='bbox 1955 1002 2260 1056; x_wconf 84' lang='lat' dir='ltr'><strong>aternitate</strong></span> <span class='ocrx_word' id='word_1_183' title='bbox 2291 1001 2466 1058; x_wconf 81' lang='lat' dir='ltr'><strong>felicis</strong></span> <span class='ocrx_word' id='word_1_184' title='bbox 2492 1005 2691 1074; x_wconf 91' lang='lat' dir='ltr'><strong>gaudii.</strong></span> <span class='ocrx_word' id='word_1_185' title='bbox 2727 1006 2806 1060; x_wconf 83' lang='lat' dir='ltr'><strong>Ex</strong></span> <span class='ocrx_word' id='word_1_186' title='bbox 2843 1007 2928 1062; x_wconf 90' lang='lat' dir='ltr'><strong>his</strong></span> <span class='ocrx_word' id='word_1_187' title='bbox 2952 1009 3228 1066; x_wconf 88' lang='lat' dir='ltr'><strong>cathedris</strong></span> <span class='ocrx_word' id='word_1_188' title='bbox 3259 1011 3434 1082; x_wconf 90' lang='lat' dir='ltr'><strong>prima</strong></span> <span class='ocrx_word' id='word_1_189' title='bbox 3463 1022 3547 1069; x_wconf 90' lang='lat' dir='ltr'><strong>est</strong></span> 
     </span>
    </p>
   </div>
   <div class='ocr_carea' id='block_1_24' title="bbox 1954 1092 3548 1180">
    <p class='ocr_par' dir='ltr' id='par_1_24' title="bbox 1954 1092 3548 1180">
     <span class='ocr_line' id='line_1_24' title="bbox 1954 1092 3548 1180; baseline 0.012 -33"><span class='ocrx_word' id='word_1_190' title='bbox 1954 1092 2262 1159; x_wconf 80' lang='lat' dir='ltr'><strong>devitanda,</strong></span> <span class='ocrx_word' id='word_1_191' title='bbox 2283 1098 2517 1152; x_wconf 87' lang='lat' dir='ltr'><strong>secunda</strong></span> <span class='ocrx_word' id='word_1_192' title='bbox 2543 1101 2794 1168; x_wconf 88' lang='lat' dir='ltr'><strong>amanda,</strong></span> <span class='ocrx_word' id='word_1_193' title='bbox 2814 1103 2974 1157; x_wconf 88' lang='lat' dir='ltr'><strong>tertia</strong></span> <span class='ocrx_word' id='word_1_194' title='bbox 2999 1103 3376 1176; x_wconf 87' lang='lat' dir='ltr'><strong>desideranda,</strong></span> <span class='ocrx_word' id='word_1_195' title='bbox 3403 1109 3548 1180; x_wconf 92' lang='lat' dir='ltr'><strong>quod</strong></span> 
     </span>
    </p>
   </div>
   <div class='ocr_carea' id='block_1_25' title="bbox 1953 1185 3257 1259">
    <p class='ocr_par' dir='ltr' id='par_1_25' title="bbox 1953 1185 3257 1259">
     <span class='ocr_line' id='line_1_25' title="bbox 1953 1185 3257 1259; baseline 0.012 -22"><span class='ocrx_word' id='word_1_196' title='bbox 1953 1185 2151 1254; x_wconf 89' lang='lat' dir='ltr'><strong>prima,</strong></span> <span class='ocrx_word' id='word_1_197' title='bbox 2185 1185 2411 1252; x_wconf 88' lang='lat' dir='ltr'><strong>malitia,</strong></span> <span class='ocrx_word' id='word_1_198' title='bbox 2439 1189 2670 1245; x_wconf 90' lang='lat' dir='ltr'><strong>secunda</strong></span> <span class='ocrx_word' id='word_1_199' title='bbox 2696 1191 2855 1259; x_wconf 89' lang='lat' dir='ltr'><strong>bona,</strong></span> <span class='ocrx_word' id='word_1_200' title='bbox 2892 1195 3054 1250; x_wconf 89' lang='lat' dir='ltr'><strong>tertia</strong></span> <span class='ocrx_word' id='word_1_201' title='bbox 3077 1196 3257 1252; x_wconf 90' lang='lat' dir='ltr'><strong>beata.</strong></span> 
     </span>
    </p>
   </div>
   <div class='ocr_carea' id='block_1_26' title="bbox 2024 1274 3542 1364">
    <p class='ocr_par' dir='ltr' id='par_1_26' title="bbox 2024 1274 3542 1364">
     <span class='ocr_line' id='line_1_26' title="bbox 2024 1274 3542 1364; baseline 0.012 -34"><span class='ocrx_word' id='word_1_202' title='bbox 2024 1274 2238 1332; x_wconf 75' lang='lat' dir='ltr'><strong>Catena:</strong></span> <span class='ocrx_word' id='word_1_203' title='bbox 2292 1288 2417 1334; x_wconf 92' lang='lat' dir='ltr'><strong>sunt</strong></span> <span class='ocrx_word' id='word_1_204' title='bbox 2467 1281 2824 1354; x_wconf 85' lang='lat' dir='ltr'><strong>obligationes</strong></span> <span class='ocrx_word' id='word_1_205' title='bbox 2877 1287 3156 1355; x_wconf 91' lang='lat' dir='ltr'><strong>vitiorum,</strong></span> <span class='ocrx_word' id='word_1_206' title='bbox 3203 1300 3262 1345; x_wconf 92' lang='lat' dir='ltr'><strong>ut</strong></span> <span class='ocrx_word' id='word_1_207' title='bbox 3291 1290 3346 1346; x_wconf 90' lang='lat' dir='ltr'><strong>in</strong></span> <span class='ocrx_word' id='word_1_208' title='bbox 3375 1290 3542 1364; x_wconf 89' lang='lat' dir='ltr'><strong>lege:</strong></span> 
     </span>
    </p>
   </div>
   <div class='ocr_carea' id='block_1_27' title="bbox 1959 1369 3544 1452">
    <p class='ocr_par' dir='ltr' id='par_1_27' title="bbox 1959 1369 3544 1452">
     <span class='ocr_line' id='line_1_27' title="bbox 1959 1369 3544 1452; baseline 0.012 -30"><span class='ocrx_word' id='word_1_209' title='bbox 1959 1390 1977 1422; x_wconf 74' lang='grc' dir='ltr'><strong><em>ι</em></strong></span> <span class='ocrx_word' id='word_1_210' title='bbox 2006 1369 2260 1443; x_wconf 83' lang='lat' dir='ltr'><strong>Conl‘rcgi</strong></span> <span class='ocrx_word' id='word_1_211' title='bbox 2290 1386 2511 1430; x_wconf 86' lang='lat' dir='ltr'><strong>catenas</strong></span> <span class='ocrx_word' id='word_1_212' title='bbox 2533 1376 2551 1396; x_wconf 74' lang='lat'><strong><em>&#39;</em></strong></span> <span class='ocrx_word' id='word_1_213' title='bbox 2572 1377 2834 1433; x_wconf 91' lang='lat' dir='ltr'><strong>virtutum</strong></span> <span class='ocrx_word' id='word_1_214' title='bbox 2863 1389 3167 1437; x_wconf 88' lang='lat' dir='ltr'><strong>vestrarum</strong></span> <span class='ocrx_word' id='word_1_215' title='bbox 3198 1383 3262 1450; x_wconf 84' lang='lat'><strong>’°,</strong></span> <span class='ocrx_word' id='word_1_216' title='bbox 3301 1404 3322 1438; x_wconf 73' lang='grc' dir='ltr'><strong>ι</strong></span> <span class='ocrx_word' id='word_1_217' title='bbox 3349 1385 3402 1440; x_wconf 91' lang='lat' dir='ltr'><strong>id</strong></span> <span class='ocrx_word' id='word_1_218' title='bbox 3439 1395 3544 1452; x_wconf 91' lang='lat' dir='ltr'><strong>est,</strong></span> 
     </span>
    </p>
   </div>
   <div class='ocr_carea' id='block_1_28' title="bbox 1953 1462 3546 1542">
    <p class='ocr_par' dir='ltr' id='par_1_28' title="bbox 1953 1462 3546 1542">
     <span class='ocr_line' id='line_1_28' title="bbox 1953 1462 3546 1542; baseline 0.01 -25"><span class='ocrx_word' id='word_1_219' title='bbox 1953 1462 2211 1532; x_wconf 82' lang='lat' dir='ltr'><strong>dissipavi</strong></span> <span class='ocrx_word' id='word_1_220' title='bbox 2245 1464 2604 1535; x_wconf 88' lang='lat' dir='ltr'><strong>obligationes</strong></span> <span class='ocrx_word' id='word_1_221' title='bbox 2643 1471 2872 1538; x_wconf 89' lang='lat' dir='ltr'><strong>peccati,</strong></span> <span class='ocrx_word' id='word_1_222' title='bbox 2913 1488 3032 1542; x_wconf 86' lang='lat' dir='ltr'><strong>qua</strong></span> <span class='ocrx_word' id='word_1_223' title='bbox 3076 1484 3285 1531; x_wconf 90' lang='lat' dir='ltr'><strong>mentes</strong></span> <span class='ocrx_word' id='word_1_224' title='bbox 3331 1485 3546 1533; x_wconf 87' lang='lat' dir='ltr'><strong>nostras</strong></span> 
     </span>
    </p>
   </div>
   <div class='ocr_carea' id='block_1_29' title="bbox 1951 1554 3546 1630">
    <p class='ocr_par' dir='ltr' id='par_1_29' title="bbox 1951 1554 3546 1630">
     <span class='ocr_line' id='line_1_29' title="bbox 1951 1554 3546 1630; baseline 0.011 -23"><span class='ocrx_word' id='word_1_225' title='bbox 1951 1554 2350 1624; x_wconf 82' lang='lat' dir='ltr'><strong>depriinebant.</strong></span> <span class='ocrx_word' id='word_1_226' title='bbox 2387 1555 2620 1624; x_wconf 71' lang='lat' dir='ltr'><strong>Catena,</strong></span> <span class='ocrx_word' id='word_1_227' title='bbox 2659 1560 3001 1630; x_wconf 84' lang='lat' dir='ltr'><strong>aﬁlictiones,</strong></span> <span class='ocrx_word' id='word_1_228' title='bbox 3033 1575 3092 1619; x_wconf 93' lang='lat' dir='ltr'><strong>ut</strong></span> <span class='ocrx_word' id='word_1_229' title='bbox 3138 1566 3191 1620; x_wconf 91' lang='lat' dir='ltr'><strong>in</strong></span> <span class='ocrx_word' id='word_1_230' title='bbox 3224 1565 3323 1623; x_wconf 92' lang='lat' dir='ltr'><strong>Job</strong></span> <span class='ocrx_word' id='word_1_231' title='bbox 3355 1587 3367 1622; x_wconf 90' lang='lat'><strong>:</strong></span> <span class='ocrx_word' id='word_1_232' title='bbox 3415 1587 3434 1621; x_wconf 79' lang='grc' dir='ltr'>ι</span> <span class='ocrx_word' id='word_1_233' title='bbox 3488 1568 3546 1625; x_wconf 88' lang='lat' dir='ltr'><strong>Si</strong></span> 
     </span>
    </p>
   </div>
   <div class='ocr_carea' id='block_1_30' title="bbox 1952 1645 3547 1732">
    <p class='ocr_par' dir='ltr' id='par_1_30' title="bbox 1952 1645 3547 1732">
     <span class='ocr_line' id='line_1_30' title="bbox 1952 1645 3547 1732; baseline 0.011 -31"><span class='ocrx_word' id='word_1_234' title='bbox 1952 1645 2157 1704; x_wconf 86' lang='lat' dir='ltr'><strong>fuerint</strong></span> <span class='ocrx_word' id='word_1_235' title='bbox 2206 1650 2260 1705; x_wconf 92' lang='lat' dir='ltr'><strong>in</strong></span> <span class='ocrx_word' id='word_1_236' title='bbox 2305 1653 2536 1720; x_wconf 89' lang='lat' dir='ltr'><strong>catenis,</strong></span> <span class='ocrx_word' id='word_1_237' title='bbox 2567 1662 2622 1708; x_wconf 90' lang='lat' dir='ltr'><strong>et</strong></span> <span class='ocrx_word' id='word_1_238' title='bbox 2659 1655 2967 1712; x_wconf 88' lang='lat' dir='ltr'><strong>vinciantur</strong></span> <span class='ocrx_word' id='word_1_239' title='bbox 3003 1657 3221 1716; x_wconf 87' lang='lat' dir='ltr'><strong>funibus</strong></span> <span class='ocrx_word' id='word_1_240' title='bbox 3258 1673 3547 1732; x_wconf 87' lang='lat' dir='ltr'><strong>pauperta-</strong></span> 
     </span>
    </p>
   </div>
   <div class='ocr_carea' id='block_1_31' title="bbox 1949 1741 3549 1820">
    <p class='ocr_par' dir='ltr' id='par_1_31' title="bbox 1949 1741 3549 1820">
     <span class='ocr_line' id='line_1_31' title="bbox 1949 1741 3549 1820; baseline 0.009 -26"><span class='ocrx_word' id='word_1_241' title='bbox 1949 1742 2022 1796; x_wconf 88' lang='lat' dir='ltr'><strong>tis</strong></span> <span class='ocrx_word' id='word_1_242' title='bbox 2049 1741 2115 1806; x_wconf 81' lang='grc'><strong>¹¹,</strong></span> <span class='ocrx_word' id='word_1_243' title='bbox 2146 1761 2164 1792; x_wconf 72' lang='grc' dir='ltr'><strong>ι</strong></span> <span class='ocrx_word' id='word_1_244' title='bbox 2192 1742 2244 1797; x_wconf 92' lang='lat' dir='ltr'><strong>id</strong></span> <span class='ocrx_word' id='word_1_245' title='bbox 2273 1752 2376 1808; x_wconf 86' lang='lat' dir='ltr'><strong>est,</strong></span> <span class='ocrx_word' id='word_1_246' title='bbox 2416 1745 2665 1814; x_wconf 82' lang='lat' dir='ltr'><strong>quamvis</strong></span> <span class='ocrx_word' id='word_1_247' title='bbox 2697 1747 2897 1804; x_wconf 82' lang='lat' dir='ltr'><strong>fuerint</strong></span> <span class='ocrx_word' id='word_1_248' title='bbox 2923 1749 2976 1803; x_wconf 91' lang='lat' dir='ltr'><strong>in</strong></span> <span class='ocrx_word' id='word_1_249' title='bbox 3007 1752 3025 1772; x_wconf 79' lang='grc'><strong><em>⁶</em></strong></span> <span class='ocrx_word' id='word_1_250' title='bbox 3056 1749 3458 1820; x_wconf 69' lang='lat' dir='ltr'><strong>afﬂictionibus,</strong></span> <span class='ocrx_word' id='word_1_251' title='bbox 3492 1759 3549 1809; x_wconf 85' lang='lat' dir='ltr'><strong>ct</strong></span> 
     </span>
    </p>
   </div>
   <div class='ocr_carea' id='block_1_32' title="bbox 245 1828 3550 1914">
    <p class='ocr_par' dir='ltr' id='par_1_32' title="bbox 245 1828 3550 1914">
     <span class='ocr_line' id='line_1_32' title="bbox 245 1828 3550 1914; baseline 0.002 -25"><span class='ocrx_word' id='word_1_252' title='bbox 245 1851 384 1889; x_wconf 89' lang='lat' dir='ltr'><strong>num</strong></span> <span class='ocrx_word' id='word_1_253' title='bbox 428 1834 722 1906; x_wconf 79' lang='lat' dir='ltr'><strong>rugientes,</strong></span> <span class='ocrx_word' id='word_1_254' title='bbox 761 1841 820 1886; x_wconf 89' lang='lat' dir='ltr'><strong>ut</strong></span> <span class='ocrx_word' id='word_1_255' title='bbox 851 1833 1128 1905; x_wconf 70' lang='lat' dir='ltr'><strong>rapiant“,</strong></span> <span class='ocrx_word' id='word_1_256' title='bbox 1161 1853 1179 1884; x_wconf 71' lang='grc' dir='ltr'><strong><em>ι</em></strong></span> <span class='ocrx_word' id='word_1_257' title='bbox 1214 1833 1357 1902; x_wconf 91' lang='lat' dir='ltr'><strong>quod</strong></span> <span class='ocrx_word' id='word_1_258' title='bbox 1395 1831 1644 1887; x_wconf 90' lang='lat' dir='ltr'><strong>homines</strong></span> <span class='ocrx_word' id='word_1_259' title='bbox 1676 1830 1848 1901; x_wconf 87' lang='lat' dir='ltr'><strong>pravi,</strong></span> <span class='ocrx_word' id='word_1_260' title='bbox 1879 1828 1928 1888; x_wconf 90' lang='lat' dir='ltr'><strong>B</strong></span> <span class='ocrx_word' id='word_1_261' title='bbox 1957 1830 2195 1902; x_wconf 85' lang='lat' dir='ltr'><strong>ligentur</strong></span> <span class='ocrx_word' id='word_1_262' title='bbox 2217 1832 2448 1888; x_wconf 83' lang='lat' dir='ltr'><strong>vinculis</strong></span> <span class='ocrx_word' id='word_1_263' title='bbox 2477 1837 2756 1905; x_wconf 78' lang='lat' dir='ltr'><strong>egestatis.</strong></span> <span class='ocrx_word' id='word_1_264' title='bbox 2801 1834 3030 1899; x_wconf 63' lang='lat' dir='ltr'><strong>Catena.</strong></span> <span class='ocrx_word' id='word_1_265' title='bbox 3063 1839 3211 1895; x_wconf 86' lang='lat' dir='ltr'><strong>dura</strong></span> <span class='ocrx_word' id='word_1_266' title='bbox 3252 1840 3398 1912; x_wconf 90' lang='lat' dir='ltr'><strong>leges</strong></span> <span class='ocrx_word' id='word_1_267' title='bbox 3423 1857 3550 1914; x_wconf 60' lang='lat' dir='ltr'><strong>gen.</strong></span> 
     </span>
    </p>
   </div>
   <div class='ocr_carea' id='block_1_33' title="bbox 242 1924 1844 1996">
    <p class='ocr_par' dir='ltr' id='par_1_33' title="bbox 242 1924 1844 1996">
     <span class='ocr_line' id='line_1_33' title="bbox 242 1924 1844 1996; baseline -0.002 -16"><span class='ocrx_word' id='word_1_268' title='bbox 242 1927 345 1996; x_wconf 89' lang='lat' dir='ltr'><strong>qui</strong></span> <span class='ocrx_word' id='word_1_269' title='bbox 373 1925 648 1980; x_wconf 70' lang='lat' dir='ltr'><strong>daemones</strong></span> <span class='ocrx_word' id='word_1_270' title='bbox 672 1933 972 1994; x_wconf 89' lang='lat' dir='ltr'><strong>sequuntur</strong></span> <span class='ocrx_word' id='word_1_271' title='bbox 1000 1924 1171 1979; x_wconf 93' lang='lat' dir='ltr'><strong>bonos</strong></span> <span class='ocrx_word' id='word_1_272' title='bbox 1195 1924 1448 1994; x_wconf 87' lang='lat' dir='ltr'><strong>persequi</strong></span> <span class='ocrx_word' id='word_1_273' title='bbox 1479 1939 1586 1978; x_wconf 90' lang='lat' dir='ltr'><strong>non</strong></span> <span class='ocrx_word' id='word_1_274' title='bbox 1609 1933 1844 1978; x_wconf 91' lang='lat' dir='ltr'><strong>cessant.</strong></span> 
     </span>
    </p>
   </div>
   <div class='ocr_carea' id='block_1_34' title="bbox 242 2013 1848 2078">
    <p class='ocr_par' dir='ltr' id='par_1_34' title="bbox 242 2013 1848 2078">
     <span class='ocr_line' id='line_1_34' title="bbox 242 2013 1848 2078; baseline -0.002 -7"><span class='ocrx_word' id='word_1_275' title='bbox 242 2015 356 2071; x_wconf 89' lang='lat' dir='ltr'><strong>Per</strong></span> <span class='ocrx_word' id='word_1_276' title='bbox 383 2015 586 2070; x_wconf 86' lang='lat' dir='ltr'><strong>catulos</strong></span> <span class='ocrx_word' id='word_1_277' title='bbox 629 2016 983 2078; x_wconf 82' lang='lat' dir='ltr'><strong>detractores,</strong></span> <span class='ocrx_word' id='word_1_278' title='bbox 1031 2025 1092 2069; x_wconf 92' lang='lat' dir='ltr'><strong>ut</strong></span> <span class='ocrx_word' id='word_1_279' title='bbox 1127 2015 1180 2069; x_wconf 91' lang='lat' dir='ltr'><strong>in</strong></span> <span class='ocrx_word' id='word_1_280' title='bbox 1215 2013 1354 2069; x_wconf 86' lang='lat' dir='ltr'><strong>Job:</strong></span> <span class='ocrx_word' id='word_1_281' title='bbox 1389 2033 1408 2066; x_wconf 71' lang='grc' dir='ltr'>ι</span> <span class='ocrx_word' id='word_1_282' title='bbox 1465 2015 1666 2069; x_wconf 90' lang='lat' dir='ltr'><strong>Dentes</strong></span> <span class='ocrx_word' id='word_1_283' title='bbox 1694 2023 1848 2068; x_wconf 89' lang='lat' dir='ltr'><strong>catu-</strong></span> 
     </span>
    </p>
   </div>
   <div class='ocr_carea' id='block_1_35' title="bbox 245 2105 1850 2172">
    <p class='ocr_par' dir='ltr' id='par_1_35' title="bbox 245 2105 1850 2172">
     <span class='ocr_line' id='line_1_35' title="bbox 245 2105 1850 2172; baseline 0 -12"><span class='ocrx_word' id='word_1_284' title='bbox 245 2107 432 2162; x_wconf 89' lang='lat' dir='ltr'><strong>lorum</strong></span> <span class='ocrx_word' id='word_1_285' title='bbox 475 2107 689 2162; x_wconf 90' lang='lat' dir='ltr'><strong>leonum</strong></span> <span class='ocrx_word' id='word_1_286' title='bbox 720 2107 939 2162; x_wconf 87' lang='lat' dir='ltr'><strong>contriti</strong></span> <span class='ocrx_word' id='word_1_287' title='bbox 969 2107 1158 2170; x_wconf 85' lang='lat' dir='ltr'><strong>sunt&quot;,</strong></span> <span class='ocrx_word' id='word_1_288' title='bbox 1195 2126 1212 2157; x_wconf 76' lang='grc' dir='ltr'><strong><em>ι</em></strong></span> <span class='ocrx_word' id='word_1_289' title='bbox 1241 2107 1294 2161; x_wconf 89' lang='lat' dir='ltr'><strong>id</strong></span> <span class='ocrx_word' id='word_1_290' title='bbox 1331 2114 1433 2172; x_wconf 89' lang='lat' dir='ltr'><strong>est,</strong></span> <span class='ocrx_word' id='word_1_291' title='bbox 1462 2107 1628 2160; x_wconf 91' lang='lat' dir='ltr'><strong>verba</strong></span> <span class='ocrx_word' id='word_1_292' title='bbox 1667 2105 1850 2160; x_wconf 90' lang='lat' dir='ltr'><strong>detra-</strong></span> 
     </span>
    </p>
   </div>
   <div class='ocr_carea' id='block_1_36' title="bbox 240 2194 1846 2258">
    <p class='ocr_par' dir='ltr' id='par_1_36' title="bbox 240 2194 1846 2258">
     <span class='ocr_line' id='line_1_36' title="bbox 240 2194 1846 2258; baseline -0.001 -8"><span class='ocrx_word' id='word_1_293' title='bbox 240 2203 461 2252; x_wconf 90' lang='lat' dir='ltr'><strong>ctorum</strong></span> <span class='ocrx_word' id='word_1_294' title='bbox 486 2195 762 2251; x_wconf 88' lang='lat' dir='ltr'><strong>destructa</strong></span> <span class='ocrx_word' id='word_1_295' title='bbox 794 2204 942 2250; x_wconf 90' lang='lat' dir='ltr'><strong>sunt.</strong></span> <span class='ocrx_word' id='word_1_296' title='bbox 981 2194 1087 2250; x_wconf 91' lang='lat' dir='ltr'><strong>Per</strong></span> <span class='ocrx_word' id='word_1_297' title='bbox 1116 2194 1319 2249; x_wconf 81' lang='lat' dir='ltr'><strong>catulos</strong></span> <span class='ocrx_word' id='word_1_298' title='bbox 1363 2195 1658 2258; x_wconf 85' lang='lat' dir='ltr'><strong>daemones,</strong></span> <span class='ocrx_word' id='word_1_299' title='bbox 1702 2202 1763 2248; x_wconf 92' lang='lat' dir='ltr'><strong>ut</strong></span> <span class='ocrx_word' id='word_1_300' title='bbox 1791 2195 1846 2249; x_wconf 93' lang='lat' dir='ltr'><strong>in</strong></span> 
     </span>
    </p>
   </div>
   <div class='ocr_carea' id='block_1_37' title="bbox 240 2285 1849 2360">
    <p class='ocr_par' dir='ltr' id='par_1_37' title="bbox 240 2285 1849 2360">
     <span class='ocr_line' id='line_1_37' title="bbox 240 2285 1849 2360; baseline -0.002 -16"><span class='ocrx_word' id='word_1_301' title='bbox 240 2287 494 2360; x_wconf 85' lang='lat' dir='ltr'><strong>psalmo:</strong></span> <span class='ocrx_word' id='word_1_302' title='bbox 525 2307 542 2338; x_wconf 77' lang='lat' dir='ltr'>I</span> <span class='ocrx_word' id='word_1_303' title='bbox 590 2288 843 2342; x_wconf 81' lang='lat' dir='ltr'><strong>Animam</strong></span> <span class='ocrx_word' id='word_1_304' title='bbox 872 2303 1047 2342; x_wconf 85' lang='lat' dir='ltr'><strong>meam</strong></span> <span class='ocrx_word' id='word_1_305' title='bbox 1093 2288 1159 2341; x_wconf 92' lang='lat' dir='ltr'><strong>dc</strong></span> <span class='ocrx_word' id='word_1_306' title='bbox 1188 2287 1367 2342; x_wconf 90' lang='lat' dir='ltr'><strong>medio</strong></span> <span class='ocrx_word' id='word_1_307' title='bbox 1407 2285 1711 2341; x_wconf 84' lang='lat' dir='ltr'><strong>catulorum</strong></span> <span class='ocrx_word' id='word_1_308' title='bbox 1739 2285 1849 2341; x_wconf 83' lang='lat' dir='ltr'><strong>leo-</strong></span> 
     </span>
    </p>
   </div>
   <div class='ocr_carea' id='block_1_38' title="bbox 239 2381 1844 2451">
    <p class='ocr_par' dir='ltr' id='par_1_38' title="bbox 239 2381 1844 2451">
     <span class='ocr_line' id='line_1_38' title="bbox 239 2381 1844 2451; baseline -0.002 -14"><span class='ocrx_word' id='word_1_309' title='bbox 239 2398 377 2437; x_wconf 90' lang='lat' dir='ltr'><strong>num</strong></span> <span class='ocrx_word' id='word_1_310' title='bbox 409 2381 453 2448; x_wconf 82' lang='grc'><em>⁸,</em></span> <span class='ocrx_word' id='word_1_311' title='bbox 490 2401 509 2434; x_wconf 74' lang='grc' dir='ltr'><strong><em>ι</em></strong></span> <span class='ocrx_word' id='word_1_312' title='bbox 535 2381 588 2438; x_wconf 90' lang='lat' dir='ltr'><strong>id</strong></span> <span class='ocrx_word' id='word_1_313' title='bbox 617 2390 723 2447; x_wconf 91' lang='grc' dir='ltr'><em>εει,</em></span> <span class='ocrx_word' id='word_1_314' title='bbox 746 2381 976 2437; x_wconf 88' lang='lat' dir='ltr'><strong>redemit</strong></span> <span class='ocrx_word' id='word_1_315' title='bbox 1000 2396 1087 2435; x_wconf 90' lang='lat' dir='ltr'><strong>me</strong></span> <span class='ocrx_word' id='word_1_316' title='bbox 1115 2381 1180 2436; x_wconf 91' lang='lat' dir='ltr'><strong>de</strong></span> <span class='ocrx_word' id='word_1_317' title='bbox 1203 2390 1473 2451; x_wconf 88' lang='lat' dir='ltr'><strong>potestate</strong></span> <span class='ocrx_word' id='word_1_318' title='bbox 1517 2381 1844 2435; x_wconf 81' lang='lat' dir='ltr'><strong>damonum.</strong></span> 
     </span>
    </p>
   </div>
   <div class='ocr_carea' id='block_1_39' title="bbox 238 2471 1848 2545">
    <p class='ocr_par' dir='ltr' id='par_1_39' title="bbox 238 2471 1848 2545">
     <span class='ocr_line' id='line_1_39' title="bbox 238 2471 1848 2545; baseline -0.002 -16"><span class='ocrx_word' id='word_1_319' title='bbox 238 2473 353 2529; x_wconf 86' lang='lat' dir='ltr'><strong>Per</strong></span> <span class='ocrx_word' id='word_1_320' title='bbox 391 2471 608 2528; x_wconf 84' lang='lat' dir='ltr'><strong>catellas</strong></span> <span class='ocrx_word' id='word_1_321' title='bbox 642 2473 893 2541; x_wconf 80' lang='lat' dir='ltr'><strong>gentiles,</strong></span> <span class='ocrx_word' id='word_1_322' title='bbox 921 2481 983 2528; x_wconf 90' lang='lat' dir='ltr'><strong>ut</strong></span> <span class='ocrx_word' id='word_1_323' title='bbox 1024 2473 1076 2526; x_wconf 92' lang='lat' dir='ltr'><strong>in</strong></span> <span class='ocrx_word' id='word_1_324' title='bbox 1105 2472 1433 2545; x_wconf 84' lang='lat' dir='ltr'><strong>Evangelio:</strong></span> <span class='ocrx_word' id='word_1_325' title='bbox 1475 2492 1493 2523; x_wconf 72' lang='grc'><strong>1</strong></span> <span class='ocrx_word' id='word_1_326' title='bbox 1543 2471 1736 2527; x_wconf 87' lang='lat' dir='ltr'><strong>Catelli</strong></span> <span class='ocrx_word' id='word_1_327' title='bbox 1779 2472 1848 2526; x_wconf 90' lang='lat' dir='ltr'><strong>de</strong></span> 
     </span>
    </p>
   </div>
   <div class='ocr_carea' id='block_1_40' title="bbox 238 2565 1847 2645">
    <p class='ocr_par' dir='ltr' id='par_1_40' title="bbox 238 2565 1847 2645">
     <span class='ocr_line' id='line_1_40' title="bbox 238 2565 1847 2645; baseline -0.003 -22"><span class='ocrx_word' id='word_1_328' title='bbox 238 2567 408 2624; x_wconf 90' lang='lat' dir='ltr'><strong>micis</strong></span> <span class='ocrx_word' id='word_1_329' title='bbox 435 2567 604 2645; x_wconf 86' lang='lat' dir='ltr'><strong>edunt</strong></span> <span class='ocrx_word' id='word_1_330' title='bbox 633 2567 678 2635; x_wconf 74' lang='grc'><em>⁸,</em></span> <span class='ocrx_word' id='word_1_331' title='bbox 713 2588 731 2620; x_wconf 75' lang='grc' dir='ltr'><strong><em>ι</em></strong></span> <span class='ocrx_word' id='word_1_332' title='bbox 767 2566 912 2637; x_wconf 92' lang='lat' dir='ltr'><strong>quod</strong></span> <span class='ocrx_word' id='word_1_333' title='bbox 941 2565 1172 2637; x_wconf 76' lang='lat' dir='ltr'><strong>gentiles</strong></span> <span class='ocrx_word' id='word_1_334' title='bbox 1209 2581 1379 2622; x_wconf 75' lang='lat' dir='ltr'><strong>sacra</strong></span> <span class='ocrx_word' id='word_1_335' title='bbox 1407 2565 1705 2635; x_wconf 73' lang='lat' dir='ltr'><strong>Scriptura:</strong></span> <span class='ocrx_word' id='word_1_336' title='bbox 1736 2577 1847 2618; x_wconf 88' lang='lat' dir='ltr'><strong>me-</strong></span> 
     </span>
    </p>
   </div>
   <div class='ocr_carea' id='block_1_41' title="bbox 238 2661 780 2730">
    <p class='ocr_par' dir='ltr' id='par_1_41' title="bbox 238 2661 780 2730">
     <span class='ocr_line' id='line_1_41' title="bbox 238 2661 780 2730; baseline -0.006 -12"><span class='ocrx_word' id='word_1_337' title='bbox 238 2662 450 2718; x_wconf 89' lang='lat' dir='ltr'><strong>dullam</strong></span> <span class='ocrx_word' id='word_1_338' title='bbox 481 2661 780 2730; x_wconf 90' lang='lat' dir='ltr'><strong>inquirunt.</strong></span> 
     </span>
    </p>
   </div>
   <div class='ocr_carea' id='block_1_42' title="bbox 319 2746 1847 2822">
    <p class='ocr_par' dir='ltr' id='par_1_42' title="bbox 319 2746 1847 2822">
     <span class='ocr_line' id='line_1_42' title="bbox 319 2746 1847 2822; baseline -0.005 -13"><span class='ocrx_word' id='word_1_339' title='bbox 319 2751 588 2809; x_wconf 84' lang='lat' dir='ltr'><strong>Cathedra</strong></span> <span class='ocrx_word' id='word_1_340' title='bbox 641 2753 886 2822; x_wconf 82' lang='lat' dir='ltr'><strong>quadam</strong></span> <span class='ocrx_word' id='word_1_341' title='bbox 933 2759 1018 2808; x_wconf 90' lang='lat' dir='ltr'><strong>est</strong></span> <span class='ocrx_word' id='word_1_342' title='bbox 1045 2751 1253 2817; x_wconf 88' lang='lat' dir='ltr'><strong>mundi,</strong></span> <span class='ocrx_word' id='word_1_343' title='bbox 1295 2751 1348 2805; x_wconf 93' lang='lat' dir='ltr'><strong>in</strong></span> <span class='ocrx_word' id='word_1_344' title='bbox 1386 2764 1492 2820; x_wconf 89' lang='lat' dir='ltr'><strong>qua</strong></span> <span class='ocrx_word' id='word_1_345' title='bbox 1537 2763 1644 2804; x_wconf 92' lang='lat' dir='ltr'><strong>non</strong></span> <span class='ocrx_word' id='word_1_346' title='bbox 1694 2746 1847 2803; x_wconf 87' lang='lat' dir='ltr'><strong>sedet</strong></span> 
     </span>
    </p>
   </div>
   <div class='ocr_carea' id='block_1_43' title="bbox 229 2841 1848 2916">
    <p class='ocr_par' dir='ltr' id='par_1_43' title="bbox 229 2841 1848 2916">
     <span class='ocr_line' id='line_1_43' title="bbox 229 2841 1848 2916; baseline -0.006 -14"><span class='ocrx_word' id='word_1_347' title='bbox 229 2845 528 2912; x_wconf 87' lang='lat' dir='ltr'><strong>Christus;</strong></span> <span class='ocrx_word' id='word_1_348' title='bbox 555 2845 799 2916; x_wconf 84' lang='lat' dir='ltr'><strong>quadam</strong></span> <span class='ocrx_word' id='word_1_349' title='bbox 831 2843 1050 2916; x_wconf 82' lang='lat' dir='ltr'><strong>Moysis,</strong></span> <span class='ocrx_word' id='word_1_350' title='bbox 1083 2845 1136 2898; x_wconf 92' lang='lat' dir='ltr'><strong>in</strong></span> <span class='ocrx_word' id='word_1_351' title='bbox 1163 2858 1269 2914; x_wconf 90' lang='lat' dir='ltr'><strong>qua</strong></span> <span class='ocrx_word' id='word_1_352' title='bbox 1302 2841 1610 2897; x_wconf 89' lang='lat' dir='ltr'><strong>Pharisaus</strong></span> <span class='ocrx_word' id='word_1_353' title='bbox 1639 2848 1723 2894; x_wconf 90' lang='lat' dir='ltr'><strong>est</strong></span> <span class='ocrx_word' id='word_1_354' title='bbox 1751 2855 1848 2893; x_wconf 89' lang='lat' dir='ltr'><strong>au-</strong></span> 
     </span>
    </p>
   </div>
   <div class='ocr_carea' id='block_1_44' title="bbox 257 2932 1843 3008">
    <p class='ocr_par' dir='ltr' id='par_1_44' title="bbox 257 2932 1843 3008">
     <span class='ocr_line' id='line_1_44' title="bbox 257 2932 1843 3008; baseline -0.002 -20"><span class='ocrx_word' id='word_1_355' title='bbox 257 2937 475 2994; x_wconf 72' lang='lat' dir='ltr'><strong>:iendus</strong></span> <span class='ocrx_word' id='word_1_356' title='bbox 499 2954 514 3004; x_wconf 92' lang='lat'><strong>;</strong></span> <span class='ocrx_word' id='word_1_357' title='bbox 541 2937 789 3008; x_wconf 85' lang='lat' dir='ltr'><strong>quadam</strong></span> <span class='ocrx_word' id='word_1_358' title='bbox 820 2935 1119 3002; x_wconf 88' lang='lat' dir='ltr'><strong>seniorum,</strong></span> <span class='ocrx_word' id='word_1_359' title='bbox 1165 2935 1220 2990; x_wconf 92' lang='lat' dir='ltr'><strong>in</strong></span> <span class='ocrx_word' id='word_1_360' title='bbox 1247 2950 1354 3006; x_wconf 88' lang='lat' dir='ltr'><strong>qua</strong></span> <span class='ocrx_word' id='word_1_361' title='bbox 1387 2933 1636 2988; x_wconf 90' lang='lat' dir='ltr'><strong>laudatur</strong></span> <span class='ocrx_word' id='word_1_362' title='bbox 1680 2932 1843 2988; x_wconf 91' lang='lat' dir='ltr'><strong>Deus.</strong></span> 
     </span>
    </p>
   </div>
   <div class='ocr_carea' id='block_1_45' title="bbox 235 3023 1841 3099">
    <p class='ocr_par' dir='ltr' id='par_1_45' title="bbox 235 3023 1841 3099">
     <span class='ocr_line' id='line_1_45' title="bbox 235 3023 1841 3099; baseline -0.004 -18"><span class='ocrx_word' id='word_1_363' title='bbox 235 3031 429 3084; x_wconf 67' lang='lat' dir='ltr'><strong>Prima</strong></span> <span class='ocrx_word' id='word_1_364' title='bbox 449 3037 535 3085; x_wconf 80' lang='lat' dir='ltr'><strong>est</strong></span> <span class='ocrx_word' id='word_1_365' title='bbox 561 3028 907 3099; x_wconf 90' lang='lat' dir='ltr'><strong>pestilentia,</strong></span> <span class='ocrx_word' id='word_1_366' title='bbox 931 3027 1166 3084; x_wconf 89' lang='lat' dir='ltr'><strong>secunda</strong></span> <span class='ocrx_word' id='word_1_367' title='bbox 1187 3026 1436 3097; x_wconf 85' lang='lat' dir='ltr'><strong>justitia,</strong></span> <span class='ocrx_word' id='word_1_368' title='bbox 1458 3025 1618 3080; x_wconf 89' lang='lat' dir='ltr'><strong>tertia</strong></span> <span class='ocrx_word' id='word_1_369' title='bbox 1641 3023 1841 3096; x_wconf 87' lang='lat' dir='ltr'><strong>gloria.</strong></span> 
     </span>
    </p>
   </div>
   <div class='ocr_carea' id='block_1_46' title="bbox 233 3117 1848 3191">
    <p class='ocr_par' dir='ltr' id='par_1_46' title="bbox 233 3117 1848 3191">
     <span class='ocr_line' id='line_1_46' title="bbox 233 3117 1848 3191; baseline -0.003 -14"><span class='ocrx_word' id='word_1_370' title='bbox 233 3124 565 3191; x_wconf 65' lang='lat' dir='ltr'><strong>L’rima,-est</strong></span> <span class='ocrx_word' id='word_1_371' title='bbox 593 3123 854 3179; x_wconf 89' lang='lat' dir='ltr'><strong>mollities</strong></span> <span class='ocrx_word' id='word_1_372' title='bbox 887 3121 1230 3179; x_wconf 88' lang='lat' dir='ltr'><strong>damnabilis.</strong></span> <span class='ocrx_word' id='word_1_373' title='bbox 1258 3119 1528 3184; x_wconf 88' lang='lat' dir='ltr'><strong>Secunda,</strong></span> <span class='ocrx_word' id='word_1_374' title='bbox 1559 3117 1848 3173; x_wconf 83' lang='lat' dir='ltr'><strong>austeritas</strong></span> 
     </span>
    </p>
   </div>
   <div class='ocr_carea' id='block_1_47' title="bbox 1953 1924 3548 2003">
    <p class='ocr_par' dir='ltr' id='par_1_47' title="bbox 1953 1924 3548 2003">
     <span class='ocr_line' id='line_1_47' title="bbox 1953 1924 3548 2003; baseline 0.006 -25"><span class='ocrx_word' id='word_1_375' title='bbox 1953 1924 2107 1988; x_wconf 90' lang='lat' dir='ltr'><strong>tium,</strong></span> <span class='ocrx_word' id='word_1_376' title='bbox 2141 1934 2201 1979; x_wconf 89' lang='lat' dir='ltr'><strong>ut</strong></span> <span class='ocrx_word' id='word_1_377' title='bbox 2228 1926 2280 1980; x_wconf 93' lang='lat' dir='ltr'><strong>in</strong></span> <span class='ocrx_word' id='word_1_378' title='bbox 2320 1926 2646 1997; x_wconf 90' lang='lat' dir='ltr'><strong>Evangelio:</strong></span> <span class='ocrx_word' id='word_1_379' title='bbox 2675 1947 2692 1978; x_wconf 79' lang='grc'><strong>1</strong></span> <span class='ocrx_word' id='word_1_380' title='bbox 2751 1926 2936 1998; x_wconf 88' lang='lat' dir='ltr'><strong>Neque</strong></span> <span class='ocrx_word' id='word_1_381' title='bbox 2967 1931 3195 1995; x_wconf 90' lang='lat' dir='ltr'><strong>catenis,</strong></span> <span class='ocrx_word' id='word_1_382' title='bbox 3243 1929 3358 1998; x_wconf 90' lang='lat' dir='ltr'><strong>jam</strong></span> <span class='ocrx_word' id='word_1_383' title='bbox 3403 1933 3548 2003; x_wconf 83' lang='lat' dir='ltr'><strong>quis-</strong></span> 
     </span>
    </p>
   </div>
   <div class='ocr_carea' id='block_1_48' title="bbox 1951 2019 3549 2094">
    <p class='ocr_par' dir='ltr' id='par_1_48' title="bbox 1951 2019 3549 2094">
     <span class='ocr_line' id='line_1_48' title="bbox 1951 2019 3549 2094; baseline 0.009 -26"><span class='ocrx_word' id='word_1_384' title='bbox 1951 2031 2112 2084; x_wconf 87' lang='lat' dir='ltr'><strong>quam</strong></span> <span class='ocrx_word' id='word_1_385' title='bbox 2136 2031 2257 2070; x_wconf 91' lang='lat' dir='ltr'><strong>eum</strong></span> <span class='ocrx_word' id='word_1_386' title='bbox 2285 2027 2500 2087; x_wconf 86' lang='lat' dir='ltr'><strong>poterat</strong></span> <span class='ocrx_word' id='word_1_387' title='bbox 2529 2019 2698 2088; x_wconf 81' lang='lat' dir='ltr'><strong>ligare</strong></span> <span class='ocrx_word' id='word_1_388' title='bbox 2729 2019 2797 2084; x_wconf 81' lang='grc'><strong>¹¹,</strong></span> <span class='ocrx_word' id='word_1_389' title='bbox 2825 2039 2844 2072; x_wconf 76' lang='grc' dir='ltr'><strong><em>ι</em></strong></span> <span class='ocrx_word' id='word_1_390' title='bbox 2886 2021 3030 2089; x_wconf 91' lang='lat' dir='ltr'><strong>quod</strong></span> <span class='ocrx_word' id='word_1_391' title='bbox 3057 2022 3354 2077; x_wconf 89' lang='lat' dir='ltr'><strong>humanum</strong></span> <span class='ocrx_word' id='word_1_392' title='bbox 3381 2039 3549 2094; x_wconf 90' lang='lat' dir='ltr'><strong>genus</strong></span> 
     </span>
    </p>
   </div>
   <div class='ocr_carea' id='block_1_49' title="bbox 1952 2105 3544 2185">
    <p class='ocr_par' dir='ltr' id='par_1_49' title="bbox 1952 2105 3544 2185">
     <span class='ocr_line' id='line_1_49' title="bbox 1952 2105 3544 2185; baseline 0.008 -25"><span class='ocrx_word' id='word_1_393' title='bbox 1952 2121 2053 2162; x_wconf 89' lang='lat' dir='ltr'><strong>nec</strong></span> <span class='ocrx_word' id='word_1_394' title='bbox 2086 2105 2213 2177; x_wconf 82' lang='lat' dir='ltr'><strong>ipsa</strong></span> <span class='ocrx_word' id='word_1_395' title='bbox 2246 2109 2394 2164; x_wconf 84' lang='lat' dir='ltr'><strong>dura</strong></span> <span class='ocrx_word' id='word_1_396' title='bbox 2425 2108 2568 2180; x_wconf 78' lang='lat' dir='ltr'><strong>leges</strong></span> <span class='ocrx_word' id='word_1_397' title='bbox 2581 2109 3137 2183; x_wconf 89' lang='lat' dir='ltr'><strong>Gentiumapeccatis</strong></span> <span class='ocrx_word' id='word_1_398' title='bbox 3171 2123 3424 2185; x_wconf 85' lang='lat' dir='ltr'><strong>poterant</strong></span> <span class='ocrx_word' id='word_1_399' title='bbox 3450 2132 3544 2172; x_wconf 86' lang='lat' dir='ltr'><strong>co-</strong></span> 
     </span>
    </p>
   </div>
   <div class='ocr_carea' id='block_1_50' title="bbox 1951 2195 3547 2274">
    <p class='ocr_par' dir='ltr' id='par_1_50' title="bbox 1951 2195 3547 2274">
     <span class='ocr_line' id='line_1_50' title="bbox 1951 2195 3547 2274; baseline 0.008 -23"><span class='ocrx_word' id='word_1_400' title='bbox 1951 2195 2158 2252; x_wconf 86' lang='lat' dir='ltr'><strong>hibere.</strong></span> <span class='ocrx_word' id='word_1_401' title='bbox 2187 2195 2422 2264; x_wconf 66' lang='lat' dir='ltr'><strong>Catenae,</strong></span> <span class='ocrx_word' id='word_1_402' title='bbox 2454 2201 2683 2256; x_wconf 83' lang='lat' dir='ltr'><strong>virtutes</strong></span> <span class='ocrx_word' id='word_1_403' title='bbox 2706 2203 3032 2274; x_wconf 88' lang='lat' dir='ltr'><strong>spirituales,</strong></span> <span class='ocrx_word' id='word_1_404' title='bbox 3065 2205 3200 2260; x_wconf 88' lang='lat' dir='ltr'><strong>utin</strong></span> <span class='ocrx_word' id='word_1_405' title='bbox 3251 2205 3403 2262; x_wconf 86' lang='lat' dir='ltr'><strong>libris</strong></span> <span class='ocrx_word' id='word_1_406' title='bbox 3438 2207 3547 2263; x_wconf 80' lang='lat' dir='ltr'><strong>Re-</strong></span> 
     </span>
    </p>
   </div>
   <div class='ocr_carea' id='block_1_51' title="bbox 1949 2291 3547 2367">
    <p class='ocr_par' dir='ltr' id='par_1_51' title="bbox 1949 2291 3547 2367">
     <span class='ocr_line' id='line_1_51' title="bbox 1949 2291 3547 2367; baseline 0.009 -25"><span class='ocrx_word' id='word_1_407' title='bbox 1949 2303 2075 2358; x_wconf 84' lang='lat' dir='ltr'><strong>gum</strong></span> <span class='ocrx_word' id='word_1_408' title='bbox 2103 2307 2119 2344; x_wconf 90' lang='lat'><strong>:</strong></span> <span class='ocrx_word' id='word_1_409' title='bbox 2147 2310 2164 2342; x_wconf 84' lang='grc'><strong>‹</strong></span> <span class='ocrx_word' id='word_1_410' title='bbox 2196 2291 2264 2345; x_wconf 92' lang='lat' dir='ltr'><strong>Et</strong></span> <span class='ocrx_word' id='word_1_411' title='bbox 2307 2293 2460 2362; x_wconf 89' lang='lat' dir='ltr'><strong>quasi</strong></span> <span class='ocrx_word' id='word_1_412' title='bbox 2496 2294 2551 2349; x_wconf 92' lang='lat' dir='ltr'><strong>in</strong></span> <span class='ocrx_word' id='word_1_413' title='bbox 2602 2295 2820 2350; x_wconf 91' lang='lat' dir='ltr'><strong>modum</strong></span> <span class='ocrx_word' id='word_1_414' title='bbox 2871 2298 3003 2354; x_wconf 87' lang='lat' dir='ltr'><strong>retis</strong></span> <span class='ocrx_word' id='word_1_415' title='bbox 3052 2307 3366 2355; x_wconf 90' lang='lat' dir='ltr'><strong>catenarum</strong></span> <span class='ocrx_word' id='word_1_416' title='bbox 3398 2301 3462 2367; x_wconf 88' lang='grc'><strong>¹³,</strong></span> <span class='ocrx_word' id='word_1_417' title='bbox 3495 2301 3547 2357; x_wconf 92' lang='lat' dir='ltr'><strong>id</strong></span> 
     </span>
    </p>
   </div>
   <div class='ocr_carea' id='block_1_52' title="bbox 1951 2382 3547 2460">
    <p class='ocr_par' dir='ltr' id='par_1_52' title="bbox 1951 2382 3547 2460">
     <span class='ocr_line' id='line_1_52' title="bbox 1951 2382 3547 2460; baseline 0.007 -26"><span class='ocrx_word' id='word_1_418' title='bbox 1951 2389 2056 2444; x_wconf 89' lang='lat' dir='ltr'><strong>est,</strong></span> <span class='ocrx_word' id='word_1_419' title='bbox 2083 2382 2151 2436; x_wconf 88' lang='lat' dir='ltr'><strong>ad</strong></span> <span class='ocrx_word' id='word_1_420' title='bbox 2177 2383 2404 2438; x_wconf 82' lang='lat' dir='ltr'><strong>formam</strong></span> <span class='ocrx_word' id='word_1_421' title='bbox 2433 2385 2852 2454; x_wconf 89' lang='lat' dir='ltr'><strong>multiplicitatis</strong></span> <span class='ocrx_word' id='word_1_422' title='bbox 2878 2389 3139 2444; x_wconf 88' lang='lat' dir='ltr'><strong>virtutum</strong></span> <span class='ocrx_word' id='word_1_423' title='bbox 3161 2390 3547 2460; x_wconf 86' lang='lat' dir='ltr'><strong>spiritualium.</strong></span> 
     </span>
    </p>
   </div>
   <div class='ocr_carea' id='block_1_53' title="bbox 1951 2474 3544 2545">
    <p class='ocr_par' dir='ltr' id='par_1_53' title="bbox 1951 2474 3544 2545">
     <span class='ocr_line' id='line_1_53' title="bbox 1951 2474 3544 2545; baseline 0.005 -16"><span class='ocrx_word' id='word_1_424' title='bbox 1951 2474 2184 2536; x_wconf 78' lang='lat' dir='ltr'><strong>Catenw.</strong></span> <span class='ocrx_word' id='word_1_425' title='bbox 2222 2485 2517 2544; x_wconf 80' lang='lat' dir='ltr'><strong>prasentes</strong></span> <span class='ocrx_word' id='word_1_426' title='bbox 2547 2477 2946 2545; x_wconf 89' lang='lat' dir='ltr'><strong>tribulationes,</strong></span> <span class='ocrx_word' id='word_1_427' title='bbox 2996 2489 3058 2535; x_wconf 91' lang='lat' dir='ltr'><strong>ut</strong></span> <span class='ocrx_word' id='word_1_428' title='bbox 3097 2482 3149 2536; x_wconf 92' lang='lat' dir='ltr'><strong>in</strong></span> <span class='ocrx_word' id='word_1_429' title='bbox 3183 2482 3544 2539; x_wconf 87' lang='lat' dir='ltr'><strong>Ecclesiaste:</strong></span> 
     </span>
    </p>
   </div>
   <div class='ocr_carea' id='block_1_54' title="bbox 1955 2565 3542 2643">
    <p class='ocr_par' dir='ltr' id='par_1_54' title="bbox 1955 2565 3542 2643">
     <span class='ocr_line' id='line_1_54' title="bbox 1955 2565 3542 2643; baseline 0.007 -25"><span class='ocrx_word' id='word_1_430' title='bbox 1955 2584 1973 2618; x_wconf 81' lang='lat' dir='ltr'><strong>t</strong></span> <span class='ocrx_word' id='word_1_431' title='bbox 2007 2565 2083 2618; x_wconf 93' lang='lat' dir='ltr'><strong>De</strong></span> <span class='ocrx_word' id='word_1_432' title='bbox 2124 2566 2335 2621; x_wconf 88' lang='lat' dir='ltr'><strong>catenis</strong></span> <span class='ocrx_word' id='word_1_433' title='bbox 2379 2567 2664 2637; x_wconf 89' lang='lat' dir='ltr'><strong>quisquam</strong></span> <span class='ocrx_word' id='word_1_434' title='bbox 2709 2570 2987 2639; x_wconf 76' lang='lat' dir='ltr'><strong>egreditur</strong></span> <span class='ocrx_word' id='word_1_435' title='bbox 3025 2572 3094 2628; x_wconf 88' lang='lat' dir='ltr'><strong>ad</strong></span> <span class='ocrx_word' id='word_1_436' title='bbox 3137 2574 3380 2643; x_wconf 90' lang='lat' dir='ltr'><strong>requiem</strong></span> <span class='ocrx_word' id='word_1_437' title='bbox 3427 2575 3492 2641; x_wconf 62' lang='grc' dir='ltr'><em>η,</em></span> <span class='ocrx_word' id='word_1_438' title='bbox 3521 2594 3542 2628; x_wconf 69' lang='grc' dir='ltr'><strong><em>ι</em></strong></span> 
     </span>
    </p>
   </div>
   <div class='ocr_carea' id='block_1_55' title="bbox 1949 2659 3552 2738">
    <p class='ocr_par' dir='ltr' id='par_1_55' title="bbox 1949 2659 3552 2738">
     <span class='ocr_line' id='line_1_55' title="bbox 1949 2659 3552 2738; baseline 0.007 -27"><span class='ocrx_word' id='word_1_439' title='bbox 1949 2659 2092 2728; x_wconf 92' lang='lat' dir='ltr'><strong>quod</strong></span> <span class='ocrx_word' id='word_1_440' title='bbox 2123 2673 2154 2713; x_wconf 91' lang='lat' dir='ltr'><strong>a</strong></span> <span class='ocrx_word' id='word_1_441' title='bbox 2192 2660 2554 2727; x_wconf 64' lang='lat' dir='ltr'><strong>praesentibus</strong></span> <span class='ocrx_word' id='word_1_442' title='bbox 2599 2660 3040 2738; x_wconf 84' lang='lat' dir='ltr'><strong>tribulationibus</strong></span> <span class='ocrx_word' id='word_1_443' title='bbox 3080 2665 3255 2721; x_wconf 90' lang='lat' dir='ltr'><strong>sancti</strong></span> <span class='ocrx_word' id='word_1_444' title='bbox 3283 2665 3350 2720; x_wconf 87' lang='lat' dir='ltr'><strong>ad</strong></span> <span class='ocrx_word' id='word_1_445' title='bbox 3393 2677 3552 2722; x_wconf 84' lang='lat' dir='ltr'><strong>ater-</strong></span> 
     </span>
    </p>
   </div>
   <div class='ocr_carea' id='block_1_56' title="bbox 1949 2749 2711 2820">
    <p class='ocr_par' dir='ltr' id='par_1_56' title="bbox 1949 2749 2711 2820">
     <span class='ocr_line' id='line_1_56' title="bbox 1949 2749 2711 2820; baseline 0.004 -18"><span class='ocrx_word' id='word_1_446' title='bbox 1949 2764 2076 2804; x_wconf 89' lang='lat' dir='ltr'><strong>nam</strong></span> <span class='ocrx_word' id='word_1_447' title='bbox 2104 2749 2422 2819; x_wconf 88' lang='lat' dir='ltr'><strong>pertingunt</strong></span> <span class='ocrx_word' id='word_1_448' title='bbox 2448 2751 2711 2820; x_wconf 88' lang='lat' dir='ltr'><strong>requiem.</strong></span> 
     </span>
    </p>
   </div>
   <div class='ocr_carea' id='block_1_57' title="bbox 2022 2841 3550 2916">
    <p class='ocr_par' dir='ltr' id='par_1_57' title="bbox 2022 2841 3550 2916">
     <span class='ocr_line' id='line_1_57' title="bbox 2022 2841 3550 2916; baseline 0.007 -20"><span class='ocrx_word' id='word_1_449' title='bbox 2022 2841 2319 2896; x_wconf 78' lang='lat' dir='ltr'><strong>Cataractw</strong></span> <span class='ocrx_word' id='word_1_450' title='bbox 2348 2851 2474 2896; x_wconf 90' lang='lat' dir='ltr'><strong>sunt</strong></span> <span class='ocrx_word' id='word_1_451' title='bbox 2496 2843 2743 2912; x_wconf 89' lang='lat' dir='ltr'><strong>apostoli,</strong></span> <span class='ocrx_word' id='word_1_452' title='bbox 2787 2854 2848 2900; x_wconf 93' lang='lat' dir='ltr'><strong>ut</strong></span> <span class='ocrx_word' id='word_1_453' title='bbox 2894 2847 2948 2902; x_wconf 93' lang='lat' dir='ltr'><strong>in</strong></span> <span class='ocrx_word' id='word_1_454' title='bbox 2992 2847 3240 2916; x_wconf 90' lang='lat' dir='ltr'><strong>psalmo:</strong></span> <span class='ocrx_word' id='word_1_455' title='bbox 3268 2867 3287 2900; x_wconf 77' lang='grc' dir='ltr'>ι</span> <span class='ocrx_word' id='word_1_456' title='bbox 3321 2848 3380 2904; x_wconf 85' lang='lat' dir='ltr'><strong>in</strong></span> <span class='ocrx_word' id='word_1_457' title='bbox 3416 2865 3550 2906; x_wconf 81' lang='lat' dir='ltr'><strong>voce</strong></span> 
     </span>
    </p>
   </div>
   <div class='ocr_carea' id='block_1_58' title="bbox 1955 2936 3552 3012">
    <p class='ocr_par' dir='ltr' id='par_1_58' title="bbox 1955 2936 3552 3012">
     <span class='ocr_line' id='line_1_58' title="bbox 1955 2936 3552 3012; baseline 0.004 -22"><span class='ocrx_word' id='word_1_458' title='bbox 1955 2943 2361 2991; x_wconf 89' lang='lat' dir='ltr'><strong>cataractarum</strong></span> <span class='ocrx_word' id='word_1_459' title='bbox 2391 2943 2605 2989; x_wconf 90' lang='lat' dir='ltr'><strong>tuarum</strong></span> <span class='ocrx_word' id='word_1_460' title='bbox 2635 2936 2703 3004; x_wconf 73' lang='grc'><strong>’⁸,</strong></span> <span class='ocrx_word' id='word_1_461' title='bbox 2740 2957 2759 2989; x_wconf 71' lang='grc' dir='ltr'><strong>ι</strong></span> <span class='ocrx_word' id='word_1_462' title='bbox 2799 2938 2941 3008; x_wconf 91' lang='lat' dir='ltr'><strong>quod</strong></span> <span class='ocrx_word' id='word_1_463' title='bbox 2969 2951 3291 3010; x_wconf 89' lang='lat' dir='ltr'><strong>peccatores</strong></span> <span class='ocrx_word' id='word_1_464' title='bbox 3331 2950 3552 3012; x_wconf 89' lang='lat' dir='ltr'><strong>sperant</strong></span> 
     </span>
    </p>
   </div>
   <div class='ocr_carea' id='block_1_59' title="bbox 1950 3025 3544 3102">
    <p class='ocr_par' dir='ltr' id='par_1_59' title="bbox 1950 3025 3544 3102">
     <span class='ocr_line' id='line_1_59' title="bbox 1950 3025 3544 3102; baseline 0.004 -21"><span class='ocrx_word' id='word_1_465' title='bbox 1950 3027 2016 3082; x_wconf 88' lang='lat' dir='ltr'><strong>de</strong></span> <span class='ocrx_word' id='word_1_466' title='bbox 2037 3025 2411 3081; x_wconf 87' lang='lat' dir='ltr'><strong>misericordia</strong></span> <span class='ocrx_word' id='word_1_467' title='bbox 2431 3027 2546 3093; x_wconf 89' lang='lat' dir='ltr'><strong>Dei,</strong></span> <span class='ocrx_word' id='word_1_468' title='bbox 2569 3043 2671 3098; x_wconf 91' lang='lat' dir='ltr'><strong>per</strong></span> <span class='ocrx_word' id='word_1_469' title='bbox 2690 3029 3130 3099; x_wconf 86' lang='lat' dir='ltr'><strong>pradicationem</strong></span> <span class='ocrx_word' id='word_1_470' title='bbox 3143 3033 3544 3102; x_wconf 89' lang='lat' dir='ltr'><strong>Apostolorum.</strong></span> 
     </span>
    </p>
   </div>
   <div class='ocr_carea' id='block_1_60' title="bbox 1949 3117 3550 3196">
    <p class='ocr_par' dir='ltr' id='par_1_60' title="bbox 1949 3117 3550 3196">
     <span class='ocr_line' id='line_1_60' title="bbox 1949 3117 3550 3196; baseline 0.006 -24"><span class='ocrx_word' id='word_1_471' title='bbox 1949 3117 2266 3181; x_wconf 74' lang='lat' dir='ltr'><strong>Cataractw,</strong></span> <span class='ocrx_word' id='word_1_472' title='bbox 2305 3118 2585 3188; x_wconf 78' lang='lat' dir='ltr'><strong>profunda</strong></span> <span class='ocrx_word' id='word_1_473' title='bbox 2630 3122 2916 3178; x_wconf 86' lang='lat' dir='ltr'><strong>sententia</strong></span> <span class='ocrx_word' id='word_1_474' title='bbox 2939 3138 3108 3180; x_wconf 85' lang='lat' dir='ltr'><strong>sacra</strong></span> <span class='ocrx_word' id='word_1_475' title='bbox 3148 3123 3463 3196; x_wconf 72' lang='lat' dir='ltr'><strong>Scriptum,</strong></span> <span class='ocrx_word' id='word_1_476' title='bbox 3490 3137 3550 3184; x_wconf 92' lang='lat' dir='ltr'><strong>ut</strong></span> 
     </span>
    </p>
   </div>
   <div class='ocr_carea' id='block_1_61' title="bbox 235 3191 3546 3289">
    <p class='ocr_par' dir='ltr' id='par_1_61' title="bbox 235 3191 3546 3289">
     <span class='ocr_line' id='line_1_61' title="bbox 235 3191 3546 3289; baseline 0.001 -21"><span class='ocrx_word' id='word_1_477' title='bbox 235 3216 544 3286; x_wconf 44' lang='lat' dir='ltr'><strong>spiritualis</strong></span> <span class='ocrx_word' id='word_1_478' title='bbox 567 3217 865 3289; x_wconf 89' lang='lat' dir='ltr'><strong>regiminis.</strong></span> <span class='ocrx_word' id='word_1_479' title='bbox 895 3215 1097 3283; x_wconf 88' lang='lat' dir='ltr'><strong>Tertia,</strong></span> <span class='ocrx_word' id='word_1_480' title='bbox 1132 3213 1434 3270; x_wconf 88' lang='lat' dir='ltr'><strong>sublimitas</strong></span> <span class='ocrx_word' id='word_1_481' title='bbox 1456 3211 1694 3269; x_wconf 85' lang='lat' dir='ltr'><strong>caelestis</strong></span> <span class='ocrx_word' id='word_1_482' title='bbox 1719 3212 1844 3266; x_wconf 89' lang='lat' dir='ltr'><strong>bea-</strong></span> <span class='ocrx_word' id='word_1_483' title='bbox 1872 3191 1918 3256; x_wconf 66' lang='grc' dir='ltr'><strong>(ἶ</strong></span> <span class='ocrx_word' id='word_1_484' title='bbox 1950 3209 2003 3264; x_wconf 92' lang='lat' dir='ltr'><strong>in</strong></span> <span class='ocrx_word' id='word_1_485' title='bbox 2016 3207 2212 3264; x_wconf 86' lang='lat' dir='ltr'><strong>Genesi</strong></span> <span class='ocrx_word' id='word_1_486' title='bbox 2239 3227 2250 3262; x_wconf 91' lang='lat'><strong>:</strong></span> <span class='ocrx_word' id='word_1_487' title='bbox 2277 3227 2294 3259; x_wconf 76' lang='grc' dir='ltr'>ι</span> <span class='ocrx_word' id='word_1_488' title='bbox 2314 3209 2380 3263; x_wconf 90' lang='lat' dir='ltr'><strong>Et</strong></span> <span class='ocrx_word' id='word_1_489' title='bbox 2399 3219 2689 3267; x_wconf 73' lang='lat' dir='ltr'><strong>cataracta:</strong></span> <span class='ocrx_word' id='word_1_490' title='bbox 2720 3212 2842 3267; x_wconf 87' lang='lat' dir='ltr'><strong>coeli</strong></span> <span class='ocrx_word' id='word_1_491' title='bbox 2860 3225 3062 3283; x_wconf 83' lang='lat' dir='ltr'><strong>aperta</strong></span> <span class='ocrx_word' id='word_1_492' title='bbox 3091 3224 3215 3270; x_wconf 93' lang='lat' dir='ltr'><strong>sunt</strong></span> <span class='ocrx_word' id='word_1_493' title='bbox 3240 3191 3349 3281; x_wconf 49' lang='lat' dir='ltr'><strong>“,s</strong></span> <span class='ocrx_word' id='word_1_494' title='bbox 3371 3217 3546 3282; x_wconf 89' lang='lat' dir='ltr'><strong>idest,</strong></span> 
     </span>
    </p>
   </div>
   <div class='ocr_carea' id='block_1_62' title="bbox 238 3302 1846 3378">
    <p class='ocr_par' dir='ltr' id='par_1_62' title="bbox 238 3302 1846 3378">
     <span class='ocr_line' id='line_1_62' title="bbox 238 3302 1846 3378; baseline -0.004 -16"><span class='ocrx_word' id='word_1_495' title='bbox 238 3307 517 3364; x_wconf 88' lang='lat' dir='ltr'><strong>titudinis.</strong></span> <span class='ocrx_word' id='word_1_496' title='bbox 543 3307 602 3362; x_wconf 91' lang='lat' dir='ltr'><strong>ln</strong></span> <span class='ocrx_word' id='word_1_497' title='bbox 635 3307 812 3378; x_wconf 87' lang='lat' dir='ltr'><strong>prima</strong></span> <span class='ocrx_word' id='word_1_498' title='bbox 841 3307 1029 3363; x_wconf 90' lang='lat' dir='ltr'><strong>sedent</strong></span> <span class='ocrx_word' id='word_1_499' title='bbox 1058 3306 1208 3372; x_wconf 88' lang='lat' dir='ltr'><strong>mali,</strong></span> <span class='ocrx_word' id='word_1_500' title='bbox 1240 3305 1294 3360; x_wconf 90' lang='lat' dir='ltr'><strong>in</strong></span> <span class='ocrx_word' id='word_1_501' title='bbox 1340 3305 1579 3361; x_wconf 91' lang='lat' dir='ltr'><strong>secunda</strong></span> <span class='ocrx_word' id='word_1_502' title='bbox 1609 3302 1760 3368; x_wconf 93' lang='lat' dir='ltr'><strong>boni,</strong></span> <span class='ocrx_word' id='word_1_503' title='bbox 1788 3302 1846 3356; x_wconf 91' lang='lat' dir='ltr'><strong>in</strong></span> 
     </span>
    </p>
   </div>
   <div class='ocr_carea' id='block_1_63' title="bbox 240 3392 1847 3470">
    <p class='ocr_par' dir='ltr' id='par_1_63' title="bbox 240 3392 1847 3470">
     <span class='ocr_line' id='line_1_63' title="bbox 240 3392 1847 3470; baseline -0.003 -18"><span class='ocrx_word' id='word_1_504' title='bbox 240 3399 410 3454; x_wconf 90' lang='lat' dir='ltr'><strong>tertia</strong></span> <span class='ocrx_word' id='word_1_505' title='bbox 445 3397 611 3455; x_wconf 91' lang='lat' dir='ltr'><strong>beati.</strong></span> <span class='ocrx_word' id='word_1_506' title='bbox 640 3397 698 3452; x_wconf 91' lang='lat' dir='ltr'><strong>ln</strong></span> <span class='ocrx_word' id='word_1_507' title='bbox 745 3398 920 3470; x_wconf 91' lang='lat' dir='ltr'><strong>prima</strong></span> <span class='ocrx_word' id='word_1_508' title='bbox 947 3405 1285 3469; x_wconf 88' lang='lat' dir='ltr'><strong>peccatores,</strong></span> <span class='ocrx_word' id='word_1_509' title='bbox 1311 3396 1366 3450; x_wconf 92' lang='lat' dir='ltr'><strong>in</strong></span> <span class='ocrx_word' id='word_1_510' title='bbox 1389 3393 1626 3450; x_wconf 90' lang='lat' dir='ltr'><strong>secunda</strong></span> <span class='ocrx_word' id='word_1_511' title='bbox 1655 3392 1847 3448; x_wconf 90' lang='lat' dir='ltr'><strong>docto-</strong></span> 
     </span>
    </p>
   </div>
   <div class='ocr_carea' id='block_1_64' title="bbox 241 3483 1846 3561">
    <p class='ocr_par' dir='ltr' id='par_1_64' title="bbox 241 3483 1846 3561">
     <span class='ocr_line' id='line_1_64' title="bbox 241 3483 1846 3561; baseline -0.006 -16"><span class='ocrx_word' id='word_1_512' title='bbox 241 3505 361 3555; x_wconf 88' lang='lat' dir='ltr'><strong>res,</strong></span> <span class='ocrx_word' id='word_1_513' title='bbox 391 3490 445 3545; x_wconf 91' lang='lat' dir='ltr'><strong>in</strong></span> <span class='ocrx_word' id='word_1_514' title='bbox 478 3489 639 3545; x_wconf 91' lang='lat' dir='ltr'><strong>tertia</strong></span> <span class='ocrx_word' id='word_1_515' title='bbox 669 3497 935 3561; x_wconf 87' lang='lat' dir='ltr'><strong>regentes.</strong></span> <span class='ocrx_word' id='word_1_516' title='bbox 973 3488 1214 3543; x_wconf 90' lang='lat' dir='ltr'><strong>Primam</strong></span> <span class='ocrx_word' id='word_1_517' title='bbox 1262 3486 1578 3543; x_wconf 89' lang='lat' dir='ltr'><strong>cathedram</strong></span> <span class='ocrx_word' id='word_1_518' title='bbox 1632 3483 1686 3538; x_wconf 92' lang='lat' dir='ltr'><strong>bi</strong></span> <span class='ocrx_word' id='word_1_519' title='bbox 1715 3497 1846 3553; x_wconf 90' lang='lat' dir='ltr'><strong>qua-</strong></span> 
     </span>
    </p>
   </div>
   <div class='ocr_carea' id='block_1_65' title="bbox 239 3575 1844 3654">
    <p class='ocr_par' dir='ltr' id='par_1_65' title="bbox 239 3575 1844 3654">
     <span class='ocr_line' id='line_1_65' title="bbox 239 3575 1844 3654; baseline -0.005 -16"><span class='ocrx_word' id='word_1_520' title='bbox 239 3592 376 3638; x_wconf 88' lang='lat' dir='ltr'><strong>tuor</strong></span> <span class='ocrx_word' id='word_1_521' title='bbox 403 3584 568 3654; x_wconf 90' lang='lat' dir='ltr'><strong>pedes</strong></span> <span class='ocrx_word' id='word_1_522' title='bbox 598 3590 927 3650; x_wconf 89' lang='lat' dir='ltr'><strong>sustentant,</strong></span> <span class='ocrx_word' id='word_1_523' title='bbox 968 3579 1292 3652; x_wconf 82' lang='lat' dir='ltr'><strong>negligentia</strong></span> <span class='ocrx_word' id='word_1_524' title='bbox 1343 3579 1448 3644; x_wconf 90' lang='lat' dir='ltr'><strong>sui,</strong></span> <span class='ocrx_word' id='word_1_525' title='bbox 1477 3575 1682 3634; x_wconf 92' lang='lat' dir='ltr'><strong>oblivio</strong></span> <span class='ocrx_word' id='word_1_526' title='bbox 1726 3575 1844 3642; x_wconf 92' lang='lat' dir='ltr'><strong>Dei,</strong></span> 
     </span>
    </p>
   </div>
   <div class='ocr_carea' id='block_1_66' title="bbox 241 3665 1847 3738">
    <p class='ocr_par' dir='ltr' id='par_1_66' title="bbox 241 3665 1847 3738">
     <span class='ocr_line' id='line_1_66' title="bbox 241 3665 1847 3738; baseline -0.006 -7"><span class='ocrx_word' id='word_1_527' title='bbox 241 3674 420 3731; x_wconf 88' lang='lat' dir='ltr'><strong>decor</strong></span> <span class='ocrx_word' id='word_1_528' title='bbox 453 3673 768 3738; x_wconf 82' lang='lat' dir='ltr'><strong>visibilium,</strong></span> <span class='ocrx_word' id='word_1_529' title='bbox 820 3672 1010 3728; x_wconf 89' lang='lat' dir='ltr'><strong>dulcor</strong></span> <span class='ocrx_word' id='word_1_530' title='bbox 1061 3669 1483 3727; x_wconf 89' lang='lat' dir='ltr'><strong>delectabilium.</strong></span> <span class='ocrx_word' id='word_1_531' title='bbox 1533 3665 1847 3722; x_wconf 80' lang='lat' dir='ltr'><strong>Reclinato-</strong></span> 
     </span>
    </p>
   </div>
   <div class='ocr_carea' id='block_1_67' title="bbox 248 3760 1852 3837">
    <p class='ocr_par' dir='ltr' id='par_1_67' title="bbox 248 3760 1852 3837">
     <span class='ocr_line' id='line_1_67' title="bbox 248 3760 1852 3837; baseline -0.005 -15"><span class='ocrx_word' id='word_1_532' title='bbox 248 3767 401 3822; x_wconf 86' lang='lat' dir='ltr'><strong>rium</strong></span> <span class='ocrx_word' id='word_1_533' title='bbox 423 3766 560 3835; x_wconf 89' lang='lat' dir='ltr'><strong>ejus,</strong></span> <span class='ocrx_word' id='word_1_534' title='bbox 612 3766 823 3837; x_wconf 92' lang='lat' dir='ltr'><strong>peccati</strong></span> <span class='ocrx_word' id='word_1_535' title='bbox 855 3765 1162 3830; x_wconf 91' lang='lat' dir='ltr'><strong>delectatio,</strong></span> <span class='ocrx_word' id='word_1_536' title='bbox 1194 3763 1445 3834; x_wconf 87' lang='lat' dir='ltr'><strong>pulvinar</strong></span> <span class='ocrx_word' id='word_1_537' title='bbox 1489 3760 1699 3831; x_wconf 89' lang='lat' dir='ltr'><strong>peccati</strong></span> <span class='ocrx_word' id='word_1_538' title='bbox 1729 3775 1852 3831; x_wconf 91' lang='lat' dir='ltr'><strong>per-</strong></span> 
     </span>
    </p>
   </div>
   <div class='ocr_carea' id='block_1_68' title="bbox 240 3852 1849 3930">
    <p class='ocr_par' dir='ltr' id='par_1_68' title="bbox 240 3852 1849 3930">
     <span class='ocr_line' id='line_1_68' title="bbox 240 3852 1849 3930; baseline -0.004 -18"><span class='ocrx_word' id='word_1_539' title='bbox 240 3859 504 3930; x_wconf 88' lang='lat' dir='ltr'><strong>petratio.</strong></span> <span class='ocrx_word' id='word_1_540' title='bbox 532 3857 870 3929; x_wconf 83' lang='lat' dir='ltr'><strong>Negligentia</strong></span> <span class='ocrx_word' id='word_1_541' title='bbox 899 3857 1004 3922; x_wconf 87' lang='lat' dir='ltr'><strong>sui,</strong></span> <span class='ocrx_word' id='word_1_542' title='bbox 1036 3865 1091 3912; x_wconf 93' lang='lat' dir='ltr'><strong>et</strong></span> <span class='ocrx_word' id='word_1_543' title='bbox 1118 3855 1315 3911; x_wconf 89' lang='lat' dir='ltr'><strong>oblivio</strong></span> <span class='ocrx_word' id='word_1_544' title='bbox 1343 3852 1706 3909; x_wconf 89' lang='lat' dir='ltr'><strong>Deinterioris</strong></span> <span class='ocrx_word' id='word_1_545' title='bbox 1735 3853 1849 3906; x_wconf 87' lang='lat' dir='ltr'><strong>ani-</strong></span> 
     </span>
    </p>
   </div>
   <div class='ocr_carea' id='block_1_69' title="bbox 241 3945 1851 4013">
    <p class='ocr_par' dir='ltr' id='par_1_69' title="bbox 241 3945 1851 4013">
     <span class='ocr_line' id='line_1_69' title="bbox 241 3945 1851 4013; baseline -0.006 -4"><span class='ocrx_word' id='word_1_546' title='bbox 241 3969 353 4009; x_wconf 85' lang='lat' dir='ltr'><strong>ma</strong></span> <span class='ocrx_word' id='word_1_547' title='bbox 375 3951 560 4007; x_wconf 89' lang='lat' dir='ltr'><strong>oculos</strong></span> <span class='ocrx_word' id='word_1_548' title='bbox 587 3959 802 4006; x_wconf 90' lang='lat' dir='ltr'><strong>eruunt.</strong></span> <span class='ocrx_word' id='word_1_549' title='bbox 835 3951 1006 4004; x_wconf 92' lang='lat' dir='ltr'><strong>Decor</strong></span> <span class='ocrx_word' id='word_1_550' title='bbox 1030 3947 1199 4013; x_wconf 89' lang='lat' dir='ltr'><strong>visus,</strong></span> <span class='ocrx_word' id='word_1_551' title='bbox 1250 3955 1305 4002; x_wconf 93' lang='lat' dir='ltr'><strong>et</strong></span> <span class='ocrx_word' id='word_1_552' title='bbox 1331 3945 1520 4001; x_wconf 89' lang='lat' dir='ltr'><strong>dulcor</strong></span> <span class='ocrx_word' id='word_1_553' title='bbox 1549 3945 1851 4000; x_wconf 86' lang='lat' dir='ltr'><strong>dilectionis</strong></span> 
     </span>
    </p>
   </div>
   <div class='ocr_carea' id='block_1_70' title="bbox 241 4033 1850 4111">
    <p class='ocr_par' dir='ltr' id='par_1_70' title="bbox 241 4033 1850 4111">
     <span class='ocr_line' id='line_1_70' title="bbox 241 4033 1850 4111; baseline -0.006 -12"><span class='ocrx_word' id='word_1_554' title='bbox 241 4041 564 4099; x_wconf 82' lang='lat' dir='ltr'><strong>mortiferos</strong></span> <span class='ocrx_word' id='word_1_555' title='bbox 604 4039 721 4109; x_wconf 89' lang='lat' dir='ltr'><strong>ejus</strong></span> <span class='ocrx_word' id='word_1_556' title='bbox 764 4038 992 4111; x_wconf 86' lang='lat' dir='ltr'><strong>pedibus</strong></span> <span class='ocrx_word' id='word_1_557' title='bbox 1039 4039 1260 4108; x_wconf 89' lang='lat' dir='ltr'><strong>laqueos</strong></span> <span class='ocrx_word' id='word_1_558' title='bbox 1297 4035 1602 4090; x_wconf 89' lang='lat' dir='ltr'><strong>involvunt.</strong></span> <span class='ocrx_word' id='word_1_559' title='bbox 1633 4033 1850 4089; x_wconf 89' lang='lat' dir='ltr'><strong>Peccati</strong></span> 
     </span>
    </p>
   </div>
   <div class='ocr_carea' id='block_1_71' title="bbox 242 4128 1849 4202">
    <p class='ocr_par' dir='ltr' id='par_1_71' title="bbox 242 4128 1849 4202">
     <span class='ocr_line' id='line_1_71' title="bbox 242 4128 1849 4202; baseline -0.002 -14"><span class='ocrx_word' id='word_1_560' title='bbox 242 4135 546 4192; x_wconf 56' lang='lat' dir='ltr'><strong>delectatio</strong></span> <span class='ocrx_word' id='word_1_561' title='bbox 576 4134 723 4189; x_wconf 91' lang='lat' dir='ltr'><strong>illam</strong></span> <span class='ocrx_word' id='word_1_562' title='bbox 777 4133 1053 4202; x_wconf 89' lang='lat' dir='ltr'><strong>illaqueat,</strong></span> <span class='ocrx_word' id='word_1_563' title='bbox 1084 4130 1293 4201; x_wconf 91' lang='lat' dir='ltr'><strong>peccati</strong></span> <span class='ocrx_word' id='word_1_564' title='bbox 1336 4145 1466 4186; x_wconf 84' lang='lat' dir='ltr'><strong>vero</strong></span> <span class='ocrx_word' id='word_1_565' title='bbox 1515 4128 1849 4200; x_wconf 87' lang='lat' dir='ltr'><strong>perpetratio</strong></span> 
     </span>
    </p>
   </div>
   <div class='ocr_carea' id='block_1_72' title="bbox 241 4219 1848 4298">
    <p class='ocr_par' dir='ltr' id='par_1_72' title="bbox 241 4219 1848 4298">
     <span class='ocr_line' id='line_1_72' title="bbox 241 4219 1848 4298; baseline -0.004 -17"><span class='ocrx_word' id='word_1_566' title='bbox 241 4228 400 4281; x_wconf 87' lang='lat' dir='ltr'><strong>illam</strong></span> <span class='ocrx_word' id='word_1_567' title='bbox 429 4224 753 4298; x_wconf 87' lang='lat' dir='ltr'><strong>pracipitat.</strong></span> <span class='ocrx_word' id='word_1_568' title='bbox 787 4223 1033 4291; x_wconf 88' lang='lat' dir='ltr'><strong>Quatuor</strong></span> <span class='ocrx_word' id='word_1_569' title='bbox 1080 4222 1331 4278; x_wconf 85' lang='lat' dir='ltr'><strong>secunda</strong></span> <span class='ocrx_word' id='word_1_570' title='bbox 1359 4221 1631 4276; x_wconf 86' lang='lat' dir='ltr'><strong>cathedra</strong></span> <span class='ocrx_word' id='word_1_571' title='bbox 1663 4219 1848 4290; x_wconf 90' lang='lat' dir='ltr'><strong>pedes,</strong></span> 
     </span>
    </p>
   </div>
   <div class='ocr_carea' id='block_1_73' title="bbox 238 4299 1852 4389">
    <p class='ocr_par' dir='ltr' id='par_1_73' title="bbox 238 4299 1852 4389">
     <span class='ocr_line' id='line_1_73' title="bbox 238 4299 1852 4389; baseline -0.004 -17"><span class='ocrx_word' id='word_1_572' title='bbox 238 4329 488 4389; x_wconf 70' lang='lat' dir='ltr'><strong>quatuor</strong></span> <span class='ocrx_word' id='word_1_573' title='bbox 534 4299 661 4375; x_wconf 48' lang='lat' dir='ltr'><strong>ﬂint</strong></span> <span class='ocrx_word' id='word_1_574' title='bbox 687 4315 992 4374; x_wconf 87' lang='lat' dir='ltr'><strong>cardinales</strong></span> <span class='ocrx_word' id='word_1_575' title='bbox 1042 4315 1292 4379; x_wconf 89' lang='lat' dir='ltr'><strong>virtutes,</strong></span> <span class='ocrx_word' id='word_1_576' title='bbox 1341 4313 1650 4384; x_wconf 90' lang='lat' dir='ltr'><strong>prudentia,</strong></span> <span class='ocrx_word' id='word_1_577' title='bbox 1697 4312 1852 4366; x_wconf 83' lang='lat' dir='ltr'><strong>forti-</strong></span> 
     </span>
    </p>
   </div>
   <div class='ocr_carea' id='block_1_74' title="bbox 241 4402 1852 4480">
    <p class='ocr_par' dir='ltr' id='par_1_74' title="bbox 241 4402 1852 4480">
     <span class='ocr_line' id='line_1_74' title="bbox 241 4402 1852 4480; baseline -0.005 -14"><span class='ocrx_word' id='word_1_578' title='bbox 241 4411 406 4477; x_wconf 89' lang='lat' dir='ltr'><strong>tudo,</strong></span> <span class='ocrx_word' id='word_1_579' title='bbox 425 4409 658 4480; x_wconf 88' lang='lat' dir='ltr'><strong>justitia,</strong></span> <span class='ocrx_word' id='word_1_580' title='bbox 692 4407 1069 4480; x_wconf 89' lang='lat' dir='ltr'><strong>temperantia.</strong></span> <span class='ocrx_word' id='word_1_581' title='bbox 1101 4405 1530 4462; x_wconf 84' lang='lat' dir='ltr'><strong>Reclinatorium</strong></span> <span class='ocrx_word' id='word_1_582' title='bbox 1555 4405 1692 4475; x_wconf 89' lang='lat' dir='ltr'><strong>ejus.</strong></span> <span class='ocrx_word' id='word_1_583' title='bbox 1720 4402 1852 4458; x_wconf 87' lang='lat' dir='ltr'><strong>dile-</strong></span> 
     </span>
    </p>
   </div>
   <div class='ocr_carea' id='block_1_75' title="bbox 243 4495 1850 4574">
    <p class='ocr_par' dir='ltr' id='par_1_75' title="bbox 243 4495 1850 4574">
     <span class='ocr_line' id='line_1_75' title="bbox 243 4495 1850 4574; baseline -0.007 -13"><span class='ocrx_word' id='word_1_584' title='bbox 243 4504 365 4562; x_wconf 88' lang='lat' dir='ltr'><strong>ctio</strong></span> <span class='ocrx_word' id='word_1_585' title='bbox 388 4503 503 4570; x_wconf 90' lang='lat' dir='ltr'><strong>Dei,</strong></span> <span class='ocrx_word' id='word_1_586' title='bbox 526 4502 797 4574; x_wconf 88' lang='lat' dir='ltr'><strong>pulvinar,</strong></span> <span class='ocrx_word' id='word_1_587' title='bbox 824 4499 1194 4556; x_wconf 90' lang='lat' dir='ltr'><strong>testimonium</strong></span> <span class='ocrx_word' id='word_1_588' title='bbox 1216 4497 1578 4555; x_wconf 84' lang='lat' dir='ltr'><strong>conscientia.</strong></span> <span class='ocrx_word' id='word_1_589' title='bbox 1606 4495 1850 4550; x_wconf 84' lang='lat' dir='ltr'><strong>Pruden-</strong></span> 
     </span>
    </p>
   </div>
   <div class='ocr_carea' id='block_1_76' title="bbox 1947 3297 3477 3372">
    <p class='ocr_par' dir='ltr' id='par_1_76' title="bbox 1947 3297 3477 3372">
     <span class='ocr_line' id='line_1_76' title="bbox 1947 3297 3477 3372; baseline 0.005 -19"><span class='ocrx_word' id='word_1_590' title='bbox 1947 3297 2228 3371; x_wconf 80' lang='lat' dir='ltr'><strong>prol‘unda</strong></span> <span class='ocrx_word' id='word_1_591' title='bbox 2255 3315 2425 3355; x_wconf 86' lang='lat' dir='ltr'><strong>sacra</strong></span> <span class='ocrx_word' id='word_1_592' title='bbox 2447 3299 2742 3372; x_wconf 88' lang='lat' dir='ltr'><strong>Scriptura</strong></span> <span class='ocrx_word' id='word_1_593' title='bbox 2763 3313 2994 3361; x_wconf 84' lang='lat' dir='ltr'><strong>ostensa</strong></span> <span class='ocrx_word' id='word_1_594' title='bbox 3020 3307 3306 3366; x_wconf 81' lang='lat' dir='ltr'><strong>sententia</strong></span> <span class='ocrx_word' id='word_1_595' title='bbox 3332 3315 3477 3362; x_wconf 91' lang='lat' dir='ltr'><strong>sunt.</strong></span> 
     </span>
    </p>
   </div>
   <div class='ocr_carea' id='block_1_77' title="bbox 2019 3389 3540 3460">
    <p class='ocr_par' dir='ltr' id='par_1_77' title="bbox 2019 3389 3540 3460">
     <span class='ocr_line' id='line_1_77' title="bbox 2019 3389 3540 3460; baseline 0.006 -15"><span class='ocrx_word' id='word_1_596' title='bbox 2019 3389 2221 3445; x_wconf 90' lang='lat' dir='ltr'><strong>Cauma</strong></span> <span class='ocrx_word' id='word_1_597' title='bbox 2245 3389 2395 3446; x_wconf 89' lang='lat' dir='ltr'><strong>zelus</strong></span> <span class='ocrx_word' id='word_1_598' title='bbox 2441 3401 2526 3448; x_wconf 91' lang='lat' dir='ltr'><strong>est</strong></span> <span class='ocrx_word' id='word_1_599' title='bbox 2559 3392 2706 3460; x_wconf 90' lang='lat' dir='ltr'><strong>ﬁdei,</strong></span> <span class='ocrx_word' id='word_1_600' title='bbox 2733 3404 2792 3450; x_wconf 91' lang='lat' dir='ltr'><strong>ut</strong></span> <span class='ocrx_word' id='word_1_601' title='bbox 2820 3397 2874 3451; x_wconf 92' lang='lat' dir='ltr'><strong>in</strong></span> <span class='ocrx_word' id='word_1_602' title='bbox 2904 3396 3005 3453; x_wconf 94' lang='lat' dir='ltr'><strong>Job</strong></span> <span class='ocrx_word' id='word_1_603' title='bbox 3032 3415 3046 3452; x_wconf 92' lang='lat'><strong>:</strong></span> <span class='ocrx_word' id='word_1_604' title='bbox 3077 3417 3096 3449; x_wconf 76' lang='grc' dir='ltr'><strong><em>ι</em></strong></span> <span class='ocrx_word' id='word_1_605' title='bbox 3134 3398 3270 3454; x_wconf 90' lang='lat' dir='ltr'><strong>Ossa</strong></span> <span class='ocrx_word' id='word_1_606' title='bbox 3302 3415 3423 3454; x_wconf 89' lang='lat' dir='ltr'><strong>mea</strong></span> <span class='ocrx_word' id='word_1_607' title='bbox 3449 3415 3540 3454; x_wconf 84' lang='lat' dir='ltr'><strong>ar-</strong></span> 
     </span>
    </p>
   </div>
   <div class='ocr_carea' id='block_1_78' title="bbox 1947 3486 3551 3556">
    <p class='ocr_par' dir='ltr' id='par_1_78' title="bbox 1947 3486 3551 3556">
     <span class='ocr_line' id='line_1_78' title="bbox 1947 3486 3551 3556; baseline 0.007 -19"><span class='ocrx_word' id='word_1_608' title='bbox 1947 3491 2146 3537; x_wconf 87' lang='lat' dir='ltr'><strong>verunt</strong></span> <span class='ocrx_word' id='word_1_609' title='bbox 2174 3498 2285 3553; x_wconf 85' lang='lat' dir='ltr'><strong>pra</strong></span> <span class='ocrx_word' id='word_1_610' title='bbox 2312 3493 2561 3540; x_wconf 90' lang='lat' dir='ltr'><strong>caumate</strong></span> <span class='ocrx_word' id='word_1_611' title='bbox 2593 3486 2657 3554; x_wconf 72' lang='grc'><strong>’⁷,</strong></span> <span class='ocrx_word' id='word_1_612' title='bbox 2688 3507 2708 3539; x_wconf 75' lang='grc' dir='ltr'><strong><em>ι</em></strong></span> <span class='ocrx_word' id='word_1_613' title='bbox 2738 3487 2794 3544; x_wconf 91' lang='lat' dir='ltr'><strong>id</strong></span> <span class='ocrx_word' id='word_1_614' title='bbox 2819 3496 2922 3556; x_wconf 85' lang='lat' dir='ltr'><strong>est,</strong></span> <span class='ocrx_word' id='word_1_615' title='bbox 2954 3489 3184 3548; x_wconf 87' lang='lat' dir='ltr'><strong>virtutes</strong></span> <span class='ocrx_word' id='word_1_616' title='bbox 3209 3505 3346 3548; x_wconf 87' lang='lat' dir='ltr'><strong>mea</strong></span> <span class='ocrx_word' id='word_1_617' title='bbox 3371 3508 3551 3549; x_wconf 86' lang='lat' dir='ltr'><strong>emar-</strong></span> 
     </span>
    </p>
   </div>
   <div class='ocr_carea' id='block_1_79' title="bbox 1949 3577 2622 3646">
    <p class='ocr_par' dir='ltr' id='par_1_79' title="bbox 1949 3577 2622 3646">
     <span class='ocr_line' id='line_1_79' title="bbox 1949 3577 2622 3646; baseline 0.004 -15"><span class='ocrx_word' id='word_1_618' title='bbox 1949 3586 2179 3631; x_wconf 88' lang='lat' dir='ltr'><strong>cuerunt</strong></span> <span class='ocrx_word' id='word_1_619' title='bbox 2204 3591 2304 3646; x_wconf 91' lang='lat' dir='ltr'><strong>pro</strong></span> <span class='ocrx_word' id='word_1_620' title='bbox 2333 3577 2451 3632; x_wconf 89' lang='lat' dir='ltr'><strong>zelo</strong></span> <span class='ocrx_word' id='word_1_621' title='bbox 2483 3593 2622 3634; x_wconf 90' lang='lat' dir='ltr'><strong>meo.</strong></span> 
     </span>
    </p>
   </div>
   <div class='ocr_carea' id='block_1_80' title="bbox 2021 3668 3550 3747">
    <p class='ocr_par' dir='ltr' id='par_1_80' title="bbox 2021 3668 3550 3747">
     <span class='ocr_line' id='line_1_80' title="bbox 2021 3668 3550 3747; baseline 0.006 -23"><span class='ocrx_word' id='word_1_622' title='bbox 2021 3668 2207 3725; x_wconf 83' lang='lat' dir='ltr'><strong>Cauda</strong></span> <span class='ocrx_word' id='word_1_623' title='bbox 2228 3679 2315 3726; x_wconf 85' lang='lat' dir='ltr'><strong>est</strong></span> <span class='ocrx_word' id='word_1_624' title='bbox 2333 3671 2760 3741; x_wconf 89' lang='lat' dir='ltr'><strong>perseverantia,</strong></span> <span class='ocrx_word' id='word_1_625' title='bbox 2793 3682 2854 3729; x_wconf 94' lang='lat' dir='ltr'><strong>ut</strong></span> <span class='ocrx_word' id='word_1_626' title='bbox 2875 3674 2931 3729; x_wconf 92' lang='lat' dir='ltr'><strong>in</strong></span> <span class='ocrx_word' id='word_1_627' title='bbox 2949 3673 3089 3747; x_wconf 89' lang='lat' dir='ltr'><strong>lege,</strong></span> <span class='ocrx_word' id='word_1_628' title='bbox 3107 3674 3330 3744; x_wconf 90' lang='lat' dir='ltr'><strong>jubetur</strong></span> <span class='ocrx_word' id='word_1_629' title='bbox 3349 3679 3368 3698; x_wconf 83' lang='lat'><strong><em>‘</em></strong></span> <span class='ocrx_word' id='word_1_630' title='bbox 3394 3677 3442 3728; x_wconf 75' lang='grc'><strong>⁸³.</strong></span> <span class='ocrx_word' id='word_1_631' title='bbox 3459 3693 3550 3732; x_wconf 88' lang='lat' dir='ltr'><strong>au-</strong></span> 
     </span>
    </p>
   </div>
   <div class='ocr_carea' id='block_1_81' title="bbox 1949 3763 3549 3839">
    <p class='ocr_par' dir='ltr' id='par_1_81' title="bbox 1949 3763 3549 3839">
     <span class='ocr_line' id='line_1_81' title="bbox 1949 3763 3549 3839; baseline 0.003 -19"><span class='ocrx_word' id='word_1_632' title='bbox 1949 3763 2084 3820; x_wconf 80' lang='lat' dir='ltr'><strong>ferri</strong></span> <span class='ocrx_word' id='word_1_633' title='bbox 2113 3763 2167 3818; x_wconf 90' lang='lat' dir='ltr'><strong>in</strong></span> <span class='ocrx_word' id='word_1_634' title='bbox 2214 3765 2505 3830; x_wconf 88' lang='lat' dir='ltr'><strong>sacriﬁcio,</strong></span> <span class='ocrx_word' id='word_1_635' title='bbox 2561 3766 2704 3836; x_wconf 88' lang='lat' dir='ltr'><strong>quod</strong></span> <span class='ocrx_word' id='word_1_636' title='bbox 2750 3766 3016 3823; x_wconf 91' lang='lat' dir='ltr'><strong>habeatur</strong></span> <span class='ocrx_word' id='word_1_637' title='bbox 3061 3771 3464 3839; x_wconf 89' lang='lat' dir='ltr'><strong>perseverantia</strong></span> <span class='ocrx_word' id='word_1_638' title='bbox 3494 3771 3549 3825; x_wconf 92' lang='lat' dir='ltr'><strong>in</strong></span> 
     </span>
    </p>
   </div>
   <div class='ocr_carea' id='block_1_82' title="bbox 1953 3843 3550 3932">
    <p class='ocr_par' dir='ltr' id='par_1_82' title="bbox 1953 3843 3550 3932">
     <span class='ocr_line' id='line_1_82' title="bbox 1953 3843 3550 3932; baseline 0.004 -22"><span class='ocrx_word' id='word_1_639' title='bbox 1953 3856 2100 3910; x_wconf 92' lang='lat' dir='ltr'><strong>bono</strong></span> <span class='ocrx_word' id='word_1_640' title='bbox 2139 3869 2324 3926; x_wconf 90' lang='lat' dir='ltr'><strong>opere.</strong></span> <span class='ocrx_word' id='word_1_641' title='bbox 2357 3853 2543 3909; x_wconf 86' lang='lat' dir='ltr'><strong>Cauda</strong></span> <span class='ocrx_word' id='word_1_642' title='bbox 2573 3858 2947 3926; x_wconf 92' lang='lat' dir='ltr'><strong>opprobrium,</strong></span> <span class='ocrx_word' id='word_1_643' title='bbox 2981 3867 3042 3912; x_wconf 92' lang='lat' dir='ltr'><strong>ut</strong></span> <span class='ocrx_word' id='word_1_644' title='bbox 3091 3860 3146 3914; x_wconf 92' lang='lat' dir='ltr'><strong>in</strong></span> <span class='ocrx_word' id='word_1_645' title='bbox 3195 3843 3343 3932; x_wconf 87' lang='lat' dir='ltr'><strong>lege:</strong></span> <span class='ocrx_word' id='word_1_646' title='bbox 3397 3879 3416 3912; x_wconf 87' lang='grc'><strong>‹</strong></span> <span class='ocrx_word' id='word_1_647' title='bbox 3468 3859 3550 3916; x_wconf 82' lang='lat' dir='ltr'><strong>Tu</strong></span> 
     </span>
    </p>
   </div>
   <div class='ocr_carea' id='block_1_83' title="bbox 1950 3945 3548 4020">
    <p class='ocr_par' dir='ltr' id='par_1_83' title="bbox 1950 3945 3548 4020">
     <span class='ocr_line' id='line_1_83' title="bbox 1950 3945 3548 4020; baseline 0.002 -19"><span class='ocrx_word' id='word_1_648' title='bbox 1950 3945 2058 4001; x_wconf 89' lang='lat' dir='ltr'><strong>eris</strong></span> <span class='ocrx_word' id='word_1_649' title='bbox 2085 3946 2138 3998; x_wconf 91' lang='lat' dir='ltr'><strong>in</strong></span> <span class='ocrx_word' id='word_1_650' title='bbox 2161 3946 2391 4000; x_wconf 89' lang='lat' dir='ltr'><strong>caudam</strong></span> <span class='ocrx_word' id='word_1_651' title='bbox 2416 3945 2480 4010; x_wconf 78' lang='grc'><strong>¹⁹,</strong></span> <span class='ocrx_word' id='word_1_652' title='bbox 2513 3966 2530 3998; x_wconf 73' lang='grc' dir='ltr'><strong><em>ο</em></strong></span> <span class='ocrx_word' id='word_1_653' title='bbox 2560 3945 2613 4000; x_wconf 89' lang='lat' dir='ltr'><strong>id</strong></span> <span class='ocrx_word' id='word_1_654' title='bbox 2636 3957 2740 4011; x_wconf 90' lang='lat' dir='ltr'><strong>est,</strong></span> <span class='ocrx_word' id='word_1_655' title='bbox 2769 3947 2824 4001; x_wconf 90' lang='lat' dir='ltr'><strong>in</strong></span> <span class='ocrx_word' id='word_1_656' title='bbox 2855 3948 3203 4018; x_wconf 88' lang='lat' dir='ltr'><strong>opprobrium</strong></span> <span class='ocrx_word' id='word_1_657' title='bbox 3227 3958 3283 4004; x_wconf 88' lang='lat' dir='ltr'><strong>et</strong></span> <span class='ocrx_word' id='word_1_658' title='bbox 3317 3950 3548 4020; x_wconf 90' lang='lat' dir='ltr'><strong>ignomi-</strong></span> 
     </span>
    </p>
   </div>
   <div class='ocr_carea' id='block_1_84' title="bbox 1950 4037 3551 4106">
    <p class='ocr_par' dir='ltr' id='par_1_84' title="bbox 1950 4037 3551 4106">
     <span class='ocr_line' id='line_1_84' title="bbox 1950 4037 3551 4106; baseline 0.002 -12"><span class='ocrx_word' id='word_1_659' title='bbox 1950 4039 2118 4094; x_wconf 88' lang='lat' dir='ltr'><strong>niam.</strong></span> <span class='ocrx_word' id='word_1_660' title='bbox 2158 4037 2366 4105; x_wconf 87' lang='lat' dir='ltr'><strong>Cauda,</strong></span> <span class='ocrx_word' id='word_1_661' title='bbox 2397 4040 2522 4094; x_wconf 83' lang='lat' dir='ltr'><strong>ﬁnis</strong></span> <span class='ocrx_word' id='word_1_662' title='bbox 2570 4039 2776 4106; x_wconf 66' lang='lat' dir='ltr'><strong>saeculi,</strong></span> <span class='ocrx_word' id='word_1_663' title='bbox 2804 4049 2863 4095; x_wconf 93' lang='lat' dir='ltr'><strong>ut</strong></span> <span class='ocrx_word' id='word_1_664' title='bbox 2913 4041 2965 4095; x_wconf 90' lang='lat' dir='ltr'><strong>in</strong></span> <span class='ocrx_word' id='word_1_665' title='bbox 2997 4041 3220 4097; x_wconf 78' lang='lat' dir='ltr'><strong>Exodo:</strong></span> <span class='ocrx_word' id='word_1_666' title='bbox 3251 4061 3269 4094; x_wconf 72' lang='grc' dir='ltr'>ι</span> <span class='ocrx_word' id='word_1_667' title='bbox 3309 4042 3551 4098; x_wconf 75' lang='lat' dir='ltr'><strong>Extende</strong></span> 
     </span>
    </p>
   </div>
   <div class='ocr_carea' id='block_1_85' title="bbox 1950 4130 3550 4204">
    <p class='ocr_par' dir='ltr' id='par_1_85' title="bbox 1950 4130 3550 4204">
     <span class='ocr_line' id='line_1_85' title="bbox 1950 4130 3550 4204; baseline 0.003 -19"><span class='ocrx_word' id='word_1_668' title='bbox 1950 4146 2172 4185; x_wconf 91' lang='lat' dir='ltr'><strong>manum</strong></span> <span class='ocrx_word' id='word_1_669' title='bbox 2204 4138 2372 4198; x_wconf 92' lang='lat' dir='ltr'><strong>tuam,</strong></span> <span class='ocrx_word' id='word_1_670' title='bbox 2401 4139 2458 4184; x_wconf 90' lang='lat' dir='ltr'><strong>et</strong></span> <span class='ocrx_word' id='word_1_671' title='bbox 2486 4131 2831 4201; x_wconf 90' lang='lat' dir='ltr'><strong>apprehende</strong></span> <span class='ocrx_word' id='word_1_672' title='bbox 2854 4131 3084 4186; x_wconf 91' lang='lat' dir='ltr'><strong>caudam</strong></span> <span class='ocrx_word' id='word_1_673' title='bbox 3109 4130 3225 4201; x_wconf 86' lang='lat' dir='ltr'><strong>ejus</strong></span> <span class='ocrx_word' id='word_1_674' title='bbox 3254 4133 3324 4200; x_wconf 87' lang='grc'><strong>²⁰,</strong></span> <span class='ocrx_word' id='word_1_675' title='bbox 3354 4153 3371 4185; x_wconf 72' lang='grc' dir='ltr'><strong><em>ι</em></strong></span> <span class='ocrx_word' id='word_1_676' title='bbox 3405 4134 3550 4204; x_wconf 85' lang='lat' dir='ltr'><strong>quod</strong></span> 
     </span>
    </p>
   </div>
   <div class='ocr_carea' id='block_1_86' title="bbox 1951 4224 3547 4296">
    <p class='ocr_par' dir='ltr' id='par_1_86' title="bbox 1951 4224 3547 4296">
     <span class='ocr_line' id='line_1_86' title="bbox 1951 4224 3547 4296; baseline 0 -16"><span class='ocrx_word' id='word_1_677' title='bbox 1951 4225 2006 4280; x_wconf 92' lang='lat' dir='ltr'><strong>in</strong></span> <span class='ocrx_word' id='word_1_678' title='bbox 2031 4225 2138 4281; x_wconf 91' lang='lat' dir='ltr'><strong>ﬁne</strong></span> <span class='ocrx_word' id='word_1_679' title='bbox 2163 4224 2345 4280; x_wconf 82' lang='lat' dir='ltr'><strong>saeculi</strong></span> <span class='ocrx_word' id='word_1_680' title='bbox 2363 4239 2460 4296; x_wconf 79' lang='lat' dir='ltr'><strong>per</strong></span> <span class='ocrx_word' id='word_1_681' title='bbox 2482 4224 2720 4296; x_wconf 90' lang='lat' dir='ltr'><strong>gratiam</strong></span> <span class='ocrx_word' id='word_1_682' title='bbox 2748 4240 2902 4280; x_wconf 90' lang='lat' dir='ltr'><strong>suam</strong></span> <span class='ocrx_word' id='word_1_683' title='bbox 2924 4226 3072 4281; x_wconf 89' lang='lat' dir='ltr'><strong>dabit</strong></span> <span class='ocrx_word' id='word_1_684' title='bbox 3093 4224 3312 4281; x_wconf 86' lang='lat' dir='ltr'><strong>Judais.</strong></span> <span class='ocrx_word' id='word_1_685' title='bbox 3340 4226 3547 4294; x_wconf 85' lang='lat' dir='ltr'><strong>Cauda,</strong></span> 
     </span>
    </p>
   </div>
   <div class='ocr_carea' id='block_1_87' title="bbox 1950 4317 3548 4391">
    <p class='ocr_par' dir='ltr' id='par_1_87' title="bbox 1950 4317 3548 4391">
     <span class='ocr_line' id='line_1_87' title="bbox 1950 4317 3548 4391; baseline 0 -17"><span class='ocrx_word' id='word_1_686' title='bbox 1950 4319 2346 4383; x_wconf 86' lang='lat' dir='ltr'><strong>Antichristus,</strong></span> <span class='ocrx_word' id='word_1_687' title='bbox 2387 4327 2447 4374; x_wconf 93' lang='lat' dir='ltr'><strong>ut</strong></span> <span class='ocrx_word' id='word_1_688' title='bbox 2481 4318 2535 4373; x_wconf 93' lang='lat' dir='ltr'><strong>in</strong></span> <span class='ocrx_word' id='word_1_689' title='bbox 2585 4317 2724 4374; x_wconf 92' lang='lat' dir='ltr'><strong>Job:</strong></span> <span class='ocrx_word' id='word_1_690' title='bbox 2753 4338 2770 4371; x_wconf 77' lang='grc' dir='ltr'>ι</span> <span class='ocrx_word' id='word_1_691' title='bbox 2821 4318 3064 4391; x_wconf 90' lang='lat' dir='ltr'><strong>Stringet</strong></span> <span class='ocrx_word' id='word_1_692' title='bbox 3113 4319 3342 4376; x_wconf 89' lang='lat' dir='ltr'><strong>caudam</strong></span> <span class='ocrx_word' id='word_1_693' title='bbox 3396 4335 3548 4374; x_wconf 92' lang='lat' dir='ltr'><strong>suam</strong></span> 
     </span>
    </p>
   </div>
   <div class='ocr_carea' id='block_1_88' title="bbox 1951 4410 3548 4484">
    <p class='ocr_par' dir='ltr' id='par_1_88' title="bbox 1951 4410 3548 4484">
     <span class='ocr_line' id='line_1_88' title="bbox 1951 4410 3548 4484; baseline -0.001 -17"><span class='ocrx_word' id='word_1_694' title='bbox 1951 4413 2107 4484; x_wconf 90' lang='lat' dir='ltr'><strong>quasi</strong></span> <span class='ocrx_word' id='word_1_695' title='bbox 2147 4411 2367 4468; x_wconf 88' lang='lat' dir='ltr'><strong>cedrum</strong></span> <span class='ocrx_word' id='word_1_696' title='bbox 2391 4411 2460 4478; x_wconf 83' lang='grc'><strong>¹¹,</strong></span> <span class='ocrx_word' id='word_1_697' title='bbox 2494 4431 2514 4462; x_wconf 73' lang='grc' dir='ltr'><strong><em>ι</em></strong></span> <span class='ocrx_word' id='word_1_698' title='bbox 2541 4410 2686 4482; x_wconf 88' lang='lat' dir='ltr'><strong>quod</strong></span> <span class='ocrx_word' id='word_1_699' title='bbox 2727 4410 2880 4466; x_wconf 90' lang='lat' dir='ltr'><strong>illum</strong></span> <span class='ocrx_word' id='word_1_700' title='bbox 2906 4411 3222 4466; x_wconf 89' lang='lat' dir='ltr'><strong>damnatum</strong></span> <span class='ocrx_word' id='word_1_701' title='bbox 3271 4410 3548 4466; x_wconf 88' lang='lat' dir='ltr'><strong>hominem</strong></span> 
     </span>
    </p>
   </div>
   <div class='ocr_carea' id='block_1_89' title="bbox 1956 4501 3550 4560">
    <p class='ocr_par' dir='ltr' id='par_1_89' title="bbox 1956 4501 3550 4560">
     <span class='ocr_line' id='line_1_89' title="bbox 1956 4501 3550 4560; baseline -0.001 -1"><span class='ocrx_word' id='word_1_702' title='bbox 1956 4505 2010 4560; x_wconf 93' lang='lat' dir='ltr'><strong>in</strong></span> <span class='ocrx_word' id='word_1_703' title='bbox 2034 4504 2328 4559; x_wconf 81' lang='lat' dir='ltr'><strong>maximam</strong></span> <span class='ocrx_word' id='word_1_704' title='bbox 2355 4501 2695 4558; x_wconf 89' lang='lat' dir='ltr'><strong>altitudinem</strong></span> <span class='ocrx_word' id='word_1_705' title='bbox 2738 4501 2989 4558; x_wconf 90' lang='lat' dir='ltr'><strong>elevabit.</strong></span> <span class='ocrx_word' id='word_1_706' title='bbox 3021 4502 3127 4559; x_wconf 88' lang='lat' dir='ltr'><strong>Per</strong></span> <span class='ocrx_word' id='word_1_707' title='bbox 3149 4502 3374 4557; x_wconf 87' lang='lat' dir='ltr'><strong>caudam</strong></span> <span class='ocrx_word' id='word_1_708' title='bbox 3398 4503 3550 4559; x_wconf 88' lang='lat' dir='ltr'><strong>blan-</strong></span> 
     </span>
    </p>
   </div>
   <div class='ocr_carea' id='block_1_90' title="bbox 245 4557 3548 4667">
    <p class='ocr_par' dir='ltr' id='par_1_90' title="bbox 245 4557 3548 4667">
     <span class='ocr_line' id='line_1_90' title="bbox 245 4557 3548 4667; baseline -0.002 -14"><span class='ocrx_word' id='word_1_709' title='bbox 245 4599 334 4654; x_wconf 89' lang='lat' dir='ltr'><strong>tia</strong></span> <span class='ocrx_word' id='word_1_710' title='bbox 369 4557 503 4667; x_wconf 41' lang='lat' dir='ltr'><strong>qua,</strong></span> <span class='ocrx_word' id='word_1_711' title='bbox 529 4557 836 4658; x_wconf 71' lang='lat' dir='ltr'><strong>rilluminat,</strong></span> <span class='ocrx_word' id='word_1_712' title='bbox 886 4591 1145 4649; x_wconf 86' lang='lat' dir='ltr'><strong>fortitudo</strong></span> <span class='ocrx_word' id='word_1_713' title='bbox 1174 4608 1294 4662; x_wconf 84' lang='lat' dir='ltr'><strong>qua</strong></span> <span class='ocrx_word' id='word_1_714' title='bbox 1345 4589 1606 4655; x_wconf 90' lang='lat' dir='ltr'><strong>roborat,</strong></span> <span class='ocrx_word' id='word_1_715' title='bbox 1637 4587 1847 4658; x_wconf 88' lang='lat' dir='ltr'><strong>justitia</strong></span> <span class='ocrx_word' id='word_1_716' title='bbox 1874 4557 1929 4618; x_wconf 70' lang='grc' dir='ltr'><strong>Β</strong></span> <span class='ocrx_word' id='word_1_717' title='bbox 1954 4594 2214 4660; x_wconf 83' lang='lat' dir='ltr'><strong>dimenta,</strong></span> <span class='ocrx_word' id='word_1_718' title='bbox 2245 4602 2302 4648; x_wconf 88' lang='lat' dir='ltr'><strong>ut</strong></span> <span class='ocrx_word' id='word_1_719' title='bbox 2336 4593 2391 4648; x_wconf 88' lang='lat' dir='ltr'><strong>in</strong></span> <span class='ocrx_word' id='word_1_720' title='bbox 2412 4592 2768 4665; x_wconf 87' lang='lat' dir='ltr'><strong>Apocalypsi:</strong></span> <span class='ocrx_word' id='word_1_721' title='bbox 2798 4611 2816 4644; x_wconf 76' lang='grc'><strong>1</strong></span> <span class='ocrx_word' id='word_1_722' title='bbox 2852 4593 3154 4650; x_wconf 86' lang='lat' dir='ltr'><strong>Potestates</strong></span> <span class='ocrx_word' id='word_1_723' title='bbox 3191 4607 3451 4663; x_wconf 90' lang='lat' dir='ltr'><strong>equorum</strong></span> <span class='ocrx_word' id='word_1_724' title='bbox 3494 4593 3548 4648; x_wconf 91' lang='lat' dir='ltr'><strong>in</strong></span> 
     </span>
    </p>
   </div>
   <div class='ocr_carea' id='block_1_91' title="bbox 245 4679 1850 4762">
    <p class='ocr_par' dir='ltr' id='par_1_91' title="bbox 245 4679 1850 4762">
     <span class='ocr_line' id='line_1_91' title="bbox 245 4679 1850 4762; baseline -0.007 -16"><span class='ocrx_word' id='word_1_725' title='bbox 245 4704 378 4762; x_wconf 86' lang='lat' dir='ltr'><strong>qua</strong></span> <span class='ocrx_word' id='word_1_726' title='bbox 401 4695 648 4752; x_wconf 77' lang='lat' dir='ltr'><strong>exornat,</strong></span> <span class='ocrx_word' id='word_1_727' title='bbox 697 4685 1050 4757; x_wconf 88' lang='lat' dir='ltr'><strong>temperantia</strong></span> <span class='ocrx_word' id='word_1_728' title='bbox 1099 4700 1220 4754; x_wconf 81' lang='lat' dir='ltr'><strong>qua</strong></span> <span class='ocrx_word' id='word_1_729' title='bbox 1266 4682 1561 4738; x_wconf 87' lang='lat' dir='ltr'><strong>modiﬁcat.</strong></span> <span class='ocrx_word' id='word_1_730' title='bbox 1622 4679 1850 4735; x_wconf 90' lang='lat' dir='ltr'><strong>Dilectio</strong></span> 
     </span>
    </p>
   </div>
   <div class='ocr_carea' id='block_1_92' title="bbox 249 4771 1849 4850">
    <p class='ocr_par' dir='ltr' id='par_1_92' title="bbox 249 4771 1849 4850">
     <span class='ocr_line' id='line_1_92' title="bbox 249 4771 1849 4850; baseline -0.006 -14"><span class='ocrx_word' id='word_1_731' title='bbox 249 4780 355 4836; x_wconf 89' lang='lat' dir='ltr'><strong>Dei</strong></span> <span class='ocrx_word' id='word_1_732' title='bbox 401 4795 519 4850; x_wconf 88' lang='lat' dir='ltr'><strong>qua</strong></span> <span class='ocrx_word' id='word_1_733' title='bbox 570 4777 807 4834; x_wconf 72' lang='lat' dir='ltr'><strong>laetiﬁcat</strong></span> <span class='ocrx_word' id='word_1_734' title='bbox 834 4819 850 4845; x_wconf 92' lang='lat'><strong>,</strong></span> <span class='ocrx_word' id='word_1_735' title='bbox 907 4776 1272 4832; x_wconf 90' lang='lat' dir='ltr'><strong>testimonium</strong></span> <span class='ocrx_word' id='word_1_736' title='bbox 1317 4774 1662 4830; x_wconf 82' lang='lat' dir='ltr'><strong>conscientia</strong></span> <span class='ocrx_word' id='word_1_737' title='bbox 1703 4771 1849 4844; x_wconf 87' lang='lat' dir='ltr'><strong>quod</strong></span> 
     </span>
    </p>
   </div>
   <div class='ocr_carea' id='block_1_93' title="bbox 249 4869 1847 4943">
    <p class='ocr_par' dir='ltr' id='par_1_93' title="bbox 249 4869 1847 4943">
     <span class='ocr_line' id='line_1_93' title="bbox 249 4869 1847 4943; baseline -0.003 -16"><span class='ocrx_word' id='word_1_738' title='bbox 249 4872 595 4943; x_wconf 85' lang='lat' dir='ltr'><strong>trauquillat.</strong></span> <span class='ocrx_word' id='word_1_739' title='bbox 625 4872 684 4926; x_wconf 92' lang='lat' dir='ltr'><strong>lu</strong></span> <span class='ocrx_word' id='word_1_740' title='bbox 717 4871 977 4926; x_wconf 85' lang='lat' dir='ltr'><strong>cathedra</strong></span> <span class='ocrx_word' id='word_1_741' title='bbox 1007 4871 1166 4926; x_wconf 89' lang='lat' dir='ltr'><strong>tertia</strong></span> <span class='ocrx_word' id='word_1_742' title='bbox 1212 4878 1446 4940; x_wconf 92' lang='lat' dir='ltr'><strong>quatuor</strong></span> <span class='ocrx_word' id='word_1_743' title='bbox 1489 4869 1653 4939; x_wconf 85' lang='lat' dir='ltr'><strong>pedes</strong></span> <span class='ocrx_word' id='word_1_744' title='bbox 1699 4877 1847 4934; x_wconf 90' lang='lat' dir='ltr'><strong>sunt,</strong></span> 
     </span>
    </p>
   </div>
   <div class='ocr_carea' id='block_1_94' title="bbox 249 4959 1848 5032">
    <p class='ocr_par' dir='ltr' id='par_1_94' title="bbox 249 4959 1848 5032">
     <span class='ocr_line' id='line_1_94' title="bbox 249 4959 1848 5032; baseline -0.001 -14"><span class='ocrx_word' id='word_1_745' title='bbox 249 4962 560 5019; x_wconf 85' lang='lat' dir='ltr'><strong>electorum</strong></span> <span class='ocrx_word' id='word_1_746' title='bbox 589 4962 801 5018; x_wconf 91' lang='lat' dir='ltr'><strong>scilicet</strong></span> <span class='ocrx_word' id='word_1_747' title='bbox 827 4962 1080 5026; x_wconf 83' lang='lat' dir='ltr'><strong>essentia,</strong></span> <span class='ocrx_word' id='word_1_748' title='bbox 1116 4961 1383 5032; x_wconf 88' lang='lat' dir='ltr'><strong>potentia,</strong></span> <span class='ocrx_word' id='word_1_749' title='bbox 1435 4960 1683 5025; x_wconf 89' lang='lat' dir='ltr'><strong>scientia,</strong></span> <span class='ocrx_word' id='word_1_750' title='bbox 1717 4959 1848 5016; x_wconf 86' lang='lat' dir='ltr'><strong>dile-</strong></span> 
     </span>
    </p>
   </div>
   <div class='ocr_carea' id='block_1_95' title="bbox 251 5050 1849 5126">
    <p class='ocr_par' dir='ltr' id='par_1_95' title="bbox 251 5050 1849 5126">
     <span class='ocr_line' id='line_1_95' title="bbox 251 5050 1849 5126; baseline -0.006 -12"><span class='ocrx_word' id='word_1_751' title='bbox 251 5058 391 5114; x_wconf 90' lang='lat' dir='ltr'><strong>ctio.</strong></span> <span class='ocrx_word' id='word_1_752' title='bbox 427 5055 872 5121; x_wconf 80' lang='lat' dir='ltr'><strong>Reclinatorium,</strong></span> <span class='ocrx_word' id='word_1_753' title='bbox 903 5054 1194 5126; x_wconf 70' lang='lat' dir='ltr'><strong>praesentia</strong></span> <span class='ocrx_word' id='word_1_754' title='bbox 1221 5053 1418 5108; x_wconf 87' lang='lat' dir='ltr'><strong>divina</strong></span> <span class='ocrx_word' id='word_1_755' title='bbox 1447 5052 1690 5107; x_wconf 90' lang='lat' dir='ltr'><strong>visionis.</strong></span> <span class='ocrx_word' id='word_1_756' title='bbox 1723 5050 1849 5106; x_wconf 92' lang='lat' dir='ltr'><strong>Pul-</strong></span> 
     </span>
    </p>
   </div>
   <div class='ocr_carea' id='block_1_96' title="bbox 251 5146 1848 5222">
    <p class='ocr_par' dir='ltr' id='par_1_96' title="bbox 251 5146 1848 5222">
     <span class='ocr_line' id='line_1_96' title="bbox 251 5146 1848 5222; baseline -0.004 -15"><span class='ocrx_word' id='word_1_757' title='bbox 251 5153 440 5218; x_wconf 83' lang='lat' dir='ltr'><strong>vinar,</strong></span> <span class='ocrx_word' id='word_1_758' title='bbox 479 5167 587 5222; x_wconf 79' lang='lat' dir='ltr'><strong>pax</strong></span> <span class='ocrx_word' id='word_1_759' title='bbox 613 5165 824 5206; x_wconf 89' lang='lat' dir='ltr'><strong>summa</strong></span> <span class='ocrx_word' id='word_1_760' title='bbox 869 5149 1088 5219; x_wconf 89' lang='lat' dir='ltr'><strong>quietis.</strong></span> <span class='ocrx_word' id='word_1_761' title='bbox 1122 5147 1274 5204; x_wconf 92' lang='lat' dir='ltr'><strong>Tunc</strong></span> <span class='ocrx_word' id='word_1_762' title='bbox 1321 5162 1555 5217; x_wconf 91' lang='lat' dir='ltr'><strong>namque</strong></span> <span class='ocrx_word' id='word_1_763' title='bbox 1580 5146 1848 5202; x_wconf 87' lang='lat' dir='ltr'><strong>veraciter</strong></span> 
     </span>
    </p>
   </div>
   <div class='ocr_carea' id='block_1_97' title="bbox 253 5244 1846 5316">
    <p class='ocr_par' dir='ltr' id='par_1_97' title="bbox 253 5244 1846 5316">
     <span class='ocr_line' id='line_1_97' title="bbox 253 5244 1846 5316; baseline -0.004 -13"><span class='ocrx_word' id='word_1_764' title='bbox 253 5245 420 5304; x_wconf 88' lang='lat' dir='ltr'><strong>electi</strong></span> <span class='ocrx_word' id='word_1_765' title='bbox 457 5253 635 5311; x_wconf 90' lang='lat' dir='ltr'><strong>erunt,</strong></span> <span class='ocrx_word' id='word_1_766' title='bbox 693 5254 965 5316; x_wconf 91' lang='lat' dir='ltr'><strong>poterunt,</strong></span> <span class='ocrx_word' id='word_1_767' title='bbox 1011 5245 1204 5310; x_wconf 86' lang='lat' dir='ltr'><strong>scient,</strong></span> <span class='ocrx_word' id='word_1_768' title='bbox 1259 5245 1540 5309; x_wconf 88' lang='lat' dir='ltr'><strong>amabunt,</strong></span> <span class='ocrx_word' id='word_1_769' title='bbox 1570 5244 1846 5310; x_wconf 89' lang='lat' dir='ltr'><strong>videbunt,</strong></span> 
     </span>
    </p>
   </div>
   <div class='ocr_carea' id='block_1_98' title="bbox 254 5336 1852 5408">
    <p class='ocr_par' dir='ltr' id='par_1_98' title="bbox 254 5336 1852 5408">
     <span class='ocr_line' id='line_1_98' title="bbox 254 5336 1852 5408; baseline -0.002 -15"><span class='ocrx_word' id='word_1_770' title='bbox 254 5338 624 5408; x_wconf 87' lang='lat' dir='ltr'><strong>requiescent,</strong></span> <span class='ocrx_word' id='word_1_771' title='bbox 677 5347 839 5394; x_wconf 91' lang='lat' dir='ltr'><strong>erunt</strong></span> <span class='ocrx_word' id='word_1_772' title='bbox 895 5337 1013 5393; x_wconf 89' lang='lat' dir='ltr'><strong>sine</strong></span> <span class='ocrx_word' id='word_1_773' title='bbox 1055 5337 1403 5401; x_wconf 89' lang='lat' dir='ltr'><strong>mortalitate,</strong></span> <span class='ocrx_word' id='word_1_774' title='bbox 1453 5344 1708 5406; x_wconf 91' lang='lat' dir='ltr'><strong>poterunt</strong></span> <span class='ocrx_word' id='word_1_775' title='bbox 1733 5336 1852 5390; x_wconf 89' lang='lat' dir='ltr'><strong>sine</strong></span> 
     </span>
    </p>
   </div>
   <div class='ocr_carea' id='block_1_99' title="bbox 257 5426 1849 5498">
    <p class='ocr_par' dir='ltr' id='par_1_99' title="bbox 257 5426 1849 5498">
     <span class='ocr_line' id='line_1_99' title="bbox 257 5426 1849 5498; baseline -0.001 -12"><span class='ocrx_word' id='word_1_776' title='bbox 257 5428 560 5498; x_wconf 88' lang='lat' dir='ltr'><strong>debilitate,</strong></span> <span class='ocrx_word' id='word_1_777' title='bbox 587 5431 761 5487; x_wconf 90' lang='lat' dir='ltr'><strong>scient</strong></span> <span class='ocrx_word' id='word_1_778' title='bbox 787 5430 904 5487; x_wconf 89' lang='lat' dir='ltr'><strong>sine</strong></span> <span class='ocrx_word' id='word_1_779' title='bbox 941 5444 1146 5497; x_wconf 91' lang='lat' dir='ltr'><strong>errore,</strong></span> <span class='ocrx_word' id='word_1_780' title='bbox 1191 5430 1453 5486; x_wconf 91' lang='lat' dir='ltr'><strong>amabunt</strong></span> <span class='ocrx_word' id='word_1_781' title='bbox 1505 5429 1622 5484; x_wconf 89' lang='lat' dir='ltr'><strong>sine</strong></span> <span class='ocrx_word' id='word_1_782' title='bbox 1676 5426 1849 5484; x_wconf 84' lang='lat' dir='ltr'><strong>oﬁ‘en-</strong></span> 
     </span>
    </p>
   </div>
   <div class='ocr_carea' id='block_1_100' title="bbox 1950 4684 3547 4756">
    <p class='ocr_par' dir='ltr' id='par_1_100' title="bbox 1950 4684 3547 4756">
     <span class='ocr_line' id='line_1_100' title="bbox 1950 4684 3547 4756; baseline -0.001 -14"><span class='ocrx_word' id='word_1_783' title='bbox 1950 4687 2136 4742; x_wconf 89' lang='lat' dir='ltr'><strong>caudis</strong></span> <span class='ocrx_word' id='word_1_784' title='bbox 2183 4702 2369 4742; x_wconf 88' lang='lat' dir='ltr'><strong>eorum</strong></span> <span class='ocrx_word' id='word_1_785' title='bbox 2397 4686 2466 4751; x_wconf 81' lang='lat'><strong>“,</strong></span> <span class='ocrx_word' id='word_1_786' title='bbox 2497 4705 2516 4738; x_wconf 72' lang='grc' dir='ltr'><strong><em>ι</em></strong></span> <span class='ocrx_word' id='word_1_787' title='bbox 2559 4686 2705 4756; x_wconf 91' lang='lat' dir='ltr'><strong>quod</strong></span> <span class='ocrx_word' id='word_1_788' title='bbox 2746 4693 3042 4756; x_wconf 79' lang='lat' dir='ltr'><strong>potestates</strong></span> <span class='ocrx_word' id='word_1_789' title='bbox 3082 4685 3464 4742; x_wconf 71' lang='lat' dir='ltr'><strong>haereticorum</strong></span> <span class='ocrx_word' id='word_1_790' title='bbox 3490 4684 3547 4740; x_wconf 86' lang='lat' dir='ltr'><strong>in</strong></span> 
     </span>
    </p>
   </div>
   <div class='ocr_carea' id='block_1_101' title="bbox 1949 4782 2809 4854">
    <p class='ocr_par' dir='ltr' id='par_1_101' title="bbox 1949 4782 2809 4854">
     <span class='ocr_line' id='line_1_101' title="bbox 1949 4782 2809 4854; baseline -0.007 -14"><span class='ocrx_word' id='word_1_791' title='bbox 1949 4782 2338 4841; x_wconf 90' lang='lat' dir='ltr'><strong>blandimentis</strong></span> <span class='ocrx_word' id='word_1_792' title='bbox 2370 4796 2582 4837; x_wconf 90' lang='lat' dir='ltr'><strong>eorum.</strong></span> <span class='ocrx_word' id='word_1_793' title='bbox 2791 4833 2809 4854; x_wconf 66' lang='grc'><strong>,</strong></span> 
     </span>
    </p>
   </div>
   <div class='ocr_carea' id='block_1_102' title="bbox 2022 4872 3546 4940">
    <p class='ocr_par' dir='ltr' id='par_1_102' title="bbox 2022 4872 3546 4940">
     <span class='ocr_line' id='line_1_102' title="bbox 2022 4872 3546 4940; baseline 0 -10"><span class='ocrx_word' id='word_1_794' title='bbox 2022 4873 2255 4930; x_wconf 80' lang='lat' dir='ltr'><strong>Caverna</strong></span> <span class='ocrx_word' id='word_1_795' title='bbox 2281 4884 2368 4931; x_wconf 91' lang='lat' dir='ltr'><strong>est</strong></span> <span class='ocrx_word' id='word_1_796' title='bbox 2385 4874 2580 4930; x_wconf 89' lang='lat' dir='ltr'><strong>vulnus</strong></span> <span class='ocrx_word' id='word_1_797' title='bbox 2600 4873 2656 4928; x_wconf 92' lang='lat' dir='ltr'><strong>in</strong></span> <span class='ocrx_word' id='word_1_798' title='bbox 2674 4872 2847 4929; x_wconf 90' lang='lat' dir='ltr'><strong>latere</strong></span> <span class='ocrx_word' id='word_1_799' title='bbox 2874 4872 3110 4940; x_wconf 91' lang='lat' dir='ltr'><strong>Domini,</strong></span> <span class='ocrx_word' id='word_1_800' title='bbox 3130 4883 3189 4929; x_wconf 92' lang='lat' dir='ltr'><strong>ut</strong></span> <span class='ocrx_word' id='word_1_801' title='bbox 3210 4873 3264 4929; x_wconf 90' lang='lat' dir='ltr'><strong>in</strong></span> <span class='ocrx_word' id='word_1_802' title='bbox 3290 4873 3546 4931; x_wconf 83' lang='lat' dir='ltr'><strong>Cantica:</strong></span> 
     </span>
    </p>
   </div>
   <div class='ocr_carea' id='block_1_103' title="bbox 1954 4963 3549 5038">
    <p class='ocr_par' dir='ltr' id='par_1_103' title="bbox 1954 4963 3549 5038">
     <span class='ocr_line' id='line_1_103' title="bbox 1954 4963 3549 5038; baseline 0 -17"><span class='ocrx_word' id='word_1_803' title='bbox 1954 4987 1974 5021; x_wconf 84' lang='grc'>‹</span> <span class='ocrx_word' id='word_1_804' title='bbox 2004 4965 2196 5038; x_wconf 90' lang='lat' dir='ltr'><strong>Surge,</strong></span> <span class='ocrx_word' id='word_1_805' title='bbox 2225 4965 2400 5019; x_wconf 89' lang='lat' dir='ltr'><strong>amica</strong></span> <span class='ocrx_word' id='word_1_806' title='bbox 2431 4978 2571 5029; x_wconf 87' lang='lat' dir='ltr'><strong>mea,</strong></span> <span class='ocrx_word' id='word_1_807' title='bbox 2605 4963 2661 5018; x_wconf 91' lang='lat' dir='ltr'><strong>in</strong></span> <span class='ocrx_word' id='word_1_808' title='bbox 2703 4979 2935 5019; x_wconf 90' lang='lat' dir='ltr'><strong>caverna</strong></span> <span class='ocrx_word' id='word_1_809' title='bbox 2963 4966 3210 5034; x_wconf 81' lang='lat' dir='ltr'><strong>maceria</strong></span> <span class='ocrx_word' id='word_1_810' title='bbox 3238 4967 3304 5034; x_wconf 83' lang='grc'><em>’³,</em></span> <span class='ocrx_word' id='word_1_811' title='bbox 3337 4986 3355 5020; x_wconf 75' lang='grc' dir='ltr'><strong>ι</strong></span> <span class='ocrx_word' id='word_1_812' title='bbox 3402 4966 3549 5036; x_wconf 88' lang='lat' dir='ltr'><strong>quod</strong></span> 
     </span>
    </p>
   </div>
   <div class='ocr_carea' id='block_1_104' title="bbox 1949 5058 3549 5132">
    <p class='ocr_par' dir='ltr' id='par_1_104' title="bbox 1949 5058 3549 5132">
     <span class='ocr_line' id='line_1_104' title="bbox 1949 5058 3549 5132; baseline -0.001 -16"><span class='ocrx_word' id='word_1_813' title='bbox 1949 5075 2048 5132; x_wconf 90' lang='lat' dir='ltr'><strong>per</strong></span> <span class='ocrx_word' id='word_1_814' title='bbox 2093 5065 2436 5115; x_wconf 89' lang='lat' dir='ltr'><strong>sacramenta</strong></span> <span class='ocrx_word' id='word_1_815' title='bbox 2487 5073 2598 5113; x_wconf 86' lang='lat' dir='ltr'><strong>sua</strong></span> <span class='ocrx_word' id='word_1_816' title='bbox 2649 5058 3058 5130; x_wconf 90' lang='lat' dir='ltr'><strong>redemptionis,</strong></span> <span class='ocrx_word' id='word_1_817' title='bbox 3103 5075 3224 5130; x_wconf 88' lang='lat' dir='ltr'><strong>qua</strong></span> <span class='ocrx_word' id='word_1_818' title='bbox 3267 5061 3332 5116; x_wconf 91' lang='lat' dir='ltr'><strong>de</strong></span> <span class='ocrx_word' id='word_1_819' title='bbox 3378 5059 3549 5115; x_wconf 89' lang='lat' dir='ltr'><strong>latere</strong></span> 
     </span>
    </p>
   </div>
   <div class='ocr_carea' id='block_1_105' title="bbox 1950 5151 3550 5216">
    <p class='ocr_par' dir='ltr' id='par_1_105' title="bbox 1950 5151 3550 5216">
     <span class='ocr_line' id='line_1_105' title="bbox 1950 5151 3550 5216; baseline 0 -6"><span class='ocrx_word' id='word_1_820' title='bbox 1950 5153 2153 5210; x_wconf 89' lang='lat' dir='ltr'><strong>Christi</strong></span> <span class='ocrx_word' id='word_1_821' title='bbox 2181 5151 2528 5216; x_wconf 74' lang='lat' dir='ltr'><strong>ellluxerunt,</strong></span> <span class='ocrx_word' id='word_1_822' title='bbox 2579 5159 2768 5207; x_wconf 90' lang='lat' dir='ltr'><strong>sancta</strong></span> <span class='ocrx_word' id='word_1_823' title='bbox 2821 5152 3061 5208; x_wconf 90' lang='lat' dir='ltr'><strong>Ecclesia</strong></span> <span class='ocrx_word' id='word_1_824' title='bbox 3109 5154 3177 5210; x_wconf 90' lang='lat' dir='ltr'><strong>ab</strong></span> <span class='ocrx_word' id='word_1_825' title='bbox 3228 5153 3550 5210; x_wconf 83' lang='lat' dir='ltr'><strong>inﬁdelitate</strong></span> 
     </span>
    </p>
   </div>
   <div class='ocr_carea' id='block_1_106' title="bbox 1955 5240 3548 5316">
    <p class='ocr_par' dir='ltr' id='par_1_106' title="bbox 1955 5240 3548 5316">
     <span class='ocr_line' id='line_1_106' title="bbox 1955 5240 3548 5316; baseline 0 -16"><span class='ocrx_word' id='word_1_826' title='bbox 1955 5246 2275 5300; x_wconf 78' lang='lat' dir='ltr'><strong>resurrexit.</strong></span> <span class='ocrx_word' id='word_1_827' title='bbox 2333 5240 2590 5308; x_wconf 80' lang='lat' dir='ltr'><strong>Caverna,</strong></span> <span class='ocrx_word' id='word_1_828' title='bbox 2644 5258 2742 5299; x_wconf 93' lang='lat' dir='ltr'><strong>cor</strong></span> <span class='ocrx_word' id='word_1_829' title='bbox 2801 5244 3085 5314; x_wconf 92' lang='lat' dir='ltr'><strong>cujuslibet</strong></span> <span class='ocrx_word' id='word_1_830' title='bbox 3138 5246 3326 5316; x_wconf 90' lang='lat' dir='ltr'><strong>iniqui,</strong></span> <span class='ocrx_word' id='word_1_831' title='bbox 3380 5254 3439 5300; x_wconf 92' lang='lat' dir='ltr'><strong>ut</strong></span> <span class='ocrx_word' id='word_1_832' title='bbox 3491 5245 3548 5301; x_wconf 90' lang='lat' dir='ltr'><strong>in</strong></span> 
     </span>
    </p>
   </div>
   <div class='ocr_carea' id='block_1_107' title="bbox 1949 5334 3542 5405">
    <p class='ocr_par' dir='ltr' id='par_1_107' title="bbox 1949 5334 3542 5405">
     <span class='ocr_line' id='line_1_107' title="bbox 1949 5334 3542 5405; baseline -0.002 -12"><span class='ocrx_word' id='word_1_833' title='bbox 1949 5338 2123 5393; x_wconf 89' lang='lat' dir='ltr'><strong>Isaia:</strong></span> <span class='ocrx_word' id='word_1_834' title='bbox 2158 5356 2175 5388; x_wconf 89' lang='grc'><strong><em>‹</em></strong></span> <span class='ocrx_word' id='word_1_835' title='bbox 2207 5336 2262 5391; x_wconf 94' lang='lat' dir='ltr'><strong>ln</strong></span> <span class='ocrx_word' id='word_1_836' title='bbox 2289 5349 2576 5390; x_wconf 89' lang='lat' dir='ltr'><strong>cavernam</strong></span> <span class='ocrx_word' id='word_1_837' title='bbox 2615 5334 2782 5405; x_wconf 88' lang='lat' dir='ltr'><strong>reguli</strong></span> <span class='ocrx_word' id='word_1_838' title='bbox 2810 5352 3025 5392; x_wconf 89' lang='lat' dir='ltr'><strong>manum</strong></span> <span class='ocrx_word' id='word_1_839' title='bbox 3052 5353 3206 5394; x_wconf 90' lang='lat' dir='ltr'><strong>suam</strong></span> <span class='ocrx_word' id='word_1_840' title='bbox 3238 5336 3497 5400; x_wconf 77' lang='lat' dir='ltr'><strong>mittet“,</strong></span> <span class='ocrx_word' id='word_1_841' title='bbox 3518 5353 3542 5390; x_wconf 73' lang='grc' dir='ltr'><strong>ο</strong></span> 
     </span>
    </p>
   </div>
   <div class='ocr_carea' id='block_1_108' title="bbox 1955 5409 3548 5499">
    <p class='ocr_par' dir='ltr' id='par_1_108' title="bbox 1955 5409 3548 5499">
     <span class='ocr_line' id='line_1_108' title="bbox 1955 5409 3548 5499; baseline -0.002 -17"><span class='ocrx_word' id='word_1_842' title='bbox 1955 5427 2098 5499; x_wconf 87' lang='lat' dir='ltr'><strong>quod</strong></span> <span class='ocrx_word' id='word_1_843' title='bbox 2141 5425 2404 5481; x_wconf 88' lang='lat' dir='ltr'><strong>Dominus</strong></span> <span class='ocrx_word' id='word_1_844' title='bbox 2444 5409 2834 5495; x_wconf 85' lang='lat' dir='ltr'><strong>nonnunquam</strong></span> <span class='ocrx_word' id='word_1_845' title='bbox 2875 5442 3096 5498; x_wconf 89' lang='lat' dir='ltr'><strong>pravam</strong></span> <span class='ocrx_word' id='word_1_846' title='bbox 3128 5434 3385 5491; x_wconf 88' lang='lat' dir='ltr'><strong>mentem,</strong></span> <span class='ocrx_word' id='word_1_847' title='bbox 3427 5437 3548 5494; x_wconf 83' lang='lat' dir='ltr'><strong>qua</strong></span> 
     </span>
    </p>
   </div>
   <div class='ocr_carea' id='block_1_109' title="bbox 338 5579 1849 5691">
    <p class='ocr_par' dir='ltr' id='par_1_109' title="bbox 338 5591 1845 5691">
     <span class='ocr_line' id='line_1_109' title="bbox 338 5591 1845 5691; baseline 0 0"><span class='ocrx_word' id='word_1_848' title='bbox 338 5592 356 5623; x_wconf 79' lang='grc'>¹</span> <span class='ocrx_word' id='word_1_849' title='bbox 379 5591 886 5691; x_wconf 61' lang='grc' dir='ltr'><strong>,ίιῖδί¹·η3ἱ³ξν¹.’.ἷ”ζ</strong></span> <span class='ocrx_word' id='word_1_850' title='bbox 914 5592 1267 5691; x_wconf 58' lang='grc' dir='ltr'><strong>(ἐθεληξυξε.</strong></span> <span class='ocrx_word' id='word_1_851' title='bbox 1285 5592 1397 5691; x_wconf 65' lang='grc' dir='ltr'><strong>θεζ</strong></span> <span class='ocrx_word' id='word_1_852' title='bbox 1440 5591 1845 5691; x_wconf 50' lang='grc' dir='ltr'><strong>ἓδὲἓηίνῖιβ</strong></span> 
     </span>
    </p>
   </div>
   <div class='ocr_carea' id='block_1_110' title="bbox 1959 5579 3546 5691">
    <p class='ocr_par' dir='ltr' id='par_1_110' title="bbox 1959 5579 3546 5691">
     <span class='ocr_line' id='line_1_110' title="bbox 1959 5579 3546 5658; baseline -0.008 -11"><span class='ocrx_word' id='word_1_853' title='bbox 1959 5592 2066 5648; x_wconf 82' lang='lat' dir='ltr'><strong>Iud.</strong></span> <span class='ocrx_word' id='word_1_854' title='bbox 2120 5608 2231 5658; x_wconf 79' lang='lat' dir='ltr'><strong>xw,</strong></span> <span class='ocrx_word' id='word_1_855' title='bbox 2285 5590 2508 5648; x_wconf 75' lang='lat' dir='ltr'><strong>5.&#39;Job</strong></span> <span class='ocrx_word' id='word_1_856' title='bbox 2560 5609 2749 5657; x_wconf 79' lang='lat' dir='ltr'><strong>xxxix,</strong></span> <span class='ocrx_word' id='word_1_857' title='bbox 2781 5591 2829 5644; x_wconf 80' lang='lat' dir='ltr'><strong>l.</strong></span> <span class='ocrx_word' id='word_1_858' title='bbox 2865 5588 3058 5644; x_wconf 67' lang='lat' dir='ltr'><strong>“Psal.</strong></span> <span class='ocrx_word' id='word_1_859' title='bbox 3106 5603 3218 5649; x_wconf 88' lang='lat' dir='ltr'><strong>cm,</strong></span> <span class='ocrx_word' id='word_1_860' title='bbox 3271 5579 3546 5638; x_wconf 68' lang='lat' dir='ltr'><strong>21.7Job</strong></span> 
     </span>
     <span class='ocr_line' id='line_1_111' title="bbox 1981 5653 3520 5691; baseline 0 0"><span class='ocrx_word' id='word_1_861' title='bbox 1981 5665 2020 5691; x_wconf 78' lang='grc' dir='ltr'>ιι</span> <span class='ocrx_word' id='word_1_862' title='bbox 2075 5662 2164 5691; x_wconf 75' lang='grc'><strong>1,.1.</strong></span> <span class='ocrx_word' id='word_1_863' title='bbox 2216 5679 2374 5691; x_wconf 59' lang='grc' dir='ltr'><strong>..ν-υ.</strong></span> <span class='ocrx_word' id='word_1_864' title='bbox 2431 5663 2460 5691; x_wconf 83' lang='lat'><strong>0</strong></span> <span class='ocrx_word' id='word_1_865' title='bbox 2525 5665 2566 5691; x_wconf 71' lang='lat' dir='ltr'><strong>is</strong></span> <span class='ocrx_word' id='word_1_866' title='bbox 2600 5665 2709 5691; x_wconf 74' lang='grc' dir='ltr'><strong>ιι..-</strong></span> <span class='ocrx_word' id='word_1_867' title='bbox 2761 5679 2790 5691; x_wconf 76' lang='grc' dir='ltr'>ι,</span> <span class='ocrx_word' id='word_1_868' title='bbox 2845 5662 2875 5691; x_wconf 68' lang='grc' dir='ltr'><strong>’κ</strong></span> <span class='ocrx_word' id='word_1_869' title='bbox 2951 5659 3075 5691; x_wconf 72' lang='grc'><strong>18111</strong></span> <span class='ocrx_word' id='word_1_870' title='bbox 3131 5659 3245 5691; x_wconf 68' lang='lat' dir='ltr'><strong>non</strong></span> <span class='ocrx_word' id='word_1_871' title='bbox 3308 5667 3380 5691; x_wconf 79' lang='lat' dir='ltr'><strong>ml</strong></span> <span class='ocrx_word' id='word_1_872' title='bbox 3454 5653 3520 5691; x_wconf 72' lang='grc' dir='ltr'><strong>ιΙἿ</strong></span> 
     </span>
    </p>
   </div>
   <div class='ocr_carea' id='block_1_111' title="bbox 259 5653 1849 5805">
    <p class='ocr_par' dir='ltr' id='par_1_111' title="bbox 259 5653 1841 5805">
     <span class='ocr_line' id='line_1_112' title="bbox 489 5653 1792 5697; baseline -0.012 8"><span class='ocrx_word' id='word_1_873' title='bbox 489 5665 509 5696; x_wconf 73' lang='lat'><strong>8</strong></span> <span class='ocrx_word' id='word_1_874' title='bbox 729 5653 739 5660; x_wconf 84' lang='grc'><em>’</em></span> <span class='ocrx_word' id='word_1_875' title='bbox 931 5665 951 5695; x_wconf 75' lang='lat'><strong>9</strong></span> <span class='ocrx_word' id='word_1_876' title='bbox 1033 5684 1042 5697; x_wconf 87' lang='lat'><strong>.</strong></span> <span class='ocrx_word' id='word_1_877' title='bbox 1240 5653 1250 5660; x_wconf 87' lang='grc'><em>’</em></span> <span class='ocrx_word' id='word_1_878' title='bbox 1440 5665 1482 5696; x_wconf 80' lang='lat' dir='ltr'><strong>to</strong></span> <span class='ocrx_word' id='word_1_879' title='bbox 1721 5653 1731 5660; x_wconf 82' lang='lat'><strong><em>&#39;</em></strong></span> <span class='ocrx_word' id='word_1_880' title='bbox 1783 5680 1792 5690; x_wconf 86' lang='lat'><strong>.</strong></span> 
     </span>
     <span class='ocr_line' id='line_1_113' title="bbox 259 5664 1841 5805; baseline -0.002 -15"><span class='ocrx_word' id='word_1_881' title='bbox 259 5664 682 5803; x_wconf 45' lang='grc' dir='ltr'><strong>π’ἐςὲἧεῖῗῗιί</strong></span> <span class='ocrx_word' id='word_1_882' title='bbox 691 5665 1169 5803; x_wconf 41' lang='grc' dir='ltr'><strong>ὀιίνιῖδῦῥεεῗῗᾶἑὲιιξ</strong></span> <span class='ocrx_word' id='word_1_883' title='bbox 1194 5664 1641 5805; x_wconf 41' lang='grc' dir='ltr'><strong>’ἔξειμι-δῖ.</strong></span> <span class='ocrx_word' id='word_1_884' title='bbox 1669 5681 1841 5788; x_wconf 40' lang='lat' dir='ltr'><strong>lxlf‘h&#39;</strong></span> 
     </span>
    </p>
   </div>
   <div class='ocr_carea' id='block_1_112' title="bbox 1959 5653 3542 5805">
    <p class='ocr_par' dir='ltr' id='par_1_112' title="bbox 1959 5653 3542 5803">
     <span class='ocr_line' id='line_1_114' title="bbox 1981 5653 3542 5729; baseline -0.008 -11"><span class='ocrx_word' id='word_1_885' title='bbox 1981 5665 2020 5694; x_wconf 86' lang='lat'>“</span> <span class='ocrx_word' id='word_1_886' title='bbox 2067 5662 2167 5719; x_wconf 79' lang='lat' dir='ltr'><strong>Job</strong></span> <span class='ocrx_word' id='word_1_887' title='bbox 2216 5653 2401 5729; x_wconf 60' lang='lat' dir='ltr'><strong>kxxvt,</strong></span> <span class='ocrx_word' id='word_1_888' title='bbox 2429 5663 2481 5717; x_wconf 91' lang='lat'><strong>8.</strong></span> <span class='ocrx_word' id='word_1_889' title='bbox 2525 5653 2811 5724; x_wconf 21' lang='grc' dir='ltr'><strong>¹¹Μ;11·.γν,</strong></span> <span class='ocrx_word' id='word_1_890' title='bbox 2845 5662 2896 5714; x_wconf 83' lang='grc'><strong>5.</strong></span> <span class='ocrx_word' id='word_1_891' title='bbox 2951 5659 3077 5712; x_wconf 72' lang='lat' dir='ltr'><strong>&quot;Ill</strong></span> <span class='ocrx_word' id='word_1_892' title='bbox 3131 5659 3264 5726; x_wconf 80' lang='lat' dir='ltr'><strong>Reg.</strong></span> <span class='ocrx_word' id='word_1_893' title='bbox 3308 5667 3401 5719; x_wconf 83' lang='lat' dir='ltr'><strong>vn,</strong></span> <span class='ocrx_word' id='word_1_894' title='bbox 3454 5653 3542 5706; x_wconf 78' lang='lat' dir='ltr'><strong>l7.</strong></span> 
     </span>
     <span class='ocr_line' id='line_1_115' title="bbox 1959 5722 3541 5803; baseline -0.006 -13"><span class='ocrx_word' id='word_1_895' title='bbox 1959 5753 1972 5790; x_wconf 86' lang='grc'><strong>›</strong></span> <span class='ocrx_word' id='word_1_896' title='bbox 2028 5751 2158 5796; x_wconf 80' lang='lat' dir='ltr'><strong>xxx,</strong></span> <span class='ocrx_word' id='word_1_897' title='bbox 2200 5736 2290 5791; x_wconf 77' lang='lat'><strong>30.</strong></span> <span class='ocrx_word' id='word_1_898' title='bbox 2335 5735 2377 5766; x_wconf 81' lang='grc'><strong>¹⁸</strong></span> <span class='ocrx_word' id='word_1_899' title='bbox 2413 5735 2542 5788; x_wconf 86' lang='lat' dir='ltr'><strong>Lev.</strong></span> <span class='ocrx_word' id='word_1_900' title='bbox 2593 5751 2713 5803; x_wconf 86' lang='lat' dir='ltr'><strong>vm,</strong></span> <span class='ocrx_word' id='word_1_901' title='bbox 2761 5733 2851 5789; x_wconf 68' lang='grc'><strong>25.</strong></span> <span class='ocrx_word' id='word_1_902' title='bbox 2889 5732 2930 5764; x_wconf 70' lang='grc'>³⁸</span> <span class='ocrx_word' id='word_1_903' title='bbox 2968 5731 3124 5786; x_wconf 88' lang='lat' dir='ltr'><strong>Deut.</strong></span> <span class='ocrx_word' id='word_1_904' title='bbox 3180 5742 3354 5796; x_wconf 54' lang='lat' dir='ltr'><strong>xavut</strong></span> <span class='ocrx_word' id='word_1_905' title='bbox 3383 5764 3399 5792; x_wconf 86' lang='lat'><strong>,</strong></span> <span class='ocrx_word' id='word_1_906' title='bbox 3449 5722 3541 5780; x_wconf 73' lang='lat' dir='ltr'><strong>M.</strong></span> 
     </span>
    </p>
   </div>
   <div class='ocr_carea' id='block_1_113' title="bbox 265 5804 1849 5879">
    <p class='ocr_par' dir='ltr' id='par_1_113' title="bbox 265 5804 1849 5879">
     <span class='ocr_line' id='line_1_116' title="bbox 265 5804 1849 5879; baseline 0.002 -18"><span class='ocrx_word' id='word_1_907' title='bbox 265 5804 314 5838; x_wconf 85' lang='lat'><strong>&#39;°</strong></span> <span class='ocrx_word' id='word_1_908' title='bbox 345 5805 514 5863; x_wconf 80' lang='lat' dir='ltr'><strong>Exod.</strong></span> <span class='ocrx_word' id='word_1_909' title='bbox 551 5823 629 5878; x_wconf 83' lang='lat' dir='ltr'><strong>iv,</strong></span> <span class='ocrx_word' id='word_1_910' title='bbox 664 5807 719 5864; x_wconf 75' lang='grc'><strong>4.</strong></span> <span class='ocrx_word' id='word_1_911' title='bbox 746 5808 789 5840; x_wconf 76' lang='grc'><strong>’³</strong></span> <span class='ocrx_word' id='word_1_912' title='bbox 815 5805 915 5865; x_wconf 87' lang='lat' dir='ltr'><strong>Job</strong></span> <span class='ocrx_word' id='word_1_913' title='bbox 964 5823 1052 5876; x_wconf 75' lang='grc' dir='ltr'><strong>ιι,</strong></span> <span class='ocrx_word' id='word_1_914' title='bbox 1081 5809 1168 5865; x_wconf 80' lang='grc'><strong>12.</strong></span> <span class='ocrx_word' id='word_1_915' title='bbox 1215 5807 1272 5870; x_wconf 78' lang='grc'><strong>,³⁸</strong></span> <span class='ocrx_word' id='word_1_916' title='bbox 1307 5808 1478 5879; x_wconf 82' lang='lat' dir='ltr'><strong>Apoc.</strong></span> <span class='ocrx_word' id='word_1_917' title='bbox 1510 5804 1717 5878; x_wconf 38' lang='lat' dir='ltr'><strong>tx,&#39;l9.</strong></span> <span class='ocrx_word' id='word_1_918' title='bbox 1747 5806 1794 5840; x_wconf 79' lang='lat'><strong>“</strong></span> <span class='ocrx_word' id='word_1_919' title='bbox 1835 5807 1849 5864; x_wconf 74' lang='lat' dir='ltr'><strong>t</strong></span> 
     </span>
    </p>
   </div>
   <div class='ocr_carea' id='block_1_114' title="bbox 1959 5804 2635 5879">
    <p class='ocr_par' dir='ltr' id='par_1_114' title="bbox 1959 5805 2635 5874">
     <span class='ocr_line' id='line_1_117' title="bbox 1959 5805 2635 5874; baseline -0.003 -10"><span class='ocrx_word' id='word_1_920' title='bbox 1959 5815 1995 5866; x_wconf 91' lang='lat' dir='ltr'><strong>t.</strong></span> <span class='ocrx_word' id='word_1_921' title='bbox 2024 5823 2088 5873; x_wconf 89' lang='grc'><strong>11,</strong></span> <span class='ocrx_word' id='word_1_922' title='bbox 2123 5806 2208 5863; x_wconf 72' lang='grc'><strong>14.</strong></span> <span class='ocrx_word' id='word_1_923' title='bbox 2251 5806 2295 5838; x_wconf 74' lang='grc'><strong>’⁷⁵</strong></span> <span class='ocrx_word' id='word_1_924' title='bbox 2330 5805 2436 5862; x_wconf 87' lang='lat' dir='ltr'><strong>lsa.</strong></span> <span class='ocrx_word' id='word_1_925' title='bbox 2469 5822 2548 5874; x_wconf 72' lang='grc' dir='ltr'><strong>ιι,</strong></span> <span class='ocrx_word' id='word_1_926' title='bbox 2582 5807 2635 5862; x_wconf 89' lang='grc'><strong>8.</strong></span> 
     </span>
    </p>
   </div>
  </div>
