3972 6336
102 348 238 408 893
1098 348 1513 406 ALLEGORIIE
1553 347 1620 405 IN
1658 344 1935 405 SACRAM
1975 345 2446 403 SCRIPTURAM.

102 461 261 515 dam
306 459 439 516 fecit
462 474 675 517 orenam
697 473 948 532 magnam
972 460 1014 526 ¹,
1061 478 1080 512 ι
1113 460 1256 531 quod
1284 462 1351 516 ad
1382 460 1730 517 refectionem
1755 461 1805 521 Α
1833 459 1956 514 cibo
1988 460 2104 530 ejus
2133 459 2197 527 “’,
2242 478 2261 512 ι
2295 459 2439 530 quod
2464 459 2735 530 possessio
2772 459 3174 531 bypocritarnm
3201 463 3403 520 deﬁcit.

102 550 330 607 electis
364 550 480 606 suis
510 552 676 607 vitam
701 553 718 573 '
747 550 993 621 perducit
1017 560 1278 606 :eternam
1830 551 2012 618 Cibus,
2040 553 2163 606 vitae
2185 553 2515 618 communio,
2542 559 2603 606 ut
2634 551 2688 606 in
2729 550 2895 606 Paulo
2926 569 2940 605 :
2988 570 3008 604 ι
3044 551 3179 608 Cum
3219 552 3408 624 hujus-

192 641 349 696 Cera
371 650 454 696 est
482 642 711 713 quilibet
738 648 1014 712 peccator,
1052 649 1111 696 ut
1149 642 1203 696 in
1236 640 1498 698 Psalmis:
1526 662 1545 695 ι
1576 641 1728 698 Sicut
1826 645 1969 700 modi
2000 660 2104 700 nec
2139 645 2316 700 cibum
2356 658 2570 700 sumere
2604 644 2672 711 '°,
2717 663 2736 697 ι
2780 642 2835 698 id
2866 650 2972 710 est,
3014 642 3217 699 nullam
3253 660 3404 701 com-

104 749 263 791 cera
310 749 346 789 a
388 733 530 790 facie
578 734 719 807 ignis
748 734 789 800 ³,
837 754 856 787 ι
901 733 1043 805 quod
1086 733 1267 789 deﬁcit
1296 743 1552 805 peccator
1598 742 1724 793 ante
1825 738 2133 793 munionem
2185 738 2403 793 habere.
2447 737 2555 794 Per
2596 736 2736 792 cibos
2763 737 3031 804 doctrina,
3056 737 3200 792 utin
3236 736 3405 795 Para-

102 843 283 895 eum,
321 828 415 899 qui
444 828 583 898 ignis
610 842 937 884 consumens
964 836 1067 883 est.
1098 825 1231 881 Cera
1256 836 1411 883 vetus
1444 828 1555 895 lex,
1588 829 1725 883 utin
1823 830 1959 885 bolis
1992 845 2006 883 :
2053 848 2071 881 ι
2107 829 2185 885 Ne
2220 830 2495 886 desideres
2519 826 2585 885 de
2605 829 2744 885 cibis
2766 826 2905 898 ejus,
2934 829 2988 885 in
3018 842 3125 905 quo
3146 838 3231 887 est
3250 833 3406 902 panis

104 925 389 996 psalmo:
421 942 441 977 ‹
472 922 752 994 Tanquam
800 939 921 979 cera
955 923 1278 995 liquescens,
1306 942 1325 974 ι
1357 922 1411 978 id
1440 934 1542 991 est,
1585 923 1725 980 sicut
1824 920 2087 976 mendacii
2118 921 2183 985 ¹¹,
2234 940 2252 973 ι
2296 921 2349 976 id
2386 929 2488 986 est,
2539 921 2606 976 de
2643 920 2905 976 doctrinis
2944 918 3082 989 ejus,
3120 920 3173 976 in
3206 920 3404 990 quibus

106 1017 212 1073 lex
248 1027 433 1084 vetus,
455 1018 596 1089 quod
620 1018 773 1090 juxta
803 1019 1040 1073 litteram
1063 1016 1261 1073 delicit.
1818 1022 1905 1069 est
1933 1012 2211 1069 sterilitas.
2236 1011 2343 1068 Per
2378 1013 2518 1067 cibos
2561 1012 2786 1067 interna:
2825 1012 3241 1080 consolationes,
3268 1013 3405 1068 utin

194 1108 405 1164 Cervus
427 1120 510 1165 est
531 1108 707 1164 anima
733 1108 927 1175 ﬁdelis,
957 1109 1084 1164 utin
1108 1108 1347 1179 psalmo:
1379 1129 1396 1161 ι
1429 1107 1721 1165 Sicutcer-
1821 1106 1920 1161 Job
1950 1125 1962 1160 :
1998 1125 2017 1157 ι
2053 1106 2182 1174 Quae
2214 1106 2363 1177 prius
2383 1114 2602 1177 tangere
2628 1104 2848 1159 nolebat
2873 1104 3052 1159 anima
3085 1118 3229 1170 mea,
3260 1117 3404 1159 nunc
3448 1109 3460 1116 ’

108 1216 234 1255 vus
259 1198 539 1256 desiderat
574 1200 641 1254 ad
686 1199 889 1255 fontem
926 1214 1189 1271 aquarum
1231 1200 1274 1267 ⁸,
1312 1221 1330 1255 ι
1371 1200 1513 1272 quod
1542 1201 1722 1256 anima
1820 1212 1931 1268 pra:
1960 1199 2206 1268 angustia
2246 1197 2350 1253 cibi
2394 1198 2503 1252 mei
2523 1205 2651 1253 sunt
2692 1196 2757 1263 η,
2804 1215 2825 1249 ι
2866 1195 2923 1277 id
2954 1203 3057 1261 est,
3096 1210 3219 1267 qua:
3252 1195 3404 1266 prius

111 1287 312 1345 ﬁdelis
341 1288 726 1347 abundantiam
770 1293 1103 1362 concupiscit
1144 1292 1503 1365 spiritualium
1546 1292 1720 1348 bono-
1824 1304 1925 1344 nec
1953 1290 2191 1360 cogitare
2212 1288 2492 1357 dignabar,
2514 1287 2675 1342 modo
2699 1286 2830 1342 mihi
2860 1300 3055 1342 suaves
3078 1284 3404 1342 consolatio-

116 1395 279 1434 rutn.
306 1378 413 1435 Per
435 1397 639 1436 cervum
660 1382 865 1452 antiqui
892 1384 1099 1449 Patres,
1129 1393 1188 1439 ut
1210 1384 1264 1437 in
1291 1383 1552 1439 Cantica:
1584 1403 1603 1434 ‹
1636 1383 1722 1438 Si-
1823 1395 1917 1435 nes
1945 1388 2091 1434 sunt.

114 1468 280 1524 milis
308 1469 539 1526 dilectus
582 1487 735 1528 meus
778 1472 1001 1528 hinnulo
1026 1489 1309 1530 cervorum
1333 1475 1373 1541 ³,
1404 1495 1423 1527 ι
1460 1474 1604 1545 quod
1630 1491 1724 1529 na—
1888 1468 2104 1525 Cibaria
2150 1478 2278 1526 sunt
2313 1469 2622 1541 spirituales
2657 1468 3002 1532 refectiones.
3042 1474 3108 1523 ut
3141 1468 3198 1522 in
3238 1466 3404 1522 Para-

118 1568 219 1617 tus
249 1569 341 1616 est
364 1559 611 1617 Christus
660 1579 729 1619 ex
756 1567 1290 1637 carneantiquorum
1337 1575 1576 1636 patrum.
1616 1566 1721 1621 Per
1819 1562 1956 1617 bolis
1987 1580 2000 1615 :
2039 1580 2057 1613 ι
2088 1557 2248 1617 Dedit
2271 1562 2474 1618 cibaria
2509 1560 2681 1618 servis
2710 1560 2782 1627 ³³,
2818 1580 2838 1614 ι
2871 1560 2924 1615 id
2958 1568 3065 1625 est,
3090 1557 3401 1630 spirituales

116 1665 343 1703 cervum
366 1651 546 1723 magni
573 1653 1046 1724 contemplatores,
1069 1662 1128 1709 ut
1154 1672 1208 1710 ιιι
1233 1655 1499 1712 Psalmis:
1524 1676 1544 1708 ι
1571 1655 1720 1711 Μοιι-
1818 1654 2048 1710 contulit
2065 1653 2462 1710 consolationes
2484 1653 2727 1708 ﬁdelibus
2750 1652 2886 1708 suis.
2910 1650 3150 1718 Cibaria,
3185 1666 3249 1706 ea
3278 1664 3403 1722 qua:

119 1748 212 1795 tes
243 1741 448 1799 excelsi
482 1745 659 1800 cervis
698 1745 760 1802 ἐ
811 1767 831 1800 ι
876 1749 1018 1817 quod
1067 1751 1261 1804 summi
1305 1750 1718 1821 contemplatio-
1820 1745 1889 1799 ad
1944 1737 2278 1814 corporalem
2314 1744 2521 1799 victum
2570 1742 2879 1815 pertinent,
2933 1751 2995 1797 ut
3035 1742 3091 1797 in
3130 1740 3398 1797 Psalmis:

119 1849 261 1888 num
289 1835 435 1890 modi
464 1835 737 1906 pertinent
756 1839 825 1893 ad
847 1855 1085 1895 summos
1112 1842 1581 1911 contemplatores.
1613 1840 1719 1897 Per
1746 1830 1792 1891 Β
1826 1858 1846 1892 ι
1890 1838 2036 1895 Misit
2064 1841 2117 1896 in
2156 1839 2485 1895 abundantia
2506 1837 2575 1905 “,
2610 1858 2630 1892 ι
2668 1838 2722 1894 id
2742 1846 2847 1903 est,
2867 1834 3221 1893 refectionem
3254 1834 3404 1891 dedit

3302 349 3533 407 89"

119 1941 307 1979 cervos
340 1925 525 1981 mundi
573 1940 998 2000 contemptores,
1027 1939 1086 1986 ut
1119 1933 1172 1986 in
1198 1930 1457 1988 Psalmis:
1484 1956 1503 1982 ιι
1532 1933 1719 1989 Posuit
1815 1933 1896 1989 eis
1916 1931 2273 2003 corporalem,
2303 1947 2471 2002 usque
2491 1931 2561 1986 ad
2583 1930 2906 1985 satietatem.

119 2019 299 2088 pedes
326 2034 475 2075 meos
497 2022 652 2093 quasi
681 2036 964 2078 cervorum
991 2023 1032 2091 ⁸,
1078 2043 1096 2077 ι
1123 2025 1177 2079 id
1198 2034 1300 2091 est,
1333 2026 1529 2081 direxit
1553 2041 1716 2097 opera

121 2126 252 2167 mea
278 2112 349 2167 ad
382 2113 555 2169 instar
596 2124 905 2172 sanctorum
936 2116 1192 2174 virorum.
1242 2116 1344 2173 Per
1387 2136 1561 2174 cervos
1593 2136 1716 2175 san-

120 2203 368 2270 ctitates,
407 2212 466 2260 ut
500 2204 556 2259 in
599 2204 862 2263 Cantico:
904 2227 922 2260 ι
974 2206 1178 2278 Adiuro
1214 2224 1307 2265 vos
1351 2224 1450 2280 per
1492 2225 1716 2280 capreas

120 2296 484 2364 cervorum”,
512 2317 532 2349 ι
556 2298 611 2354 id
630 2306 734 2367 est,
764 2301 969 2358 suadeo
994 2302 1149 2358 vobis
1187 2317 1369 2359 amare
1399 2305 1714 2360 sanctitates

120 2389 470 2444 meritorum.

197 2480 367 2537 Cerva
392 2490 477 2540 est
512 2484 786 2557 negligens
814 2486 1154 2558 praedicator,
1182 2500 1242 2544 ut
1287 2488 1343 2544 in
1376 2486 1667 2546 Ezechiele
1693 2507 1706 2544 :

125 2592 147 2625 ς
190 2573 367 2629 Cerva
406 2574 460 2628 in
499 2590 629 2646 agro
652 2577 860 2647 peperit
892 2592 955 2633 ac
984 2578 1189 2635 dimisit
1212 2580 1256 2647 ⁸,
1301 2600 1319 2633 ι
1355 2592 1499 2651 quod
1537 2580 1708 2652 negli-

119 2681 262 2739 gens
302 2667 625 2736 praedicator
663 2683 760 2724 eos
802 2685 1188 2740 nonnunquam
1240 2682 1396 2727 curat
1439 2689 1573 2742 quos
1614 2688 1713 2743 per

116 2750 825 2831 praedicationem'peperit.
866 2761 971 2816 Per
1000 2778 1204 2816 cervum
1248 2746 1519 2829 doctores,
1553 2772 1607 2818 ut
1654 2764 1710 2818 in

116 2849 227 2907 Job
258 2870 272 2906 :
308 2870 328 2905 ι
377 2850 751 2910 Parturientes
789 2871 976 2911 cervas
1020 2858 1320 2913 observasti
1359 2858 1405 2925 ⁹,
1443 2879 1462 2912 ι
1500 2860 1553 2915 id
1590 2868 1707 2927 est,

118 2944 378 2999 doctores
405 2944 762 3017 spiritualiter
785 2957 1107 3020 generantes
1132 2950 1484 3006 considerari.

197 3032 384 3090 Cernis.
418 3045 500 3092 est
539 3039 814 3108 superbia,
844 3048 903 3095 ut
939 3040 993 3094 in
1041 3041 1457 3097 Deuteronomio
1489 3059 1502 3095 :
1542 3062 1561 3095 ι
1596 3042 1709 3114 Ego

120 3127 241 3185 scio
256 3129 519 3184 cervicem
540 3140 687 3186 tuam
706 3130 1050 3187 durissimam
1072 3132 1137 3200 ",
1162 3154 1182 3187 ι
1208 3134 1259 3189 id
1273 3143 1381 3201 est,
1398 3134 1702 3206 superbiam

121 3229 273 3277 tuam
305 3220 702 3293 rigidissimam.
736 3222 945 3292 Cornix,
974 3226 1117 3281 bona
1134 3224 1383 3293 libertas,
1410 3235 1469 3281 ut
1490 3227 1544 3281 in
1568 3225 1699 3283 Job:

127 3334 148 3367 ι
196 3313 471 3371 Conscidit
515 3316 783 3372 cervicem
825 3333 1002 3373 meam
1028 3319 1093 3386 “,
1131 3339 1150 3372 ι
1192 3318 1245 3374 id
1266 3329 1370 3387 est,
1401 3319 1604 3388 adjuvit
1635 3318 1703 3374 li-

118 3403 389 3461 bertatem
426 3420 622 3462 meam.
668 3405 771 3464 Per
800 3410 1047 3464 ceruicem
1094 3408 1357 3468 elationes
1393 3426 1702 3482 pravorum,

122 3502 189 3550 ut
228 3495 281 3550 in
322 3496 528 3567 psalmo
570 3496 602 3552 ε’
638 3516 659 3551 ι
704 3496 966 3554 Dominus
1008 3498 1189 3572 justus
1229 3502 1479 3557 concidet
1523 3502 1703 3557 cervi-

121 3604 246 3647 cem
282 3589 348 3657 “,
383 3608 406 3644 ι
438 3591 493 3647 id
518 3598 621 3657 est,
656 3592 898 3649 destruet
921 3592 1185 3649 elationes
1219 3595 1594 3664 superborum.

196 3677 431 3735 Cerastes
456 3689 539 3736 est
555 3678 940 3753 Antichristus,
963 3693 1023 3738 ut
1046 3684 1101 3739 in
1132 3682 1330 3740 Genesi
1361 3702 1376 3737 :
1410 3705 1428 3736 ι
1458 3684 1707 3740 Cerastes

124 3766 181 3824 in
203 3770 395 3825 semita
421 3770 486 3838 η,
522 3791 543 3824 ι
577 3773 721 3842 quod
750 3774 884 3829 viris
912 3774 1118 3830 sanctis
1136 3774 1507 3830 Antichristus
1532 3782 1589 3830 et
1614 3789 1706 3830 ve-

124 3874 388 3917 nenosum
419 3876 478 3918 se
502 3862 802 3932 exhibebit,
825 3873 882 3922 et
906 3864 1126 3922 elatum.
1304 3928 1309 3937 ,

200 3949 355 4007 Cotus
378 3960 464 4009 est
511 3968 683 4025 mors,
722 3960 784 4012 ut
827 3956 883 4011 in
928 3953 1063 4013 Jona
1103 3970 1120 4011 :
1166 3974 1188 4008 ι
1224 3955 1516 4013 Devoravit
1551 3967 1707 4016 cetus

125 4041 319 4099 Ionam
358 4044 435 4109 ιδ,
483 4062 503 4097 ι
554 4046 698 4117 quod
741 4046 942 4104 invasit
988 4064 1136 4105 mors
1175 4047 1472 4105 Christum.
1524 4046 1704 4121 Ceius,

129 4133 391 4201 diabolus,
414 4135 556 4191 utin
586 4134 687 4192 Job
724 4156 739 4192 :
782 4157 801 4191 ι
846 4136 1098 4209 Nunquid
1131 4154 1282 4195 mare
1320 4154 1438 4197 sum
1462 4154 1581 4213 ego,
1612 4145 1707 4193 aut

127 4226 320 4283 cetus?
348 4226 412 4293 ¹⁸,
451 4246 473 4281 ι
514 4227 572 4291 id
604 4235 705 4294 est,
741 4244 840 4285 nec
870 4233 1153 4300 reprobus,
1182 4247 1286 4287 nec
1317 4247 1505 4287 eorum
1539 4230 1705 4302 capiti

126 4316 345 4373 diabolo
372 4334 491 4374 sum
529 4318 739 4375 similis.
772 4319 927 4375 Ceius
948 4324 1180 4392 superba
1211 4324 1472 4380 celsitudo
1493 4322 1705 4394 imperii

126 4408 434 4475 mundialis,
470 4419 529 4466 ut
570 4409 625 4465 in
658 4410 796 4467 lsaia
836 4431 850 4467 :
902 4431 920 4464 ι
958 4412 1183 4470 Occidet
1212 4414 1351 4471 Deus
1375 4424 1579 4482 cetum,
1609 4414 1701 4486 qui

126 4508 215 4556 est
242 4500 296 4554 in
321 4502 457 4556 mari
486 4500 551 4567 ⁸⁸,
588 4520 606 4553 ι
644 4501 695 4557 id
717 4512 819 4569 εει,
845 4504 1085 4561 destruet
1119 4505 1490 4562 inﬁdelitatem
1529 4514 1584 4562 et
1605 4521 1700 4561 su-

126 4591 350 4663 perbam
375 4590 769 4659 celsitudinem,
810 4610 929 4665 qua:
954 4596 1008 4650 in
1041 4597 1241 4653 mundo
1265 4607 1368 4653 est.

200 4678 357 4736 Cibus
381 4690 465 4737 est
490 4680 705 4740 dilectio
731 4686 934 4753 mundi,
965 4695 1021 4741 ut
1040 4688 1099 4742 in
1127 4686 1418 4760 Evangelio
1456 4707 1468 4743 :
1507 4708 1526 4742 ι
1554 4688 1700 4760 Ope-

127 4774 324 4832 ramini
342 4790 447 4832 non
474 4775 677 4844 cibum,
699 4781 789 4850 qui
814 4779 955 4851 perit
978 4780 1044 4848 ",
1074 4801 1094 4832 ι
1122 4781 1173 4836 id
1201 4792 1307 4848 est,
1334 4783 1499 4839 nolite
1521 4798 1705 4840 sanare

128 4868 453 4924 mundanam
484 4868 914 4937 delectationem,
949 4886 1068 4942 quae
1106 4873 1304 4930 deﬁcit.
1348 4875 1507 4930 Cibus
1548 4875 1706 4933 Chri-

128 4968 267 5028 stus,
303 4960 441 5020 utin
471 4966 659 5020 eodem
680 4963 801 5020 loco
832 4982 847 5019 :
879 4984 898 5016 ι
935 4960 1039 5021 Sed
1076 4965 1277 5032 cibum,
1306 4967 1395 5036 qui
1426 4974 1707 5038 permanet

130 5054 190 5110 in
217 5054 377 5110 vitam
399 5060 658 5113 aztcrnam
692 5055 755 5122 i',
793 5077 812 5111 ι
840 5056 894 5112 id
922 5067 1029 5123 est,
1057 5056 1270 5114 solliciti
1313 5067 1489 5115 estote
1518 5060 1704 5131 acqui-

129 5161 254 5202 rere
280 5145 573 5215 Christum,
596 5149 689 5219 qui
718 5149 853 5204 vivit
878 5150 932 5204 in
963 5159 1245 5205 mter-num.
1275 5150 1454 5218 Cibus,
1484 5166 1703 5221 posses-

132 5240 217 5297 sio
256 5241 673 5312 bypocritarum,
706 5251 766 5299 ut
803 5243 858 5298 in
903 5243 1048 5300 Job:
1095 5264 1114 5298 ι
1168 5243 1286 5301 Non
1336 5247 1599 5302 remansit
1644 5246 1702 5302 in

1887 2026 2167 2082 Cicatrices
2186 2035 2316 2080 sunt
2334 2032 2578 2095 peccata,
2612 2029 2670 2077 ut
2688 2021 2744 2076 in
2766 2018 2995 2076 Psalmis
3019 2037 3033 2074 :
3060 2037 3085 2071 ι
3118 2016 3401 2090 Corruptae

1816 2126 1940 2174 sunt
1962 2118 2244 2173 cicatrices
2272 2116 2342 2182 “,
2374 2135 2395 2168 ι
2427 2114 2481 2170 id
2502 2122 2605 2180 est,
2634 2113 2704 2169 a'd
2742 2110 3161 2193 delectationem
3206 2108 3385 2165 redie-

1815 2220 1943 2264 runt
1968 2210 2180 2279 priores
2198 2206 2370 2279 culpa:
2398 2220 2549 2262 mete.

1885 2303 2094 2374 Cygnus
2148 2310 2231 2357 est
2279 2300 2552 2370 superbia,
2583 2306 2644 2354 ut
2678 2298 2735 2353 in
2780 2296 2900 2370 lege
2942 2294 3284 2368 prohibetur,
3328 2304 3400 2349 ne

1811 2397 1935 2468 quis
1984 2395 2271 2451 manducet
2318 2406 2553 2465 cygnum
2581 2391 2649 2459 ’⁸,
2703 2390 2758 2445 id
2796 2397 2900 2456 est,
2951 2402 3020 2444 ne
3058 2384 3313 2444 exhibeat
3340 2396 3403 2441 se

1812 2487 2034 2543 elatum.

1882 2576 2125 2632 Ciliciam
2155 2583 2237 2632 est
2265 2589 2394 2631 caro
2419 2572 2642 2640 Christi,
2671 2579 2730 2628 ut
2752 2572 2808 2627 in
2827 2570 3060 2628 Psalmis
3093 2586 3107 2625 :
3141 2586 3161 2622 ι
3194 2568 3399 2624 indue-

1810 2670 1911 2725 bar
1931 2668 2108 2723 cilicio
2130 2668 2198 2733 ’7,
2244 2686 2263 2719 ι
2296 2665 2350 2721 id
2379 2674 2482 2731 est,
2505 2664 2640 2719 latui
2686 2663 2745 2718 in
2779 2675 2964 2717 carne.
3006 2660 3269 2724 Ciliciam,
3300 2654 3396 2713 Ju-

1811 2760 1932 2827 daei,
1975 2764 2036 2814 ut
2084 2759 2136 2813 in
2177 2757 2407 2813 Psalmis
2457 2774 2471 2810 :
2522 2775 2541 2807 ‹
2588 2754 2749 2810 Ροευὶ
2788 2752 3174 2809 vestimentum
3212 2746 3393 2804 meum

1811 2851 2044 2908 cilicium
2086 2848 2154 2916 ’⁸,
2199 2866 2218 2900 ι
2269 2848 2320 2903 id
2356 2855 2460 2911 est,
2505 2842 2740 2911 Iudaeos,
2787 2843 2883 2914 qui
2921 2843 3055 2897 mihi
3102 2839 3397 2895 {miliarias

1808 2950 1985 3007 erant,
2016 2946 2400 3010 eanperantes
2422 2936 2603 2991 habui.
2629 2933 2893 2999 Ciliciam,
2918 2932 3188 3010 asperitas
3207 2929 3387 3001 poeni-

1809 3034 2012 3099 tentiae,
2036 3043 2098 3089 ut
2126 3008 2180 3088 ιιι
2209 3032 2346 3087 libro
2387 3029 2571 3085 Juditb
2605 3046 2619 3082 ε
2656 3045 2676 3079 ι
2709 3026 2909 3082 Habuit
2940 3008 3124 3081 ῐιιιειιιιι
3153 3022 3389 3079 cilicium

1810 3141 1973 3197 super
2000 3124 2214 3181 lumbos
2242 3138 2370 3179 suos
2390 3120 2458 3188 υ,
2487 3140 2507 3174 ι
2529 3120 2674 3191 quod
2697 3118 2875 3173 anima
2902 3116 3079 3173 ﬁdelis
3099 3114 3394 3185 asperitate

1807 3214 2139 3287 paenitentia:
2167 3213 2347 3269 carnis
2391 3211 2778 3267 delectationes
2818 3208 3167 3280 exstinguere
3204 3205 3388 3261 debet.

1808 3306 2071 3371 Ciliciam,
2114 3319 2316 3376 gressa:
2346 3313 2557 3359 mentes
2602 3301 2900 3364 hominum,
2932 3306 2994 3354 ut
3020 3296 3078 3352 in
3110 3296 3299 3352 Exodo
3326 3295 3391 3362 ³⁸,

1806 3399 1873 3454 ad
1905 3398 2258 3468 operiendum
2304 3394 2712 3453 tabernaculum
2744 3393 2967 3459 Christi,
3009 3404 3140 3463 saga
3178 3388 3391 3445 cilicina

1799 3487 2058 3559 iubentur
2103 3488 2243 3553 ﬁeri,
2283 3487 2429 3557 quod
2464 3474 2566 3552 itii,
2612 3483 2707 3554 qui
2755 3496 2959 3554 gressa:
3000 3481 3201 3537 mentis
3234 3485 3387 3545 sunt,

1806 3579 1938 3635 alios
1973 3580 2066 3649 qui
2095 3578 2326 3634 internis
2366 3577 2645 3643 insistunt,
2674 3575 2745 3631 ab
2780 3572 3143 3632 exterioribus
3164 3570 3396 3643 inpedi-

1805 3671 2002 3726 mentis
2032 3679 2313 3743 protegere
2337 3670 2586 3725 debeant.

1875 3763 2127 3820 Clibouus
2157 3772 2242 3820 est
2275 3778 2504 3819 examen
2525 3758 2738 3831 iudicii,
2768 3769 2847 3816 nt‘
2862 3763 2920 3816 in
2948 3758 3149 3816 ϐαιεῆ
3168 3772 3190 3814 ε
3228 3776 3253 3811 ι
3283 3757 3393 3830 Ap-

1802 3858 1988 3930 paruit
2016 3855 2266 3911 elibsuus
2298 3856 2518 3919 ardens,
2556 3873 2582 3907 ι
2618 3852 2723 3917 vel,
2750 3870 2780 3905 ‹
2822 3851 3043 3908 hlium
3076 3850 3147 3917 ³⁸,
3190 3868 3211 3903 ι
3244 3849 3390 3919 quod

1805 3949 2055 4006 ultimum
2091 3947 2357 4018 judicium
2409 3948 2670 4019 reprobus
2712 3945 3033 4003 obsecrabit
3068 3950 3128 4002 et
3166 3951 3383 4000 exuret.

1806 4042 2078 4108 Clibrmus,
2094 4049 2425 4098 tormentum
2444 4040 2628 4097 carnis
2644 4048 2703 4095 et
2724 4039 2940 4106 omnes,
2954 4036 3101 4095 utin
3120 4034 3386 4094 Psalmis:

1812 4158 1830 4189 ι
1866 4137 2042 4192 Ροιιεε
2078 4151 2172 4191 eos
2194 4144 2254 4191 ut
2294 4135 2565 4190 clibanum
2606 4132 2851 4205 ignis",
2888 4150 2909 4186 ι
2933 4132 3077 4205 quod
3108 4126 3391 4188 damnatos

1805 4230 2065 4286 Dominus
2085 4231 2206 4286 etin
2227 4244 2391 4285 carne
2409 4238 2464 4283 et
2486 4227 2542 4282 in
2570 4227 2749 4283 anima
2771 4226 3026 4282 incendit.
3048 4229 3065 4246 ¹
3082 4223 3190 4281 Cor
3208 4222 3392 4295 cujus-

1808 4324 1937 4380 libet
1962 4322 2160 4394 iniqui,
2198 4330 2257 4377 ut
2298 4323 2351 4377 in
2388 4322 2652 4392 propheta
2685 4335 2700 4375 :
2740 4339 2761 4372 ι
2794 4316 2960 4387 Quasi
2984 4317 3228 4375 clibanus
3256 4332 3384 4373 suc-

1807 4429 2003 4471 census
2030 4430 2059 4469 a
2091 4423 2358 4486 coquente
2397 4412 2467 4481 ³³,
2511 4434 2531 4467 ι
2577 4411 2721 4483 quod
2748 4428 2781 4467 ι
2818 4410 3031 4468 diabolo
3064 4417 3388 4481 suggerente

1809 4522 1904 4563 eor
1924 4522 2149 4577 pravum
2190 4504 2573 4561 inﬂammatur.
2603 4503 2876 4572 Cli’banus,
2912 4518 3066 4559 amor
3100 4503 3297 4564 bonus.
3324 4510 3387 4558 ut

1809 4599 1865 4655 in
1891 4598 2170 4655 Levitico:
2206 4618 2224 4651 ι
2262 4596 2438 4654 Panes
2470 4606 2653 4654 coctos
2682 4597 2737 4651 in
2770 4595 2981 4652 clibano
3024 4592 3217 4651 oﬂ‘eres
3250 4592 3323 4661 “,
3359 4612 3380 4648 ι

1809 4694 1863 4751 id
1886 4702 1988 4761 est,
2014 4694 2128 4751 Deo
2153 4695 2407 4751 ostendas
2426 4694 2584 4750 bona:
2610 4691 2737 4773 vita;
2760 4702 2913 4747 actus
2928 4702 3062 4761 vero
3091 4702 3275 4773 amore
3294 4700 3388 4744 ro-

1808 4782 2049 4844 boratus.
2716 4770 2741 4789 ’
2792 4804 2799 4811 '
3136 4796 3143 4799 '

1880 4879 2128 4953 Clypeum
2174 4888 2257 4936 est
2290 4878 2546 4935 vexillum
2580 4877 2779 4942 crucis,
2819 4883 2880 4931 ut
2908 4876 2961 4930 in
2992 4872 3138 4931 libro
3170 4870 3337 4930 'losue
3366 4886 3383 4929 :

1817 4993 1835 5026 ι
1876 4973 2018 5029 Leva
2047 4973 2315 5045 clypeum,
2359 4973 2449 5045 qui
2483 4974 2536 5027 in
2568 4987 2729 5026 manu
2780 4980 2869 5026 tua
2901 4979 2985 5026 est
3010 4964 3076 5036 ”,
3115 4989 3135 5023 ι
3184 4969 3237 5026 id
3276 4978 3381 5037 est,

1808 5064 1963 5137 exige
1994 5065 2046 5119 in
2086 5065 2286 5119 niundo
2310 5052 2570 5130 'crucem,
2605 5079 2723 5134 quae
2750 5064 2803 5119 in
2848 5069 3117 5135 potestate
3149 5064 3237 5121 tua
3277 5070 3382 5120 est.

1808 5154 2029 5227 Clypeus
2051 5157 2272 5211 verbum
2298 5156 2717 5222 excusatorium,
2742 5156 2876 5211 utin
2902 5154 3002 5211 Job
3028 5173 3042 5209 :
3084 5175 3103 5208 ι
3140 5153 3385 5211 Vibrabit

1807 5248 1963 5304 hasta
2004 5258 2061 5303 et
2104 5246 2326 5321 clypeos
2372 5245 2439 5314 3',
2477 5267 2497 5301 ι
2547 5244 2690 5319 quod
2725 5246 3137 5318 praedicatorem
3178 5242 3383 5301 bonum

196 5429 371 5499 ‘7Luc.
398 5445 511 5497 χιιι,
545 5430 632 5487 16.
657 5431 837 5487 'Psal.
860 5448 1028 5495 van,
1054 5432 1108 5488 5.
1141 5432 1162 5464 ³
1191 5431 1336 5489 Psal.
1369 5448 1479 5499 xu,
1511 5432 1563 5486 1.
1596 5431 1618 5463 ⁵
1644 5431 1706 5488 Ca

1830 5448 1890 5495 ιι,
1929 5431 1981 5487 9.
2008 5432 2029 5463 ⁸
2055 5430 2201 5485 Psal.
2234 5446 2351 5495 cm,
2384 5429 2469 5484 18.
2502 5428 2523 5460 ⁸
2549 5427 2691 5484 Psal.
2725 5426 2971 5499 “11,54.
2994 5424 3186 5482 ’Cant.
3215 5425 3379 5499 111,5.

242 5466 371 5485 μυυο
398 5466 511 5497 λιν,
549 5466 632 5487 su.
695 5466 716 5485 ι
738 5466 837 5487 nan.
861 5466 1028 5495 μλνιι,
1054 5466 1108 5488 υ.
1194 5466 1215 5487 ι
1236 5466 1336 5489 θαι.
1369 5466 1479 5499 λιιι,
1516 5466 1563 5486 ιο
1644 5466 1706 5488 ua

134 5502 166 5538 ⁸
202 5498 312 5570 let.
340 5516 453 5570 xiv,
482 5500 537 5558 5.
577 5500 599 5535 ’
640 5500 740 5558 Joh
770 5518 961 5569 χχιιι,
989 5502 1042 5559 4.
1088 5502 1129 5535 ιθ
1160 5502 1321 5559 Deut.
1366 5520 1514 5569 χχιι,
1562 5502 1653 5561 27.
1696 5504 1706 5535 ¹

1819 5466 1890 5559 ξδ’
1919 5466 2027 5566 {vn
2056 5466 2701 5563 Ἇὲιῗ”ιι”’ἱέἓδιῖ”ρκὶἕίὶῖ,

140 5572 192 5608 ’⁸
226 5568 391 5628 June.
431 5567 492 5640 ιι,
534 5574 586 5629 1.
650 5574 694 5606 ³⁸
721 5572 821 5631 Job
858 5567 956 5636 vn,
998 5575 1080 5630 12.
1144 5576 1188 5607 ¹⁶
1224 5577 1326 5630 lsa.
1373 5567 1540 5639 xxvii,
1584 5576 1634 5629 1.
1684 5574 1702 5606 ¹

1819 5591 1920 5628 ian.
1960 5590 2032 5633 vr,
2070 5574 2158 5627 27.
2198 5573 2241 5604 ιδ
2278 5572 2411 5626 Ibid.
2455 5571 2496 5603 ¹⁹
2531 5570 2633 5625 Job
2669 5584 2761 5635 xx,
2796 5568 2886 5624 2L
2918 5569 2963 5601 "
3000 5567 3165 5640 leor.
3206 5578 3259 5628 v.

136 5645 187 5678 ⁸¹
228 5644 383 5701 Prom
423 5638 582 5711 nan,
618 5645 672 5701 5.
713 5647 758 5677 ’⁸
793 5644 891 5701 Job
929 5660 1002 5710 vr,
1050 5646 1102 5700 7.
1144 5647 1189 5678 ⁸³
1237 5648 1390 5701 Prov.
1426 5638 1573 5711 xm,
1606 5646 1685 5700 l5.

1819 5645 1937 5698 ’sal.
1978 5660 2185 5707 ιλιι-ιι,
2233 5644 2323 5698 95.
2365 5643 2411 5673 "
2446 5641 2589 5697 Psal.
2629 5658 2833 5711 xxxvii,
2869 5641 2922 5711 6.
2950 5640 3005 5711 "_
3024 5638 3153 5711 Leti.
3188 5652 3267 5703 ιι,
3292 5638 3379 5711 16.

228 5680 251 5699 ι
276 5680 383 5701 ιυν.
426 5680 582 5711 μω,
618 5680 672 5701 υ.
793 5680 891 5701 um
935 5680 1002 5710 η,
1061 5680 1102 5700 ..
1237 5680 1253 5697 .
1281 5680 1390 5701 ω..
1427 5680 1573 5711 μη,
1606 5680 1685 5700 ω.

136 5718 185 5749 ⁸⁷
220 5715 361 5773 Psal.
400 5730 591 5785 nm,
632 5716 719 5773 15.
758 5717 804 5749 ’⁸
839 5717 981 5772 Psal.
1011 5732 1198 5785 vaur,
1230 5718 1315 5772 12.
1353 5717 1398 5750 ²⁹
1423 5718 1587 5772 ludit.
1632 5733 1702 5771 vn

1819 5680 2389 5783 ..δ’
2416 5680 2466 5747 ³Ῑ
2492 5680 2627 5777 Cen.
2663 5680 2867 5781 ἓν,
2904 5708 2950 5743 ³⁸
2977 5708 3122 5766 Psal.
3162 5680 3267 5777 xx,’
3286 5708 3376 5768 10.

136 5786 342 5872 “‘Ose.
374 5798 479 5861 vn,
512 5788 569 5847 4.
608 5787 657 5823 ⁸⁸
697 5789 830 5850 Lev.
876 5802 1028 5858 xxvr,
1062 5788 1157 5847 26.
1199 5788 1247 5825 ³⁸
1290 5787 1404 5848 los.
1444 5802 1501 5858 ν,
1534 5788 1621 5846 18.
1670 5788 1706 5823 ⁸⁴

1819 5787 1871 5845 b.
1921 5802 2111 5859 χχχιιι,
2160 5786 2252 5845 26.
