3972 6336
295 345 403 403 901

1258 346 1673 405 ALLEGORUE
1712 347 1778 404 IN
1818 346 2093 404 SACBAM
2135 348 2597 409 SCRIPTUBAM.

3412 306 3443 335 δ

3445 363 3559 435 iis

290 470 493 530 pagum
519 470 733 529 quoque
753 463 808 513 et
826 455 1182 512 medullarum
1214 458 1253 523 ³,
1280 478 1299 511 ι
1329 460 1473 530 quod
1517 459 1870 529 cogitationes
1896 471 1948 531 Α
1973 459 2353 517 conturbatum
2375 470 2458 517 est
2484 462 2538 517 in
2577 464 2749 531 me“,
2777 482 2795 517 ι
2822 463 2879 521 id
2898 472 3000 533 est,
3025 486 3045 523 ι
3073 468 3243 527 tristis
3261 477 3349 527 est
3368 474 3554 531 anima

290 555 355 605 et
381 547 707 603 intentiones
732 546 876 603 Deus
904 547 1180 603 discernit.

370 636 684 708 Concenliis,
712 655 892 697 sermo
916 641 1221 708 doctorum,
1250 649 1310 696 ut
1334 641 1389 696 in
1407 639 1508 697 Joh
1540 659 1552 695 :
1583 660 1602 692 ι
1637 641 1705 696 Ει
1740 656 1869 697 con-

288 744 515 789 centum
549 732 674 789 cteli
702 736 718 753 θ
741 733 835 805 qui
862 733 1098 790 dormire
1119 733 1284 790 faciat
1309 735 1364 802 ¹;
1393 755 1413 786 ι
1440 736 1583 805 quod
1611 736 1667 791 in
1690 734 1871 793 futura

285 822 406 883 vita
433 837 613 880 sermo
650 822 932 880 doctorum
958 824 1212 891 cessabit,
1255 839 1357 880 nec
1384 824 1599 882 docebit
1642 825 1872 899 quisque

283 920 600 992 proximum
634 935 812 977 suum.

367 1007 681 1065 Concubime
702 1018 829 1065 sunt
858 1007 1055 1064 animae
1097 1008 1405 1081 impiorum,
1436 1017 1496 1066 ut
1516 1011 1571 1065 in
1598 1008 1821 1067 Cantica
1853 1029 1866 1066 :

292 1120 315 1153 ι
350 1100 415 1157 Et
438 1103 715 1175 octoginta
742 1110 869 1158 sunt
891 1099 1205 1158 concubina:
1234 1102 1254 1133 ³
1275 1142 1291 1169 ,
1342 1120 1363 1156 ι
1407 1101 1547 1174 quod
1573 1101 1744 1175 iniqui
1786 1117 1871 1157 re-

282 1191 685 1250 surrectionem
706 1192 924 1271 quidem
946 1190 1183 1247 futuram
1203 1192 1451 1262 credunt,
1477 1193 1574 1249 sed
1594 1208 1716 1248 eam
1732 1194 1870 1249 bene

285 1284 525 1339 vivendo
556 1299 664 1341 non
695 1283 940 1355 diligunt.

360 1372 665 1433 Concubina
697 1384 782 1432 est
808 1375 894 1433 lex
928 1383 1102 1443 vetus,
1124 1374 1262 1432 utin
1286 1374 1515 1445 Genesi;
1550 1395 1570 1429 ι
1605 1377 1871 1434 Dormivit

278 1466 481 1526 Ruben
516 1485 639 1525 cum
665 1468 969 1525 concubina
1003 1469 1178 1541 patris
1219 1468 1303 1525 sui
1333 1468 1376 1537 ’⁵,
1418 1489 1439 1522 ι
1472 1468 1615 1540 quod
1639 1468 1869 1542 populus

274 1546 541 1619 Iudaicus
563 1562 735 1636 legem
758 1562 854 1619 Dei
880 1578 978 1634 per
1006 1568 1023 1582 '
1053 1578 1283 1634 pravum
1311 1561 1645 1620 intellectum
1669 1564 1869 1621 abusus

278 1664 393 1710 est.

358 1744 790 1819 Coucupiscentia
811 1754 895 1802 est
932 1745 1096 1812 bona,
1140 1753 1200 1800 ut
1234 1744 1289 1800 in
1330 1744 1470 1803 libro
1516 1746 1804 1820 Sapientiae
1849 1768 1863 1805 :

1930 620 1935 625 ἱ
1976 566 2094 605 mea
2124 567 2293 622 usque
2320 553 2389 608 ad
2437 565 2667 613 mortem
2695 559 2761 612 “.
2806 578 2827 613 ι
2871 558 3001 631 Cor,
3035 564 3299 633 sapientia
3327 564 3551 637 Christi,

1974 651 2033 698 ut
2058 643 2112 697 in
2134 641 2393 700 Psalmis:
2433 666 2451 697 ι
2473 645 2696 705 Factum
2719 658 2802 707 est
2823 667 2920 707 cor
2938 668 3117 713 meum
3148 665 3400 728 tanquam
3424 675 3552 721 cera

1973 732 2278 805 liquesccns
2306 736 2375 804 ’³,
2412 758 2432 791 ι
2467 738 2519 795 id
2550 750 2655 807 est,
2707 743 2970 813 sapientia
2999 760 3120 807 mea
3151 749 3167 767 ‘
3198 756 3258 805 ut
3293 752 3554 811 cruciﬁxo

1971 825 2366 883 manifestatur.
2396 827 2518 896 Cor,
2549 840 2706 899 ratio,
2735 842 2793 888 ut
2826 834 2881 895 in
2901 833 3129 895 Cantica
3156 837 3173 892 ξ
3207 855 3229 891 ι
3271 838 3384 913 Ego
3425 843 3551 898 dor-

1969 915 2101 982 mio,
2125 925 2180 971 et
2206 932 2301 973 cor
2325 935 2501 977 meum
2525 921 2709 993 vigilat
2732 923 2798 991 “,
2836 944 2856 979 ι
2884 926 2941 991 id
2963 936 3069 994 est,
3096 927 3165 984 ab
3191 931 3553 991 exterioribus

1971 1023 2144 1097 cesso,
2167 1019 2222 1065 et
2249 1010 2591 1097 interioribus
2611 1029 2707 1085 per
2725 1019 3236 1097 contemplationem
3260 1022 3313 1076 in
3335 1025 3547 1084 ratione

1971 1095 2211 1153 intendo.
2250 1096 2372 1166 Cor,
2408 1101 2678 1169 voluntas,
2722 1107 2864 1161 utin
2890 1106 3104 1167 Psaltno
3135 1128 3149 1167 :
3188 1095 3206 1163 ι
3250 1110 3319 1169 Ει
3347 1129 3546 1184 θυι)ιο-

1968 1187 2250 1260 pinquavit
2277 1206 2373 1246 cor
2402 1191 2544 1249 illius
2582 1194 2648 1257 ’⁸,
2701 1216 2720 1249 ι
2771 1200 2910 1268 quod
2939 1209 3151 1258 secreta
3177 1203 3426 1265 voluntas
3456 1205 3555 1263 Dei

1970 1276 2027 1333 in
2055 1278 2349 1363 Scripturis
2381 1289 2647 1357 apparuit.
2676 1284 2803 1356 Cor,
2851 1291 3099 1353 sublimis
3143 1298 3547 1369 contemplatio,

1969 1379 2032 1425 ut
2071 1370 2126 1427 in
2148 1372 2388 1443 psalmo:
2426 1394 2444 1425 ι
2472 1376 2704 1437 Accedet
2728 1380 2890 1439 homo
2917 1384 2985 1438 ad
3016 1399 3113 1447 cor
3148 1387 3316 1445 altum
3342 1388 3409 1457 ",
3444 1410 3463 1443 ι
3497 1389 3554 1447 id

1967 1471 2071 1530 est,
2103 1466 2388 1527 sublimem
2430 1471 2797 1541 apprehendet
2841 1478 3373 1551 contemplationem.
3422 1481 3549 1550 Cor,

1965 1554 2201 1625 praelati,
2233 1566 2293 1612 ut
2314 1558 2369 1612 in
2404 1558 2570 1617 Isaia:
2611 1581 2629 1615 ι
2676 1562 2985 1639 Loquimini
3010 1571 3077 1625 ad
3105 1586 3202 1627 cor
3226 1571 3545 1640 Jerusalem,

1942 1652 2023 1700 ‘et
2050 1647 2310 1704 advocate
2352 1664 2473 1705 eam
2521 1652 2593 1718 ’⁷,
2632 1672 2652 1705 ι
2699 1652 2757 1709 id
2781 1666 2887 1724 est,
2935 1658 3005 1715 ad
3034 1674 3279 1721 summos
3298 1663 3551 1733 praelatos

1967 1736 2352 1796 Ecclesiarum.
2390 1739 2514 1809 Cor,
2542 1745 2855 1804 sacerdotes
2879 1746 3197 1824 Synagogaa,
3224 1760 3285 1808 ut
3323 1753 3376 1810 in
3399 1754 3500 1811 Job
3530 1774 3544 1811 :

280 1857 304 1889 ι
338 1837 789 1910 Coucupiscentia
811 1836 1089 1909 sapientia:
1109 1836 1329 1892 deducit
1339 1837 1408 1892 ad
1431 1853 1655 1910 regnum
1678 1855 1866 1913 perpe-

1974 1846 1995 1883 ‹
2034 1828 2135 1897 Qui
2162 1829 2415 1887 immutat
2432 1848 2528 1891 cor
2548 1836 2849 1913 principum
2870 1842 3051 1914 populi
3077 1851 3235 1899 terra:
3260 1846 3327 1912 ³⁸,
3359 1848 3548 1917 »χιιιοά

279 1945 440 1991 tuum
465 1935 507 1991 ⁸.
538 1955 559 1988 ι
579 1934 1010 2005 Coucupiscentia
1026 1935 1267 2004 inala,ut
1289 1937 1341 1991 in
1358 1936 1593 2006 Epistula
1607 1935 1862 1993 Joannis:

268 2011 304 2076 ἰ
375 2023 822 2101 Coucupiscentia
883 2024 1064 2081 carnis
1098 2066 1113 2093 ,
1188 2027 1622 2097 concupiscentia
1681 2024 1867 2083 oculo-

272 2134 405 2173 rum
433 2116 475 2172 '.
511 2138 530 2170 ι

354 2206 592 2279 Cognitio
621 2216 705 2262 est
736 2206 1071 2277 approbatio,
1106 2214 1167 2261 ut
1195 2207 1250 2265 in
1295 2206 1480 2263 Exodo
1510 2225 1522 2261 :
1570 2226 1588 2259 ‹
1645 2205 1781 2262 Novi
1815 2215 1867 2261 te

271 2316 350 2359 ex
399 2299 618 2356 nomine
656 2299 700 2352 ".
739 2317 759 2351 ι
815 2296 1076 2371 Cognitio,
1115 2300 1361 2367 scientia,
1410 2308 1470 2356 ut
1520 2301 1575 2355 in
1622 2299 1863 2373 Epistola

271 2390 508 2449 Joannis
539 2410 553 2446 :
600 2388 761 2447 Novit
782 2390 966 2447 omnia
995 2391 1038 2447 ⁸.
1069 2412 1091 2447 ι
1127 2391 1391 2463 Cognitio,
1423 2393 1745 2449 concubitus
1764 2431 1780 2459 ,
1807 2400 1867 2461 ut

272 2486 343 2545 in
365 2484 593 2543 Genesi:
633 2506 653 2539 ‹
685 2484 948 2556 Cognovit
966 2485 1137 2541 Adam
1164 2501 1386 2542 uxorem
1413 2501 1567 2541 suam
1598 2485 1641 2540 ⁸.
1678 2505 1698 2538 ι

356 2562 635 2633 Consedere
662 2584 746 2633 est
772 2591 995 2644 vexare,
1016 2585 1075 2632 ut
1094 2576 1151 2631 in
1176 2576 1403 2635 Psalmis
1435 2596 1448 2631 :
1488 2595 1506 2628 ι
1538 2576 1755 2635 Misitin
1784 2578 1862 2634 eis

272 2671 647 2745 cynomyiam,
676 2679 732 2729 et
760 2669 994 2727 comedit
1022 2685 1116 2727 eos
1144 2670 1209 2736 ¹⁰,
1240 2690 1259 2722 ι
1288 2670 1343 2725 id
1367 2682 1471 2738 est,
1503 2672 1720 2727 vexavit
1747 2683 1859 2727 eos.

272 2760 591 2833 _Comedere,
621 2762 849 2828 discere,
900 2760 1042 2819 utin
1069 2760 1390 2817 Parabolis:
1429 2779 1447 2813 ι
1486 2760 1739 2826 Comede,
1788 2760 1863 2815 ﬁli

278 2856 385 2924 mi,
410 2856 537 2924 mel,
573 2876 595 2909 ι
649 2856 705 2912 id
751 2864 853 2921 est,
883 2854 1032 2910 disce
1062 2854 1401 2925 sapientiam.
1432 2852 1732 2921 Comedere,
1762 2854 1863 2911 im-
1883 2888 1895 2901 π

274 2949 453 3023 plcre,
501 2957 561 3005 ut
600 2949 657 3007 in
697 2947 925 3005 Psalmis
956 2965 971 3001 :
999 2966 1018 3000 ι
1063 2945 1273 3003 Oblitus
1311 2964 1431 3003 sum
1453 2947 1740 3005 comedere
1766 2963 1863 3020 pa-

276 3055 413 3101 nem
464 3054 645 3097 meum
695 3039 757 3106 υ,
794 3058 815 3092 ›
874 3038 930 3093 id
959 3046 1065 3104 est,
1091 3037 1305 3109 neglexi
1352 3037 1576 3109 implere
1623 3038 1863 3095 divinum

276 3141 631 3209 praeceptum.
660 3130 959 3197 Comedere,
983 3128 1289 3197 detrahere,
1320 3138 1379 3184 ut
1407 3131 1461 3185 in
1500 3129 1668 3186 Paulo
1699 3148 1713 3184 :
1749 3148 1768 3181 ι
1804 3128 1863 3186 Si

1968 1918 2110 1975 Deus
2133 1923 2439 1979 sacerdotes
2467 1922 2877 2003 Judaicirpopuli
2896 1944 2933 1987 a
2952 1931 3093 1989 bono
3116 1932 3171 1989 in
3199 1934 3399 1991 malum
3431 1952 3545 1993 mu-

1967 2010 2070 2065 tari
2095 2013 2359 2080 permisit.
2383 2012 2506 2081 Cor,
2537 2018 2788 2088 superbia
2808 2020 3002 2090 hostis,
3032 2032 3091 2078 ut
3114 2024 3169 2080 in
3197 2024 3298 2083 Job
3329 2045 3343 2081 :
3376 2044 3397 2079 ι
3443 2028 3548 2085 Cor

1966 2099 2082 2169 ejus
2108 2101 2390 2158 durabitur
2413 2105 2567 2175 quasi
2599 2106 2736 2177 lapis
2763 2108 2837 2176 ",
2869 2129 2890 2167 ι
2926 2113 3070 2182 quod
3092 2113 3336 2172 diabolus
3364 2116 3418 2173 in
3446 2134 3544 2175 sua

1968 2206 2182 2263 semper
2210 2195 2459 2264 superbia
2503 2196 2804 2255 induratur.
2833 2198 2958 2270 Cor,
3009 2203 3275 2261 calliditas
3324 2204 3549 2275 diaboli,

1965 2290 2025 2336 ut
2053 2282 2107 2337 in
2134 2282 2299 2338 Tobia
2352 2304 2367 2340 :
2420 2304 2439 2337 ι
2482 2286 2751 2345 Exeutera
2794 2290 2938 2347 hunc
2960 2292 3189 2363 piscem,
3225 2303 3280 2352 et
3306 2312 3402 2357 cor
3430 2297 3547 2368 ejus

1965 2390 2165 2447 repone
2190 2377 2258 2444 ³ο,
2314 2398 2334 2431 ι
2362 2380 2525 2450 'quod
2548 2380 2693 2439 Deus
2744 2392 2801 2441 et
2852 2388 3149 2457 nequitiam
3194 2389 3389 2447 diaboli
3423 2408 3549 2462 ape-

1965 2467 2095 2532 ruit,
2119 2478 2175 2523 et
2193 2469 2544 2529 calliditatem
2566 2473 2683 2545 ejus
2712 2473 2867 2533 libris
2892 2480 3097 2537 sanctis
3137 2480 3382 2539 involvit.
3416 2481 3547 2552 Cor,

1964 2556 2335 2629 cogitationes,
2381 2570 2441 2617 ut
2484 2562 2541 2617 in
2574 2562 2805 2622 Psalmis
2852 2584 2865 2621 :
2921 2586 2939 2620 ι
2997 2567 3259 2628 Scrutaris
3303 2574 3550 2631 eordaet

1963 2664 2123 2705 renes
2152 2650 2295 2708 Deus
2322 2652 2391 2719 ³⁸,
2418 2673 2438 2706 ι
2468 2656 2613 2725 quod
2643 2656 2756 2726 ipse
2787 2658 2932 2715 videt
2961 2661 3091 2735 quid
3136 2662 3365 2735 quisque
3402 2664 3550 2737 cogi-

1964 2750 2060 2810 tet,
2086 2752 2145 2799 et
2170 2745 2315 2817 quod
2341 2762 2608 2819 quemque
2634 2749 2884 2807 delectet.

2034 2831 2236 2905 Corpus
2288 2845 2372 2891 est
2420 2852 2647 2907 persona
2697 2838 2916 2905 Christi,
2970 2849 3030 2896 ut
3081 2843 3137 2901 in
3188 2844 3480 2918 Evangelia
3529 2866 3545 2904 :

1971 2942 1989 2975 ι
2024 2923 2337 2997 Ubicunque
2382 2926 2545 2985 fuerit
2598 2946 2815 3002 corpus,
2860 2932 2935 2988 ibi
2980 2938 3448 3011 congregabuntur
3490 2948 3550 2995 et

1963 3014 2158 3085 aquilae
2184 3015 2228 3048 "
2256 3058 2272 3084 ,
2315 3037 2335 3070 ι
2371 3021 2513 3089 quod
2542 3019 2632 3075 ubi
2663 3022 2823 3078 modo
2845 3022 3091 3081 Christus
3116 3029 3412 3085 secundum
3438 3031 3545 3086 hu-

1963 3108 2281 3162 manitatem
2298 3118 2403 3175 est,
2426 3108 2498 3165 ibi
2528 3120 2688 3169 erunt
2707 3121 2765 3168 et
2784 3113 2976 3171 animai
3002 3116 3319 3175 electorum.
3343 3118 3546 3191 Corpus

277 3194 519 3283 invicem
541 3224 855 3281 mordebitis
871 3232 928 3280 et
948 3224 1231 3280 comeditis
1262 3224 1329 3291 ¹²,
1376 3243 1395 3276 ι
1427 3223 1481 3279 id
1524 3231 1627 3291 est,
1650 3224 1698 3279 si
1725 3223 1863 3279 invi-

1969 3194 2169 3253 Christi
2210 3207 2267 3254 et
2303 3198 2434 3255 illud
2477 3210 2561 3257 est
2590 3201 2659 3268 ³³,
2705 3204 2848 3275 quod
2877 3206 3045 3262 semel
3077 3217 3197 3265 erat
3224 3209 3281 3265 in
3306 3211 3548 3282 patibulo

277 3335 405 3376 cem
438 3318 754 3374 detrahetis.

357 3411 627 3479 Confessio
650 3419 733 3466 est
764 3408 957 3476 laudis,
984 3417 1046 3467 ut
1075 3409 1128 3464 in
1168 3408 1460 3480 Evangelia
1487 3427 1500 3463 :
1540 3426 1561 3460 ι
1596 3407 1867 3465 Confiteor

279 3505 406 3571 tibi,
436 3505 596 3560 Pater
624 3504 744 3561 οωιὶ
775 3512 831 3559 ει
855 3514 1014 3559 terrae
1046 3503 1109 3561 ³³.
1160 3522 1179 3556 ›
1220 3502 1490 3575 Confessio
1525 3511 1611 3559 est
1634 3503 1865 3574 peccati,

277 3604 347 3653 ut
376 3596 429 3651 in
469 3594 697 3651 Psalmis
730 3613 743 3649 :
778 3614 796 3648 ι
827 3593 1137 3651 Conlitebor
1172 3595 1269 3650 tibi
1296 3595 1585 3649 adversum
1614 3608 1700 3648 me
1729 3588 1866 3662 inju-

275 3687 491 3744 stitiam
520 3686 585 3741 ¹¹⁵.
629 3706 648 3740 ι

359 3776 609 3833 Consules
638 3785 763 3832 sunt
784 3777 890 3834 viri
919 3776 1113 3844 sancti,
1146 3776 1283 3831 utin
1303 3774 1407 3832 Job
1438 3790 1452 3830 :
1480 3775 1613 3833 Cum
1638 3775 1868 3833 consuli-

274 3872 389 3935 bus
418 3879 577 3927 terra:
611 3870 904 3927 dormirem
932 3871 997 3937 ‘5,
1029 3890 1049 3924 ι
1085 3870 1142 3925 id
1172 3881 1276 3936 est,
1311 3885 1437 3925 cum
1475 3868 1583 3925 illis
1611 3869 1703 3941 qui
1742 3869 1867 3925 aliis

296 3963 427 4021 vitai
450 3962 733 4019 consilium
754 3963 1011 4033 prazbent,
1042 3962 1458 4032 requiescerem.

357 4056 662 4129 Comitium
682 4066 809 4113 sunt
830 4056 1078 4131 doctores
1102 4057 1273 4126 pravi,
1301 4057 1432 4111 utin
1461 4054 1601 4111 Job:
1634 4075 1654 4108 ι
1683 4056 1867 4112 Addu-

278 4149 361 4207 cit
391 4149 727 4206 consiliarios
764 4149 818 4203 in
842 4149 1061 4203 stultum
1093 4148 1253 4203 tinem
1287 4147 1350 4212 ιθ,
1388 4168 1407 4200 ι
1446 4148 1498 4203 id
1534 4157 1636 4215 est,
1668 4162 1866 4217 pravos

278 4240 538 4298 doctores
578 4240 633 4297 in
662 4239 913 4296 fatuitate
943 4242 1063 4297 vitae
1109 4241 1262 4296 (inire
1290 4241 1574 4312 permittit.
1606 4239 1866 4296 Consilia-

279 4316 421 4399 ἧκε,
450 4331 721 4397 Christus,
752 4342 811 4388 ut
841 4334 892 4387 in
922 4333 1055 4388 Isaia
1087 4350 1100 4387 :
1149 4352 1167 4385 i
1203 4332 1496 4390 Vocabitur
1526 4348 1722 4389 nomen
1749 4332 1867 4403 ejus

280 4422 626 4481 consiliarius
654 4424 722 4490 ’⁷,
754 4442 775 4477 ι
815 4424 955 4494 quod
982 4423 1187 4479 homini
1216 4425 1283 4479 ad
1310 4424 1474 4479 vitam
1515 4424 1663 4479 dedit
1687 4424 1866 4479 consi-

280 4511 438 4569 lium.
475 4510 800 4580 Comitiarii,
826 4514 1000 4586 angeli
1025 4515 1220 4581 sancti,
1247 4523 1305 4569 ut
1342 4516 1396 4571 in
1430 4514 1585 4570 libris
1610 4514 1818 4585 Regum
1845 4532 1858 4569 :

1970 3291 2308 3359 cruciﬁxum,
2339 3302 2395 3348 et
2431 3294 2483 3350 id
2503 3335 2518 3361 ,
2546 3292 2734 3369 [quod]
2764 3294 2813 3327 “
2839 3299 3080 3368 quotidie
3105 3301 3157 3357 in
3186 3303 3441 3375 mysterio
3466 3311 3551 3360 est

1960 3381 2324 3452 immolatum,
2356 3393 2411 3440 et
2438 3386 2490 3441 id
2520 3386 2588 3452 ³⁸,
2612 3388 2755 3459 quod
2777 3389 2830 3445 ei
2860 3389 2951 3445 uni
2974 3390 3199 3449 Domino
3222 3394 3544 3465 subjectum,

1968 3492 2075 3533 una
2106 3477 2212 3532 title
2260 3477 2642 3548 illuminatum,
2673 3496 2780 3536 uno
2824 3482 3152 3553 baptismate
3201 3493 3287 3542 est
3321 3489 3552 3544 munda-

1968 3574 2104 3635 tum,
2132 3570 2275 3641 quod
2302 3586 2495 3643 corpus
2522 3580 2607 3625 est
2634 3579 2819 3628 sancta
2848 3570 3113 3630 Ecclesia.
3143 3571 3345 3647 Corpus
3365 3592 3551 3649 pecca-

1968 3667 2101 3725 tum,
2141 3671 2200 3716 ιιι
2227 3661 2280 3716 in
2312 3662 2629 3719 Ezechiele:
2663 3682 2682 3715 ι
2710 3663 2926 3721 Duabus
2945 3665 3044 3721 alis
3079 3665 3327 3721 velabant
3351 3684 3548 3738 corpus

1968 3767 2142 3817 suum,
2183 3773 2203 3806 ι
2238 3755 2415 3820 idest,
2446 3755 2637 3811 timore
2693 3764 2748 3815 et
2785 3758 3109 3828 poenitentia
3135 3760 3335 3815 delevit
3357 3776 3545 3831 petca-

1968 3851 2083 3897 tum
2123 3860 2300 3899 suum.
2334 3842 2535 3916 Corpus
2565 3847 2860 3923 corruptio,
2911 3859 2971 3904 ut
3002 3849 3057 3904 in
3108 3848 3276 3907 Paulo
3308 3869 3322 3907 :
3358 3870 3379 3904 ί
3416 3852 3549 3921 Quis

1966 3934 2221 3991 liberabit
2250 3952 2338 3992 me
2373 3938 2439 3992 de
2461 3954 2685 4009 corpore
2715 3955 2838 3997 meo
2867 3939 2954 3994 “?
2978 3960 2998 3994 ι
3047 3941 3102 3997 id
3129 3950 3234 4009 est,
3268 3942 3337 3999 de
3363 3959 3550 4001 corru-

1968 4030 2150 4101 ptione
2181 4029 2526 4085 mortalitatis
2550 4031 2744 4100 hujus?
2773 4029 2997 4103 Corpus,
3028 4032 3319 4091 multitudo
3352 4050 3543 4108 repro-

1966 4122 2182 4188 borum,
2218 4134 2273 4179 ut
2296 4124 2349 4178 in
2387 4122 2487 4180 Job
2516 4143 2530 4179 :
2568 4143 2587 4176 ι
2623 4125 2829 4199 Corpus
2874 4126 3017 4184 illius
3044 4129 3196 4201 quasi
3228 4138 3378 4186 scuta
3419 4130 3488 4198 ³⁷,
3521 4149 3541 4185 ι

1967 4214 2114 4286 quod
2152 4214 2386 4287 reprobi,
2430 4215 2487 4270 in
2540 4216 2734 4286 quibus
2781 4217 2991 4274 habitat
3036 4220 3310 4288 diabolus,
3348 4222 3461 4279 suis
3488 4237 3549 4278 se

1966 4308 2206 4378 peccatis
2238 4317 2517 4365 excusant.

2039 4416 2234 4475 Cornus
2264 4428 2348 4476 est
2373 4419 2721 4490 praedicator,
2746 4428 2809 4477 ut
2839 4402 2895 4481 in
2917 4419 3018 4480 Job
3054 4441 3071 4478 :
3115 4440 3136 4476 ι
3173 4423 3309 4494 Quis
3339 4438 3548 4497 pracpa-

1970 4520 2055 4567 rat
2090 4527 2253 4569 corvo
2278 4527 2460 4569 escam
2488 4529 2642 4570 suam
2678 4513 2767 4569 "?
2813 4534 2835 4569 ι
2870 4514 2927 4571 id
2951 4523 3055 4581 est,
3083 4515 3205 4587 quis
3233 4517 3325 4573 dat
3352 4517 3548 4587 pnedi-

291 4621 315 4655 .
350 4602 656 4661 Consiliarii
683 4605 826 4677 regis
867 4580 1033 4661 clivia
1058 4605 1122 4673 ιε,
1163 4624 1183 4658 ι
1227 4606 1285 4661 id
1328 4616 1441 4672 est,
1478 4606 1654 4677 angeli
1688 4580 1862 4661 ῐιοιιιι-
1888 4580 1943 4642 Ι)
1967 4607 2160 4675 oatori,
2202 4617 2265 4662 ut
2296 4608 2444 4678 pasci
2491 4608 2661 4678 possit
2701 4608 2763 4665 in
2800 4580 3123 4667 obedientia
3155 4580 3542 4679 subieciorum.

283 4696 448 4753 nibus
494 4699 563 4754 ad
599 4697 826 4754 salutem
856 4699 1272 4767 consentientes,
1300 4699 1644 4757 consulentes
1671 4707 1727 4756 et
1753 4700 1863 4757 Deo

282 4791 603 4848 servientes.

358 4881 630 4939 Contentio
646 4882 701 4939 in
713 4884 875 4951 bono,
890 4884 1022 4939 utin
1046 4883 1368 4955 Evangelia:
1390 4902 1409 4937 ι
1433 4882 1753 4940 Contendite
1781 4885 1863 4940 in-

283 4983 438 5045 trare
466 4992 561 5047 per
582 4986 865 5049 angustam
900 4986 1115 5049 portam
1156 4977 1233 5044 19;
1299 4996 1319 5030 ι
1381 4977 1436 5032 in
1480 4977 1642 5046 malo,
1694 4985 1754 5034 ut
1805 4980 1862 5035 in

283 5068 457 5126 Paulo
482 5088 498 5126 :
534 5089 553 5123 ι
589 5072 723 5127 Cum
743 5071 888 5126 enim
914 5071 986 5126 sit
1009 5070 1156 5127 zelus
1184 5080 1240 5127 et
1268 5071 1542 5127 contentio
1572 5072 1639 5126 ²⁰.
1674 5091 1695 5123 ι

360 5162 465 5217 Cor
495 5171 580 5231 est
602 5163 782 5219 anima
805 5162 1025 5229 Christi,
1048 5171 1109 5219 ut
1132 5163 1186 5218 in
1208 5163 1476 5219 Psalmis:
1506 5183 1526 5218 ι
1551 5162 1659 5223 Cor
1683 5180 1862 5220 meum

1968 4696 2191 4765 Corvus,
2219 4707 2508 4755 contumax
2536 4700 2764 4770 quilibet
2792 4708 2851 4755 et
2872 4715 3095 4772 procax,
3132 4708 3193 4757 ιιι
3215 4700 3271 4756 in
3312 4700 3542 4759 Genesi:

1972 4813 1991 4847 ι
2046 4793 2238 4848 Emisit
2289 4808 2533 4860 corvum,
2565 4794 2657 4864 qui
2690 4810 2798 4850 non
2835 4806 2920 4851 est
2964 4808 3214 4852 reversus
3237 4794 3306 4863 ³⁸,
3338 4815 3359 4849 ι
3402 4795 3547 4866 quod

1966 4884 2183 4957 ejicitur
2202 4885 2273 4941 ab
2297 4886 2539 4941 Ecclesia
2561 4901 2763 4958 procax
2801 4895 2859 4943 et
2894 4894 3206 4954 conuiuia,
3230 4896 3287 4945 et
3314 4889 3543 4945 damna-

1969 4987 2075 5037 tur.
2096 4976 2319 5044 Corvus,
2341 4978 2570 5050 quilibet
2588 4979 2831 5047 humilis,
2852 4979 2985 5036 utin
3008 4979 3233 5039 Cantica
3263 4999 3277 5037 :
3308 5000 3327 5034 ι
3362 4982 3543 5039 Coma

1967 5071 2087 5141 ejus
2126 5071 2293 5142 nigrai
2332 5071 2489 5141 quasi
2522 5087 2723 5129 corvus
2742 5073 2813 5141 ⁵⁸,
2858 5092 2880 5127 ι
2930 5072 3073 5144 quod
3114 5074 3301 5146 populi
3334 5074 3542 5144 ﬁdeles,

1966 5166 2065 5236 qni
2092 5164 2309 5222 Christo
2352 5165 2518 5236 capiti
2550 5165 2839 5234 inhaereat,
2872 5165 2930 5223 in
2960 5166 3135 5225 ouilia
3156 5168 3269 5227 suis
3314 5168 3547 5229 humiles

365 5335 378 5365 ¹
416 5334 559 5415 1191).
589 5353 662 5415 i_v,
691 5338 778 5393 12.
810 5340 831 5370 ³
856 5337 1232 5415 Job_._xxx_vm_,
1264 5341 1352 5395 37.
1380 5341 1401 5371 ³
1433 5340 1828 5415 Cant4.__vi,7._‘
1858 5349 1866 5390 ι

1969 5365 1994 5396 ι.
2032 5359 2193 5407 xxxv,
2220 5343 2310 5397 27.
2343 5343 2365 5375 ⁸
2397 5342 2522 5415 Sap.
2553 5359 2625 5407 γι,
2657 5343 2746 5398 21.
2780 5344 2802 5376 ⁸
2851 5344 2875 5400 Ι
2918 5343 3073 5401 Joan.
3107 5362 3172 5412 ιι,
3196 5346 3284 5402 16.
3321 5347 3343 5381 ⁷
3371 5345 3542 5404 Exod.

286 5407 561 5485 ειη-12.)
586 5407 839 5485 Genuiv,
864 5426 916 5485 ι,
937 5411 1080 5485 25.}
1109 5412 1253 5467 Psal.
1274 5428 1509 5485 thxvii,
1554 5413 1645 5468 45.
1698 5411 1866 5485 φ-Ριξς

1969 5428 2119 5485 xxiv,
2154 5414 2249 5477 l3;
2287 5422 2344 5485 et
2369 5407 2494 5485 xxv",
2541 5415 2629 5469 16.
2681 5416 2723 5447 ιι
2766 5414 2909 5471 Psal.
2941 5432 3015 5481 Cl,
3056 5416 3111 5473 5.
3146 5407 3190 5449 ί³
3219 5416 3336 5473 Gal.
3365 5434 3420 5485 ν,
3454 5418 3540 5485 15.

383 5478 572 5560 blattis.
610 5476 831 5560 ιι,
925 5481 1076 5560 Psal.
1115 5482 1531 5560 xxx,"_'_Job_
1577 5499 1660 5548 iii,
1704 5482 1790 5536 M.
1828 5482 1866 5560 “_

1969 5484 2017 5560 ib
2044 5476 2140 5560 xii,
2178 5476 2271 5560 17.
2328 5484 2369 5516 ⁸⁷
2398 5476 2691 5560 lsa_'._ix,_6_.
2722 5486 2839 5560 “di
2881 5476 3164 5560 ⁸γιιι,
3211 5487 3299 5560 16,
3340 5476 3543 5560 17,18.

364 5548 515 5624 _Luc.
552 5550 897 5624 xm,_j24._’f
923 5551 945 5605 Ι
973 5552 1116 5624 Cor.
1144 5546 1308 5620 ιιι,’5.
1341 5553 1383 5584 ἰ
1410 5552 1555 5607 Psal.
1586 5546 1816 5619 xiixvm,
1849 5555 1866 5609 l

1969 5554 2012 5585 "
2045 5546 2231 5610 Matth.
2281 5570 2428 5622 xxvi,
2466 5555 2551 5611 38.
2582 5546 2628 5587 *3
2660 5555 2800 5613 Psal.
2850 5546 3083 5621 unum.
3116 5546 3162 5589 εί
3213 5546 3371 5613 Cant.
3400 5546 3453 5624 ὗ,
3484 5558 3520 5613 2

288 5618 340 5694 ff
364 5619 513 5694 Psal.
532 5634 642 5686 Liv,
668 5621 760 5676 BS.
779 5621 840 5694 A'A‘
865 5621 1005 5694 Psal.
1030 5639 1181 5689 LXIII,
1214 5618 1275 5677 '7.
1302 5624 1345 5654 ⁸⁷
1368 5624 1470 5679 lsa.
1500 5641 1583 5687 xc,
1613 5624 1666 5677 2.
1698 5624 1743 5655 ³⁸
1771 5618 1866 5680 Job

1976 5665 1991 5691 ,
2019 5625 2109 5679 24.
2143 5626 2187 5657 ι’
2222 5624 2323 5681 Job
2365 5618 2474 5692 xci,
2524 5626 2609 5681 15.
2641 5627 2685 5659 ³⁰
2715 5627 2847 5684 Tob.
2874 5618 2954 5691 vi,
2981 5626 3033 5681 5.
3062 5626 3107 5659 ³¹
3136 5626 3281 5683 Psal.
3327 5642 3423 5694 vn,
3441 5618 3540 5683 ⁷10.

207 5718 219 5728 ,
289 5688 557 5765 {ruga}.
589 5708 741 5757 χχιγ,
890 5693 937 5765 ξ³
965 5694 1153 5749 Matth.
1178 5710 1345 5759 xxvn,
1372 5695 1470 5758 '55;
1496 5705 1549 5750 et
1570 5710 1663 5765 seq

1666 5712 1772 5781 q.‘;'
1787 5696 1947 5781 Mil-1'9:
1970 5712 2060 5761 xv,
2084 5696 2182 5761 25;
2214 5696 2523 5781 [ἔμε-χχιιι,
2552 5698 2647 5763 35;
2673 5694 2971 5781 ,ἶιζτιιιλ-ιιιιι.ζ
2998 5697 3080 5781 18.
3108 5696 3158 5729 ⁸⁸
3176 5697 3543 5781 Magnam“.

288 5759 395 5833 26;
427 5761 593 5833 Marc.
623 5779 734 5830 xiv,
759 5763 861 5829 22;
888 5764 1020 5820 Luc.
1055 5782 1165 5820 xxii
1186 5805 1200 5830 ,
1232 5766 1331 5829 19;
1364 5766 1383 5818 l
1437 5768 1561 5821 Cor.
1603 5759 1798 5831 xiiii.
1832 5767 1866 5798 ³⁸

1969 5759 2063 5823 3m.
2112 5759 2208 5833 χιι,
2236 5767 2301 5833 5;
2344 5768 2365 5822 l
2400 5759 2524 5824 Cor.
2556 5759 2655 5833 xu,
2682 5766 2770 5831 15.
2798 5768 2900 5833 27;

2934 5767 3127 5839 Ephes.
3160 5784 3202 5835 ι,
3227 5768 3330 5837 95;
3356 5770 3473 5827 Col.
3507 5785 3544 5837 I,

294 5828 387 5896 18,
414 5831 504 5886 ‘24.
537 5832 581 5865 "
604 5828 767 5891 item.
792 5828 886 5900 vti,
916 5835 1005 5890 24.
1045 5835 1087 5868 ³⁷
1116 5828 1217 5893 Job
1248 5828 1364 5903 xm,
1393 5837 1444 5893 6.
1494 5838 1539 5869 ³⁸
1566 5828 1675 5895 Joh
1694 5853 1856 5893 xxxix

1969 5878 1976 5893 .
2014 5838 2058 5869 ”
2085 5828 2220 5896 Gen.
2252 5828 2369 5906 Vlll,
2399 5840 2449 5893 7.
2480 5840 2525 5872 ⁸ο
2553 5828 2709 5895 Cant.
2742 5828 2794 5908 ι,
2824 5828 2911 5892 HV.
