3972 6336
177 269 292 329 eos

1137 254 1550 316 ALLEGORIE
1590 251 1657 308 IN
1699 246 1976 306 SACRAM
2016 242 2479 305 SCRIPTURAM.

3326 235 3429 292 906

175 391 389 454 septem
434 377 729 436 fertilitatis
771 382 826 431 et
855 373 1152 430 sterilitatis
1185 372 1311 427 anui
1358 369 1571 426 venturi
1597 374 1754 422 erant
1777 367 1826 426 Α
1851 360 1951 417 Iob
1979 378 1992 414 :
2034 378 2054 411 ι
2084 359 2234 414 Cutis
2267 370 2386 412 mea
2424 352 2569 408 aruit
2595 350 2670 415 ¹⁶;
2707 369 2725 399 ι
2756 347 2901 454 quod
2929 346 2989 413 ii,
3015 346 3106 416 qui
3140 345 3306 454 rebus
3326 354 3438 402 ter-

180 437 406 534 inrstatu
446 467 836 541 hujus'smculi.
868 463 1085 520 Culmus
1129 462 1357 533 quilibet
1383 458 1663 515 simulator
1690 463 1752 509 ut
1854 451 1999 506 renis
2037 447 2389 503 immoderate
2433 447 2724 504 arescunt,
2770 439 2838 492 ab
2880 437 3106 491 humore
3135 437 3330 492 divinae
3357 437 3440 493 di-

572 582 590 618 :
637 581 657 614 ι
691 559 914 616 Culmus
957 566 1106 614 stans
1139 571 1246 610 non
1272 560 1355 609 est
1398 552 1454 606 in
1501 565 1588 615 eo,
1628 562 1744 620 ger-

1853 541 2102 598 lectionis
2127 548 2400 594 arescunt.
2423 533 2590 599 Cutis,
2611 533 2835 604 quilibet
2853 531 3194 594 infirmus,ut
3219 530 3272 582 in
3294 528 3438 586 Job:

181 616 311 716 me;
342 616 399 723 ‘,r
434 678 453 710 ι
489 654 632 727 quod
669 651 948 724 hypocrita
987 657 1134 704 recte
1167 647 1346 702 vivere
1387 643 1618 707 noverit,
1635 616 1757 696 vsed
1861 649 1880 682 ι
1915 629 2064 686 Cutis
2100 625 2524 727 meandenigrata
2549 636 2709 725 super
2742 635 2828 676 tne
2854 621 2896 652 ¹⁷
2917 659 2934 684 ,
2980 637 3010 723 ι.
3033 617 3190 727 quod.
3215 616 3440 686 infirmi,

181 766 299 805 non
325 757 410 805 est
436 763 562 802 vera
587 739 846 800 sanctitas
871 741 926 795 in
947 755 1033 794 eo.

1858 721 1950 792 qui
1979 728 2106 773 sunt
2131 718 2185 772 in
2211 715 2452 771 Ecclesia
2476 714 2722 769 veniente
2745 711 3118 782 persecutione
3139 711 3437 765 obscuran-

451 801 536 894 θέι
571 835 838 890 sanabas
869 833 1030 895 ιαιι-ο,
1063 839 1122 886 ιη
1150 830 1205 886 in
1241 827 1532 898 Evangelia
1563 843 1577 879 ς
1616 844 1635 877 ι
1673 823 1760 878 Li-
1861 820 1970 868 tur.
1997 807 2164 872 Cutis,
2196 805 2466 869 mollities,
2503 813 2562 860 ut
2585 805 2638 858 in
2679 802 2912 859 Ieremia
2947 819 2960 856 :
2993 820 3012 852 ι
3040 801 3282 857 Αόὴιιξεὶι
3302 801 3445 856 cutis

181 894 424 1003 quantes
451 930 678 986 culicem
722 927 767 993 ',
803 945 823 978 ι
855 923 998 994 quod
1019 894 1202 978 VJudai
1227 919 1329 976 sibi
1353 894 1551 973 dimitti
1578 924 1764 987 postu-
1861 903 1978 1003 eiuf
1998 904 2210 1003 0§Sibu§
2243 899 2324 1003 “’3‘
2346 918 2366 952 ’
2392 899 2544 1002 ,(ιιιοιι
2564 897 2840 967 slliriluale
2865 894 3300 1003 Υρδιξΐιηιουίῐέθδ
3326 911 3448 950 απ·

185 1023 378 1078 labant
403 1021 689 1075 latronem.

263 1113 506 1169 Cultrum
533 1117 618 1165 est
637 1119 867 1164 acumen
895 1101 1218 1167 intellectus,
1245 1107 1306 1156 ut
1333 1099 1388 1155 in
1411 1095 1718 1154 Proverbiis
1748 1113 1762 1150 :

1864 995 2001 1050 nalis
2033 992 2250 1048 invasit.
2283 989 2450 1054 Cutis,
2478 997 2779 1058 peccatum,
2807 996 2868 1042 ut
2893 987 2948 1041 in
2974 985 3076 1042 Joh
3109 1003 3124 1040 :
3161 1005 3179 1038 ι
3214 984 3448 1040 Saccum

1866 1084 2074 1142 confeci
2111 1099 2274 1154 super
2301 1092 2477 1139 cutem
2506 1098 2682 1139 meam
2712 1083 2779 1150 “,
2812 1103 2832 1136 ι
2866 1082 2920 1138 id
2954 1090 3059 1150 est,
3087 1095 3185 1152 per
3213 1082 3450 1153 rigorem

190 1226 215 1259 ε
266 1204 460 1260 Statue
503 1199 740 1257 hultrum
785 1197 840 1251 in
879 1203 1095 1266 gutture
1133 1202 1225 1247 tuo
1253 1191 1296 1257 ³,
1341 1209 1361 1243 ›
1418 1191 1473 1245 td
1499 1197 1600 1253 est,
1631 1185 1770 1241 habe

1896 1175 2198 1232 paenitentiae
2226 1173 2396 1229 delevi
2419 1181 2726 1245 peccatum.

185 1310 426 1352 acumen
450 1305 706 1349 sensuum
734 1289 793 1344 in
814 1287 1028 1357 eloquio
1052 1294 1164 1340 tuo.
1198 1283 1304 1338 Per
1327 1280 1552 1336 cultrum
1573 1293 1774 1348 prace-

184 1395 290 1458 pta
320 1385 432 1447 Dei,
463 1391 524 1438 ut
553 1383 605 1436 in
631 1380 794 1436 Iosue
828 1396 842 1432 :
877 1395 897 1429 ι
939 1375 1047 1432 Fac
1075 1374 1169 1430 tibi
1193 1373 1398 1429 cultros
1419 1369 1684 1438 lapideos,
1715 1375 1774 1424 et

182 1478 525 1537 circumcide
563 1475 702 1530 ﬁlios
751 1471 916 1528 Israel
961 1470 1004 1538 ⁵,
1063 1489 1083 1523 s
1141 1467 1285 1540 quod
1321 1465 1580 1521 Dominus
1618 1462 1776 1520 Iesus

189 1572 424 1627 robusta
450 1567 763 1623 hominibus
789 1565 938 1620 dedit
963 1568 1250 1634 praecepta,
1286 1559 1485 1630 quibus
1514 1556 1776 1612 vitiorum

189 1661 253 1716 in
266 1660 352 1716 eis
365 1655 760 1728 superﬂuitates
772 1651 1178 1707 abscinduntur.

270 1749 473 1807 Curras
521 1755 605 1803 est
660 1752 834 1800 coetus
883 1750 1222 1805 sanctorum,
1273 1747 1336 1794 ut
1381 1739 1437 1794 in
1491 1736 1700 1808 psalmo

199 1860 221 1893 ι
253 1839 464 1894 Cursus
489 1835 584 1890 Dei
607 1834 792 1889 decem
816 1830 1054 1886 millibus
1077 1830 1120 1896 ⁵,
1155 1849 1173 1882 ι
1199 1829 1343 1898 quod
1383 1826 1558 1884 sancti
1579 1826 1634 1880 in
1659 1825 1777 1896 lege

188 1929 426 2003 perfecti
455 1935 602 1983 sunt.
634 1923 856 1987 Curras,
883 1936 1078 1992 magna
1107 1929 1347 1990 peccata,
1372 1926 1434 1974 ut
1468 1918 1522 1972 in
1547 1915 1736 1971 Exodo
1760 1932 1774 1968 :

201 2042 226 2075 ‹
283 2022 487 2078 Curras
514 2015 811 2074 Pharaonis
853 2024 908 2070 et
960 2012 1260 2082 exercitum
1307 2009 1421 2078 dus
1450 2005 1678 2079 proiecit
1724 2007 1781 2061 in

197 2129 356 2169 mare
394 2113 437 2178 ⁸,
475 2131 495 2165 ι
546 2107 690 2181 quod
734 2116 843 2161 tam
904 2119 1089 2174 parva,
1121 2117 1283 2172 quam
1323 2114 1517 2172 magna
1556 2105 1780 2168 peccata

201 2205 466 2261 Dominus
485 2199 663 2256 obruit
691 2199 745 2252 in
779 2197 1068 2266 baptismo.
1099 2189 1322 2256 Currus,
1350 2188 1606 2260 praelatus
1631 2201 1784 2242 man-

191 2305 419 2360 suetus,
441 2301 503 2348 ut
551 2291 607 2346 in
634 2288 790 2344 libris
835 2286 1042 2356 Regum
1085 2301 1101 2338 :
1151 2302 1170 2336 ι
1223 2280 1426 2337 Currus
1469 2277 1636 2334 Israel
1675 2277 1720 2342 ",
1756 2296 1778 2332 ι

197 2390 260 2444 id
283 2395 388 2452 est,
413 2381 668 2454 populum
711 2377 879 2434 Israel
912 2392 1010 2447 per
1036 2372 1499 2430 mansuetudinem
1538 2378 1782 2441 portans.

201 2480 315 2534 Per
357 2491 569 2531 currum
623 2487 712 2526 res
753 2469 937 2526 mundi
983 2466 1284 2530 instabiles,
1310 2473 1371 2519 ut
1399 2465 1456 2518 in
1505 2461 1782 2518 Psalmis:

209 2589 232 2621 ι
269 2567 340 2622 Ili
359 2567 414 2620 in
442 2563 692 2619 curribus
712 2560 758 2627 ⁸,
796 2578 816 2612 ›
846 2559 900 2614 id
929 2565 1036 2624 est,
1058 2555 1394 2612 delectantur
1420 2553 1479 2609 in
1508 2552 1672 2609 rebus
1692 2566 1788 2608 vo-

203 2657 486 2714 Iubilibus.

281 2748 417 2804 Crus
435 2755 520 2803 est
542 2745 837 2816 corruptio,
860 2751 922 2798 ut
949 2742 1004 2798 iu
1024 2741 1159 2797 Isaia
1184 2759 1200 2794 :
1231 2759 1249 2791 ι
1285 2737 1486 2794 Revela
1532 2751 1658 2793 crus
1681 2736 1728 2802 ’,
1762 2755 1783 2789 ι

205 2841 266 2897 id
295 2847 399 2904 est,
431 2837 654 2894 ostende
681 2851 844 2906 quam
865 2831 1234 2902 corruptibilis
1256 2830 1350 2884 sis.
1375 2828 1483 2883 Per
1503 2844 1624 2882 crus
1651 2827 1792 2882 bona

207 2929 498 2992 desideria,
539 2935 598 2981 ut
636 2927 691 2980 in
735 2924 975 2979 Levitico
1013 2940 1027 2976 :
1067 2940 1086 2973 ι
1143 2919 1296 2987 Quod
1339 2919 1505 2974 habet
1546 2917 1792 2988 longiora

205 3041 375 3081 crura
404 3033 550 3078 retro
580 3021 646 3086 ¹⁰,
682 3040 702 3073 ι
746 3019 889 3089 quod
919 3017 1036 3072 illos
1078 3014 1280 3071 imitari
1307 3013 1583 3077 debemus,
1607 3011 1698 3082 qui
1724 3011 1793 3066 ad

205 3115 571 3170 :eternitatem
619 3109 816 3165 futura:
860 3109 984 3162 vitae
1013 3105 1283 3162 desideria
1333 3118 1431 3158 sua
1471 3100 1788 3157 extendunt.

207 3207 322 3262 Per
371 3221 491 3259 crus
535 3201 732 3258 robora
781 3198 1109 3262 stabilitatis,
1151 3205 1212 3250 ut
1258 3194 1312 3249 in
1342 3190 1654 3263 Evangelio,
1681 3191 1701 3210 ‘
1737 3198 1795 3246 et

208 3297 537 3367 frangentur
566 3293 658 3363 qui
691 3292 974 3346 mittentur
995 3285 1214 3357 maligni
1239 3283 1462 3354 spiritus
1489 3297 1596 3337 non
1621 3279 1795 3335 solum

208 3392 270 3446 in
305 3387 572 3459 reprobis,
599 3385 694 3441 sed
722 3391 777 3440 et
799 3383 853 3436 in
882 3379 1014 3451 ipsis
1033 3378 1220 3432 electis
1242 3374 1458 3430 auferre
1494 3373 1661 3427 robur
1686 3379 1796 3426 sta-

210 3481 464 3539 bilitatis.
493 3478 599 3533 Pcr
626 3491 804 3538 crura,
835 3473 1083 3528 doctores
1102 3467 1295 3531 sancti,
1316 3474 1374 3520 ut
1392 3465 1446 3519 in
1472 3461 1793 3528 Evangelio:

221 3593 241 3625 ι
273 3571 433 3641 Quod
459 3585 567 3626 non
590 3566 871 3638 fregerunt
900 3576 1063 3617 crura
1109 3559 1240 3614 Iesu
1271 3559 1339 3622 ιι,
1376 3575 1395 3608 ι
1431 3555 1577 3624 quod
1605 3552 1798 3624 praedi—

211 3675 439 3721 catores
479 3668 732 3724 sanctos,
775 3657 970 3727 quibus
1015 3654 1073 3708 in
1109 3649 1351 3706 Ecclesia
1398 3663 1496 3703 sua
1541 3645 1800 3701 Dominus

217 3755 494 3818 innititur,
529 3757 909 3822 persecutores
948 3745 1062 3800 sive
1102 3740 1322 3812 maligni
1369 3739 1607 3810 Spiritus
1644 3750 1805 3790 ener-

215 3860 354 3899 vare
398 3859 506 3899 non
551 3847 795 3912 possunt.
833 3837 938 3891 Per
964 3849 1124 3888 crura
1168 3831 1359 3886 itinera
1387 3827 1677 3882 Dominicaa
1723 3825 1804 3880 in-

218 3933 579 3996 carnationis,
613 3939 671 3985 ut
701 3931 752 3984 in
777 3927 1005 3984 Cantico
1054 3942 1068 3978 :
1129 3941 1148 3974 ι
1186 3922 1357 3978 Crura
1387 3918 1503 3988 ejus
1529 3918 1683 3990 quasi
1714 3932 1806 3972 co-

217 4028 428 4082 lumna:
482 4035 798 4079 marmoreae
871 4020 914 4050 “
956 4059 972 4082 ,
1055 4037 1074 4069 ι
1151 4014 1296 4086 quod
1345 4025 1682 4082 quazcunque
1750 4010 1807 4065 in

222 4117 567 4174 humanitate
605 4126 888 4185 aggressus
923 4116 1008 4165 est
1032 4106 1300 4172 Christus,
1351 4112 1502 4160 recta
1543 4112 1600 4158 et
1647 4101 1809 4158 fortia

223 4207 472 4263 fuerunt.

299 4300 490 4355 Custos
516 4307 600 4353 est
628 4296 894 4358 Christus,
921 4301 983 4348 ut
1009 4292 1063 4346 in
1083 4289 1252 4346 Isaia:
1289 4307 1307 4340 ι
1340 4287 1555 4352 Custos,
1586 4284 1715 4358 quid
1745 4285 1812 4342 de

225 4399 394 4447 nocte
423 4389 503 4442 "‘l
537 4408 555 4440 ι
600 4386 651 4441 id
687 4393 800 4450 est,
841 4383 968 4454 quid
1009 4382 1202 4436 faciam
1240 4381 1306 4436 de
1337 4395 1453 4435 mea
1484 4378 1767 4448 iniquitate
1790 4380 1810 4400 ‘

1874 1429 2127 1484 Damula.
2425 1427 2753 1482 Diluculum.
2976 1428 3124 1484 Dies.

1874 1499 2107 1554 Divitiw.
2427 1498 2696 1568 Defectus.
2977 1497 3262 1568 Denarius.

1877 1569 2157 1623 Diadema.
2428 1565 2605 1622 Diues.
2976 1565 3124 1622 Dux.

1879 1637 2116 1694 Deliciis.
2428 1636 2651 1691 Detctra.
2980 1635 3178 1690 Draco.

1758 1751 1773 1788 ε
1803 1722 1854 1783 Β
1881 1707 2166 1788 Dormitio.
2429 1705 2594 1788 Deus.
2980 1704 3382 1788 Dromedarius.

1880 1776 2170 1830 Diluvium.
2429 1775 2684 1845 Dorsum.
2983 1774 3213 1845 Digitus.

1876 1846 2198 1901 Desertum.‘
2317 1895 2334 1909 ,
2430 1843 2686 1899 Dilectus.
2984 1843 3199 1901 Dentes.

1878 1915 2135 1986 Dragma.
2431 1913 2747 1986 Damascus.

1880 1982 2101 2040 Domus.
2431 1982 2712 2042 Dominus.

1950 2117 2182 2173 Damula
2218 2127 2302 2174 est
2325 2117 2594 2186 diabolus,
2623 2126 2685 2174 ut
2721 2118 2778 2174 in
2811 2117 2950 2176 Isaia
2981 2137 2996 2174 :
3031 2136 3051 2170 ι
3088 2118 3157 2174 Ει
3182 2118 3290 2174 erit
3311 2121 3470 2190 quasi

1882 2209 2097 2266 damula
2127 2207 2336 2278 fugiens
2369 2209 2435 2275 ⁸ο,
2475 2228 2495 2260 ι
2528 2209 2671 2278 quod
2707 2225 2815 2266 una
2842 2225 2966 2265 cum
2996 2209 3174 2280 capite
3227 2224 3328 2266 suo
3357 2210 3471 2266 dia-

1882 2299 2009 2358 bolo
2033 2299 2260 2370 quilibet
2287 2300 2551 2370 reprobus
2578 2300 2782 2355 recedit
2807 2300 2875 2355 ah
2899 2299 3162 2356 Ecclesia.

1953 2389 2246 2444 Damascus
2296 2397 2382 2446 est
2417 2388 2697 2453 diabolus,
2743 2398 2804 2444 ut
2843 2390 2898 2444 in
2942 2389 3167 2445 Cantico
3214 2407 3229 2444 :
3275 2407 3297 2440 ‹
3338 2389 3470 2456 Qute

1885 2479 2108 2550 respicit
2131 2488 2320 2535 contra
2341 2479 2660 2534 Damascum
2683 2479 2750 2544 ³¹,
2789 2499 2808 2531 ι
2832 2480 2974 2550 quod
3001 2480 3254 2535 discretio
3279 2489 3473 2535 nostra

1884 2570 2117 2626 astutias
2145 2571 2303 2626 debet
2330 2571 2627 2640 prmvenire
2673 2569 2890 2625 diaboli.
2939 2569 3252 2636 Damascus,
3293 2587 3472 2627 massa

1886 2665 2238 2734 reproborum
2261 2702 2276 2726 ,
2304 2670 2364 2716 ut
2399 2661 2453 2716 in
2491 2660 2631 2720 Isaia
2663 2679 2676 2715 :
2711 2680 2730 2713 ι
2767 2661 2908 2716 Ecce
2936 2661 3228 2717 Damascus
3265 2663 3477 2718 desinet

1889 2769 2009 2810 esse
2038 2753 2231 2808 civitas
2259 2753 2345 2815 ²¹;
2379 2771 2398 2804 ι
2442 2751 2586 2822 quod
2620 2767 2727 2806 non
2757 2750 2972 2820 reprobi
3015 2765 3228 2820 semper
3253 2752 3480 2821 permit-

1890 2853 2073 2900 tentur
2100 2844 2187 2900 hic
2201 2842 2823 2908 demorari.Damascus,
2849 2841 3477 2913 Romanumimperium,

1891 2945 1952 2992 ut
1974 2937 2220 2993 inlsaia:
2253 2953 2272 2987 ι
2305 2935 2373 2990 Ει
2388 2933 2585 3006 peribit
2622 2933 2881 2988 fortitudo
2903 2933 3150 2990 Damasci
3173 2934 3249 3000 '3;
3283 2955 3302 2986 ι
3336 2936 3484 3005 quod

1892 3039 2130 3099 potestas
2147 3027 2379 3084 Romani
2400 3026 2610 3096 imperii
2635 3025 2894 3092 cessabit,
2915 3033 2971 3080 et
2988 3024 3190 3082 Christi
3220 3033 3484 3096 potestas,

1894 3134 2016 3190 quae
2041 3127 2244 3174 aeterna
2265 3123 2371 3184 est,
2398 3126 2609 3185 regnat.

1968 3210 2200 3281 Dragma
2253 3215 2338 3264 est
2386 3208 2622 3264 humana
2662 3217 2892 3275 natura,
2939 3217 3002 3264 ut
3046 3210 3102 3265 in
3144 3209 3484 3279 Evangelio:

1901 3319 1922 3352 ι
1953 3299 2132 3356 Inveni
2160 3299 2462 3369 dragmam,
2488 3315 2651 3370 quam
2679 3301 3020 3371 perdideram
3041 3303 3109 3367 ",
3147 3320 3168 3354 ι
3197 3302 3247 3356 id
3270 3309 3374 3366 est,
3403 3317 3493 3364 re-

1897 3390 2126 3446 formavi
2152 3389 2444 3444 humanam
2471 3399 2717 3444 naturam
2735 3431 2752 3456 ,
2778 3405 2942 3461 quam
2977 3407 3075 3462 per
3103 3392 3316 3462 culpam
3348 3393 3488 3448 ami—

1897 3495 2100 3536 seram.
2123 3478 2228 3534 Per
2261 3480 2566 3534 drachmam
2593 3491 2787 3535 natura
2809 3481 3131 3553 Evangelica
3151 3491 3206 3538 et
3227 3483 3488 3548 humana,

1899 3578 1960 3625 ut
2006 3571 2059 3625 in
2089 3569 2366 3640 evangelio
2392 3587 2404 3623 :
2438 3588 2456 3619 ι
2494 3569 2624 3636 Qua:
2653 3571 2847 3625 mulier
2874 3573 3080 3628 habens
3106 3573 3357 3644 dragmas
3390 3574 3492 3628 de-

1902 3674 2022 3715 cem
2053 3659 2124 3724 ",
2166 3678 2184 3710 ι
2226 3658 2372 3729 quod
2408 3665 2611 3713 mlerna
2637 3658 2732 3714 Dei
2757 3659 3018 3729 sapientia
3042 3675 3232 3716 novem
3274 3661 3494 3717 ordines

1904 3750 1959 3806 in
1987 3749 2194 3821 angelis
2216 3760 2270 3805 et
2295 3755 2312 3770 '
2337 3750 2606 3805 decimam
2630 3750 2686 3804 in
2720 3751 3028 3806 hominibus
3049 3752 3257 3807 habuit.

1976 3841 2152 3896 Draco
2180 3850 2265 3896 est
2289 3839 2537 3895 diabolus
2564 3880 2579 3905 ,
2617 3849 2678 3895 ut
2721 3842 2776 3896 in
2801 3841 3121 3912 Apocalypsi
3160 3859 3174 3896 :
3213 3861 3232 3893 ι
3265 3842 3496 3899 Michael

1907 3945 1963 3990 et
2012 3931 2186 4003 angeli
2216 3929 2334 4000 ejus
2361 3930 2746 4000 praaliabantur
2796 3947 2919 3986 cum
2968 3932 3204 3988 dracone
3245 3933 3325 3998 ¹⁶;
3376 3953 3395 3986 ι
3435 3943 3494 3990 et

1907 4023 2156 4086 Christus
2183 4031 2239 4078 et
2267 4021 2500 4078 ministri
2528 4020 2646 4090 ejus
2670 4037 2792 4077 cum
2822 4021 3058 4078 diabolo.
3101 4021 3276 4077 Draco
3295 4065 3310 4088 ,
3339 4039 3498 4078 mttu-

1909 4117 2011 4172 dus
2035 4117 2158 4182 iste,
2180 4123 2240 4169 ut
2270 4114 2323 4168 in
2351 4113 2579 4170 Psalmis
2608 4131 2622 4167 :
2653 4131 2673 4164 ι
2707 4114 2880 4175 Draco
2910 4113 3030 4179 iste,
3061 4129 3221 4184 quem
3248 4113 3497 4170 formasti

1909 4207 1979 4263 ad
2008 4205 2336 4261 illudendum
2361 4204 2411 4258 ei
2442 4205 2516 4270 In;
2561 4223 2580 4254 ι
2619 4203 2760 4273 quod
2801 4203 3027 4259 irridere
3055 4203 3311 4260 debemus
3337 4204 3496 4260 falla-

1912 4301 2056 4356 ciam
2080 4297 2288 4352 mundi.
2319 4296 2514 4362 Draco,
2542 4295 2926 4360 Antichristus,
2958 4305 3015 4351 ut
3047 4295 3102 4350 in
3131 4295 3453 4369 Apocalypsi
3489 4343 3496 4353 .

1919 4412 1938 4445 ι
1980 4393 2119 4447 Ecce
2139 4391 2302 4446 draco
2329 4403 2555 4460 magnus
2575 4395 2630 4442 et
2651 4387 2894 4447 rufus“;
2920 4407 2938 4439 ι
2970 4387 3112 4456 quod
3132 4387 3499 4444 Antichristus

225 4481 484 4536 Christus
513 4477 726 4531 faciam.
764 4475 867 4529 Per
900 4473 1155 4535 custodes,
1189 4473 1458 4535 doctores,
1489 4478 1551 4524 ut
1579 4469 1632 4523 in
1667 4469 1789 4525 Can-

1915 4483 2022 4538 erit
2044 4481 2308 4552 superbus
2335 4487 2392 4533 et
2415 4458 2668 4534 crudelis.
2701 4479 2806 4532 Per
2825 4477 3077 4532 dracones
3105 4477 3327 4547 spiritus
3348 4479 3497 4542 mali,

227 4573 348 4626 ῑὶοο
397 4587 411 4623 ε
462 4587 482 4620 ⁸
529 4566 786 4622 Talem!“
831 4563 1050 4634 Pallium
1104 4576 1282 4616 meum
1329 4560 1580 4616 ουειοάθε
1628 4573 1815 4614 ωπο-
1915 4574 2054 4632 utin
2079 4573 2253 4629 Isaia:
2287 4591 2305 4623 ‹
2335 4571 2454 4626 Erit
2474 4569 2649 4625 cubile
2670 4570 2964 4624 draconum
2989 4568 3068 4634 ”;
3106 4588 3124 4620 ι
3168 4569 3311 4637 quod
3329 4583 3497 4638 prava

227 4679 359 4719 rum
387 4661 430 4693 “
455 4702 470 4727 ,
502 4681 520 4712 ι
551 4659 604 4714 id
633 4669 736 4723 est,
779 4671 1000 4726 pravam
1026 4662 1346 4709 vetustatem
1377 4668 1550 4708 meam
1577 4652 1789 4707 tulerun

1916 4679 2070 4722 mens
2095 4663 2266 4719 malos
2313 4663 2366 4716 in
2397 4678 2456 4716 se
2482 4661 2703 4730 spiritus
2728 4675 2826 4730 per
2859 4660 3069 4730 culpam
3095 4659 3340 4715 habitare
3372 4677 3497 4731 per-

228 4775 264 4812 a
313 4770 401 4810 ηιθ
448 4755 694 4808 (1013101⁸08
731 4749 1114 4806 Εθειθδῖθτυιη-
1165 4746 1267 4801 per
1310 4746 1548 4801 εωιοάεδ
1597 4746 1820 4816 ερῖι-ίιιιε
1919 4755 2105 4810 mittit.
2139 4753 2244 4808 Per
2271 4752 2524 4805 dracones
2545 4749 2736 4815 Judazi,
2775 4757 2833 4804 ut
2861 4750 2916 4804 in
2949 4747 3211 4804 Ieremia:
3243 4768 3262 4802 ι
3295 4750 3500 4807 Traxe-

230 4846 484 4917 ωτιιίεηῑ,
521 4856 580 4900 υι
613 4844 670 4898 in
697 4841 1028 4912 Ενειιιςειίοε
1065 4857 1082 4889 ⁶
1120 4839 1160 4892 Ρ
1165 4854 1238 4893 Γπ
1266 4837 1460 4892 “more
1499 4844 1679 4892 autem
1705 4835 1822 4905 eius
1917 4856 2046 4902 runt
2077 4853 2298 4901 ventum
2337 4843 2494 4916 quasi
2533 4843 2795 4898 dracones
2831 4842 2896 4906 ³ο,
2935 4862 2954 4895 ι
2987 4843 3128 4911 quod
3169 4842 3500 4914 collegerunt

230 4939 487 4998 επιειτίῑί
518 4945 645 4992 sum
669 4935 920 4991 ουεῑοάοε
951 4933 994 4964 ³⁸
1021 4973 1036 4998 ν
1088 4952 1106 4982 ’
1146 4931 1289 5001 ιιυοά
1317 4931 1566 4984 veniente
1593 4930 1822 4985 Domino
1918 4937 2170 4994 virulenti
2198 4935 2367 4992 Judaai
2411 4934 2695 4990 consilium
2721 4934 2978 4989 adversus
3001 4933 3204 4989 Iesum.
3245 4934 3351 4990 Per
3374 4937 3501 4990 dra-

235 5034 305 5088 ad
327 5029 612 5101 judicium,
645 5042 752 5081 non
781 5025 956 5080 solum
983 5021 1232 5077 homines
1261 5020 1498 5092 reprobi,
1521 5019 1614 5076 sed
1641 5029 1696 5076 et
1733 5035 1789 5076 nt

1919 5045 2092 5094 canes,
2118 5027 2365 5100 gentiles,
2388 5033 2443 5079 ut
2471 5024 2523 5079 in
2551 5024 2727 5079 Isaia:
2757 5027 2774 5044 ‘
2810 5043 2828 5075 ι
2859 5023 3193 5080 Gloriﬁcabit
3216 5041 3302 5080 me
3325 5026 3500 5082 bestia

235 5136 404 5192 quam
434 5118 656 5189 spiritus
678 5117 964 5170 timebunt.
1921 5119 2058 5190 agri,
2080 5117 2342 5172 dracones
2373 5115 2441 5178 ιι,
2469 5123 2597 5178 etc.,
2630 5133 2651 5166 ι
2686 5114 2741 5168 id
2762 5121 2862 5178 est,
2891 5113 3181 5169 laudabunt
3217 5129 3303 5171 me
3323 5115 3500 5170 homi-

311 5210 464 5267 Cutis
497 5219 581 5266 est
619 5209 844 5280 quilibet
880 5207 1140 5263 renrohus
1166 5206 1397 5263 terrenis
1421 5220 1640 5265 vacans.
1678 5214 1738 5260 ut
1769 5206 1823 5261 in
1923 5223 2021 5262 nes
2046 5205 2253 5268 mundi,
2290 5213 2346 5261 et
2370 5204 2606 5260 maxime
2624 5202 2804 5274 populi
2830 5203 3074 5274 gentiles.

317 5384 335 5415 ¹
361 5382 488 5439 Ose.
509 5398 628 5444 vm,
654 5383 706 5436 7.
734 5384 756 5412 ²
786 5381 974 5436 Matth.
1002 5396 1158 5440 χχιιι,
1180 5379 1272 5433 2i.
1298 5378 1320 5410 ³
1341 5378 1500 5433 I’rov.
1526 5395 1681 5440 χχιιι,
1709 5382 1764 5434 2.

239 5455 264 5486 ι
289 5454 414 5486 naut
461 5470 548 5486 νη
615 5455 645 5486 9
691 5452 712 5482 ο
737 5451 816 5486 ιε..
863 5468 1007 5486 nm.
1061 5451 1095 5486 Θ
1145 5451 1188 5481 to
1220 5450 1324 5486 Ιρν
1376 5465 1430 5486 τι
1483 5449 1543 5486 9|
1605 5447 1789 5486 111nm

1896 5397 1958 5436 ιε.
1988 5396 2040 5443 v,
2065 5382 2119 5435 2.
2155 5379 2338 5434 'Psal.
2365 5393 2550 5434 LXVIII.
2581 5382 2602 5410 ⁶
2624 5379 2792 5434 Exod.
2824 5395 2911 5444 xv,
2935 5379 2988 5433 4.
3021 5380 3041 5412 ⁷
3062 5379 3131 5433 IV
3163 5377 3291 5449 Reg.
3316 5395 3379 5444 tt,
3411 5381 3498 5440 I2.

1899 5467 1946 5486 ..ο
2000 5451 2070 5486 xz
2133 5451 2174 5481 ιι
2203 5451 2335 5486 τι»...
2388 5464 2420 5486 ν
2479 5449 2543 5486 ιρι
2591 5449 2634 5479 ιι
2677 5450 2754 5486 ιε..
2823 5466 2912 5486 τε.
2976 5451 3029 5486 ιι
3087 5450 3131 5481 ιι
3156 5449 3288 5486 ρει...
3351 5465 3384 5486 ν
3445 5452 3476 5486 -ι

289 5454 436 5510 Psal.
461 5470 576 5517 XIX,
614 5455 666 5506 8.
691 5452 712 5482 ’
737 5451 839 5506 Isa.
863 5468 1031 5516 xcvu,
1061 5451 1117 5502 2.
1145 5451 1188 5481 ¹⁰
1216 5450 1344 5503 Lev.
1376 5465 1452 5513 xl,
1483 5449 1572 5502 2|.
1605 5450 1645 5480 “
1676 5447 1829 5504 Joan.
1860 5465 1970 5515 xxx,
2000 5451 2090 5504 55.
2133 5451 2174 5481 ¹¹
2203 5451 2359 5504 Cant.
2388 5464 2441 5513 v,
2479 5449 2562 5504 15.
2591 5449 2634 5479 ¹³
2675 5450 2777 5503 Isa.
2823 5466 2912 5504 xxI
2932 5490 2946 5511 ,
2976 5451 3058 5503 Η.
3087 5450 3131 5481 ⁸³
3156 5447 3312 5504 Cant.
3351 5465 3404 5515 v,
3445 5452 3500 5508 7.

243 5527 292 5558 ¹⁶
313 5523 504 5578 Matth.
532 5539 726 5587 xxvm,
753 5522 805 5575 4.
836 5522 878 5552 ¹⁶
899 5520 998 5576 Joh
1023 5536 1118 5582 vu,
1225 5518 1386 5590 'ﬂJoh
1410 5535 1538 5583 xxx,
1560 5519 1648 5590 50.
1676 5519 1788 5590 Ψ-ΫΤ

1896 5538 1946 5574 n.
1978 5537 2048 5585 Iv,
2071 5521 2122 5574 8.
2155 5520 2196 5551 ¹⁹
2217 5519 2319 5575 Job
2344 5535 2452 5583 xvr,
2477 5519 2562 5573 lii.
2589 5519 2755 5590 “*lsa.
2785 5536 2906 5583 xm,
2933 5519 3017 5572 Μ.
3046 5520 3086 5552 ¹¹
3126 5518 3284 5590 Cant.
3318 5536 3410 5581 vn.
3442 5520 3499 5576 4.

240 5597 291 5628 ³³
329 5595 444 5649 .lsa.
474 5609 606 5657 xvn,
639 5594 687 5646 I.
732 5592 777 5622 ¹³
813 5592 918 5645 Isa.
956 5607 1074 5652 vm,
1114 5590 1168 5643 4.
1204 5588 1250 5619 ’³
1274 5587 1405 5642 Luc.
1438 5605 1523 5648 xv,
1555 5589 1606 5642 9.
1625 5589 1686 5661 ff
1715 5587 1788 5644 lbi

1896 5609 1920 5644 ν.
1961 5592 2014 5646 8.
2056 5591 2101 5621 ²⁶
2133 5591 2299 5661 Apoc.
2339 5605 2436 5655 xu,
2465 5591 2514 5643 7.
2557 5589 2602 5621 ’⁷
2633 5587 2773 5645 Psal.
2801 5606 2916 5655 cm,
2944 5590 3034 5643 26.
3067 5590 3111 5620 ’⁸
3132 5587 3299 5658 Apoc.
3323 5606 3420 5658 xu,
3446 5590 3500 5648 5.

244 5665 292 5697 ²⁹
321 5665 424 5720 Isa.
457 5678 642 5726 xxxrv,
674 5662 758 5715 15.
791 5663 834 5694 ³⁸
861 5661 973 5717 .Ier.
1003 5676 1114 5723 ειν,
1139 5661 1192 5716 6.
1228 5661 1269 5692 ³³
1293 5661 1397 5716 Isa.
1430 5676 1585 5724 xutt,
1614 5659 1706 5714 ‘20.

653 5756 924 5815 Ps'ruoc.
970 5751 1166 5815 CXII.
1535 5811 1539 5814 .

2989 5753 3066 5810 29
