3972 6336
221 341 334 398 909

1176 329 1593 388 ALLEGORIIE
1630 328 1696 384 IN
1737 328 2015 384 SACRAM
2052 328 2512 385 SCRIPTURAM.

3375 330 3486 384 910

219 453 276 506 in
310 448 497 506 Exodo
527 462 542 502 :
573 466 592 500 ‹
627 443 1068 502 Sacriﬁcabimus
1097 441 1328 498 Domino
1352 444 1407 498 in
1433 441 1648 497 deserto
1689 441 1739 504 ¹;
1773 459 1791 490 ι
1826 441 1874 498 Α
1901 439 2096 508 cupivi.
2135 439 2278 505 Dies,
2306 447 2479 493 status
2503 436 2789 500 malorum,
2821 446 2880 491 ut
2909 439 2962 492 in
3003 437 3298 508 Evangelia
3325 458 3336 491 :
3375 458 3395 491 ‹
3426 439 3493 495 Ει

222 545 276 599 ιι]
315 551 418 605 εει,
459 539 758 595 serviemus
789 535 1017 591 Domino
1057 535 1112 589 in
1153 543 1341 590 sancta
1378 530 1808 590 conversatione.

217 636 332 691 Per
369 635 630 688 desertum
664 631 956 694 dzemones,
994 635 1056 682 ut
1100 627 1158 682 in
1196 626 1462 682 Psalmis:
1503 643 1524 677 ‹
1562 622 1744 692 Neque
1780 636 1812 677 a

219 723 456 778 desertis
486 719 757 776 montibus
789 719 830 784 ',
870 737 890 771 ι
925 717 1068 786 quod
1118 731 1219 771 nec
1246 716 1376 786 ipsis
1403 715 1680 785 spiritibus
1701 727 1814 767 ma-

217 813 389 884 lignis
409 820 557 882 patet
585 811 734 865 locus
765 807 1031 879 fugiendae
1062 807 1257 862 divina:
1284 804 1601 872 majestatis.

295 901 496 956 Dextra
525 911 609 954 est
628 898 795 953 Filius
821 899 942 963 Dei,
963 905 1022 950 ut
1043 896 1098 949 in
1120 894 1350 950 Psalmis
1378 912 1392 948 :
1431 912 1450 946 ι
1483 893 1679 948 Dextra
1703 893 1812 950 Do-

217 992 360 1047 mini
394 991 522 1046 l‘ecit
558 991 816 1044 virtutem
851 989 896 1055 ³,
943 1008 962 1040 ι
1006 990 1059 1045 id
1084 998 1208 1054 est,
1242 989 1338 1044 Dei
1365 987 1534 1043 Filius
1557 996 1813 1058 operatur

219 1079 516 1136 mirabilia.
563 1078 763 1134 Dextra
799 1079 894 1134 Dei
923 1079 1152 1150 gratiam
1177 1119 1193 1145 ,
1236 1079 1378 1133 utin
1405 1077 1508 1134 Job
1543 1097 1556 1131 :
1592 1096 1610 1129 ι
1649 1077 1812 1148 Operi

219 1186 482 1226 manuum
522 1177 734 1224 tuarum
759 1169 1006 1239 porriges
1036 1169 1280 1223 dextram
1325 1168 1378 1234 ⁸,
1418 1190 1437 1220 ι
1475 1169 1527 1224 id
1565 1177 1682 1233 est,
1712 1169 1809 1234 illi,

217 1277 385 1330 quem
408 1259 714 1325 condidisti,
746 1259 901 1314 dabis
937 1259 1165 1329 gratiam
1203 1269 1370 1313 tuam.
1409 1258 1632 1324 Dextra,
1653 1258 1808 1327 justi,

215 1359 284 1406 ut
306 1352 362 1405 in
383 1350 802 1406 Deuteronomio
827 1367 842 1402 τ
866 1368 884 1400 ι
907 1351 964 1404 In
989 1351 1212 1405 dextera
1232 1351 1349 1421 ejus
1367 1351 1520 1420 ignea
1545 1355 1559 1371 ⁴
1587 1351 1674 1406 lex
1717 1351 1760 1414 ⁵,
1786 1369 1805 1401 ι

213 1443 278 1497 id
308 1450 412 1507 est,
439 1444 493 1495 in
520 1441 730 1496 sanctis
752 1438 870 1510 ejus
895 1441 1135 1496 charitas
1163 1442 1382 1496 ardens.
1409 1440 1630 1503 Dextra,
1665 1440 1812 1496 salus

217 1533 454 1598 animae,
501 1540 563 1586 ut
605 1533 662 1587 in
709 1533 980 1588 Psalmis:
1027 1551 1046 1584 ‹
1087 1532 1341 1588 Diabolus
1382 1541 1487 1588 stet
1529 1549 1560 1587 a
1605 1533 1812 1590 dextris

215 1623 345 1694 ejus
365 1625 408 1689 ⁸,
446 1644 466 1677 ι
501 1624 555 1679 id
583 1631 688 1692 est,
730 1625 1016 1694 pecuniam
1064 1625 1359 1695 praeposuit
1405 1624 1564 1680 saluti
1617 1625 1813 1680 anima:

217 1716 240 1735 ⁴
260 1713 405 1782 ejus,
434 1713 666 1780 Dextra,
695 1713 836 1770 bona
880 1715 1043 1780 actio,
1085 1722 1144 1770 ut
1168 1714 1224 1768 in
1255 1714 1482 1769 Psalmis
1511 1731 1525 1768 :
1562 1732 1581 1765 ‹
1617 1714 1808 1782 dextra

1914 527 2132 598 quidem
2170 527 2225 581 in
2259 528 2362 582 hac
2394 527 2500 591 die,
2531 543 2650 596 quae
2678 527 2743 582 ad
2767 542 2953 596 pacem
2985 527 3079 582 tibi
3118 529 3187 592 “,
3233 549 3250 580 ι
3295 529 3345 583 id
3383 542 3488 595 εει,
3567 564 3569 566 -

1913 614 1968 668 in
1998 616 2102 670 hoc
2121 624 2266 670 statu
2292 623 2405 680 tuo,
2436 630 2596 684 quem
2623 623 2774 671 tenes
2810 617 2862 670 in
2893 632 3044 686 pace.
3075 615 3221 683 Dies,
3253 617 3492 672 delecta-

1913 707 1988 762 tio
2012 708 2242 776 peccati,
2289 715 2349 762 ιιι
2387 708 2440 762 in
2466 707 2566 763 Job
2603 727 2616 762 :
2661 729 2678 761 ι
2721 709 2845 764 Dies
2873 709 2962 764 illa
2996 716 3238 764 vertatur
3262 710 3316 763 in
3348 719 3495 764 tene-

1912 798 2039 854 bras
2077 799 2144 864 “,
2194 819 2213 851 ι
2246 799 2300 854 id
2339 807 2446 863 est,
2481 799 2688 854 utinam
2733 800 3111 870 praevideatur,
3145 799 3212 853 ad
3240 809 3496 869 quantam

1911 890 2296 946 obscuritatem
2326 892 2529 960 peccati
2571 891 2854 966 delectatio
2882 891 3154 946 hominem
3179 892 3490 960 pertrahat!

1911 977 2056 1045 Dies,
2085 989 2316 1050 tempus,
2345 989 2406 1034 ut
2449 981 2504 1035 in
2543 981 2866 1037 Ecclesiaste
2901 1000 2916 1036 :
2960 999 2980 1032 ‹
3024 981 3082 1035 In
3109 981 3195 1036 die
3223 982 3496 1042 bonorum

1910 1086 1980 1126 ne
2008 1071 2293 1126 immemor
2339 1073 2414 1127 sis
2450 1073 2712 1127 malorum
2740 1073 2806 1137 ’⁵,
2858 1093 2876 1125 ι
2921 1074 2975 1128 id
3012 1082 3114 1138 est,
3155 1073 3210 1127 in
3251 1081 3494 1148 tempore

1911 1161 2112 1232 quietis
2143 1162 2252 1216 noli
2289 1163 2574 1218 immemor
2597 1178 2718 1220 esse
2741 1165 3188 1234 perturbationis.
3221 1165 3363 1226 Dies.
3407 1181 3498 1220 ca-

1911 1250 1992 1306 lor
2020 1253 2351 1317 tentationis,
2382 1262 2443 1308 ut
2485 1254 2539 1308 in
2581 1255 2870 1327 Evangelio
2905 1273 2918 1310 :
2965 1275 2982 1308 ι
3019 1255 3236 1312 Pondus
3279 1256 3387 1311 diei
3433 1266 3494 1312 et

1910 1351 2076 1398 aestus
2101 1343 2169 1408 ’⁵,
2207 1363 2226 1396 ι
2278 1344 2330 1398 id
2353 1353 2456 1406 est.
2498 1360 2635 1400 onus
2669 1347 2982 1402 tentationis
3015 1355 3070 1401 et
3111 1346 3490 1401 tribulationis.

1910 1430 2056 1497 Dies,
2082 1434 2360 1488 aeternitas
2380 1435 2508 1499 diei,
2535 1443 2595 1490 ut
2627 1434 2680 1490 in
2705 1435 2932 1492 Psalmis
2962 1454 2974 1490 :
3011 1457 3029 1489 ‹
3076 1437 3276 1492 Tecum
3299 1438 3496 1508 princi-

1909 1519 2058 1589 pium
2085 1521 2140 1574 in
2162 1521 2249 1576 die
2268 1523 2483 1577 virtutis
2506 1531 2608 1578 tua:
2629 1523 2694 1589 “,
2727 1545 2746 1578 ι
2777 1526 2829 1580 id
2851 1533 2955 1591 est,
2980 1541 3085 1580 una
3113 1534 3288 1580 tecum
3312 1540 3492 1582 essen-

1912 1609 1985 1663 tia
2035 1610 2090 1664 in
2123 1612 2429 1668 aeternitate
2475 1614 2774 1684 majestatis
2809 1623 2933 1671 tuaa.
2977 1615 3124 1680 Dies,
3165 1615 3490 1674 illuminatio

1911 1701 2127 1765 mentis,
2169 1710 2230 1756 ut
2263 1703 2318 1757 in
2347 1702 2452 1760 Job
2483 1719 2498 1758 :
2533 1725 2552 1756 ί
2596 1706 2975 1777 Unusquisque
3018 1707 3072 1762 in
3113 1708 3199 1762 die
3239 1723 3337 1763 suo
3366 1711 3435 1776 ’7,
3471 1729 3493 1762 ι

215 1822 412 1862 eorum
439 1807 643 1877 repleta
675 1814 764 1861 est
817 1806 1135 1861 muneribus
1169 1807 1214 1870 ⁷,
1249 1826 1269 1859 ι
1314 1806 1370 1862 id
1407 1796 1514 1872 est,
1549 1806 1812 1876 justitiam
1843 1786 1889 1846 Β
1917 1793 2059 1860 quod
2105 1795 2475 1864 unusquisque
2517 1796 2722 1852 electus
2770 1799 2825 1852 in
2869 1799 3260 1855 illuminatione
3298 1803 3497 1857 mentis

217 1911 379 1952 suam
403 1897 668 1952 vendunt.
693 1895 910 1962 Dextra,
941 1896 1351 1967 contemplatio,
1377 1905 1438 1952 ut
1461 1897 1517 1952 in
1548 1897 1771 1953 Cantico
1796 1916 1810 1951 :

223 2004 244 2038 ι
285 1987 486 2040 Dextra
512 1985 656 2041 illius
677 1985 1072 2054 amplexabitur
1121 2001 1209 2041 me
1230 1987 1287 2052 ⁸;
1321 2007 1340 2039 ι
1367 1987 1420 2042 id
1446 1995 1547 2050 est,
1573 1996 1815 2042 contem-

217 2075 392 2146 platio
426 2075 570 2132 illius
598 2075 892 2132 lietilicabit
927 2092 1034 2132 me.
1078 2077 1299 2143 Dextra,
1340 2079 1582 2148 potentia
1605 2118 1621 2144 ,
1661 2085 1722 2132 ut
1759 2079 1812 2134 in

217 2167 490 2224 Psalmis:
527 2187 546 2220 ε
578 2167 779 2222 Dextra
818 2182 1006 2222 eorum
1059 2168 1250 2223 dextra
1283 2169 1587 2238 iniquitatis
1624 2169 1668 2234 ’,
1706 2188 1725 2220 ι
1759 2169 1815 2224 id

216 2266 332 2323 est,
357 2266 597 2328 potestas
623 2273 814 2312 eorum
843 2258 1028 2327 iniqua
1058 2268 1161 2313 εει.
1198 2258 1420 2324 Dextra,
1458 2259 1810 2329 prosperitas,

215 2358 285 2404 ut
310 2350 367 2404 in
388 2351 544 2422 lege:
583 2369 602 2402 ι
631 2350 711 2406 Ne
737 2349 974 2406 declines
1011 2349 1080 2405 ad
1105 2351 1352 2406 dextram
1379 2392 1394 2416 ,
1437 2367 1539 2406 nec
1581 2353 1650 2405 ad
1676 2349 1812 2405 sini-

217 2449 396 2496 stram
438 2441 500 2506 ",
536 2460 554 2494 ι
603 2441 658 2496 id
698 2449 826 2506 est,
869 2456 977 2496 non
1020 2450 1074 2496 te
1108 2441 1285 2508 eleves
1327 2443 1383 2496 in
1430 2442 1808 2512 prosperitate.

220 2529 446 2594 Dextra,
471 2531 698 2600 quilibet
721 2531 949 2595 amicus,
971 2539 1031 2585 ut
1055 2533 1111 2586 in
1132 2531 1362 2588 Psalmis
1389 2551 1403 2587 :
1437 2551 1456 2584 ‹
1483 2533 1813 2588 Considera-

217 2623 351 2678 bam
373 2624 440 2678 ad
467 2625 715 2678 dextram
746 2624 811 2689 “,
843 2631 972 2690 etc.,
1008 2631 1032 2676 ἰ
1061 2624 1240 2704 idest,
1268 2626 1488 2695 quaesivi
1516 2626 1658 2681 inter
1678 2626 1814 2680 ami-

217 2727 322 2768 cos
344 2717 436 2783 qui
465 2728 556 2768 me
583 2713 818 2782 juvaret,
853 2723 911 2768 et
933 2729 1041 2768 non
1077 2715 1280 2769 inveni.
1319 2715 1539 2780 Dextra,
1567 2714 1730 2770 elatio
1754 2716 1811 2770 in

219 2803 538 2869 virtutibus,
567 2811 627 2858 ut
651 2804 705 2858 in
736 2803 838 2860 Job
869 2822 884 2859 :
930 2823 950 2856 ‹
981 2803 1039 2859 Si
1066 2821 1157 2860 me
1180 2814 1387 2861 vertam
1424 2807 1491 2862 ad
1527 2807 1807 2870 dextram,

219 2907 336 2948 non
375 2892 569 2950 videbo
597 2893 749 2949 illum
801 2894 866 2958 ’.⁷,
899 2913 917 2945 ι
963 2895 1018 2950 id
1053 2903 1158 2960 est,
1197 2896 1243 2950 si
1284 2897 1350 2951 de
1383 2897 1673 2952 virtutibus
1715 2903 1818 2952 su-'

220 2982 434 3052 perbio,
457 2982 608 3038 illum
630 2982 980 3054 contemplari
1005 2998 1234 3054 nequeo.
1258 2983 1478 3050 Dextra,
1518 2985 1630 3039 vita
1653 2992 1812 3040 aeter-

221 3089 318 3138 na,
346 3083 407 3129 ut
444 3075 500 3130 in
538 3073 855 3131 Parabolis:
894 3093 913 3127 ι
941 3074 1242 3146 Longitudo
1281 3077 1490 3132 dierum
1525 3077 1580 3132 in
1621 3079 1806 3133 dextra

220 3161 344 3231 ejus
383 3163 448 3229 ¹³,
479 3181 500 3217 ι
530 3165 674 3234 quod
711 3165 819 3219 vita
842 3165 1080 3222 cmlestis
1127 3181 1404 3236 nunquam
1439 3183 1537 3237 per
1573 3168 1808 3237 aliquem

221 3253 394 3309 ﬁnem
432 3254 685 3311 cessabit.
732 3255 952 3321 Dextra,
1003 3255 1155 3312 favor
1177 3296 1193 3321 _.
1234 3265 1294 3312 ut
1332 3258 1386 3312 in
1416 3258 1686 3314 Psalmis:
1717 3277 1736 3309 ι
1763 3259 1810 3312 Α

221 3343 437 3401 dextris
457 3353 544 3400 est
565 3345 698 3400 mihi
718 3343 885 3412 Deus,
927 3345 982 3401 id
1018 3354 1104 3402 est
1126 3387 1142 3413 ,
1165 3345 1309 3403 favet
1332 3347 1485 3414 mihi,
1513 3365 1534 3399 ‹
1567 3362 1634 3402 ηε
1657 3363 1808 3402 com-

221 3447 450 3487 movear
473 3431 536 3486 ιδ.
581 3451 600 3484 ι

298 3522 582 3578 Dex-traria
609 3532 735 3579 sunt
753 3533 1070 3579 ornamenta
1094 3525 1362 3581 bonorum
1381 3540 1630 3595 operum,
1657 3534 1721 3579 ut
1749 3525 1804 3580 in

161 3623 164 3626 ’
221 3614 384 3686 lege:
415 3633 434 3666 ‹
464 3615 744 3670 Dextraria
771 3624 826 3670 et
849 3616 1076 3672 ⁸ιδιιιιὶοε
1106 3617 1174 3683 ¹⁸,
1209 3637 1227 3669 ι
1256 3617 1310 3671 id
1339 3626 1511 3684 est,...
1552 3625 1608 3672 et
1643 3633 1808 3672 orna-

220 3718 346 3764 tum
373 3709 636 3763 bonorum
663 3722 906 3778 operum.

301 3799 555 3852 Diadema
592 3808 676 3854 est
718 3801 1026 3856 humanitas
1075 3800 1298 3867 Christi,
1345 3809 1406 3855 ut
1446 3802 1502 3856 in
1536 3801 1804 3856 Cantico:

228 3909 252 3942 ε
290 3889 484 3946 Videte
512 3905 693 3960 regem
720 3891 974 3948 Salomon
1009 3893 1062 3946 in
1091 3894 1415 3957 diademate,
1446 3908 1553 3962 quo
1589 3908 1809 3948 corona-

222 3980 309 4032 vit
329 3993 452 4033 eum
477 3987 651 4034 mater
672 3995 768 4035 sua
793 3979 855 4045 ⁸⁸,
890 4000 908 4033 ι
943 3981 993 4035 id
1010 3989 1113 4044 εει,
1157 3980 1416 4035 honorate
1452 3981 1724 4035 Christum
1755 3982 1808 4036 in

221 4068 568 4123 humanitate
605 4084 720 4133 sua,
754 4084 914 4140 quam
941 4069 1059 4124 sine
1084 4077 1236 4138 patre
1265 4069 1332 4124 de
1355 4080 1527 4124 matre
1555 4071 1802 4140 sumpsit.

222 4156 450 4220 Dextra,
471 4157 756 4226 judicium,
787 4168 846 4212 ut
875 4160 928 4212 in
966 4158 1102 4212 Job:
1134 4178 1151 4209 ‹
1188 4159 1255 4212 Ει
1277 4159 1807 4228 diadetnatejudicio

223 4264 354 4303 meo
383 4249 449 4313 ⁸⁷,
479 4269 498 4301 ι
528 4249 579 4304 id
599 4257 701 4315 est,
722 4251 875 4319 quasi
898 4250 1126 4321 quodam
1159 4250 1482 4318 diademate,
1506 4252 1584 4307 sic
1603 4251 1807 4324 judicio

224 4354 356 4394 meo
383 4342 665 4397 decoratus
685 4359 822 4398 sum.

301 4428 430 4484 Dies
453 4441 535 4487 est
572 4432 732 4489 Pater
761 4443 816 4489 et
847 4435 1036 4499 Filius,
1061 4445 1119 4491 ut
1155 4437 1210 4490 in
1245 4437 1474 4492 Psalmis
1508 4456 1522 4492 :
1551 4440 1570 4459 ‘
1603 4458 1622 4488 ι
1660 4437 1805 4493 Nun-

225 4519 367 4575 tiate
392 4521 529 4576 diem
551 4523 637 4579 die
661 4525 722 4590 ’⁸,
753 4544 770 4576 ι
809 4526 860 4580 id
883 4535 984 4594 est,
1008 4529 1295 4596 prazdicate
1319 4529 1533 4584 Patrem
1557 4531 1621 4585 de
1651 4530 1805 4584 Filio.
1834 4519 1852 4565 ‘-

224 4609 378 4672 Dies,
407 4611 626 4681 angelus
647 4611 860 4668 Gabriel
881 4623 937 4670 et
972 4617 1124 4686 virgo
1153 4616 1340 4683 Maria,
1369 4626 1430 4672 ut
1453 4619 1505 4672 in
1537 4617 1768 4675 Psalmis
1793 4641 1806 4674 :

231 4718 252 4748 ε
291 4697 417 4752 Dies
442 4700 546 4754 diei
576 4711 784 4757 eructat
812 4705 1036 4759 verbum
1062 4706 1128 4770 ¹⁹,
1147 4759 1152 4761 _
1171 4725 1188 4756 ι
1217 4707 1271 4761 id
1295 4693 1395 4772 est,
1428 4707 1648 4778 angelus
1674 4727 1811 4764 nun-

227 4788 394 4842 tiavit
421 4789 620 4846 Mariae.
672 4793 822 4861 Dies,
860 4795 1124 4861 diabolus,
1163 4799 1305 4852 utin
1347 4797 1447 4853 Job
1490 4818 1501 4852 :
1550 4817 1568 4850 ‹
1617 4799 1811 4856 Pereat

225 4876 373 4940 dies,
420 4878 472 4932 in
503 4895 607 4949 qua
634 4891 791 4937 natus
833 4899 952 4937 sum
987 4885 1053 4948 ²⁰,
1107 4903 1126 4936 ι
1179 4885 1232 4939 id
1275 4893 1378 4949 est,
1407 4887 1693 4941 damnatus
1737 4889 1810 4942 sit

227 4964 500 5034 diabolus,
531 4985 628 5038 per
659 4985 819 5039 quem
849 4971 1100 5026 seductus
1126 4987 1268 5025 sum.
1299 4973 1442 5036 Dies,
1473 4977 1809 5044 prosperitas

225 5071 545 5126 pravorum,
568 5067 624 5112 ut
656 5060 708 5113 in
738 5059 968 5114 Jcremia
999 5079 1010 5113 :
1041 5078 1061 5111 ι
1104 5062 1256 5116 Diem
1284 5063 1518 5117 hominis
1543 5079 1648 5118 non
1674 5067 1692 5084 '
1716 5066 1809 5121 de-

227 5146 538 5201 sideramus
561 5149 630 5212 ²¹,
663 5168 680 5199 ›
703 5149 756 5203 id
780 5159 881 5214 est,
903 5152 1314 5220 prosperitatcm
1340 5152 1520 5207 saeculi
1551 5170 1656 5208 non
1678 5171 1808 5210 con-

1916 1895 2027 1936 sua:
2061 1882 2287 1939 reﬁcere
2325 1885 2483 1940 debet
2529 1887 2835 1957 proximum
2883 1904 3060 1943 suum.
3097 1889 3244 1956 Dies,
3278 1889 3498 1946 claritas

1914 1973 2112 2041 quietis
2135 1974 2387 2042 internae,
2420 1986 2480 2032 ut
2513 1978 2566 2032 in
2607 1977 2803 2036 Genesi
2836 1998 2848 2033 :
2887 2000 2906 2032 ι
2952 1980 3320 2038 Sanctiﬁcavit
3355 1985 3498 2040 Deus

1915 2062 2057 2117 diem
2084 2065 2371 2134 septimum
2397 2067 2464 2133 ’⁸,
2499 2087 2518 2120 ι
2562 2069 2704 2139 quod
2731 2085 2830 2140 per
2855 2071 3151 2128 claritatem
3190 2073 3386 2143 quietis
3417 2075 3501 2130 in-

1916 2164 2082 2210 terna:
2119 2157 2282 2211 homo
2301 2157 2425 2214 Deo~
2445 2169 2816 2215 consecratur.
2855 2161 2997 2222 Dies.
3036 2164 3212 2232 patria
3236 2165 3496 2232 caalestis,

1913 2251 1974 2298 ut
1999 2244 2053 2298 in
2080 2245 2345 2303 Cantico:
2384 2268 2402 2300 ι
2434 2247 2617 2305 Donec
2640 2251 2842 2322 aspiret
2877 2253 2993 2309 dies
3023 2253 3090 2319 η,
3133 2273 3151 2305 ι
3186 2255 3240 2309 id
3280 2265 3384 2322 est,
3411 2258 3501 2313 do-

1912 2349 2013 2390 nec
2041 2335 2262 2394 claritas
2281 2339 2471 2409 patriae
2492 2341 2730 2397 caelestis
2765 2353 3029 2414 erumpat.
3069 2344 3211 2410 Dies,
3247 2347 3500 2403 incarna-

1912 2431 1988 2488 tio
2009 2430 2233 2500 Christi,
2262 2443 2315 2490 ut
2350 2435 2404 2490 in
2432 2435 2698 2492 Psalmis:
2743 2457 2762 2488 ι
2804 2437 2864 2492 ln
2895 2439 2982 2493 die
3015 2441 3292 2496 mandavit
3317 2443 3500 2499 Domi-

1911 2536 2014 2576 nus
2043 2522 2111 2587 “,
2159 2541 2177 2575 ›
2227 2525 2370 2594 quod
2411 2526 2464 2580 in
2501 2525 2622 2581 luce
2660 2526 3050 2584 incarnationis
3089 2546 3200 2586 sua:
3243 2532 3499 2590 misertus

1911 2621 1996 2669 est
2026 2617 2244 2672 mundo.
2269 2617 2375 2671 Per
2403 2618 2542 2672 diem
2577 2618 2822 2674 homines
2849 2621 3134 2690 redempti,
3159 2629 3220 2676 ut
3249 2623 3303 2677 in
3340 2623 3442 2680 Job
3474 2644 3489 2678 :

1917 2724 1936 2758 ι
1978 2705 2094 2761 Non
2121 2717 2465 2778 computetur
2490 2709 2544 2763 in
2568 2709 2758 2765 diebus
2786 2711 2914 2767 anni
2939 2711 3003 2778 ³³,
3043 2733 3062 2764 ι
3110 2712 3188 2785 [id
3213 2714 3318 2787 est]
3356 2716 3501 2774 inter

1911 2799 2220 2866 redemptos
2245 2802 2492 2859 homines
2519 2813 2761 2875 apostata
2789 2807 3010 2876 angelus
3035 2809 3103 2864 ad
3133 2811 3351 2866 veniam
3389 2827 3499 2866 non

1909 2890 2200 2960 pertingat.
2259 2891 2366 2947 Per
2410 2893 2548 2948 diem
2588 2910 2754 2963 opera
2809 2897 2970 2956 bona.
3019 2906 3080 2954 ut
3126 2899 3180 2954 in
3221 2886 3496 2958 Psalmis:

1917 2996 1936 3030 ι
1969 2979 2129 3036 Novit
2159 2981 2422 3038 Dominus
2462 2985 2578 3040 dies
2597 2984 2870 3055 justorum
2913 2989 2978 3055 ³³,
3012 3008 3031 3040 ι
3075 2991 3218 3061 quod
3237 2993 3501 3063 approbat

1911 3084 2074 3140 opera
2101 3080 2432 3128 sanctorum.

1983 3157 2288 3214 Diluculum
2327 3171 2408 3217 est
2445 3163 2706 3220 adventus
2749 3168 2978 3226 interna:
3019 3169 3302 3238 claritatis,
3348 3180 3407 3228 ut
3442 3175 3499 3231 in

1911 3247 2011 3304 Job
2035 3268 2048 3305 :
2081 3268 2098 3302 ι
2130 3250 2475 3326 Consurgens
2501 3256 2734 3312 diluculo
2757 3260 3020 3317 offerebat
3043 3263 3357 3320 holocausta
3379 3265 3446 3331 ³³,
3471 3287 3493 3319 ι

1909 3341 2053 3408 quod
2113 3341 2435 3400 adveniente
2485 3347 2693 3402 interna
2747 3351 2992 3408 claritate
3049 3356 3244 3409 orabat
3303 3355 3492 3412 Deum.

1907 3430 2234 3499 Dilucidum,
2277 3437 2537 3502 studium,
2567 3447 2626 3492 ut
2667 3438 2720 3494 in
2759 3440 2992 3498 Psalmis
3023 3462 3035 3497 ε
3085 3464 3103 3496 ι
3141 3444 3385 3502 Diluculo
3413 3463 3500 3503 ve-

1909 3521 2132 3578 niebant
2167 3526 2234 3580 ad
2273 3543 2395 3582 eum
2441 3529 2508 3584 ³⁸.
2561 3551 2580 3583 ι
2629 3531 2956 3602 Diluculum,
3003 3545 3215 3608 tempus
3253 3555 3498 3598 resurre-

1909 3612 2128 3678 ctionis,
2156 3626 2216 3670 ut
2238 3617 2292 3672 in
2322 3617 2590 3675 Psalmis:
2625 3641 2642 3672 ‹
2679 3623 2978 3696 Exsurgatn
3015 3629 3251 3685 diluculo
3277 3631 3348 3698 ⁸⁵,
3386 3652 3406 3683 ι
3441 3633 3498 3688 id

1909 3711 2011 3766 est,
2045 3719 2204 3759 mane
2234 3715 2359 3762 ante
2399 3707 2594 3764 lucem.

1979 3791 2185 3861 Digilus
2210 3806 2292 3850 est
2321 3795 2556 3866 Spiritus
2585 3810 2824 3869 sanctus,
2853 3813 2910 3858 ut
2934 3804 2987 3858 in
3013 3807 3304 3878 Evangelio
3333 3827 3345 3862 :
3379 3827 3399 3859 ‹
3434 3810 3497 3866 Si

1909 3882 2163 3953 indigito
2205 3885 2319 3950 Dei,
2359 3905 2377 3937 ι
2425 3887 2480 3941 id
2525 3897 2627 3954 est,
2670 3891 2716 3945 si
2765 3893 2818 3945 in
2861 3892 3066 3963 Spiritu
3099 3895 3214 3962 Dei,
3265 3914 3285 3948 ι
3337 3896 3495 3965 ejicio

1909 3969 2172 4025 daemonia
2219 3971 2294 4027 ³⁸.
2330 3992 2346 4024 ι
2396 3970 2628 4045 Digilus,
2658 3977 2935 4044 discretio,
2967 3990 3028 4036 ut
3063 3984 3116 4037 in
3153 3983 3444 4056 Evangelio
3477 4006 3489 4040 :

1915 4080 1933 4111 ‹
1959 4062 2132 4128 Βὶεξίιο
2154 4064 2422 4118 scribebat
2448 4066 2500 4119 in
2534 4076 2734 4122 terram
2763 4069 2828 4133 ³⁷,
2853 4090 2871 4121 ι
2891 4072 3033 4141 quod
3064 4073 3250 4130 humili
3292 4078 3498 4133 discre-

1911 4151 2056 4206 tione
2102 4160 2377 4208 terrcnum
2423 4171 2518 4210 cor
2554 4167 2798 4214 nostrum
2851 4167 3182 4232 perscrutari
3210 4169 3492 4226 debemus.

1907 4241 2133 4312 Digilus,
2169 4243 2536 4312 moderamen,
2561 4257 2621 4302 ut
2650 4249 2702 4302 in
2721 4249 2828 4307 .Job
2859 4269 2873 4306 :
2909 4271 2928 4303 ι
2971 4253 3328 4327 Superponlte
3353 4260 3494 4332 digi-

1909 4344 2025 4388 tum
2067 4342 2308 4390 vcstrum
2346 4337 2494 4392 cordi
2534 4335 2718 4395 vestro
2753 4342 2819 4405 ³⁸,
2856 4361 2874 4395 ι
2914 4345 2965 4398 id
2995 4355 3095 4409 est,
3135 4351 3492 4408 moderamini

1909 4426 2238 4482 locutionem
2265 4435 2521 4483 vestram.
2552 4429 2656 4484 Per
2685 4433 2907 4503 digitum
2931 4435 3216 4493 diversitas
3237 4455 3492 4508 persona-

1914 4533 2056 4582 rum,
2086 4525 2143 4571 ut
2165 4519 2218 4572 in
2249 4518 2386 4573 Isaia
2416 4537 2428 4574 :
2467 4538 2486 4571 ‹
2519 4521 2651 4588 Quis
2683 4525 2936 4594 appendit
2970 4527 3140 4582 tribus
3165 4528 3346 4598 digitis
3369 4546 3487 4585 mo-

1911 4610 2017 4665 lem
2043 4619 2202 4664 terrae
2231 4611 2311 4664 ”?
2355 4631 2374 4664 ›
2420 4627 2518 4683 per
2552 4615 2664 4684 quis
2690 4617 2717 4670 .9
2753 4617 2929 4672 unitas
2971 4619 3350 4683 subsistantize,
3395 4638 3495 4693 per

1911 4712 2036 4766 tres,
2064 4705 2078 4720 '
2109 4702 2290 4757 unitas
2337 4719 2712 4772 personarum.
2751 4707 2857 4763 Per
2891 4709 3082 4778 digitos
3113 4719 3344 4780 quatuor
3367 4713 3494 4769 libri

1915 4791 2342 4862 Evangeliorum,
2367 4805 2427 4849 ut
2450 4796 2501 4850 in
2531 4797 2712 4852 Exodo
2738 4814 2750 4849 :
2784 4816 2802 4849 ι
2842 4798 3106 4854 Coronam
3133 4801 3494 4857 interrasilem

1915 4884 2078 4938 altam
2107 4896 2336 4955 quatuor
2363 4887 2547 4956 digitis
2571 4887 2637 4952 ⁸ο,
2674 4908 2692 4939 ι
2735 4891 2878 4958 quod
2909 4885 3164 4960 quidquid
3194 4894 3494 4948 sanctitatis

1913 4975 2198 5041 habemus,
2227 4978 2642 5033 conversatione
2681 4987 2866 5034 nostra
2900 4981 2952 5034 in
2984 4981 3134 5037 libris
3177 4985 3492 5054 Evangelia-

1909 5082 2028 5120 rum
2067 5067 2343 5122 discimus.
2390 5068 2496 5121 Per
2531 5068 2722 5139 digitos
2757 5072 2991 5139 operarii
3041 5071 3291 5128 Ecclesia:
3339 5084 3399 5129 ut
3433 5075 3488 5128 in

1911 5157 2134 5213 Cantico
2179 5177 2191 5211 ε
2247 5177 2265 5209 ‹
2328 5159 2492 5228 Digiti
2540 5161 2645 5213 mei
2695 5160 2836 5230 pleni
2895 5163 3115 5232 myrrha
3170 5166 3488 5235 probatissi-

215 5283 252 5367 ’_
293 5289 335 5367 ’ξ
369 5287 538 5367 E_xod.
565 5305 694 5367 vn},
725 5291 877 5367 2]._'
916 5290 1058 5345 Psal.
1093 5306 1287 5367 ικξιιι,
1405 5291 1425 5321 ³
1457 5291 1600 5346 Psal.
1629 5309 1763 5367 _cvtr,
1787 5295 1867 5367 ΔἸ.
1901 5295 1924 5325 ⁸
1959 5293 2212 5367 Jobhxrv.
2253 5296 2338 5350 lii.
2383 5297 2410 5367 7"
2456 5295 2611 5367 Deut.
2640 5313 2845 5367 χχχιιι,
2875 5298 2929 5351 2.
2979 5299 3000 5328 ⁸
3053 5299 3194 5354 Psal.
3227 5316 3376 5367 cvm,
3403 5303 3490 5357 lO.

225 5355 438 5434 ‘f_P_sal.
479 5373 604 5422 xxv,
635 5361 720 5434 ill.
755 5359 1056 5434 °__Ca_nt._u,
1086 5361 1137 5414 6.
1171 5361 1360 5434 ’_Psal.
1386 5378 1554 5434 ριιωιι
1577 5404 1592 5428 ,
1622 5365 1673 5418 8.
1712 5355 1757 5395 ιον
1785 5364 1809 5416 Ι

1914 5377 1943 5434 L.
1985 5381 2036 5434 v,
2069 5365 2169 5428 5‘2;
2203 5355 2338 5428 xv”,
2369 5366 2455 5418 ll.
2501 5368 2540 5396 “
2573 5365 2714 5420 Psal.
2747 5355 2898 5429 cxnt,
2928 5368 2981 5423 5.
3015 5370 3055 5400 "
3085 5370 3184 5424 Job
3229 5355 3385 5434 xxiii,
3414 5355 3490 5426 ι),

233 5425 284 5506 ξξ
328 5425 483 5506 Prov.
509 5443 566 5481 ιιι
596 5468 611 5492 ,
648 5428 732 5506 ιιι.
865 5429 1013 5506 Psal.
1055 5445 1144 5490 xv,
1193 5432 1244 5485 8.
1266 5431 1337 5506 _"
1364 5432 1552 5506 _Ex_od.
1579 5425 1731 5497 'xxv,
1777 5435 1809 5506 Ei

1914 5433 1950 5506 ίξ
1977 5433 2131 5506 Num.
2159 5425 2333 5496 'xxxrr
2357 5435 2446 5506 50.
2486 5436 2527 5467 ¹⁷
2568 5435 2723 5506 Cant.
2769 5453 2850 5500 ιιι,
2883 5425 2966 5491 ll.
3001 5440 3044 5469 ’⁸
3091 5440 3192 5494 Job
3218 5425 3488 5506 xxerM.

229 5493 284 5570 ξς
333 5494 481 5570 P_sal._
525 5513 645 5560 xcv,
687 5499 743 5570 27.
781 5499 830 5570 ¹⁰Α
865 5498 1010 5570 Psal.
1059 5514 1227 5558 xvm.
1266 5499 1319 5553 ’5.
1362 5501 1405 5570 ⁷¹
1445 5500 1556 5554 Jcr.
1607 5493 1738 5564 xv",
1785 5504 1804 5556 l

1914 5505 1956 5533 ²
2005 5504 2133 5557 Luc.
2199 5493 2310 5567 χιχ,
2356 5505 2446 5558 49..
2477 5506 2521 5536 ’³
2565 5505 2664 5560 Job
2712 5523 2803 5570 ιιι,
2840 5493 2894 5561 ξὶ.
2945 5508 2991 5538 ’⁵
3039 5493 3179 5562 Eccl.
3231 5493 3368 5564 viti,
3399 5493 3488 5562 l5.

231 5562 285 5640 ξξ
321 5562 524 5640 _Matth.
556 5582 646 5628 xx,
679 5567 1012 5640 l?._"__P§al.
1047 5584 1156 5630 cxx,
1198 5570 1249 5640 5.
1283 5571 1326 5640 ⁷⁷
1359 5569 1458 5624 Job
1495 5586 1535 5632 ι,
1563 5571 1618 5624 li.
1655 5575 1699 5603 ’⁸⁸
1731 5562 1809 5625 ἀρ

1914 5589 1968 5633 ιι,
2002 5574 2053 5625 5.
2091 5574 2135 5603 ²⁹
2173 5562 2327 5627 Cant.
2362 5593 2420 5632 ιι,
2451 5577 2534 5629 l7.
2599 5577 2642 5606 ³⁰
2684 5562 2822 5629 Psal.
2853 5594 2962 5636 xu.
3003 5577 3058 5630 9.
3103 5579 3149 5608 ³⁷
3193 5577 3294 5630 Joh
3323 5562 3400 5640 ίιι,
3435 5578 3488 5631 6.

232 5632 287 5713 ξς
321 5631 462 5713 Psal.
494 5651 676 5713 xxxvi.
837 5637 882 5668 ³³
911 5637 1075 5713 Job}1
1100 5639 1254 5713 6.}:
1287 5639 1427 5713 Psal.
1475 5631 1680 5713 ωιιινιι,
1703 5643 1797 5713 54,

1943 5631 2083 5698 Psal.
2115 5660 2233 5709 Lvt,
2278 5643 2330 5698 9.
2378 5645 2421 5676 ³⁵
2468 5646 2596 5700 Luc.
2625 5663 2710 5713 xx,
2757 5648 2838 5702 19.
2873 5648 2914 5678 ³⁷
2954 5631 3113 5702 γιῐυῑιιι.
3154 5664 3282 5708 vm,
3327 5631 3399 5712 ὀ,
3437 5648 3488 5702 8.

235 5701 432 5774 ³³⁵101)
478 5720 587 5772 xxI,
609 5706 661 5758 5.
694 5706 738 5736 ’9
768 5707 868 5761 lsa.
900 5723 984 5770 XL,
1016 5708 1098 5760 12.
1141 5708 1187 5742 ⁵ο
1215 5708 1382 5764 Exod.
1411 5726 1616 5774 xxxvn,
1661 5712 1747 5764 12.

2693 5813 2702 5821 .
2717 5797 2804 5822 ca"
