3972 6336
612 257 710 341 sit

1247 287 1309 344 Β.
1349 287 1602 348 RABANI
1642 289 1862 351 MAURI
1902 291 2224 353 ARCHIEP.
2261 291 2572 355 HOGUNT.
2615 291 2815 359 OPERI

2159 294 2224 353 P.
2261 291 2572 355 HOGUNT.
2615 291 2902 359 OPERUDI
2937 294 3115 359 PARS
3153 291 3235 358 ιιι.
3659 318 3727 376 9|!

610 416 698 456 ma
716 389 770 468 Ἴ,
809 420 828 456 ι
889 401 942 458 id
989 408 1094 470 est,
1137 403 1372 474 cperarii
1411 404 1518 460 mei
1548 403 1850 476 gloriantur
1882 405 1936 461 in
1969 405 2192 463 tribula-
2220 415 2273 475 Α
2295 406 2480 463 deravi
2507 407 2788 479 pulchram
2812 409 3013 465 facere.
3039 409 3251 477 Domus,
3284 410 3540 472 humanitas
3574 418 3726 492 Christi,

608 493 864 550 tionibus.

625 584 628 586 ’
677 581 912 638 Dilectus
938 591 1024 638 est
1045 582 1211 640 Pater
1233 592 1289 639 et
1311 582 1500 650 Filius,
1519 584 1653 639 utin
1673 584 1925 641 Cantico:
1955 604 1974 638 ι
2007 585 2192 655 Qualis

605 684 688 729 est
732 675 966 730 dilectus
1017 683 1146 731 tuus
1194 691 1261 731 ex
1293 675 1488 731 dilecto
1529 677 1550 708 '
1576 675 1600 730 ?
1628 676 1684 732 id
1729 685 1835 744 est,
1901 677 2070 734 Filius
2125 678 2192 735 de

604 762 788 819 Patre.
833 764 1084 831 Dilectus,
1121 765 1351 836 populus
1398 763 1676 833 Judaicus,
1708 775 1768 822 ut
1790 766 1844 822 in
1881 769 2187 840 propheta:

613 871 632 906 ι
666 853 805 922 Quid
843 863 951 922 εει,
992 856 1137 926 quod
1172 855 1402 911 dilectus
1431 871 1585 911 meus
1625 854 1758 912 facit
1800 857 2007 914 scelera
2045 857 2188 912 mul-

603 955 658 1000 ta
691 945 736 1012 ³,
775 963 794 998 ι
845 946 900 1002 id
949 957 1034 1002 est
1073 947 1219 1018 quod
1265 957 1375 1002 tam
1424 947 1607 1019 impie,
1655 965 1815 1020 quem
1837 950 2192 1020 spiritualiter

603 1035 1025 1108 diligoypeccat.

681 1127 970 1194 Diiu'vium,
997 1129 1318 1202 baptismus,
1357 1139 1416 1186 ut
1455 1131 1508 1186 in
1556 1129 1824 1187 Psalmis:
1866 1150 1885 1184 ι
1927 1133 2186 1189 Dominus

601 1219 1205 1278 diluvium‘inhabitare
1263 1220 1393 1278 facit
1424 1221 1478 1288 ⁶;
1529 1241 1549 1275 ι
1607 1221 1660 1276 id
1704 1230 1805 1287 εει,
1857 1223 2186 1294 baptismum

603 1310 658 1365 in
686 1325 790 1366 sua
809 1311 1052 1368 Ecclesia
1097 1329 1220 1369 esse
1263 1313 1567 1368 constituit.
1604 1312 1888 1378 Diluvium,
1920 1312 2186 1382 judicium

599 1411 927 1469 extremum,
961 1412 1020 1458 ut
1049 1404 1100 1458 in
1120 1403 1351 1459 Psalmis
1375 1421 1388 1457 :
1414 1425 1432 1455 ‹
1463 1403 1522 1459 ln
1569 1404 1771 1460 diluvio
1793 1405 1814 1436 '
1837 1419 2125 1474 aquarum,
2157 1422 2178 1457 ι

598 1492 654 1547 id
711 1503 816 1560 est,
879 1491 1169 1564 infjudicio
1225 1505 1493 1561 extremo,
1535 1495 1590 1549 in
1643 1510 1752 1565 quo
1801 1495 2040 1566 reprobi,
2090 1496 2184 1566 qui

607 1585 772 1644 liuida
798 1595 946 1652 sunt,
973 1587 1389 1651 damnabuntur,
1415 1587 1572 1665 justi,
1601 1603 1706 1642 non
1729 1587 2001 1658 peribunt.
2023 1587 2182 1641 Dilu-

594 1682 754 1745 vium,
787 1686 1092 1749 peccatum,
1118 1687 1178 1733 ut
1218 1679 1272 1734 in
1323 1677 1519 1734 Genesi
1553 1697 1570 1732 ι
1603 1697 1621 1730 ι
1653 1678 1976 1733 lnterﬁciam
2026 1679 2182 1750 aquis

2294 505 2355 553 ut
2373 498 2427 552 in
2440 497 2514 554 Pa
2522 499 2719 555 rabolis
2745 517 2758 554 :
2781 517 2798 551 ι
2811 498 3083 570 Sapientia
3097 500 3363 558 aediﬁcavit
3381 504 3466 560 sibi
3479 507 3643 566 domum
3657 515 3726 580 ",.

2291 589 2436 659 quod
2460 589 2555 645 Dei
2582 590 2751 646 Filius
2764 606 2983 646 carnem
3009 591 3110 646 sibi
3134 595 3420 663 assumpsit.
3443 595 3614 663 Domus,
3632 618 3731 660 Illin-

2290 677 2392 732 dus
2421 678 2545 744 iste,
2581 688 2641 733 nt
2679 681 2733 734 in
2756 680 3048 750 Evangelio
3076 698 3091 735 :
3123 698 3143 731 ι
3189 681 3388 736 Etvasa
3420 683 3518 751 ejus
3536 687 3578 742 in
3611 692 3730 762 domo,

2289 783 2397 823 non
2431 769 2724 825 descendat
2761 770 2952 826 tollere
2973 785 3036 826 ea
3062 771 3132 832 ".
3163 789 3182 822 ι
3229 772 3278 826 id
3304 781 3400 838 est,
3417 775 3475 828 ad
3510 779 3732 847 cupiditates

2289 859 2472 915 sarculi
2496 876 2604 915 non
2630 861 2835 927 redeat,
2862 875 2999 930 quas
3046 860 3274 930 reliquit.
3304 861 3500 931 Domus,
3520 865 3678 933 familia,
3695 882 3732 926 ut

2288 949 2342 1004 in
2385 949 2537 1006 libris
2574 949 2785 1020 Regum
2818 968 2833 1004 :
2902 968 2921 1002 ι
2963 948 3032 1005 Ut
3073 949 3355 1019 loquereris
3395 953 3453 1007 de
3492 953 3670 1020 damon
3700 960 3732 1013 id

2287 1047 2392 1106 est,
2431 1041 2497 1096 de
2525 1039 2752 1106 familia,
2791 1057 2809 1092 ι
2860 1038 3045 1095 famuli
3073 1041 3149 1094 tui
3171 1040 3234 1094 “.
3276 1061 3294 1094 ι
3318 1040 3511 1109 Domus,
3543 1045 3734 1102 delectatio

2285 1130 2509 1196 favoris,
2558 1140 2616 1185 ut
2645 1133 2701 1186 in
2723 1131 2826 1188 Job
2854 1151 2868 1186 :
2914 1151 2933 1184 ι
2975 1131 3234 1188 lnnitetur
3261 1149 3410 1204 super
3429 1135 3602 1191 domum
3623 1154 3732 1204 suam,

2285 1230 2340 1278 et
2352 1238 2458 1278 non
2475 1222 2638 1277 stabit
2657 1224 2725 1290 ²²,
2757 1243 2776 1275 ι
2794 1223 2848 1278 id
2861 1231 2968 1289 est,
2983 1225 3052 1278 ad
3079 1223 3282 1279 laudem
3298 1225 3548 1281 humanam
3562 1228 3604 1282 in
3621 1227 3734 1284 futuro

2284 1329 2392 1370 non
2450 1316 2724 1385 respiciet,
2770 1316 2862 1371 sed
2913 1316 3029 1386 ipsa
3077 1317 3310 1372 deficiet.
3351 1316 3548 1384 Domus,
3587 1321 3735 1390 populus

2283 1403 2613 1471 Judteorum,
2660 1414 2732 1460 ιιι-
2763 1406 2818 1460 in
2858 1406 3186 1477 Evangelia:
3219 1425 3238 1457 ί
3265 1406 3500 1462 Revertar
3519 1408 3563 1461 in
3595 1409 3736 1464 domum

2283 1511 2460 1551 meam
2470 1497 2636 1560 ,unde
2647 1496 2860 1564 exivi“,
2874 1515 2892 1548 ι
2902 1497 3044 1566 quod
3058 1497 3124 1552 ad
3136 1495 3737 1568 populumJudaicumdiabo-

2283 1586 2369 1643 lus
2390 1583 2488 1653 a'it,
2504 1588 2721 1658 quando
2732 1589 3009 1644 Christum
3026 1592 3296 1660 suscipere
3315 1592 3494 1658 renuit,
3507 1607 3533 1646 a
3548 1608 3628 1663 quo
3640 1593 3735 1656 exiit,

2282 1680 2497 1749 quando
2521 1679 2696 1751 legem
2718 1681 2976 1752 suscepit.
3007 1683 3225 1748 Domus,
3253 1683 3516 1753 gentilitas,
3538 1685 3636 1738 utin
3649 1683 3736 1739 Psil-

594 1765 782 1828 diluvii
813 1788 1064 1828 omnem»
1089 1788 1308 1828 carnem
1331 1772 1372 1838 ⁸,
1405 1793 1422 1826 ι
1459 1773 1601 1842 quod
1637 1773 1904 1840 carnales,
1951 1789 2182 1845 quorum
2211 1779 2258 1839 Β
2286 1769 2421 1824 mis:
2447 1787 2468 1820 ‹
2502 1771 2702 1826 Domus
2727 1771 2896 1828 Jacob
2930 1772 3206 1843 dep0pulo
3228 1774 3444 1830 barbaro
3459 1775 3736 1844 “,iquodui-

591 1863 960 1934 velupta'tibus
983 1869 1002 1883 '
1030 1863 1238 1934 peccati
1265 1863 1406 1918 Deus
1445 1864 1690 1920 consumi
1735 1865 2020 1934 permittit.

655 1953 819 2008 Dives
865 1953 1141 2019 est'Deus,
1175 1963 1234 2007 ut
1265 1955 1317 2008 in
1347 1953 1670 2025 Evangelio:
1706 1973 1725 2006 ι
1767 1953 1938 2010 Homo
1965 1954 2184 2026 quidam

590 2048 717 2099 erat
739 2042 912 2109 dives,
941 2043 1032 2113 qui
1077 2043 1312 2098 habebat
1355 2042 1665 2110 villicum",
1705 2063 1724 2096 ι
1766 2043 1820 2098 id
1865 2053 1969 2109 εει,
2020 2045 2183 2111 Deus,

591 2133 756 2204 qui...
786 2134 806 2152 ‘
831 2146 890 2188 se
915 2132 1083 2188 habet
1104 2132 1404 2187 hominem.
1433 2130 1614 2197 Dives,
1638 2132 1870 2202 populus
1903 2131 2184 2200 Judaicus,

589 2233 650 2279 ut
671 2225 724 2280 in
755 2224 1044 2296 Evangelia
1073 2243 1086 2279 :
1133 2242 1153 2276 ι
1175 2223 1360 2280 Ὴοιιιο
1382 2223 1600 2294 quidam
1630 2232 1747 2280 erat
1771 2224 1944 2291 dives,
1979 2225 2073 2294 qui
2102 2225 2186 2280 in-

589 2317 858 2372 duebatur
888 2333 1126 2388 purpura
1155 2323 1212 2373 et
1238 2317 1402 2390 bysso
1449 2317 1492 2384 ⁸,
1529 2336 1547 2369 ι
1586 2320 1727 2387 quod
1752 2319 1978 2390 populus
2001 2317 2187 2374 Judai-

590 2423 688 2462 cus
709 2409 730 2428 θ
761 2408 814 2462 in
845 2407 994 2463 cultu
1015 2407 1146 2463 vitae
1174 2407 1464 2462 exterioris
1493 2407 1845 2478 gloriabatur.
1870 2408 1972 2464 Per
2000 2409 2184 2464 divites

588 2505 861 2554 amatores
894 2499 1194 2565 mundi,'ut
1229 2497 1541 2553 in‘Psalmis
1570 2516 1582 2553 :
1635 2517 1655 2551 ι
1688 2499 1891 2555 Divites
1920 2509 2186 2570 eguerunt

588 2596 645 2643 et
692 2588 1068 2655 esurierunt";
1111 2609 1129 2642 ι
1147 2588 1313 2660 quod
1343 2588 1530 2644 mundi
1557 2595 1830 2646 amatores
1857 2597 2100 2662 egestate
2129 2596 2186 2645 et

589 2678 772 2735 esurie
803 2679 1102 2736 tabescent.
1875 2729 1878 2731 _

656 2767 870 2825 Divitiw
913 2778 1042 2826 sunt
1092 2769 1258 2827 verba
1307 2770 1463 2842 legis,
1502 2779 1563 2827 ut
1598 2771 1656 2827 in
1701 2771 1802 2828 Joh
1835 2790 1850 2827 :
1883 2789 1902 2824 ι
1930 2770 2178 2839 Divitias,

584 2874 721 2930 quas
745 2860 1043 2929 devoravit,
1074 2871 1290 2918 evomet
1319 2863 1388 2930 η,
1418 2882 1438 2916 ι
1481 2864 1664 2931 id'est,
1689 2865 1852 2920 verba
1877 2863 2034 2936 legis,
2061 2879 2182 2935 qua:

590 2951 802 3018 habuit,
839 2957 1072 3011 amittet.
1116 2954 1362 3022 Divitiw,
1393 2957 1641 3023 consilia,
1665 2965 1731 3012 ut
1764 2958 1820 3012 in
1859 2957 1960 3014 Job
1998 2973 2013 3013 :
2057 2976 2077 3010 ι
2122 2956 2182 3013 Si

583 3043 796 3101 lretatus
818 3061 937 3101 sum
966 3061 1129 3118 super
1150 3048 1167 3066 ‘
1201 3047 1364 3116 justis
1387 3047 1591 3103 divitiis
1616 3048 1730 3113 ⁸³,ιιι
1757 3048 1812 3104 id
1831 3055 1932 3115 est,
1960 3049 2026 3104 de
2051 3063 2180 3104 con-

2289 1859 2506 1927 quando
2555 1859 2762 1916 alienus
2785 1876 2815 1915 a
2861 1861 2972 1917 Deo
3014 1862 3240 1932 pepulus
3268 1863 3736 1934 gentilis.erat,inqttc

2287 1946 2450 2002 modo
2472 1962 2572 2018 per
2601 1947 2762 2004 iidem
2790 1949 2906 2018 ipse
2932 1949 3165 2004 habitat.
3202 1949 3410 2016 Domus,
3439 1953 3643 2020 protectio
3666 1951 3735 2003 Sal-

2285 2040 2493 2094 vatoris
2513 2080 2528 2106 ,
2559 2047 2622 2094 ut
2647 2041 2702 2095 in
2729 2039 2960 2095 Psalmis
2994 2057 3009 2093 :
3069 2059 3088 2091 ι
3127 2039 3340 2096 Herodii
3366 2041 3532 2096 domus
3565 2042 3641 2096 dux
3661 2041 3735 2111 (esti

2269 2145 2474 2187 eorum
2497 2131 2565 2198 ³⁵,
2591 2150 2610 2200 ι
2641 2131 2784 2200 quod
2806 2130 3071 2200 profectio
3086 2130 3287 2186 Christi
3313 2131 3494 2187 electos
3515 2147 3614 2187 suos
3632 2131 3734 2185 ducit

2284 2223 2506 2288 Domus,
2563 2222 2744 2277 anima
2799 2237 2989 2292 prava,
3045 2234 3108 2276 ut
3145 2223 3202 2276 in
3243 2221 3533 2279 Ezechiele:
3573 2221 3736 2276 «Domus

2283 2329 2633 2384 exasperans,
2665 2333 2683 2365 ι
2715 2313 2861 2384 quod
2886 2314 3070 2367 anima
3098 2329 3262 2385 prava
3281 2330 3374 2385 per
3392 2314 3736 2384 nequitiamsuua

2285 2407 2357 2462 ad
2403 2405 2764 2476 asperitatem
2807 2405 3072 2475 provocat
3127 2405 3422 2460 Dominu.
3467 2404 3638 2466 Domus,
3669 2402 3736 2472 ipsi

2282 2509 2454 2562 mors,
2506 2506 2566 2550 ut
2593 2495 2648 2550 in
2683 2493 2822 2550 Job:
2863 2512 2882 2545 ι
2913 2492 3015 2548 Ubi
3037 2495 3332 2550 constituta
3361 2501 3436 2550 est
3476 2495 3625 2549 domus
3647 2490 3737 2546 omni

2282 2586 2488 2642 viventi
2511 2585 2597 2652 “;
2639 2605 2658 2639 ι
2691 2587 2837 2657 quod
2865 2599 2973 2640 non
3003 2594 3092 2641 est
3121 2586 3303 2651 homo,
3345 2585 3429 2656 qui
3467 2585 3600 2649 vivet,
3621 2589 3739 2638 etnon

2281 2679 2488 2735 videLit
2522 2687 2777 2735 mortem.
2810 2677 2916 2733 Per
2939 2677 3184 2744 domum,
3226 2677 3416 2733 diversi
3447 2677 3636 2739 ordines,
3654 2673 3738 2726 utin

2280 2769 2555 2826 Psalmis:
2613 2789 2632 2822 t
2680 2771 2826 2825 Deus
2882 2769 2940 2825 in
3006 2769 3264 2825 domibus
3311 2770 3448 2840 ejus,
3474 2771 3489 2788 '
3524 2768 3568 2822 in
3593 2763 3738 2822 diversis

2273 2857 2300 2884 ’·
2315 2863 2650 2918 orationibus
2665 2861 2782 2931 ejus
2794 2863 3102 2933 agnoscitur
3117 2863 3184 2917 ³⁷.
3198 2861 3299 2918 Ρει·
3318 2863 3483 2916 domos
3501 2856 3738 2916 conscienti:

2279 2953 2456 3020 boote,
2481 2953 2622 3008 utin
2649 2952 2750 3008 Job
2775 2965 2790 3006 :
2817 2969 2839 3003 ι
2868 2951 3124 3023 Replevit
3147 2953 3334 3008 domos
3359 2967 3474 3008 suas
3490 2946 3734 3019 argento".t

2281 3045 2424 3116 quod
2473 3043 2700 3114 perfecti
2738 3043 2986 3098 claritate
3020 3043 3197 3099 divini
3243 3045 3430 3115 eloquii
3478 3045 3524 3099 in
3559 3041 3644 3096 suis
3662 3051 3740 3093 cot-

583 3137 743 3202 Siliis,
787 3137 988 3208 quibus
1032 3138 1383 3204 abundantia,
1427 3153 1769 3209 nequaquam
1812 3154 1951 3194 vana
1989 3139 2175 3194 laetitia
2202 3131 2247 3195 C
2278 3136 2519 3192 scientiis
2544 3134 2841 3192 abundant.
2898 3133 3004 3189 Per
3048 3135 3238 3190 domos
3284 3135 3591 3205 cogitationes
3611 3142 3736 3202 prmi

582 3245 673 3285 me
703 3227 1153 3295 ext‘ulifﬂivitiw,
1186 3229 1673 3300 contemplationes
1695 3229 1836 3296 Dei,
1868 3238 1928 3284 ut
1949 3229 2003 3284 in
2027 3229 2178 3286 Psal-

583 3323 689 3378 mis
717 3340 730 3378 :
769 3340 788 3374 ι
836 3322 905 3378 Ει
935 3321 1178 3392 pasceris
1206 3322 1260 3377 in
1291 3322 1494 3378 divitiis
1527 3321 1643 3392 ejus
1685 3323 1804 3388 ",1
1837 3322 1891 3378 id
1923 3330 2030 3388 est,
2067 3321 2178 3393 spi-

582 3413 833 3470 ritualem
888 3413 1113 3470 habebis
1137 3413 1499 3471 refectionem
1537 3415 1594 3471 in
1629 3413 2176 3486 contemplatioaibus

585 3505 730 3576 ejus.
1511 3503 1514 3506 ⁴

657 3594 917 3650 Dominus
963 3595 1255 3668 aliquando
1289 3596 1486 3665 Pater,
1539 3597 2053 3669 aliquando’Filius,
2079 3598 2176 3654 ali-

580 3687 801 3760 quando
849 3685 1087 3757 Spiritus
1137 3697 1387 3756 sanctus,
1442 3699 1501 3746 ut
1550 3690 1605 3746 in
1651 3706 1760 3748 uno
1802 3692 1908 3748 hoc
1957 3707 2170 3747 versu:

588 3798 606 3830 ι
647 3776 936 3833 Exaudivit
976 3778 1238 3836 Dominus
1287 3797 1477 3838 vocem
1511 3780 1668 3838 ﬂetus
1724 3782 1854 3849 mei,
1897 3783 2174 3840 exaudivit

578 3870 842 3928 Dominus
873 3873 1316 3942 deprecationem
1341 3889 1552 3942 meam,
1575 3873 1836 3930 Dominus
1865 3875 2172 3930 orationem

576 3979 755 4020 meam
784 3967 1023 4037 suscepit
1049 3964 1115 4018 ⁸³.
1149 3984 1168 4019 ι
1225 3964 1506 4034 Dominus,
1555 3965 1781 4035 quilibet
1805 3966 2084 4037 praelatus,
2115 3975 2175 4022 ιιι

563 4047 810 4116 inlibris
837 4105 840 4108 .
863 4059 1071 4130 Regum
1103 4075 1116 4112 :
1153 4076 1172 4109 ι
1208 4057 1470 4114 Dominus
1499 4057 1650 4113 tollet
1686 4057 1973 4114 Dominum
2020 4066 2172 4113 tuum

575 4164 620 4205 a.
636 4157 690 4206 te
703 4151 782 4217 “,
805 4151 910 4206 s'id
932 4159 1032 4216 est,
1059 4150 1230 4205 Eliam
1258 4150 1539 4222 praelatum
1569 4158 1740 4204 tuum.
1764 4149 1868 4204 Per
1889 4149 2172 4204 Dominum

574 4251 824 4312 peccata,
849 4244 990 4298 ut’in
1013 4241 1306 4314 Evangelia
1335 4259 1348 4293 :
1381 4260 1399 4294 ι
1433 4242 1775 4297 Etdixerunt
1797 4242 2008 4298 Domini
2029 4241 2168 4312 ejus,

577 4331 720 4400 Quid
761 4334 970 4389 solvitis
1014 4333 1220 4406 ptillum
1249 4333 1394 4388 "1H
1451 4333 1648 4389 Multos
1697 4333 1870 4404 pullos
1909 4333 2170 4390 Dominus

576 4424 787 4492 habuit,
834 4425 978 4497 quod
1008 4425 1302 4481 multorum
1346 4436 1704 4498 peccatorum
1749 4426 2168 4484 enormitatibus

563 4517 810 4586 populus
833 4521 850 4537 ‘
877 4517 1053 4589 gentis
1077 4517 1368 4573 serviebat.

646 4607 848 4663 Domus
887 4615 990 4672 est
1005 4607 1185 4678 patria
1235 4609 1492 4674 etelestis,
1544 4618 1602 4665 ut
1635 4609 1690 4666 in
1723 4611 1996 4668 Psalmis:
2028 4630 2046 4664 ι
2094 4611 2166 4669 Ut

576 4699 875 4757 inhabitem
925 4701 979 4756 in
1023 4702 1182 4758 domo
1235 4701 1445 4758 Domini
1495 4703 1558 4770 ιε,
1606 4722 1626 4756 ι
1659 4703 1711 4759 id
1755 4712 1860 4771 est,
1889 4705 2066 4760 vivam
2110 4705 2164 4760 in

555 4789 751 4860 patria
775 4790 1003 4846 ctelesti.
1025 4791 1241 4859 Domus,
1273 4792 1536 4858 Ecclesia,
1566 4792 1700 4847 utin
1723 4791 1940 4849 Psalmo
1967 4811 1982 4846 :
2018 4812 2036 4844 ι
2062 4793 2165 4848 Do-

574 4896 725 4936 mum
757 4890 899 4937 tuam
931 4885 1086 4940 decet
1135 4883 1443 4940 sanctitudo
1477 4886 1542 4950 ιτ,
1580 4905 1598 4938 ι
1645 4886 1790 4956 quod
1829 4894 2059 4956 Oportet,
2108 4892 2168 4940 ut

553 4973 840 5030 sanctitas
889 4975 962 5032 sit
1012 4977 1066 5030 in
1093 4977 1357 5033 Ecclesia.
1382 4977 1602 5044 Domus,
1631 4994 1787 5034 mens
1815 4977 2072 5044 hominis,
2104 4985 2166 5032 ut

557 5063 631 5116 .iu
647 5063 904 5122 Psalmis:
933 5089 950 5118 ‹
972 5069 1218 5134 Domine,
1244 5068 1406 5124 dilexi
1436 5070 1684 5126 decorem
1700 5071 1892 5126 donius
1913 5077 2018 5125 tua:
2048 5069 2113 5136 “',
2139 5091 2162 5125 ι

559 5150 630 5206 .id
654 5163 757 5221 est,
794 5166 1031 5213 mentem
1063 5171 1259 5224 meam,
1281 5157 1343 5212 in
1396 5174 1502 5229 qua
1528 5160 1778 5217 habitare
1797 5160 1984 5228 debes,
2022 5159 2168 5217 desi-

2276 3237 2336 3284 ut
2365 3229 2417 3283 in
2442 3225 2584 3284 Job:
2638 3245 2657 3280 ι
2686 3227 2746 3282 ιιι
2777 3225 3027 3282 domibus
3075 3227 3342 3294 desertis,
3388 3240 3494 3296 qua
3519 3225 3563 3280 in
3587 3217 3738 3277 tumulus

2275 3329 2402 3377 sunt
2432 3320 2663 3376 redacta:
2693 3319 2770 3387 ²⁹ς
2810 3339 2829 3372 ι
2859 3327 3002 3389 quod
3025 3320 3201 3392 iniqui
3227 3319 3553 3392 cogitationes
3572 3316 3736 3371 habent:

2274 3413 2388 3471 Deo
2427 3414 2743 3480 derelictas,
2794 3414 2935 3468 etin
2980 3414 3062 3469 eis
3107 3414 3488 3484 corruptionem
3514 3419 3557 3466 et

2272 3505 2482 3576 peccati
2530 3503 2730 3557 ferunt.
2782 3501 2886 3558 Per
2932 3501 3120 3558 domos
3157 3518 3381 3574 corpora
3410 3504 3617 3561 humana,
3652 3503 3736 3547 utin

2272 3596 2372 3654 Job
2398 3613 2412 3652 :
2443 3617 2460 3650 ι
2495 3596 2668 3652 Tanto
2695 3598 2890 3668 magis,
2912 3597 3006 3666 qui
3039 3597 3234 3652 domos
3264 3596 3429 3651 luteas
3449 3591 3640 3648 habitant
3663 3583 3734 3644 “tt

2273 3689 2416 3761 quod
2475 3689 2715 3760 quandiu
2760 3689 2815 3744 in
2863 3690 2968 3744 hoc
3015 3689 3359 3761 corruptibili
3402 3698 3592 3756 corpore
3622 3686 3738 3733 suam!

2272 3788 2494 3852 peccato
2520 3781 2588 3836 ad
2611 3781 2831 3850 plenum
2851 3795 3043 3836 carere
3083 3797 3192 3836 non
3220 3793 3508 3853 possumus.

2342 3873 2722 3928 Drcmedarius
2749 3881 2832 3929 est
2862 3872 3159 3943 gentilitas,
3192 3882 3252 3928 ut
3277 3873 3330 3927 in
3354 3871 3481 3927 Isaia
3507 3886 3518 3922 :
3555 3883 3570 3918 ι
3595 3863 3738 3918 Dromo-

2274 3965 2432 4032 darii,
2477 3963 2688 4019 Madian
2719 3972 2773 4020 et
2819 3963 2965 4034 Epha
2989 3963 3075 4028 ³¹ς
3114 3985 3134 4018 ι
3181 3964 3325 4035 quod
3351 3959 3552 4035 populus
3585 3949 3736 4046 gentilis

2272 4057 2364 4128 qui
2393 4057 2543 4128 prius
2573 4056 2882 4128 pertinebat
2909 4056 2976 4110 ad
3009 4053 3301 4124 judicium,
3320 4053 3430 4124 jam
3453 4062 3586 4121 super
3605 4043 3738 4099 iniseri-

2274 4149 2458 4206 cordia
2493 4148 2722 4204 honorat
2747 4147 3058 4204 Dominum.

2342 4239 2573 4294 Dorsum
2619 4247 2744 4295 sunt
2784 4252 3075 4310 sequentes
3123 4241 3344 4314 quique,
3381 4248 3437 4295 ut
3477 4237 3522 4293 in
3561 4225 3736 4288 Psalmis:

2278 4349 2296 4383 ι
2334 4329 2562 4387 Dorsum
2590 4347 2777 4387 eorum
2815 4348 3031 4404 semper
3068 4334 3294 4390 incurva
3325 4333 3404 4399 ³¹;
3441 4351 3457 4384 ι
3504 4329 3547 4384 id
3567 4315 3738 4388 εεῐνωδ·

2265 4421 2441 4493 jectos
2463 4438 2680 4494 pravos,
2723 4423 2812 4494 qui
2845 4425 3014 4480 malos
3038 4426 3290 4496 praelatos
3317 4431 3595 4497 sequuntur,
3613 4414 3658 4469 ad
3676 4421 3739 4463 id“

2272 4532 2401 4571 rcna
2430 4517 2536 4572 labi
2564 4519 2836 4588 permitte.
2876 4518 3126 4586 Dorsum,
3178 4533 3353 4585 mens,
3395 4518 3520 4574 utin
3557 4503 3736 4568 Psalmis:

2277 4627 2294 4658 ι
2331 4607 2561 4664 Divertit
2584 4611 2650 4664 ab
2674 4611 2933 4666 oneribus
2963 4612 3184 4668 dorsum
3235 4611 3351 4681 ejus
3380 4610 3439 4674 ⁸³,
3477 4628 3494 4660 ι
3522 4605 3566 4660 id
3596 4607 3668 4661 est.

2271 4698 2468 4755 levavit
2499 4715 2528 4753 a
2562 4701 2800 4771 peceatis
2830 4710 3064 4757 mentem
3118 4704 3259 4774 ejus.
3304 4702 3542 4763 Dorsum,
3583 4685 3736 4760 τουτοδὶ

2269 4801 2330 4846 ιιι
2355 4793 2407 4845 in
2423 4789 2650 4847 Psalmis
2683 4808 2697 4844 :
2734 4809 2752 4842 ι
2790 4793 2965 4848 Penes
2991 4808 3086 4850 cos
3110 4793 3334 4849 dorsum
3365 4793 3426 4856 ",
3462 4810 3479 4842 ι
3510 4789 3553 4843 id
3573 4793 3648 4844 εει,
3668 4786 3740 4848 PN"

2263 4882 2420 4954 jicies
2440 4899 2533 4939 eos
2555 4893 2676 4954 post
2703 4892 2775 4950 te,
2804 4886 2857 4940 id
2885 4895 2989 4951 est,
3035 4887 3250 4958 impios.
3289 4887 3516 4948 Dorsum,
3548 4867 3738 4950 patientia.

2270 4983 2331 5030 ut
2376 4975 2430 5029 in
2484 4974 2748 5031 Psalmis:
2804 4994 2823 5027 ι
2858 4975 3035 5048 Super
3070 4979 3292 5033 dorsum
3339 4989 3503 5032 meum
3533 4966 3739 5048 fabricati:

2272 5073 2394 5120 runt
2422 5075 2735 5136 peccatores
2765 5066 2814 5098 ³⁸
2843 5084 2858 5134 ;
2895 5088 2913 5119 ι
2939 5046 3104 5140 ἰιιιοιι
3129 5071 3346 5139 patiens
3383 5067 3470 5129 fui,
3500 5060 3632 5118 multa
3652 5046 3738 5140 mall

2273 5158 2670 5230 irrogavcrunt.
2702 5158 2951 5229 Dorsum,
2991 5170 3232 5218 rectores
3255 5159 3494 5216 Ecclesia:
3526 5151 3630 5208 utin
3647 5137 3740 5199 Psal-

646 5353 662 5424 ξ
694 5352 849 5408 Cant.
880 5370 934 5419 v,
963 5352 1018 5408 5.
1054 5355 1073 5384 ²
1101 5352 1261 5424 Cant.
1286 5371 1340 5416 v,
1373 5355 1427 5410 9.
1459 5355 1480 5387 ³
1517 5355 1627 5410 Jer.
1665 5374 1737 5419 ιι,
1770 5357 1849 5414 15.
1885 5358 1906 5390 ⁸
1929 5358 2072 5414 Psal.
2103 5373 2291 5423 xxviii,
2335 5354 2420 5410 10.
2453 5356 2474 5387 ⁸
2495 5356 2637 5412 Psal.
2688 5374 2842 5424 xxxi,
2885 5361 2940 5417 ϐ.
2971 5361 2992 5393 ⁸
3019 5360 3154 5417 Gen.
3209 5377 3282 5424 vt,
3325 5360 3373 5414 7.
3401 5361 3419 5391 "
3449 5357 3559 5410 Luc.
3598 5337 3739 5424 rmill-

576 5423 612 5494 ’ί
639 5411 1024 5494 ιιιιε.ίχι·ι,’19.
1047 5424 1066 5454 ⁹
1100 5423 1240 5478 Psal.
1275 5411 1472 5490 xsxm,
1499 5427 1583 5482 Η.
1627 5411 1817 5483 “Job
1839 5411 2072 5492 ιιιιξιέί
2091 5411 2144 5462 ίῖν

2169 5411 2290 5484 iob,
2313 5441 2464 5492 XXXI,
2497 5411 2606 5482 725.
2655 5429 2697 5460 "
2730 5411 3304 5494 -δ
3334 5411 3470 5484 Psal.
3504 5441 3591 5494 ιἰ,Δ
3611 5415 3651 5494 ξι,

579 5493 624 5524 ’⁵
663 5494 727 5548 ιν
771 5493 812 5547 ιι

576 5579 740 5624 xxrv,
800 5565 884 5617 l7.
923 5565 966 5595 “
1011 5565 1052 5619 ll
1098 5565 1233 5632 Reg.

819 5478 909 5563 eg:
945 5509 1002 5557 ιι,
1043 5495 1097 5559 δ,
1130 5495 1182 5547 rs.
1222 5478 2386 5565 “Litt-lvii;53.1%]:ggi.,s.'£=‘psi

2170 5478 2578 5563 simum};
2591 5478 2643 5551 Β.
2670 5499 2712 5531 ιε
2737 5478 2884 5557 ἰξεὶἱζ
2911 5478 3124 5564 gms.
3155 5478 3469 5561 Gemite.
3493 5478 3738 5565 1333"“?

1279 5583 1380 5638 vti,
1416 5567 1500 5622 l9.
1552 5568 1600 5638 ’Ξ
1647 5567 1748 5624 Job
1787 5586 1904 5636 \‘lll,
1939 5571 2024 5624 15.
2051 5559 2096 5604 ⁸⁵
2127 5571 2256 5627 Luc.
2289 5583 2366 5632 ιιι,
2393 5567 2484 5621 ει.
2514 5559 2562 5598 ’ί
2593 5567 2736 5626 Psal.
2766 5589 2847 5628 cu;

2171 5588 2256 5627 uc.
2289 5583 2366 5632 ιιι,
2393 5567 2484 5621 ει.
2514 5559 2562 5598 ’ί
2593 5567 2736 5626 Psal.
2766 5589 2882 5637 cut,
2915 5573 2964 5628 l.
2997 5559 3044 5605 ’ί
3073 5572 3220 5627 Psal.
3252 5591 3364 5638 cru,
3397 5559 3737 5638 l7.'_‘19}’j‘j'

686 5615 740 5663 ἦ
769 5615 1117 5716 δειλίῃ,
1129 5615 1270 5688 id?"
1285 5615 1410 5716 _'.i_b't._
1420 5615 1517 5716 ,
1555 5615 1746 5716 [δίδη
2127 5615 2142 5676 ἶ

2168 5615 2547 5705 rerum.
2593 5615 2964 5716 mefre“
2996 5643 3040 5676 ιι
3072 5615 3220 5699 iiii:
3253 5615 3548 5706 ἵξιςιιῑῖει.
3591 5615 3736 5679 visat

579 5718 742 5769 uxx,
777 5704 828 5756 7.
886 5703 928 5734 ³⁵
955 5703 1095 5762 Psal.
1137 5723 1228 5775 xx,
1279 5706 1364 5762 l3.
1393 5707 1437 5738 ³³⁸
1465 5706 1605 5763 Psal.
1637 5725 1862 5778 cxxvm,
1898 5712 1950 5766 5.
