3972 6336
256 401 362 458 913

1202 396 1614 457 ᾹιΙιΕΟΟΒΙᾸΞ
1653 395 1720 452 IN
1757 393 2034 452 SACRAM
2076 394 2565 454 SCRlPTUBAM..

3397 401 3509 456 9M

251 515 399 569 mis:
453 529 477 562 ι
509 509 816 567 Posteriora
845 510 993 566 dorsi
1015 511 1132 581 ejus
1160 513 1214 566 in
1255 515 1460 581 pallore
1492 515 1607 569 auri
1641 514 1681 580 ',
1714 533 1731 565 ι
1767 512 1822 566 id

1930 525 2051 564 num
2081 511 2148 566 de
2177 512 2338 566 ebore
2368 512 2432 577 ¹¹¹,
2461 529 2479 563 ι
2511 510 2653 582 quod
2688 517 2871 566 noster
2897 509 3154 580 paciﬁcus
3184 511 3249 566 de
3288 511 3506 570 fortitne

248 616 361 673 εει,
389 606 608 677 praemia
648 603 843 659 rectori
883 603 1138 659 Ecclesiae
1178 603 1231 659 in
1255 603 1448 660 decore
1473 616 1687 660 aeternae
1711 603 1826 659 ola-

249 698 454 754 ritatis.

327 785 582 840 Domitio
628 789 714 839 est
761 782 914 859 quies
943 783 1088 847 vitae,
1143 790 1203 836 ut
1245 781 1300 836 in
1349 783 1613 838 Cantica:
1663 801 1688 834 «ι
1712 784 1829 855 Ego

249 877 486 938 dormio,
513 881 568 929 et
596 888 692 928 cor
733 887 910 932 meum
931 872 1120 943 vigilat
1159 873 1201 937 ',
1235 891 1253 924 ι
1290 871 1344 925 id
1372 879 1477 939 est,
1507 873 1560 927 in
1585 882 1829 928 contem-

246 965 489 1036 platione
539 964 778 1032 quiesco.
829 962 1110 1026 Dormitio,
1164 970 1370 1031 torpor,
1415 972 1476 1018 ut
1518 962 1574 1018 in
1613 963 1824 1020 Paulo:

253 1073 274 1104 ε
311 1052 505 1123 Surge,
555 1051 649 1121 qui
697 1049 900 1105 dormis
929 1050 972 1114 ³,
1009 1068 1028 1102 ι
1059 1049 1114 1104 id
1156 1057 1258 1114 est,
1289 1049 1380 1119 qui
1415 1051 1483 1106 ab
1518 1052 1637 1106 utili
1666 1066 1832 1123 opere

247 1150 456 1213 torpes.
488 1141 747 1195 Dormilio
779 1155 945 1205 mors,
979 1147 1036 1194 ut
1065 1139 1118 1196 in
1147 1139 1435 1212 Evangelia
1463 1156 1478 1195 :
1515 1159 1535 1193 ι
1569 1141 1828 1210 Lazarus,

246 1233 462 1287 amicus
485 1230 924 1295 n05ter,'dormit
945 1230 990 1295 δ,
1021 1248 1038 1282 ι
1075 1229 1128 1283 id
1171 1237 1274 1294 est,
1297 1243 1539 1286 mortuus
1565 1240 1670 1287 est.
1700 1233 1830 1288 Dor-

245 1322 421 1385 mitio,
454 1319 732 1390 aegritudo,
780 1329 839 1373 ut
881 1319 935 1372 in
963 1318 1288 1389 Evangelia:
1345 1337 1364 1372 ‹
1395 1320 1832 1377 Dormitaverunt

245 1426 442 1467 omnes
461 1418 516 1465 et
541 1410 879 1465 dormierunt
907 1409 948 1475 ',
981 1428 1000 1462 ι
1049 1408 1195 1478 quod
1236 1425 1335 1479 per
1373 1411 1584 1480 pondus
1609 1412 1830 1486 aegritu-

245 1500 396 1556 dinis
422 1499 736 1570 pervenitur
757 1499 823 1555 ad
843 1513 1092 1553 somnum
1116 1500 1329 1556 mortis.
1357 1499 1637 1566 Domitio,
1665 1515 1833 1557 excae-

241 1591 420 1656 catio,
456 1600 514 1644 ut
551 1589 608 1644 in
636 1588 910 1645 Psalmis:
953 1608 972 1642 ι
1017 1591 1458 1646 Dormitaverunt
1483 1607 1693 1660 omnes,
1738 1590 1830 1663 qui

243 1681 613 1738 ascenderunt
640 1681 684 1746 ⁸,
722 1699 741 1731 ι
778 1680 831 1735 id
873 1687 977 1746 est,
1004 1681 1222 1752 superbi
1248 1697 1440 1738 omnes
1463 1690 1826 1740 excaecantur.

241 1771 512 1835 Dormire,
544 1770 600 1824 in
619 1777 906 1838 peccatum
946 1769 1162 1836 cadere,
1189 1771 1328 1826 utin
1356 1772 1567 1842 psalmo
1595 1791 1608 1826 :
1643 1790 1662 1824 ι
1688 1773 1826 1839 Dor-

241 1859 462 1916 mitavit
497 1860 678 1914 anima
733 1874 853 1915 mea
901 1874 1016 1930 prae
1059 1860 1282 1933 (taedio),
1316 1880 1337 1916 ι
1372 1861 1426 1918 id
1471 1871 1574 1929 est,
1616 1865 1669 1919 in
1701 1879 1826 1935 pee-
1853 1845 1900 1907 Β

243 1959 376 2008 cato
426 1965 568 2021 saepe
611 1951 795 2021 lapsus
843 1967 984 2006 sum.
1042 1950 1321 2020 Domitio,
1375 1968 1476 2023 pro
1519 1955 1860 2021 cancubitu,‘

241 2052 310 2099 ιιι
347 2044 366 2064 θ
398 2061 419 2095 ι
475 2042 728 2099 dormivit
798 2057 923 2098 cum
969 2058 1073 2112 ea,
1123 2062 1143 2097 ι
1218 2044 1273 2101 id
1341 2053 1466 2113 est,
1537 2047 1831 2106 concubuit

239 2148 372 2189 cum
396 2147 481 2189 ea.

321 2225 444 2280 Data:
487 2233 572 2282 est
617 2225 880 2293 Christus,
915 2235 975 2284 ut
1022 2227 1079 2284 in
1124 2227 1340 2287 cantico
1389 2230 1609 2288 Exodi:
1657 2250 1676 2285 ι
1708 2231 1828 2289 Dux

240 2315 400 2370 fuisti
447 2316 502 2370 in
549 2317 922 2374 misericordia
975 2327 1068 2374 tua
1110 2321 1310 2391 populo
1327 2362 1342 2388 ,
1394 2336 1554 2392 quem
1598 2324 1829 2381 redemi-

239 2406 318 2462 sti
341 2407 384 2472 ⁷,
414 2427 432 2459 ι
504 2408 648 2478 quod
688 2408 890 2466 electos
943 2425 1070 2466 suos
1107 2413 1366 2490 Dominus
1407 2416 1830 2474 misericorditer

239 2496 400 2552 ducit
433 2498 498 2552 ad
519 2514 600 2554 se.
641 2498 747 2554 Per
782 2501 939 2557 duces
961 2503 1212 2574 apostoli,
1241 2512 1300 2560 ut
1321 2506 1375 2561 in
1403 2507 1542 2562 libro
1564 2507 1822 2566 Numeri:

248 2606 270 2639 ι
305 2587 632 2645 Obtulerunt
671 2591 833 2648 duces
863 2592 919 2647 in
957 2593 1296 2652 dedicatione
1341 2596 1529 2655 altaris
1549 2599 1592 2665 ⁸,
1626 2619 1646 2653 ι
1682 2601 1824 2670 quod

241 2677 317 2732 ad
346 2677 713 2735 aedificandam
743 2689 990 2737 sanctam
1017 2682 1317 2740 Ecclesiam
1363 2689 1586 2758 apostoli
1618 2691 1826 2760 seipsas

240 2767 645 2837 impenderunt.
699 2769 804 2826 Per
829 2771 988 2828 duces
1023 2773 1176 2844 pravi
1223 2773 1493 2844 doctores,
1525 2785 1585 2833 ut
1608 2779 1660 2834 in
1682 2779 1822 2836 Job:

246 2875 268 2910 ι
302 2857 407 2924 Qui
436 2867 596 2914 vocat
619 2860 785 2917 duces
813 2861 1008 2933 impios
1031 2863 1093 2930 ';
1130 2883 1151 2917 ι
1185 2866 1328 2934 quod
1362 2868 1516 2936 pravi
1543 2869 1822 2938 doctores,

239 2948 373 3003 dum
408 2962 470 3004 se
512 2964 621 3006 non
647 2953 976 3018 emundant,
1022 2954 1092 3009 ad
1141 2955 1471 3026 impietatem
1513 2971 1821 3031 erumpunt.

237 3033 351 3090 Per
380 3037 537 3092 duces
565 3038 826 3108 haeretici,
869 3050 932 3096 ut
962 3043 1016 3102 in
1039 3041 1180 3100 Job:
1223 3063 1244 3098 ι
1280 3046 1425 3103 Voce
1467 3064 1562 3104 sua
1605 3051 1825 3107 cohibe-

1929 599 2053 654 dine
2078 609 2391 664 sanctorum
2413 615 2565 655 suam
2595 599 2890 655 Ecclesiam
2905 603 3225 657 construxit.

1998 688 2240 745 Ebrietas
2263 699 2347 745 est
2373 691 2625 760 gaudium
2675 703 2920 760 superna:
2952 690 3159 760 gratim,
3179 700 3260 748 .,ut
3287 691 3338 745 in
3367 695 3530 749 Cam-

1927 775 2072 832 tico:
2107 795 2125 828 ‹
2153 775 2528 844 Inebriamini,
2550 777 2929 834 charissimi."
2950 779 3024 846 ”;.,›
3063 779 3206 849 quod
3234 780 3505 838 charitate

1928 876 2088 923 erunt
2143 868 2446 940 plenissimi
2495 869 2692 935 electi,
2747 871 2963 939 quando
3013 872 3208 928 carnis.
3243 874 3410 929 simul
3453 884 3510 932 ct

1929 955 2123 1010 anima:
2174 955 2429 1013 felicitate
2476 958 2844 1036 perfruentur.
2895 956 3155 1023 Ebrietas,
3181 961 3389 1012 interna
3414 979 3508 1016 sa-

1927 1047 2088 1103 tietas
2110 1057 2440 1114 sanctorum,
2472 1057 2532 1104 ut
2559 1049 2614 1104 in
2645 1049 2904 1105 Psalmis:
2935 1039 2965 1101 ι
2985 1049 3401 1104 lnebriabuntur
3442 1049 3511 1104 ab

1927 1135 2172 1192 ubertate
2197 1137 2388 1192 domus
2414 1145 2520 1192 tuae
2547 1139 2586 1168 "
2615 1155 2630 1203 ;
2666 1157 2684 1188 ι
2725 1137 2776 1192 id
2819 1145 2924 1202 est,
2955 1139 3022 1193 de
3043 1153 3290 1209 supernae
3317 1139 3510 1195 domus

1927 1235 2034 1283 tuae
2056 1227 2384 1296 plenitudine
2409 1235 2464 1283 et
2486 1228 2578 1282 hic
2619 1227 2942 1298 quandoque
2972 1231 3145 1285 sancti
3177 1231 3252 1286 tui
3280 1246 3512 1301 pascun-

1929 1327 2035 1375 tur.
2066 1319 2331 1386 Ebrietas,
2362 1335 2516 1376 amor
2553 1320 2760 1386 mundi,
2806 1328 2864 1375 ut
2890 1320 2945 1375 in
2973 1317 3161 1377 Joele:
3200 1341 3218 1374 ‹
3252 1322 3511 1392 Expergi-

1929 1409 2142 1467 scimini
2179 1411 2338 1476 ebrii,
2377 1420 2432 1465 et
2466 1409 2589 1466 nete
2615 1410 2690 1476 ¹⁸,
2725 1429 2744 1462 ι
2782 1409 2834 1465 id
2857 1420 2957 1475 εει,
2987 1426 3107 1477 vos,
3150 1412 3243 1482 qui
3290 1411 3514 1484 diligitis

1928 1499 2212 1567 mundum,
2257 1500 2522 1556 intendite
2557 1515 2655 1556 vos
2707 1501 2854 1570 ipsos
2900 1509 2957 1556 et
2995 1501 3190 1558 dolete.
3243 1500 3506 1567 Ebrietas,

1930 1590 2178 1646 anxietas
2209 1590 2336 1645 vitae
2364 1592 2670 1661 praesentis,
2719 1600 2781 1646 ut
2808 1591 2861 1647 in
2889 1589 3130 1649 Jeremia
3156 1612 3173 1648 :
3224 1612 3243 1647 ι
3272 1593 3511 1652 inebriat-

1927 1681 2008 1737 vit
2030 1696 2119 1736 me
2144 1680 2416 1736 absinthio
2447 1680 2513 1748 ¹⁹,
2545 1701 2563 1733 ι
2599 1681 2653 1736 id
2679 1691 2787 1748 est,
2829 1689 3037 1738 tantum
3066 1698 3166 1754 per
3189 1670 3510 1740 amaritudi-

1929 1786 2054 1826 nem
2071 1770 2204 1850 illa!
2232 1770 2514 1842 praesentis
2538 1784 2625 1826 me
2646 1771 2851 1827 anxiari
2880 1773 3144 1842 permisit,
3175 1775 3319 1844 quod
3365 1790 3395 1829 a
3424 1789 3510 1852 me

1929 1847 2263 1931 ipsa‘pmna
2312 1859 2684 1916 alienantium.
2749 1860 3033 1929 Ebrietas,
3083 1877 3279 1929 error,
3341 1871 3401 1918 ut
3453 1847 3510 1918 in

1930 1953 2133 2010 Paulo:
2188 1972 2207 2006 ι
2247 1953 2350 2022 Qui
2378 1954 2517 2010 ebrii
2565 1961 2732 2019 sunt,
2791 1961 2948 2011 nocte
2990 1955 3126 2010 ebrii
3175 1964 3302 2011 sunt
3329 1955 3398 2022 '°,
3439 1974 3456 2008 ι
3491 1961 3509 1976 ³

1927 2051 1984 2100 ει
2011 2044 2104 2114 qui
2131 2053 2336 2110 errant,
2365 2044 2857 2115 perobscuritatem
2885 2054 3075 2100 errant
3098 2046 3434 2126 ignorantiae.

1997 2135 2236 2192 Ecclesia
2264 2146 2349 2193 est
2391 2137 2444 2192 in
2476 2139 2639 2204 bono,
2687 2146 2749 2192 ut
2779 2137 2836 2193 in
2865 2136 3093 2192 Psalmis
3122 2156 3134 2192 :
3170 2156 3189 2190 ι
3231 2138 3289 2193 lu
3329 2137 3510 2194 media

1925 2225 2181 2282 Ecclesia:
2229 2226 2457 2284 laudabo
2502 2236 2554 2282 te
2599 2227 2681 2294 “,
2720 2248 2740 2281 ι
2799 2227 2852 2282 id
2883 2235 2986 2294 est,
3047 2228 3098 2283 in
3131 2228 3512 2284 communione

1927 2316 2161 2372 ﬁdelium
2186 2317 2490 2386 praedicabo
2522 2325 2594 2372 te.
2628 2316 2884 2383 Ecclesia,
2914 2319 2967 2373 in
2996 2319 3158 2385 malo,
3191 2319 3327 2374 utin
3347 2301 3506 2374 Psal-

1925 2407 2069 2464 mis:
2125 2426 2146 2460 ι
2182 2407 2337 2464 Odivi
2368 2406 2665 2464 Ecclesiam
2693 2406 2959 2463 malorum
2992 2409 3059 2476 ",
3099 2427 3118 2462 ι
3160 2409 3214 2466 id
3238 2417 3343 2476 est,
3373 2424 3506 2465 con-

1924 2506 2144 2554 ventum
2173 2497 2595 2555 immundorum.

1996 2588 2146 2644 Edus
2171 2599 2254 2646 est
2278 2589 2546 2657 Christus,
2596 2597 2656 2646 ut
2691 2590 2744 2646 in
2796 2590 3020 2647 Exodo:
3066 2593 3085 2613 ⁶
3139 2609 3158 2644 ι
3187 2590 3410 2648 Tolletis
3454 2602 3513 2649 et

1925 2677 2084 2734 edum
2109 2679 2176 2742 ’³,
2213 2699 2234 2731 ι
2282 2679 2335 2734 id
2372 2687 2477 2745 est,
2520 2679 2868 2735 immolabitis
2905 2681 3205 2748 Christum,
3233 2682 3326 2751 qui
3361 2683 3511 2738 venit

1925 2771 1980 2826 in
2012 2770 2362 2828 similitudine
2389 2772 2570 2828 carnis
2595 2774 2824 2844 peccati.
2854 2774 3018 2838 Edus,
3046 2775 3334 2850 correptio,
3365 2784 3424 2832 ut
3453 2776 3508 2830 iu

1925 2862 2122 2919 Genesi
2157 2880 2172 2918 :
2203 2862 2446 2918 Miltatnr
2481 2865 2613 2920 edus
2642 2864 2708 2920 de
2759 2867 2936 2935 capris
2972 2865 3040 2932 “,
3079 2867 3220 2935 quod
3259 2865 3510 2922 Christus

1925 2953 2223 3009 Ecclesiam
2251 2955 2317 3010 de.
2342 2954 2590 3027 gentibus
2619 2970 2716 3026 per
2740 2956 3124 3026 praedicatores
3167 2973 3294 3013 suos
3335 2958 3509 3014 corri-

1923 3043 2060 3113 puit.
2089 3043 2259 3109 Edus,
2289 3053 2562 3115 peccator,
2609 3053 2668 3098 ut
2698 3045 2752 3100 in
2782 3043 2997 3112 Genesi,
3037 3046 3276 3103 tunicam
3306 3042 3506 3120 Joseph

237 3127 377 3183 bant
399 3129 564 3186 duces
594 3131 658 3196 ιο,
692 3150 712 3184 ι
745 3133 890 3203 quod
916 3133 1183 3204 patefacta
1213 3138 1440 3194 veritate
1465 3139 1686 3207 Christi,
1714 3143 1823 3198 ha:-
1850 3133 1896 3210 ξ,
1926 3137 1982 3191 in
2011 3137 2272 3208 sanguine
2327 3137 2413 3192 edi
2471 3137 2668 3194 fratres
2715 3139 2797 3194 sui
2842 3139 3134 3205 tinxerunt,
3182 3139 3322 3210 quod
3353 3138 3510 3208 Chri-

237 3219 399 3274 retici
423 3221 824 3286 obmutescunt.
877 3223 982 3280 Per
1003 3226 1181 3293 duces,
1233 3228 1365 3283 vitia
1391 3230 1731 3302 principalia,
1763 3242 1824 3289 ut
1849 3219 1894 3248 υ
1926 3236 2070 3283 ειιιιιι
2093 3227 2280 3294 Judaei,
2310 3243 2376 3284 ac
2401 3229 2447 3285 si
2487 3239 2632 3286 esset
2659 3239 2928 3300 peccator,
2961 3232 3028 3288 de
3072 3241 3296 3304 peccato
3326 3233 3511 3289 redar-

236 3309 301 3365 in
335 3307 473 3365 Job:
528 3328 548 3363 ι
581 3310 851 3369 Odoratur
875 3315 931 3370 in
974 3315 1402 3375 exhortationem
1453 3322 1649 3377 ducum
1699 3325 1764 3391 ιι,
1797 3344 1818 3379 ι
1923 3326 2173 3391 guerunt.
2203 3319 2308 3374 Per
2330 3319 2503 3384 cdum,
2536 3320 2788 3391 reprobi,
2820 3329 2880 3376 ut
2905 3321 2958 3376 iu
2986 3321 3310 3394 Evangelia:
3346 3343 3363 3374 ι
3407 3323 3510 3379 Pa-

237 3402 388 3472 quod
419 3402 688 3473 perfectus
709 3406 954 3476 quilibet,
982 3410 1248 3479 quomodo
1275 3412 1406 3467 vitia
1425 3413 1708 3484 originalia
1728 3417 1826 3473 ho.
1922 3420 2040 3467 star
2063 3419 2309 3482 segregat
2331 3427 2458 3468 oves
2479 3413 2546 3467 ab
2577 3412 2692 3468 edis
2717 3412 2783 3480 ",
2816 3415 3006 3483 r'quod
3029 3412 3276 3470 Christus
3305 3417 3508 3470 electos

238 3492 447 3549 minem
477 3493 546 3550 ad
572 3495 774 3552 malum
798 3498 1119 3571 ‘instigent,
1141 3501 1442 3572 praevidere
1467 3504 1625 3560 solet.

238 3809 395 3866 Ebur
794 3809 955 3868 Esca.
1345 3815 1525 3874 Ensis.

236 3878 506 3960 Ecclesia.
796 3882 1014 3960 Hiera.
1346 3886 1548 3960 Equus.

235 3949 438 4024 Edam.
796 3951 1066 4024 Ethiopia.
1343 3949 1608 4016 Erinacii.

235 4018 424 4074 Eiatc.
793 4018 1047 4078 Exacior.
1345 4028 1546 4086 Eruca.

237 4088 344 4142 Em
353 4088 537 4144 ulatio.
791 4091 1095 4150 Exercitus.
1343 4096 1524 4154 Estas.

236 4157 610 4216 Emunctoria.
793 4161 1057 4218 Ebrietas.
1341 4167 1618 4226 Eternum.

234 4227 474 4310 Engadi.
791 4231 964 4310 βακε.
1342 4235 1610 4310 Ethiopes.

235 4297 445 4380 ἐπιθυ.
789 4301 1050 4380 Egyptus.
1337 4297 1734 4380 Exploratores.

235 4319 445 4422 ‘5‘?”
742 4396 745 4399 -
789 4319 1058 4429 ἓῖἅξῖῖῗὶι

234 4435 472 4493 Esebon.
789 4439 1014 4501 Exitus.

311 4589 461 4644 Ebur
484 4602 569 4650 est
590 4595 701 4651 vita
735 4605 1049 4654 sanctorum
1082 4598 1321 4668 Patrum,
1368 4611 1430 4660 ut
1470 4605 1524 4660 i‘n
1546 4606 1817 4664 Jeremia:

242 4696 266 4730 ι
310 4678 738 4770 Rubicundiores
759 4689 921 4745 ebore
963 4677 1184 4762 antiquo
1211 4695 1275 4761 ¹¹,
1313 4714 1330 4749 ι
1361 4699 1657 4755 sanctiores
1677 4700 1822 4770 quod

233 4780 401 4826 erant
421 4775 628 4845 antiqui
656 4768 860 4848 patres.
889 4780 1057 4847 Ebur,
1085 4781 1420 4854 incorruptio
1441 4788 1631 4842 carnis
1662 4768 1821 4844 Chri-

234 4861 337 4928 sti,
379 4873 438 4918 ut
481 4865 535 4921 in
571 4867 795 4926 Cantica
826 4888 842 4925 :
872 4890 890 4924 ι
917 4871 1120 4928 Venter
1145 4874 1261 4944 ejus
1305 4877 1575 4932 eburneus
1599 4877 1663 4943 ¹³,
1697 4897 1716 4930 ι
1769 4878 1823 4934 id

232 4960 346 5020 est,
366 4969 560 5026 corpus
579 4957 748 5029 ejusa
769 4964 1114 5033 corruptione
1137 4966 1345 5034 peccati
1369 4966 1624 5023 alienum.
1653 4969 1820 5036 Ebur,

233 5045 508 5104 castitas:
562 5067 580 5100 ι
608 5049 814 5106 Collum
855 5060 1010 5108 tuum
1054 5054 1194 5110 sicut
1240 5057 1405 5112 turris
1434 5058 1672 5114 eburnea
1697 5059 1764 5126 ιι,
1797 5079 1816 5113 ι

237 5135 388 5204 quod
443 5147 658 5196 sanctos
708 5136 960 5201 Ecclesiae
1009 5145 1391 5214 prmdicatares
1427 5155 1481 5203 et
1517 5148 1822 5205 sublimitas

237 5229 712 5299 contemplationis
735 5243 789 5289 et
814 5235 960 5292 nitar
985 5238 1326 5296 commendat
1344 5241 1625 5296 castitatis.
1655 5241 1822 5308 Ebur,

235 5317 522 5388 fortitudo,
549 5330 608 5377 ut
633 5322 687 5379 in
716 5325 869 5382 libris
889 5326 1094 5398 Regum
1117 5346 1130 5384 :
1170 5345 1189 5380 ι
1224 5329 1374 5385 Fecit
1393 5329 1649 5388 Salomon
1677 5333 1827 5389 thro-

1920 3517 1953 3559 a
1978 3504 2226 3573 reprobis
2246 3504 2535 3573 separabit.
2560 3503 2665 3558 Per
2692 3504 2847 3558 edum
2871 3513 3095 3574 peccata
3122 3505 3330 3570 carnis,
3357 3513 3418 3559 ut
3445 3504 3498 3559 in

1921 3593 2156 3650 Genesi:
2187 3595 2203 3615 ·
2229 3612 2248 3647 ι
2276 3594 2656 3666 Pelliculisque
2669 3595 2892 3652 edorum
2910 3597 3263 3654 circumdedit
3289 3612 3376 3654 me
3394 3598 3460 3664 ιε,
3483 3617 3501 3649 ι

1921 3685 2067 3757 quod
2099 3694 2208 3740 tam
2256 3685 2390 3741 dura
2429 3685 2650 3756 pertulit
2700 3685 2968 3752 Christus,
3017 3705 3082 3745 ac
3124 3690 3171 3745 si
3198 3698 3420 3760 peccata
3452 3691 3507 3744 in

1919 3775 2156 3848 propriis
2195 3775 2448 3846 operibus
2478 3777 2773 3832 habuisset.
2819 3777 2928 3834 Per
2973 3778 3128 3832 edunt
3155 3779 3510 3849 cogitationes

1921 3865 2232 3931 immundae,
2265 3875 2324 3922 ut
2350 3866 2404 3920 in
2434 3865 2659 3922 Cantico
2685 3885 2697 3920 :
2737 3885 2756 3920 ι
2789 3867 2856 3923 Et
2874 3883 3036 3939 pasce
3059 3868 3189 3924 edos
3213 3877 3334 3925 tuos
3349 3868 3507 3939 juxta

1921 3958 2328 4016 tabernaculum
2357 3965 2637 4030 pastorum
2663 3961 2731 4028 ³⁷,
2772 3979 2791 4014 ι
2831 3961 2886 4016 id
2925 3967 3029 4027 est,
3075 3961 3238 4018 retice
3268 3962 3505 4019 immun-

1919 4050 2019 4107 dos
2049 4065 2242 4106 sensus
2293 4059 2415 4106 tuos
2460 4051 2528 4106 ad
2555 4051 2727 4106 instar
2770 4052 3148 4122 reproborum.
3197 4052 3299 4108 Per
3350 4053 3508 4108 edunt

1920 4141 2154 4213 gemitus
2187 4141 2556 4212 poenitentia},
2608 4150 2668 4198 ut
2713 4143 2768 4198 in
2799 4142 2995 4200 Genesi
3043 4162 3056 4199 :
3116 4163 3134 4197 ι
3186 4145 3257 4202 Ut
3304 4145 3504 4201 faciam

1918 4233 2052 4290 'eos
2083 4249 2152 4291 ex
2182 4233 2299 4290 edis
2326 4250 2507 4291 escam
2539 4234 2679 4306 patri
2711 4243 2826 4302 tuo,
2851 4236 3046 4306 quibus
3074 4237 3308 4294 libenter
3337 4239 3508 4294 vesci-

1887 4333 2007 4382 .tur
2027 4326 2073 4358 ’⁸
2100 4344 2114 4382 :
2149 4345 2168 4380 ι
2203 4326 2346 4398 quod
2375 4326 2441 4382 de
2469 4326 2811 4400 gentibus...
2841 4327 3274 4388 Donareiicitur.

1984 4416 2180 4485 Edam,
2203 4417 2545 4488 sanguineus,
2567 4424 2626 4473 et
2643 4418 2986 4474 estzmandns
3013 4419 3116 4476 iste
3141 4439 3154 4474 :
3190 4439 3210 4473 ι
3239 4419 3340 4488 Qui
3361 4420 3510 4476 venit

1839 4530 1896 4593 ι)
1919 4509 1985 4567 de
2008 4510 2198 4575 Edom,
2236 4528 2254 4562 ι
2290 4509 2343 4565 id
2369 4517 2478 4576 est,
2506 4509 2599 4580 qui
2652 4509 2896 4566 ascendit
2931 4509 2997 4566 de
3037 4511 3260 4566 mundo.
3308 4509 3503 4577 Edoni,

1924 4599 2158 4656 carnalis
2185 4599 2432 4670 quisque,
2457 4606 2517 4653 ut
2545 4597 2817 4656 in.Gcnesi
2852 4617 2864 4653 :
2896 4617 2915 4651 ι
2950 4600 3311 4667 Quamobrem
3343 4615 3505 4654 voca-

1925 4702 2040 4749 tum
2062 4700 2362 4748 estnomen
2387 4688 2691 4760 ejusEdom
2714 4690 2780 4758 ”,
2819 4711 2838 4744 ι
2872 4691 3013 4761 quod
3039 4691 3129 4761 qui
3156 4706 3375 4746 carnem
3396 4691 3507 4762 spi-

1925 4787 2051 4842 ritui
2073 4786 2337 4856 praeponit
2351 4783 2473 4853 jure
2498 4783 2734 4838 carnalis
2752 4783 2932 4839 vocari
2957 4783 3134 4839 debet.
3168 4781 3338 4837 Edam
3371 4797 3500 4854 pec.-

1922 4883 2105 4932 catum
2132 4893 2146 4929 :
2194 4895 2213 4927 ι
2244 4874 2448 4930 Memor
2471 4883 2612 4939 esto,
2642 4873 2888 4940 Domine,
2915 4873 3145 4929 filiorum
3179 4873 3348 4930 Edam
3375 4873 3443 4941 ”,
3480 4894 3498 4927 ι

1925 4969 2093 5040 quod,
2141 4971 2356 5039 quando
2405 4967 2624 5022 claritas
2679 4981 2926 5037 supernae
2969 4967 3156 5037 patriae
3199 4966 3503 5038 apparebit,

1925 5069 2102 5126 actus,
2159 5059 2252 5130 qui
2302 5073 2332 5112 a
2374 5066 2597 5129 peccato
2659 5063 3005 5133 generantur,
3066 5058 3327 5114 Dominus
3373 5073 3501 5114 con—

1924 5148 2216 5204 demnabit.
2252 5147 2442 5210 Edam,
2472 5147 2704 5217 populus
2735 5145 3016 5210 Judaicus,
3049 5156 3108 5201 ut
3135 5147 3187 5202 in
3219 5147 3356 5204 libro
3386 5146 3500 5201 Nu-

1923 5242 2057 5296 meri
2087 5259 2100 5294 :
2159 5260 2177 5292 ‹
2207 5239 2389 5296 Noluit
2413 5241 2579 5296 Edam
2613 5241 2898 5295 transitum
2927 5242 3166 5312 prmbere
3193 5240 3374 5296 lsraeli
3405 5255 3502 5309 per

1922 5340 2122 5389 terram
2145 5348 2296 5388 suam
2347 5331 2416 5400 ³⁸,
2453 5352 2472 5386 ι
2521 5332 2665 5402 quod
2689 5331 2943 5403 populum
2972 5331 3228 5404 gentilem
3263 5329 3330 5385 ad
3365 5329 3501 5384 noti-

316 5501 334 5579 ξ
363 5500 504 5556 Psal.
537 5518 702 5579 nyn,
729 5504 819 5579 _l4_.
844 5505 864 5536 '
888 5503 1043 5560 Cant.
1073 5521 1126 5579 γ,
1156 5505 1241 5579 2.’
1261 5507 1404 5579 Eph.
1429 5524 1482 5575 v,
1513 5509 1598 5564 Η.
1630 5508 1819 5566 l‘Joan.
1849 5529 1928 5579 xi,
1959 5512 2048 5567 il:
2071 5512 2092 5545 ⁸
2116 5512 2304 5568 Matth.
2336 5513 2532 5579 xxv,5.
2559 5513 2580 5545 ⁸
2605 5511 2748 5568 Psal.
2777 5529 2934 5579 Lxxv,
2966 5513 3018 5568 7.
3049 5513 3072 5546 τ
3093 5511 3263 5568 Exod.
3287 5526 3376 5575 xv,
3407 5509 3494 5565 i3.

235 5571 260 5603 ⁸
289 5569 568 5648 Numani,
591 5574 650 5648 ἓ.
678 5574 698 5604 ⁹
721 5575 822 5631 Job
848 5569 1152 5648 x_xx_|v,_18.
1187 5578 1227 5609 ³ο
1252 5569 1355 5632 Job
1381 5569 1530 5648 xxix,
1556 5580 1643 5634 10.
1698 5583 1738 5613 ⁸⁸
1771 5581 1823 5637 Jc

1934 5599 2086 5647 xxtx,
2110 5584 2200 5638 28.
2237 5586 2278 5616 "
2311 5569 2510 5640 Tlire'n.
2553 5601 2624 5648 tv,
2655 5583 2707 5638 7.
2741 5585 2784 5615 ⁸³
2807 5569 2964 5640 Cant.
3011 5599 3066 5648 ν,
3103 5583 3188 5637 14.
3243 5581 3288 5613 ⁸⁵
3333 5569 3494 5636 Cant.

233 5640 417 5720 1",}.
439 5642 509 5720 _“
535 5641 557 5696 1
588 5643 721 5720 ιιεὲ
746 5663 813 5720 x_,
837 5646 920 5720 l_8.
945 5645 992 5720 ξ’
1018 5645 1174 5701 Cant.
1209 5649 1361 5720 vti;
1385 5649 1423 5680 ³⁷
1452 5640 1598 5720 Psal.
1629 5667 1770 5715 thv,
1806 5653 1823 5706 1

1935 5653 1978 5684 ’⁸
2025 5640 2160 5708 Joel.
2218 5669 2255 5718 ι,
2300 5654 2352 5708 5.
2387 5655 2428 5684 ¹⁹
2461 5640 2660 5709 Threu.
2718 5669 2802 5720 ιιι,
2855 5653 2940 5708 13.
2993 5640 3114 5706 ’θί
3157 5650 3318 5710 Thes.
3348 5667 3403 5715 v,
3439 5651 3493 5707 ἶ.

234 5710 284 5794 ξξ
506 5728 619 5794 χιι,
654 5710 817 5794 ξιξ
841 5715 981 5771 Psal.
1007 5710 1494 5794 xxv,_v._”_Exod.
1526 5736 1624 5794 xtt_,
1655 5710 1823 5794 5.}‘71

1939 5763 1951 5776 .
2002 5740 2184 5778 xxxvu
2208 5766 2223 5787 .
2244 5710 2342 5778 '5I.
2376 5726 2421 5756 "
2450 5725 2636 5780 Matth.
2665 5710 2802 5789 xxv,
2834 5725 2922 5780 52.
2957 5724 3001 5755 ’⁸
3032 5722 3168 5780 Gen.
3200 5737 3369 5789 xxvu,
3392 5710 3505 5778 lli.

236 5780 284 5811 ‘7
317 5781 472 5836 Cant.
507 5798 543 5848 ι,
568 5783 619 5838 8.
667 5785 710 5816 "
739 5784 873 5843 ch.
924 5803 1090 5855 χχιιι,
1120 5780 1174 5844 9.
1204 5788 1250 5819 ’⁵³
1274 5787 1405 5844 Gen.
1443 5806 1565 5859 xxv,
1595 5780 1680 5846 30.
1711 5792 1754 5820 ³⁸⁵
1783 5793 1822 5849 Ρ

1955 5810 2172 5863 cxxxvn,
2206 5780 2256 5854 ἦ.
2291 5796 2331 5831 ³¹
2359 5795 2516 5856 Num,
2555 5811 2648 5862 xx,
2696 5780 2826 5851 l8."
