3972 6336
615 408 719 463 915

1246 403 1307 457 Β.
1350 402 1601 458 RABANI
1642 403 1859 459 MAURI
1896 403 2176 458 ARCHIEI

2199 443 2214 458 .
2255 402 2563 460 MOGUNT.
2605 403 2889 460 OPERUM
2927 403 3104 460 PARS
3139 404 3224 459 ιιι.
3665 423 3732 481 916

616 525 747 576 tiam
773 519 923 590 plebs
951 515 1171 574 Judaica
1207 517 1490 574 admittere
1513 520 1700 573 noluit.
1747 518 1939 582 Edam,
1976 517 2188 588 gentili—
2214 525 2264 580 Α
2292 527 2398 572 ιειιι
2431 517 2628 574 diaboli
2650 528 2888 573 armatus
2917 527 3000 572 est
3022 520 3389 586 praedicatione
3421 538 3502 579 sua
3519 525 3712 589 Christus.

615 621 716 673 tas,
749 611 886 664 utin
916 609 1109 662 Genesi
1134 625 1146 659 :
1178 625 1196 657 ι
1227 606 1398 676 Reges
1422 609 1721 678 regnabant
1746 607 1799 660 in
1825 607 1991 662 Edom
2022 607 2193 675 prius-

616 715 777 768 quam
834 706 976 752 esset
1014 697 1126 752 rex'
1155 698 1208 751 in
1247 698 1410 753 Israel
1463 701 1500 763 ³,
1533 719 1552 750 ι
1603 699 1745 768 quod
1796 701 1852 752 in
1895 698 2190 768 gentilitate

615 796 773 842 erant
805 787 1044 842 nonnulli
1093 789 1306 852 sancti,
1353 795 1640 856 antequam
1684 789 1910 858 populus
1937 787 2190 843 Judaicus

613 887 759 932 esset
799 886 1124 945 assumptus.
1179 875 1370 940 Edam,
1403 877 1665 940 diabolus,
1713 887 1771 932 ut
1816 878 1870 931 in
1913 877 2184 932 Ieremia:

619 981 638 1010 ε
659 960 853 1015 Audite
881 963 1163 1016 consilium
1217 963 1449 1030 Domini,
1478 965 1620 1033 quod
1645 965 1787 1020 misit
1813 967 1879 1020 de
1903 967 2069 1020 Edom
2096 967 2138 1030 ³,
2161 985 2181 1016 ι

612 1051 666 1106 id
695 1062 799 1119 est,
845 1055 1100 1123 suscipite
1131 1055 1289 1109 ﬁdem
1315 1056 1535 1121 Christi,
1572 1072 1732 1124 quem
1761 1057 1907 1112 misit
1936 1056 2095 1111 Pater
2118 1057 2187 1112 ad

611 1145 880 1200 diabolum
928 1145 1326 1200 destruendum.
1358 1145 1548 1211 Edam,
1581 1146 1822 1200 infernus
1847 1187 1862 1212 ,
1885 1156 1944 1200 ut
1971 1148 2025 1201 in
2052 1147 2186 1203 Eze-

609 1233 824 1288 chiele:
864 1253 880 1285 ι
909 1233 1128 1288 Faciam
1174 1233 1228 1288 in
1274 1233 1440 1289 Edom
1460 1233 1621 1309 juxta.
1641 1235 1779 1291 iram
1807 1251 1980 1291 meam
2003 1237 2045 1302 ³,
2077 1257 2095 1288 ι
2131 1237 2182 1291 id

606 1335 711 1390 est,
741 1324 934 1380 faciam
960 1324 1168 1379 inferno
1191 1365 1204 1389 ,
1235 1340 1298 1392 ac
1319 1325 1362 1380 si
1387 1340 1558 1380 essem
1577 1327 1748 1383 iratus
1774 1328 1847 1393 ei,
1877 1327 2184 1398 exspolians

606 1429 748 1477 eum,
784 1423 836 1468 et
865 1415 988 1469 inde
1016 1414 1215 1468 electos
1242 1414 1529 1480 adducens,
1561 1417 1644 1471 vel
1674 1417 1928 1472 educens.

678 1505 911 1577 quptus
931 1513 1022 1560 est
1065 1505 1333 1570 tenebras,
1371 1514 1426 1560 et
1475 1514 1558 1560 est
1587 1507 1816 1561 mundus
1871 1507 1992 1572 iste,
2029 1515 2090 1560 ut
2124 1507 2179 1562 in

605 1596 838 1651 Genesi:
890 1613 910 1646 ι
944 1593 1060 1650 Noli
1091 1595 1417 1650 descendere
1445 1596 1500 1650 in
1533 1594 1824 1666 {Egyptum
1868 1596 1911 1662 δ,
1945 1616 1964 1650 ι
1997 1597 2178 1664 idest,

604 1689 824 1760 diligere
847 1689 1125 1743 mundum.
1159 1687 1413 1758 Egyptus,
1442 1698 1740 1758 peccatum,
1764 1698 1825 1743 ut
1845 1690 1897 1744 in
1911 1689 2138 1745 Psalmis
2162 1707 2176 1743 :

607 1800 625 1830 ι
653 1779 710 1834 In
733 1780 881 1834 exitu
901 1778 1066 1834 Israel
1111 1779 1175 1833 de
1205 1778 1438 1850 Egypto
1462 1781 1504 1844 ⁵,
1537 1800 1555 1832 ι
1605 1780 1748 1850 quod
1777 1779 1993 1850 quando
2019 1780 2178 1836 electi

2360 605 2591 675 Engadi,
2622 609 2739 675 fons
2761 606 2866 672 edi,
2896 616 2950 661 et
2973 619 3054 662 est
3084 609 3394 678 baptismus,
3418 624 3467 668 ut
3493 617 3537 669 in
3556 618 3732 680 Cantica:

2295 711 2314 744 ι
2351 692 2588 748 Dilectus
2617 707 2768 747 meus
2794 694 2926 747 mihi
2959 694 3013 748 in
3039 696 3208 752 vineis
3233 697 3424 769 Engadi
3465 703 3520 767 ",
3547 724 3563 756 ι
3601 707 3638 761 id
3667 724 3733 776 est,

2287 784 2552 852 Christus,
2590 803 2748 856 quem
2777 787 2962 858 diligo,
3015 790 3068 844 in
3099 791 3202 846 illis
3240 795 3549 863 spiritualiter
3569 817 3731 874 apparet,

2286 876 2376 943 qui
2408 875 2677 944 baptismo
2709 875 2802 929 loti
2841 885 2984 930 sunt.
3025 879 3258 948 Engaa‘i,
3299 885 3590 954 pmnitentia,
3628 902 3668 948 ut
3700 899 3734 952 in

2285 960 2436 1016 libris
2462 962 2665 1032 Regum
2691 979 2704 1015 :
2729 982 2748 1014 ι
2776 963 2914 1018 Ecce
2926 964 3094 1020 David
3122 968 3320 1023 habitat
3343 972 3518 1029 inlocis
3539 980 3734 1040 tutissimis

2283 1051 2486 1122 Engadi
2520 1052 2586 1118 ιδ,
2619 1071 2638 1104 ι
2693 1053 2837 1121 quod
2887 1053 3134 1109 Christus
3181 1058 3235 1112 in
3271 1059 3368 1116 illis
3420 1063 3620 1134 habitat,
3651 1088 3734 1140 quos

2281 1145 2600 1214 pmnitentia
2625 1160 2846 1200 securos
2866 1147 3061 1202 reddit.

2351 1232 2533 1303 Equus
2578 1244 2660 1290 est
2695 1235 3003 1292 humanitas
3043 1238 3264 1307 Christi,
3305 1251 3363 1297 ut
3388 1244 3438 1298 in
3477 1245 3734 1320 Apocalypsi:

2286 1341 2306 1374 ι
2343 1324 2481 1380 Ecce
2523 1340 2694 1396 equus
2723 1329 2876 1384 albus
2911 1329 2976 1395 ¹⁹,
3013 1349 3032 1383 ι
3092 1331 3266 1397 idest,
3317 1350 3432 1392 caro
3469 1338 3626 1394 Christi
3643 1350 3735 1397 omni

2279 1409 2562 1472 sanctitate
2588 1419 2606 1438 ‘
2635 1418 2818 1490 fulget.
2863 1419 3069 1491 Equus,
3097 1424 3315 1492 quilibet
3335 1429 3620 1498 praedicator,
3637 1441 3676 1486 ut
3701 1435 3734 1489 in

2277 1506 2416 1562 Job:
2457 1527 2475 1560 ‹
2508 1507 2758 1578 Nunquid
2807 1511 3076 1578 prtebebis
3111 1529 3248 1584 equo
3297 1516 3609 1575 fortitudinem
3643 1525 3732 1576 "ti

2277 1599 2419 1668 quod
2463 1598 2610 1656 solus
2640 1599 2782 1655 Deus
2816 1599 3188 1658 fortitudinem
3225 1605 3346 1659 boni
3387 1608 3542 1676 operis
3559 1611 3733 1677 praedica-

2277 1689 2380 1742 tori
2411 1688 2662 1745 conferre
2685 1689 2918 1744 videtur.
2967 1691 3170 1763 Equus,
3198 1695 3413 1764 quilibet
3439 1697 3608 1768 impius,
3635 1709 3674 1754 ut
3701 1703 3734 1756 in

2277 1776 2499 1835 Cantico
2551 1797 2564 1833 :
2641 1797 2662 1831 ι
2719 1779 2930 1850 Equum
2983 1789 3039 1838 et
3106 1797 3436 1840 ascensorem
3481 1786 3666 1857 projiciet
3701 1792 3733 1844 in

601 1871 882 1940 apeccatis
905 1870 1018 1926 suis
1037 1871 1270 1938 exempti
1290 1886 1386 1940 per
1405 1870 1798 1927 confessionem
1829 1872 1896 1926 ad
1918 1873 2172 1926 sanctita—
2197 1866 2246 1928 Β
2276 1883 2425 1923 mare
2453 1870 2498 1900 “
2523 1885 2537 1934 ς
2584 1888 2604 1922 ι
2657 1869 2802 1938 quod
2851 1869 3114 1925 Dominus
3158 1872 3372 1943 iInpium
3417 1876 3670 1943 quemlibet,
3700 1889 3733 1932 ει

600 1973 708 2018 ιεω
733 1963 1062 2032 pertingunt.
1111 1961 1369 2032 Egyptus,
1394 1963 1703 2028 infidelitas,
1735 1973 1795 2018 ut
1822 1966 1876 2019 in
1900 1964 2128 2019 Psalmis
2154 1981 2168 2017 :

605 2075 625 2107 ι
661 2052 854 2124 Joseph
920 2067 1044 2108 cum
1092 2053 1266 2107 exiret
1322 2054 1387 2108 de
1441 2063 1583 2108 terra
1629 2053 1887 2126 Egypti:
1937 2053 2174 2124 linguam

596 2137 773 2200 meam
803 2144 844 2209 °,
883 2163 902 2196 ι
953 2151 1083 2210 ειε.,
1135 2143 1278 2202 quod
1307 2143 1535 2214 populus
1563 2144 1938 2208 Christianus,
1988 2143 2174 2198 exiens

595 2235 667 2290 de
702 2235 940 2290 tenebris
972 2233 1326 2300 infidelitatis,
1355 2243 1620 2306 praecepta
1645 2234 1781 2290 Novi
1818 2233 2172 2300 Testamenti,

595 2325 748 2396 prius
773 2326 1065 2395 incognita,
1098 2325 1321 2380 audivit.
1371 2325 1624 2395 Egyptus,
1679 2325 1972 2397 gentilitas,
2023 2335 2084 2380 ut
2115 2325 2172 2380 in

593 2415 918 2485 Evangelio:
955 2433 974 2466 ι
1004 2413 1148 2469 Puer
1171 2412 1328 2469 Jesus
1370 2415 1436 2468 de
1477 2412 1660 2468 Judtea
1691 2415 1982 2470 translatus
2004 2421 2089 2470 est
2116 2413 2173 2468 in

595 2508 888 2579 ngyptum
931 2507 977 2572 ",
1022 2525 1042 2559 ι
1090 2505 1232 2574 quod
1283 2504 1469 2560 relicto
1513 2505 1706 2575 populo
1747 2505 2050 2562 Judzrorum
2105 2505 2174 2559 ad

593 2605 783 2669 gentes
809 2595 940 2650 ﬁdes
979 2595 1364 2650 incarnationis
1406 2593 1605 2649 Christi
1629 2596 1892 2664 pervenit.
1917 2595 2171 2665 Egyptus,

592 2687 857 2751 infernus,
885 2693 945 2740 ut
989 2685 1043 2741 in
1085 2685 1270 2740 Exodo
1297 2684 1320 2716 ⁸
1349 2699 1448 2753 per
1475 2685 1896 2741 immolationem
1922 2685 2066 2756 agni,
2098 2685 2174 2740 ls-

591 2776 706 2833 rael
733 2775 993 2831 liberatus
1034 2783 1118 2830 est
1153 2774 1220 2829 de
1243 2771 1503 2844 Egypto,
1556 2774 1699 2843 quod
1725 2790 1823 2846 per
1866 2775 2173 2845 passionem

591 2869 798 2927 Christi
825 2867 983 2924 electi
1013 2867 1223 2922 reducti
1249 2866 1359 2921 sint
1381 2864 1448 2920 de
1471 2865 1703 2921 inferno.

663 2960 834 3016 Etuta:
859 2970 987 3016 sunt
1021 2959 1323 3030 palmarum
1354 2958 1666 3029 spirituales
1692 2957 1974 3027 triumphi,
2027 2967 2090 3014 ut
2117 2957 2172 3014 in

591 3053 853 3109 Cantico:
915 3071 933 3105 ι
987 3053 1167 3108 Coma:
1195 3050 1310 3122 ejus
1357 3052 1498 3106 sicut
1541 3051 1693 3106 elatae
1735 3050 2037 3120 palmarum
2063 3049 2110 3116 ’,
2147 3071 2167 3104 ι

589 3145 734 3214 quod
770 3145 1014 3215 perfecti,
1065 3145 1158 3213 qui
1181 3142 1396 3198 Christo
1441 3142 1602 3212 capiti
1632 3141 1862 3196 vicinius
1883 3141 2169 3208 inhaerent,

588 3234 722 3290 vitia
756 3234 1018 3288 teutantia
1047 3233 1275 3288 viriliter
1295 3231 1537 3286 vincunt.

659 3324 926 3379 Electram
951 3333 1037 3379 est
1064 3323 1334 3390 Christus,
1365 3333 1423 3377 ut
1459 3323 1513 3378 in
1538 3322 1819 3378 Ezechiele
1850 3341 1863 3376 :
1917 3343 1935 3375 ι
1965 3325 2042 3380 Ι)ε
2068 3340 2175 3380 me-

590 3416 682 3472 dio
709 3414 848 3483 ejus,
875 3415 1030 3484 quasi
1057 3413 1262 3484 species
1289 3414 1477 3469 electri
1506 3415 1572 3480 ¹⁰,
1600 3434 1618 3467 ι
1640 3415 1781 3483 quod
1802 3413 1857 3468 in
1880 3415 2175 3471 novissimo

591 3507 680 3560 die
727 3505 1004 3578 apparebit
1054 3505 1222 3576 judex
1263 3505 1509 3559 vivorum
1537 3511 1594 3560 et
1639 3512 1975 3560 mortuorum
2018 3505 2175 3562 Jesus

589 3598 859 3664 Christus,
883 3597 976 3668 qui
1006 3597 1149 3654 Deus
1177 3605 1260 3653 est
1281 3606 1338 3652 et
1361 3598 1522 3653 homo
1553 3607 1668 3664 est,
1698 3599 1840 3652 sicut
1865 3613 1932 3652 ex
1958 3614 2090 3653 auro
2118 3607 2174 3653 et

591 3698 817 3760 argento
842 3689 1102 3746 electrum
1143 3689 1421 3744 miscetur.

613 3814 617 3819 -
659 3781 930 3837 Emulatio
982 3789 1067 3838 est
1112 3782 1276 3847 bona,
1315 3790 1377 3836 ut
1403 3782 1457 3836 in
1487 3769 1806 3839 Canticozic
1840 3783 1983 3839 Dura
2034 3785 2175 3839 sicut

587 3872 834 3930 infernus
858 3872 1132 3928 aemulatio
1166 3873 1228 3938 ¹¹,
1264 3893 1283 3924 ι
1318 3873 1463 3942 quod
1500 3874 1672 3928 sancti
1703 3873 1803 3928 viri
1834 3890 1932 3944 per
1972 3873 2170 3928 bonum

589 3963 768 4018 zelum
800 3964 1038 4034 graviter
1064 3970 1312 4017 uruntur.
1343 3962 1613 4017 Emulatio
1639 3963 1804 4029 mala,
1852 3973 1912 4018 ut
1937 3963 1990 4018 in
2017 3962 2170 4018 Psal-

591 4053 700 4108 mis
728 4069 740 4106 :
779 4074 798 4106 ι
835 4053 952 4109 Noli
985 4053 1224 4108 mmulari
1257 4053 1311 4108 in
1341 4053 1756 4123 malignantibus
1793 4055 1836 4084 "
1866 4070 1881 4120 ;
1920 4073 1938 4106 ι
1981 4054 2036 4108 id
2062 4063 2169 4119 est,

585 4159 697 4201 non
727 4152 779 4202 te
823 4145 1023 4216 pigeat,
1055 4145 1198 4215 quod
1227 4143 1386 4200 malis
1416 4145 1608 4200 similis
1634 4162 1740 4201 non
1765 4162 1843 4201 es.
1877 4146 2167 4213 Emulatio,

588 4235 795 4291 bonum
825 4235 1153 4303 exemplum,
1187 4235 1316 4288 utin
1355 4234 1522 4290 Paulo
1552 4250 1566 4288 :
1601 4253 1620 4286 ‹
1657 4236 1765 4290 Et'
1791 4245 1978 4292 nostra
2006 4252 2170 4291 aemu-

585 4326 720 4382 latio
740 4327 1052 4397 provocavit
1081 4328 1279 4388 multos
1307 4328 1372 4392 “,
1413 4347 1432 4381 ι
1466 4330 1518 4384 id
1543 4339 1648 4394 est,
1693 4329 1892 4385 bonum
1922 4342 2169 4389 nostrum

587 4421 895 4491 exemplum
927 4421 1185 4476 excitavit
1211 4421 1489 4491 plurimos.

660 4516 1002 4572 Emunctoria
1044 4524 1170 4571 sunt
1199 4516 1304 4570 duo
1341 4517 1708 4580 Testamenta,
1758 4529 1815 4571 ut
1855 4518 1910 4571 in
1939 4516 2162 4572 Exodo:
2195 4551 2248 4611 Β

593 4629 612 4662 ‹
649 4609 998 4664 Emunctoria
1049 4609 1182 4662 fiant
1215 4622 1283 4661 ex
1339 4622 1471 4662 auro
1525 4610 1813 4678 purissimo
1851 4610 1914 4673 “,
1953 4629 1970 4660 ι
2021 4609 2167 4678 quod

586 4706 877 4768 utrumque
916 4696 1323 4754 Testamentum
1369 4697 1618 4752 claritate
1665 4699 1944 4770 sapientia:
1989 4697 2165 4768 splen-

589 4788 699 4843 det.

660 4877 819 4932 Ensis
878 4887 963 4933 est
1021 4879 1168 4948 rigor
1224 4877 1606 4943 continentize,
1669 4885 1730 4932 ut
1781 4879 1834 4932 in
1894 4877 2162 4933 Cantico:

595 4984 614 5016 ι
647 4964 1080 5037 Uniuscujusque
1106 4968 1252 5022 ensis
1295 4982 1458 5034 super
1503 4965 1678 5020 femur
1704 4969 1720 4986 '
1751 4974 1900 5020 tuum
1931 4967 1997 5032 ¹⁸,
2026 4967 2169 5036 quod

531 5099 536 5106 .
589 5055 746 5112 electi
793 5072 891 5127 per
919 5058 1152 5128 rigorem
1198 5055 1539 5112 continentia:
1562 5055 1889 5120 mortiﬁcant
1925 5058 2170 5113 membra

591 5163 711 5211 sua,
759 5164 877 5219 qua:
927 5159 1054 5206 sunt
1095 5164 1256 5219 super
1293 5156 1518 5202 terram.
1556 5148 1737 5214 Ensis,
1770 5165 1996 5206 acumen
2033 5165 2170 5220 pra:-

589 5237 896 5306 dicationis,
925 5249 984 5294 ut
1013 5241 1067 5294 in
1096 5238 1248 5293 libris
1276 5237 1521 5310 Regum:
1559 5259 1576 5290 ι
1609 5240 1900 5296 Accinctus
1937 5251 2020 5295 est
2066 5241 2166 5294 Da-

587 5328 680 5384 vid
708 5343 836 5385 ense
879 5346 977 5386 suo
1029 5331 1112 5394 “;
1149 5349 1168 5382 ι
1225 5329 1368 5400 quod
1413 5329 1481 5385 ad
1517 5330 1887 5385 debellandum
1928 5332 2170 5401 impieta-

714 5446 849 5502 Gen.
881 5461 1064 5508 xxxvi,
1090 5445 1180 5498 3i.
1223 5445 1244 5474 ²
1272 5442 1384 5498 Jer.
1410 5458 1558 5506 xmx,
1588 5442 1677 5495 ΞΟ.
1718 5442 1739 5473 ³
1769 5443 1965 5497 Ezech.
1994 5459 2120 5508 xxv,
2154 5444 2239 5496 H.
2272 5443 2292 5474 "
2319 5443 2454 5499 Gen.
2485 5461 2611 5499 xxvr
2633 5487 2646 5511 ,
2693 5447 2748 5500 2.
2807 5449 2829 5480 ⁵
2855 5448 2996 5505 Psal.
3039 5432 3191 5512 estis,
3245 5450 3294 5502 1.
3337 5449 3357 5478 ⁶
3383 5442 3666 5512 Ρεειιηιιιξι

585 5517 610 5550 '
644 5517 830 5571 Matth.
865 5532 925 5578 ιι,
957 5507 1158 5577 15,Μ.
1189 5513 1210 5544 ⁸
1237 5513 1404 5568 Exod.
1437 5529 1512 5582 xu
1544 5520 1598 5566 et
1623 5528 1735 5576 xw,
1761 5512 1832 5566 9.5
1863 5522 1917 5565 et
1945 5513 2094 5581 seqq.
2122 5513 2143 5544 ν
2171 5525 2176 5557 4

2199 5514 2326 5567 lant.
2361 5529 2428 5577 γ,
2497 5516 2583 5569 Η.
2635 5507 2684 5548 γ¹⁰
2720 5517 2914 5573 Ezech.
2947 5537 2986 5582 ι,
3016 5519 3067 5572 4.
3116 5521 3156 5550 ’³
3179 5507 3350 5572 Ὀιιηι.
3379 5530 3480 5572 vm.
3506 5510 3548 5564 6.
3575 5507 3604 5536 "

2276 1973 2421 2024 eum,
2450 1959 2542 2028 qui
2573 1959 2624 2014 ei
2655 1959 2986 2025 dominatur,
3037 1961 3304 2017 diabolum
3323 2003 3338 2028 ,
3367 1965 3588 2035 demergit
3619 1968 3655 2021 in
3683 1969 3732 2022 in-

2275 2046 2509 2102 fernum.
2558 2047 2762 2119 Equus,
2805 2051 2908 2106 hoc
2937 2065 3198 2120 praesens.
3236 2053 3490 2120 sarculum,
3536 2065 3583 2110 ut
3613 2058 3649 2111 in
3667 2058 3731 2113 Ge-

2275 2138 2432 2193 nesi:
2470 2157 2490 2191 ι
2527 2138 2778 2195 Mordens
2819 2141 3048 2211 ungulas
3074 2143 3200 2212 equi
3229 2144 3292 2209 ",
3335 2164 3352 2196 ι
3399 2147 3522 2214 quod
3543 2147 3732 2200 crudelita-

2275 2235 2388 2282 tem
2445 2243 2600 2284 suam
2646 2230 3014 2286 Antichristus
3073 2234 3346 2288 exercebit
3399 2235 3448 2288 in
3483 2237 3570 2291 line
3601 2238 3730 2291 seculi.

2275 2316 2481 2384 Equus,
2531 2334 2727 2389 corpus
2771 2320 3026 2387 hominis,
3075 2330 3137 2376 ut
3182 2323 3238 2378 in
3280 2323 3554 2385 Parabolis:
3585 2326 3732 2394 tEun

2273 2419 2498 2479 paratus
2525 2411 2593 2464 ad
2637 2411 2780 2466 diem
2807 2408 2932 2466 belli
2956 2413 3026 2484 '3,
3063 2431 3084 2465 ι
3119 2414 3175 2469 id
3199 2423 3302 2482 εει,
3335 2431 3508 2487 corpus
3531 2417 3731 2472 discrimii

2275 2499 2468 2557 mortis
2493 2500 2753 2556 oblatum.
2781 2499 2985 2572 Equus,
3021 2503 3200 2560 honor
3224 2505 3494 2568 secularis,
3515 2506 3621 2560 utin
3641 2504 3733 2558 Pssi-

2275 2589 2417 2646 mis:
2469 2609 2489 2644 ι
2520 2590 2705 2647 Fallax
2748 2606 2920 2662 equus
2967 2593 3036 2648 ad
3090 2595 3316 2651 salutem
3343 2597 3403 2662 “,
3436 2616 3453 2649 ι
3478 2594 3591 2666 quod
3626 2595 3733 2649 honor

2275 2682 2580 2738 mundanus
2607 2683 2814 2738 homini
2833 2683 3064 2739 salutem
3087 2685 3336 2742 conferre
3359 2703 3454 2742 non
3471 2686 3600 2740 valet.
3620 2685 3732 2754 Equt

2273 2787 2449 2829 carens
2477 2783 2814 2842 persecutor,
2840 2783 2902 2829 ιιι
2922 2775 2975 2830 in
2996 2775 3318 2850 Apocalypsi
3342 2796 3356 2832 :
3390 2798 3407 2830 ι
3437 2777 3495 2832 Et
3515 2791 3612 2832 ecce
3627 2791 3732 2844 equm

2273 2861 2427 2918 rufus
2457 2863 2542 2918 ":
2581 2883 2602 2916 ι
2651 2865 2796 2935 quod
2847 2877 3226 2936 persecutores
3274 2879 3547 2924 sanctorum
3575 2866 3732 2922 crudeles

2275 2962 2452 3009 erant.
2499 2954 2703 3027 Equus,
2755 2956 2928 3013 forma
2980 2959 3376 3028 hzereticorum,
3418 2969 3472 3015 ut
3498 2960 3542 3014 in
3562 2956 3733 3028 Apocaly-

2273 3045 2355 3115 psi
2383 3063 2396 3100 :
2453 3065 2474 3098 ‹
2504 3046 2572 3100 Ει
2595 3061 2723 3102 εεεε
2748 3063 2923 3117 equus
2968 3050 3127 3120 niger
3154 3051 3217 3115 ³⁵,
3252 3070 3272 3103 ι
3315 3051 3445 3121 quod
3469 3047 3650 3105 haeretici
3676 3060 3734 3113 per

2274 3138 2477 3192 erroris
2507 3138 2898 3208 turpitudinem
2940 3140 3283 3211 nigrescunt.
3331 3142 3511 3212 Equus,
3550 3137 3733 3192 Antichri~

2199 3205 2243 3266 (ἶ
2276 3234 2412 3294 stus,
2440 3235 2500 3282 ut
2520 3228 2574 3281 in
2596 3205 2922 3300 Apocalypsi
2948 3247 2962 3284 :
2997 3205 3029 3282 ἶ
3053 3231 3127 3286 Ει
3155 3246 3282 3288 εεεε
3300 3205 3456 3303 equus
3472 3229 3646 3302 pallidus
3661 3229 3730 3290 ",i

2274 3317 2416 3385 quod
2461 3317 2781 3373 Antichristi
2835 3319 3088 3389 superbia
3115 3363 3130 3387 ,
3186 3330 3562 3391 quantacunque
3608 3331 3731 3384 magna

2273 3406 2458 3474 fuerit,
2505 3409 2735 3464 deﬁciet”
2750 3410 2804 3464 in
2839 3409 2967 3466 ﬁne.
3000 3410 3212 3483 Equus,
3255 3414 3540 3470 libidinosus
3572 3409 3730 3480 quilibet.

2272 3505 2334 3550 ut
2381 3497 2436 3551 in
2490 3497 2757 3553 Psalmis:
2813 3517 2832 3550 ι
2864 3498 3040 3556 Nolite
3085 3501 3206 3557 fieri
3233 3503 3368 3558 sicut
3410 3515 3552 3570 equus
3586 3506 3627 3552 et
3658 3509 3731 3548 mu-

2273 3587 2358 3643 lus
2389 3588 2434 3620 ²⁸
2460 3605 2474 3655 ;
2504 3607 2522 3640 ι
2575 3589 2628 3644 id
2655 3599 2756 3654 est,
2787 3590 2952 3646 nolite
2981 3606 3105 3648 esse
3129 3593 3384 3648 luxuriosi
3409 3601 3458 3648 et
3496 3584 3729 3646 infructuosi.

2271 3678 2377 3734 Per
2397 3696 2553 3750 equos
2579 3681 2829 3750 apostoli,
2858 3691 2918 3736 ut
2945 3682 3000 3736 in
3027 3682 3216 3738 Exodo
3242 3702 3255 3737 :
3287 3686 3303 3704 ‘
3339 3702 3358 3735 ι
3391 3682 3554 3738 Misisti
3578 3680 3618 3733 in
3637 3688 3728 3731 mare

2271 3785 2440 3839 equos
2487 3779 2626 3834 tuos,
2665 3791 2683 3822 ι
2719 3770 2771 3824 id
2815 3779 2918 3836 est,
2967 3772 3025 3825 in
3053 3773 3313 3827 mundum
3330 3772 3593 3827 universum
3612 3762 3731 3837 pradi-

2272 3869 2484 3915 catores
2531 3869 2670 3914 tuos.
2724 3859 2832 3914 Per
2875 3876 3034 3930 equas
3085 3862 3303 3934 superbi
3342 3869 3394 3916 et
3436 3859 3606 3920 divites,
3640 3851 3730 3905 utin

2271 3947 2453 4004 lsaia:
2513 3968 2532 4000 ι
2569 3948 2661 4004 Vae
2713 3951 2804 4020 qui
2845 3951 3180 4007 descendunt
3222 3954 3277 4008 in
3325 3951 3606 4024 Egyptum,
3637 3940 3731 4010 etluis

2272 4047 2550 4108 sperantes
2581 4038 2627 4069 "
2658 4055 2672 4104 ;
2711 4057 2730 4090 ι
2766 4039 2820 4094 id
2847 4049 2950 4106 est,
2979 4055 3060 4094 vae
3082 4041 3168 4106 iis,
3195 4042 3284 4111 qui
3314 4040 3460 4095 nimis
3481 4041 3730 4091 amantmun-

2272 4127 2424 4192 dum,
2479 4128 2534 4181 in
2564 4129 2882 4183 substantiis
2923 4129 3321 4186 abundantibus
3361 4117 3731 4184 conlidentesl’ﬂ

2270 4233 2425 4287 equos
2453 4232 2638 4286 opera,
2671 4226 2730 4272 ut
2758 4218 2812 4270 in
2838 4216 3160 4289 Apocalypsi
3187 4237 3201 4273 :
3254 4239 3272 4270 ι
3307 4218 3626 4286 Sequebantur
3655 4222 3729 4262 eum

2271 4307 2325 4362 in
2351 4308 2505 4377 equis
2548 4307 2684 4363 albis
2709 4309 2794 4374 3°;
2835 4328 2854 4360 ι
2889 4309 2943 4363 id
2987 4318 3091 4374 εει,
3125 4311 3423 4380 passionem
3465 4321 3586 4362 suam
3620 4300 3730 4354 imita-

2270 4397 2467 4452 bantur
2501 4397 2673 4450 sancti
2705 4397 2757 4450 in
2802 4398 3056 4466 operibus
3092 4400 3227 4454 suis.
3276 4399 3376 4454 Per
3409 4412 3566 4467 equos,
3603 4389 3716 4457 cogi“

2271 4488 2464 4552 tiones,
2501 4496 2558 4542 ut
2588 4489 2641 4541 in
2668 4488 3087 4545 Deuteronomio
3114 4509 3128 4544 :
3187 4511 3207 4542 ι
3240 4491 3352 4546 Rex
3379 4505 3475 4544 non
3508 4481 3729 4550 multiplica-

2271 4580 2350 4635 bit
2375 4579 2478 4634 sibi
2505 4595 2672 4648 equos
2701 4579 2769 4646 ⁸³,
2805 4599 2822 4632 ι
2859 4580 2915 4634 id
2961 4589 3066 4646 est,
3092 4585 3110 4602 ‘
3139 4582 3388 4652 prmlatus
3430 4577 3636 4648 superbos
3666 4581 3729 4622 non

2272 4673 2830 4741 habebitcogitatus.
2893 4672 3100 4745 Equus,
3153 4677 3374 4744 quilibet
3412 4680 3608 4730 sanctus,
3639 4660 3728 4714 uti"

2271 4761 2402 4817 Job:
2440 4783 2458 4814 ι
2497 4762 2712 4817 Deridet
2739 4779 2937 4833 equum
2959 4773 3014 4820 et
3042 4782 3380 4822 ascensorem
3405 4763 3506 4833 ejus
3529 4761 3582 4823 ³¹,
3607 4776 3621 4808 ι
3642 4746 3728 4821 'le

2272 4852 2519 4908 diabolus
2581 4853 2635 4906 in
2700 4854 3108 4911 simulatoribus
3166 4857 3280 4912 suis
3327 4853 3580 4926 quemlibet
3621 4845 3728 4897 virum

2275 4953 2543 5012 sanctum,
2567 4955 2622 5001 et
2646 4947 2738 5016 qui
2761 4948 2810 5001 ei
2841 4949 3170 5016 dominatur,
3213 4951 3375 5006 Deum
3397 4939 3648 5005 contemnit.

2346 5062 2525 5134 Erugo
2557 5073 2640 5118 est
2664 5066 2935 5134 superbia,
2966 5075 3025 5120 ιιι
3054 5067 3446 5136 ἰηεΕνειιεεΙὶοε
3481 5083 3497 5114 ι
3527 5056 3604 5114 Ubi
3626 5059 3729 5113 θΐυὲο

2273 5154 2563 5210 demolitur
2592 5157 2676 5223 ³³;
2709 5158 2762 5212 id
2791 5168 2896 5222 est,
2933 5159 3093 5214 nolite
3119 5162 3173 5213 in
3200 5175 3357 5230 opere
3392 5166 3548 5218 vestro
3580 5150 3729 5202 Ιιοιιιιιιι-

2273 5245 2374 5300 bus
2403 5246 2636 5316 placere,
2668 5255 2723 5302 et
2748 5249 2802 5302 id
2827 5265 2924 5319 per
2945 5251 3256 5319 super'tiam
3289 5250 3529 5304 amittere.

2346 5333 2525 5388 Eruca
2553 5345 2638 5390 est
2658 5336 2891 5403 luxuria,
2922 5347 2981 5392 ut
3007 5341 3060 5393 in
3083 5339 3234 5395 Juelc
3257 5355 3272 5393 :
3307 5359 3324 5390 ι
3354 5336 3597 5394 Residuum
3617 5330 3728 5378 εἴασε

3639 5493 3725 5552 Psal.

583 5563 941 5649 ιὲᾆξίῖῖῗῦ
959 5563 1178 5656 ξιΐῤῥὲ,
1205 5563 1920 5656 nisi:insignius;
1945 5563 1994 5656 ξεῖ
2011 5563 2167 5656 bin}.

2199 5563 2361 5648 ags.
2375 5563 2381 5565 ⁷
2395 5563 2476 5638 εἴτι
2501 5563 2636 5656 iiég.
2665 5563 2958 5653 ςλῖῖέῗιέ
2971 5563 3134 5644 ἐξιὶιι
3158 5563 3555 5656 γρνιῖιῗῖειίξςε·
3577 5563 3725 5656 ξεῖνέ·

595 5641 814 5722 "Apoc.
847 5669 920 5716 vt,
951 5653 1004 5707 2.
1036 5655 1078 5685 ’°
1104 5654 1203 5708 Job
1229 5641 1412 5715 ximus,
1441 5652 1532 5722 9.2.
1565 5655 1605 5683 “
1629 5641 1802 5722 Exod.
1822 5667 1910 5715 xv,
1945 5653 1994 5705 l.
2025 5654 2068 5683 "
2099 5653 2176 5707 Ge

2199 5670 2233 5705 I.
2262 5641 2407 5718 itu,
2439 5655 2523 5708 l7.
2558 5641 2790 5712 11ῖΡινονί
2815 5641 2928 5722 ιιιιι,
2955 5641 3287 5713 Bliiirl’taal.
3313 5663 3464 5715 XM";
3495 5641 3725 5722 17;":W.‘

591 5701 664 5784 γι,
696 5701 976 5798 λίεξηιῖιξε
1008 5740 1056 5798 si:
1184 5724 1225 5753 ’⁷
1254 5701 1464 5798 ιιιιειζυ.
1593 5723 1637 5752 ³⁸
1667 5721 1806 5777 Psal.
1844 5701 1994 5786 χέει,
2017 5723 2070 5777 9.
2104 5723 2176 5778 ³⁵)

2199 5701 2291 5778 g“:
2302 5701 2462 5789 Κίῆ
2482 5701 2543 5778 ἶ·
2592 5701 3090 5798 ³⁸³ὀᾸῖνὸέῗῖιίἶτῖἰίι.
3128 5701 3502 5782 δῖἰῐέἱιῖῗῖἑῖι,
3530 5701 3726 5769 16.³’“ιιιὺ

595 5806 783 5853 χχχιιι,
812 5791 901 5844 ει.
936 5793 978 5824 ³³
1007 5791 1190 5848 Matth.
1219 5808 1296 5859 γι,
1349 5793 1441 5857 l9,
1485 5789 1570 5848 ευ.
