  <div class='ocr_page' id='page_1' title='image "/cluster/home/n/w/nwhite01/storage/ocr_20150623/112/hvd.32044015685407/464.png"; bbox 0 0 3972 6336; ppageno 0'>
   <div class='ocr_carea' id='block_1_1' title="bbox 195 380 302 436">
    <p class='ocr_par' dir='ltr' id='par_1_1' title="bbox 195 380 302 436">
     <span class='ocr_line' id='line_1_1' title="bbox 195 380 302 436; baseline -0.037 1"><span class='ocrx_word' id='word_1_1' title='bbox 195 380 302 436; x_wconf 83' lang='grc'><strong>917</strong></span> 
     </span>
    </p>
   </div>
   <div class='ocr_carea' id='block_1_2' title="bbox 1164 378 2505 439">
    <p class='ocr_par' dir='ltr' id='par_1_2' title="bbox 1164 378 2505 439">
     <span class='ocr_line' id='line_1_2' title="bbox 1164 378 2505 439; baseline 0.001 -5"><span class='ocrx_word' id='word_1_2' title='bbox 1164 378 1581 438; x_wconf 64' lang='grc' dir='ltr'><em>Αιιιεοοιιιλε</em></span> <span class='ocrx_word' id='word_1_3' title='bbox 1620 379 1690 436; x_wconf 87' lang='grc' dir='ltr'><strong>ΙΝ</strong></span> <span class='ocrx_word' id='word_1_4' title='bbox 1730 378 2007 436; x_wconf 77' lang='lat' dir='ltr'><strong>SACRAM</strong></span> <span class='ocrx_word' id='word_1_5' title='bbox 2043 379 2505 439; x_wconf 79' lang='lat' dir='ltr'><strong>SCRIPTURAM.</strong></span> 
     </span>
    </p>
   </div>
   <div class='ocr_carea' id='block_1_3' title="bbox 3359 385 3470 441">
    <p class='ocr_par' dir='ltr' id='par_1_3' title="bbox 3359 385 3470 441">
     <span class='ocr_line' id='line_1_3' title="bbox 3359 385 3470 441; baseline -0.018 0"><span class='ocrx_word' id='word_1_6' title='bbox 3359 385 3470 441; x_wconf 79' lang='lat' dir='ltr'><strong>9l8</strong></span> 
     </span>
    </p>
   </div>
   <div class='ocr_carea' id='block_1_4' title="bbox 197 489 3462 563">
    <p class='ocr_par' dir='ltr' id='par_1_4' title="bbox 197 489 3462 563">
     <span class='ocr_line' id='line_1_4' title="bbox 197 489 3462 563; baseline -0.001 -13"><span class='ocrx_word' id='word_1_7' title='bbox 197 491 443 550; x_wconf 79' lang='lat' dir='ltr'><strong>comedit</strong></span> <span class='ocrx_word' id='word_1_8' title='bbox 483 490 692 548; x_wconf 89' lang='lat' dir='ltr'><strong>locusta</strong></span> <span class='ocrx_word' id='word_1_9' title='bbox 736 491 776 558; x_wconf 79' lang='grc' dir='ltr'><em>ί,</em></span> <span class='ocrx_word' id='word_1_10' title='bbox 814 509 832 543; x_wconf 81' lang='grc' dir='ltr'><strong>ι</strong></span> <span class='ocrx_word' id='word_1_11' title='bbox 861 490 1004 562; x_wconf 91' lang='lat' dir='ltr'><strong>quod</strong></span> <span class='ocrx_word' id='word_1_12' title='bbox 1049 506 1247 562; x_wconf 88' lang='lat' dir='ltr'><strong>pra-vus</strong></span> <span class='ocrx_word' id='word_1_13' title='bbox 1274 493 1520 563; x_wconf 73' lang='lat' dir='ltr'><strong>quilibet,</strong></span> <span class='ocrx_word' id='word_1_14' title='bbox 1572 491 1789 562; x_wconf 84' lang='lat' dir='ltr'><strong>quando</strong></span> <span class='ocrx_word' id='word_1_15' title='bbox 1817 495 1867 553; x_wconf 81' lang='grc' dir='ltr'>Α</span> <span class='ocrx_word' id='word_1_16' title='bbox 1891 492 2078 548; x_wconf 89' lang='lat' dir='ltr'><strong>ethera</strong></span> <span class='ocrx_word' id='word_1_17' title='bbox 2109 491 2346 547; x_wconf 92' lang='lat' dir='ltr'><strong>ﬁrmabit</strong></span> <span class='ocrx_word' id='word_1_18' title='bbox 2389 506 2602 547; x_wconf 84' lang='lat' dir='ltr'><strong>sursum</strong></span> <span class='ocrx_word' id='word_1_19' title='bbox 2639 490 2704 555; x_wconf 81' lang='lat'><strong>“,</strong></span> <span class='ocrx_word' id='word_1_20' title='bbox 2742 508 2760 541; x_wconf 75' lang='grc' dir='ltr'><strong>ι</strong></span> <span class='ocrx_word' id='word_1_21' title='bbox 2799 489 2854 546; x_wconf 92' lang='lat' dir='ltr'><strong>id</strong></span> <span class='ocrx_word' id='word_1_22' title='bbox 2882 497 2997 555; x_wconf 88' lang='lat' dir='ltr'><strong>est,</strong></span> <span class='ocrx_word' id='word_1_23' title='bbox 3040 492 3255 560; x_wconf 89' lang='lat' dir='ltr'><strong>quando</strong></span> <span class='ocrx_word' id='word_1_24' title='bbox 3283 492 3336 548; x_wconf 92' lang='lat' dir='ltr'><strong>in</strong></span> <span class='ocrx_word' id='word_1_25' title='bbox 3369 509 3462 548; x_wconf 88' lang='lat' dir='ltr'><strong>su-</strong></span> 
     </span>
    </p>
   </div>
   <div class='ocr_carea' id='block_1_5' title="bbox 196 583 1586 654">
    <p class='ocr_par' dir='ltr' id='par_1_5' title="bbox 196 583 1586 654">
     <span class='ocr_line' id='line_1_5' title="bbox 196 583 1586 654; baseline -0.002 -14"><span class='ocrx_word' id='word_1_26' title='bbox 196 585 474 640; x_wconf 88' lang='lat' dir='ltr'><strong>luxuriam</strong></span> <span class='ocrx_word' id='word_1_27' title='bbox 500 583 721 648; x_wconf 88' lang='lat' dir='ltr'><strong>deserit,</strong></span> <span class='ocrx_word' id='word_1_28' title='bbox 746 583 930 637; x_wconf 78' lang='lat' dir='ltr'><strong>statim</strong></span> <span class='ocrx_word' id='word_1_29' title='bbox 957 583 1023 637; x_wconf 91' lang='lat' dir='ltr'><strong>de</strong></span> <span class='ocrx_word' id='word_1_30' title='bbox 1051 583 1298 638; x_wconf 89' lang='lat' dir='ltr'><strong>castitate</strong></span> <span class='ocrx_word' id='word_1_31' title='bbox 1326 583 1586 654; x_wconf 74' lang='lat' dir='ltr'><strong>superbit.</strong></span> 
     </span>
    </p>
   </div>
   <div class='ocr_carea' id='block_1_6' title="bbox 277 667 1789 742">
    <p class='ocr_par' dir='ltr' id='par_1_6' title="bbox 277 667 1789 742">
     <span class='ocr_line' id='line_1_6' title="bbox 277 667 1789 742; baseline -0.003 -14"><span class='ocrx_word' id='word_1_32' title='bbox 277 674 517 728; x_wconf 85' lang='lat' dir='ltr'><strong>Erinacii</strong></span> <span class='ocrx_word' id='word_1_33' title='bbox 544 681 670 727; x_wconf 92' lang='lat' dir='ltr'><strong>sunt</strong></span> <span class='ocrx_word' id='word_1_34' title='bbox 704 672 1050 742; x_wconf 73' lang='lat' dir='ltr'><strong>pmnitcntes,</strong></span> <span class='ocrx_word' id='word_1_35' title='bbox 1095 681 1155 726; x_wconf 93' lang='lat' dir='ltr'><strong>ut</strong></span> <span class='ocrx_word' id='word_1_36' title='bbox 1183 673 1235 727; x_wconf 90' lang='lat' dir='ltr'><strong>in</strong></span> <span class='ocrx_word' id='word_1_37' title='bbox 1267 667 1495 727; x_wconf 78' lang='lat' dir='ltr'><strong>Psalmis</strong></span> <span class='ocrx_word' id='word_1_38' title='bbox 1525 691 1537 726; x_wconf 93' lang='lat'><strong>:</strong></span> <span class='ocrx_word' id='word_1_39' title='bbox 1575 690 1593 723; x_wconf 84' lang='grc' dir='ltr'><strong>ι</strong></span> <span class='ocrx_word' id='word_1_40' title='bbox 1630 672 1789 726; x_wconf 87' lang='lat' dir='ltr'><strong>Petra</strong></span> 
     </span>
    </p>
   </div>
   <div class='ocr_carea' id='block_1_7' title="bbox 201 763 1792 837">
    <p class='ocr_par' dir='ltr' id='par_1_7' title="bbox 201 763 1792 837">
     <span class='ocr_line' id='line_1_7' title="bbox 201 763 1792 837; baseline -0.003 -15"><span class='ocrx_word' id='word_1_41' title='bbox 201 765 478 837; x_wconf 73' lang='lat' dir='ltr'><strong>refugium</strong></span> <span class='ocrx_word' id='word_1_42' title='bbox 507 767 523 784; x_wconf 83' lang='lat'><strong><em>‘</em></strong></span> <span class='ocrx_word' id='word_1_43' title='bbox 557 765 791 820; x_wconf 89' lang='lat' dir='ltr'><strong>erinacis</strong></span> <span class='ocrx_word' id='word_1_44' title='bbox 830 766 872 830; x_wconf 82' lang='lat'><strong>&#39;,</strong></span> <span class='ocrx_word' id='word_1_45' title='bbox 907 785 925 818; x_wconf 77' lang='grc' dir='ltr'><strong>ι</strong></span> <span class='ocrx_word' id='word_1_46' title='bbox 973 765 1117 834; x_wconf 87' lang='lat' dir='ltr'><strong>quod</strong></span> <span class='ocrx_word' id='word_1_47' title='bbox 1145 763 1392 820; x_wconf 83' lang='lat' dir='ltr'><strong>Christus</strong></span> <span class='ocrx_word' id='word_1_48' title='bbox 1428 763 1792 819; x_wconf 84' lang='lat' dir='ltr'><strong>misericordi-</strong></span> 
     </span>
    </p>
   </div>
   <div class='ocr_carea' id='block_1_8' title="bbox 201 854 1793 926">
    <p class='ocr_par' dir='ltr' id='par_1_8' title="bbox 201 854 1793 926">
     <span class='ocr_line' id='line_1_8' title="bbox 201 854 1793 926; baseline -0.003 -13"><span class='ocrx_word' id='word_1_49' title='bbox 201 867 295 913; x_wconf 90' lang='lat' dir='ltr'><strong>ter</strong></span> <span class='ocrx_word' id='word_1_50' title='bbox 321 857 544 926; x_wconf 84' lang='lat' dir='ltr'><strong>suscipit</strong></span> <span class='ocrx_word' id='word_1_51' title='bbox 586 856 931 926; x_wconf 89' lang='lat' dir='ltr'><strong>poenitentes.</strong></span> <span class='ocrx_word' id='word_1_52' title='bbox 982 854 1192 908; x_wconf 83' lang='lat' dir='ltr'><strong>Ericius</strong></span> <span class='ocrx_word' id='word_1_53' title='bbox 1220 855 1412 909; x_wconf 80' lang='lat' dir='ltr'><strong>vitium</strong></span> <span class='ocrx_word' id='word_1_54' title='bbox 1439 863 1522 910; x_wconf 89' lang='lat' dir='ltr'><strong>est</strong></span> <span class='ocrx_word' id='word_1_55' title='bbox 1567 869 1793 910; x_wconf 85' lang='lat' dir='ltr'><strong>excusa-</strong></span> 
     </span>
    </p>
   </div>
   <div class='ocr_carea' id='block_1_9' title="bbox 205 947 1786 1015">
    <p class='ocr_par' dir='ltr' id='par_1_9' title="bbox 205 947 1786 1015">
     <span class='ocr_line' id='line_1_9' title="bbox 205 947 1786 1015; baseline -0.003 -9"><span class='ocrx_word' id='word_1_56' title='bbox 205 952 393 1015; x_wconf 87' lang='lat' dir='ltr'><strong>tionis,</strong></span> <span class='ocrx_word' id='word_1_57' title='bbox 422 960 480 1005; x_wconf 93' lang='lat' dir='ltr'><strong>ut</strong></span> <span class='ocrx_word' id='word_1_58' title='bbox 508 951 562 1004; x_wconf 92' lang='lat' dir='ltr'><strong>in</strong></span> <span class='ocrx_word' id='word_1_59' title='bbox 587 950 723 1005; x_wconf 86' lang='lat' dir='ltr'><strong>Isaia</strong></span> <span class='ocrx_word' id='word_1_60' title='bbox 747 967 760 1003; x_wconf 90' lang='lat'><strong>:</strong></span> <span class='ocrx_word' id='word_1_61' title='bbox 799 970 815 1001; x_wconf 85' lang='grc' dir='ltr'><strong>ι</strong></span> <span class='ocrx_word' id='word_1_62' title='bbox 839 949 914 1004; x_wconf 91' lang='lat' dir='ltr'><strong>lbi</strong></span> <span class='ocrx_word' id='word_1_63' title='bbox 938 950 1125 1004; x_wconf 91' lang='lat' dir='ltr'><strong>habuit</strong></span> <span class='ocrx_word' id='word_1_64' title='bbox 1147 950 1163 968; x_wconf 93' lang='grc'><strong>⁸</strong></span> <span class='ocrx_word' id='word_1_65' title='bbox 1193 947 1424 1004; x_wconf 89' lang='lat' dir='ltr'><strong>formam</strong></span> <span class='ocrx_word' id='word_1_66' title='bbox 1474 949 1674 1004; x_wconf 88' lang='lat' dir='ltr'><strong>ericius</strong></span> <span class='ocrx_word' id='word_1_67' title='bbox 1697 949 1741 1014; x_wconf 87' lang='grc'>³,</span> <span class='ocrx_word' id='word_1_68' title='bbox 1769 968 1786 1001; x_wconf 80' lang='grc' dir='ltr'><strong>ι</strong></span> 
     </span>
    </p>
   </div>
   <div class='ocr_carea' id='block_1_10' title="bbox 203 1030 1744 1114">
    <p class='ocr_par' dir='ltr' id='par_1_10' title="bbox 203 1030 1744 1114">
     <span class='ocr_line' id='line_1_10' title="bbox 203 1030 1744 1114; baseline -0.001 -19"><span class='ocrx_word' id='word_1_69' title='bbox 203 1044 357 1114; x_wconf 84' lang='lat' dir='ltr'><strong>quod</strong></span> <span class='ocrx_word' id='word_1_70' title='bbox 387 1042 441 1097; x_wconf 90' lang='lat' dir='ltr'><strong>in</strong></span> <span class='ocrx_word' id='word_1_71' title='bbox 468 1058 636 1112; x_wconf 87' lang='lat' dir='ltr'><strong>pravo</strong></span> <span class='ocrx_word' id='word_1_72' title='bbox 663 1042 883 1096; x_wconf 90' lang='lat' dir='ltr'><strong>homine</strong></span> <span class='ocrx_word' id='word_1_73' title='bbox 910 1042 1102 1096; x_wconf 80' lang='lat' dir='ltr'><strong>vitium</strong></span> <span class='ocrx_word' id='word_1_74' title='bbox 1133 1041 1502 1096; x_wconf 76' lang='lat' dir='ltr'><strong>excusationis</strong></span> <span class='ocrx_word' id='word_1_75' title='bbox 1529 1040 1686 1094; x_wconf 87' lang='lat' dir='ltr'><strong>latet.</strong></span> <span class='ocrx_word' id='word_1_76' title='bbox 1729 1030 1744 1048; x_wconf 73' lang='grc'><strong><em>’</em></strong></span> 
     </span>
    </p>
   </div>
   <div class='ocr_carea' id='block_1_11' title="bbox 281 1129 1795 1203">
    <p class='ocr_par' dir='ltr' id='par_1_11' title="bbox 281 1129 1795 1203">
     <span class='ocr_line' id='line_1_11' title="bbox 281 1129 1795 1203; baseline -0.002 -14"><span class='ocrx_word' id='word_1_77' title='bbox 281 1135 360 1189; x_wconf 81' lang='lat' dir='ltr'><strong>Es</strong></span> <span class='ocrx_word' id='word_1_78' title='bbox 389 1141 473 1188; x_wconf 88' lang='lat' dir='ltr'><strong>est</strong></span> <span class='ocrx_word' id='word_1_79' title='bbox 525 1133 784 1188; x_wconf 81' lang='lat' dir='ltr'><strong>fortitudo</strong></span> <span class='ocrx_word' id='word_1_80' title='bbox 812 1131 1146 1203; x_wconf 82' lang='lat' dir='ltr'><strong>angelorum,</strong></span> <span class='ocrx_word' id='word_1_81' title='bbox 1181 1139 1242 1185; x_wconf 90' lang='lat' dir='ltr'><strong>ut</strong></span> <span class='ocrx_word' id='word_1_82' title='bbox 1269 1133 1324 1186; x_wconf 92' lang='lat' dir='ltr'><strong>in</strong></span> <span class='ocrx_word' id='word_1_83' title='bbox 1349 1129 1449 1185; x_wconf 85' lang='lat' dir='ltr'><strong>Job</strong></span> <span class='ocrx_word' id='word_1_84' title='bbox 1479 1149 1491 1184; x_wconf 90' lang='lat'><strong>:</strong></span> <span class='ocrx_word' id='word_1_85' title='bbox 1521 1132 1538 1151; x_wconf 83' lang='lat'>&#39;</span> <span class='ocrx_word' id='word_1_86' title='bbox 1575 1150 1593 1182; x_wconf 79' lang='grc' dir='ltr'><strong>ι</strong></span> <span class='ocrx_word' id='word_1_87' title='bbox 1629 1130 1795 1198; x_wconf 81' lang='lat' dir='ltr'><strong>QuaSI</strong></span> 
     </span>
    </p>
   </div>
   <div class='ocr_carea' id='block_1_12' title="bbox 207 1221 1797 1294">
    <p class='ocr_par' dir='ltr' id='par_1_12' title="bbox 207 1221 1797 1294">
     <span class='ocr_line' id='line_1_12' title="bbox 207 1221 1797 1294; baseline -0.003 -14"><span class='ocrx_word' id='word_1_88' title='bbox 207 1222 524 1280; x_wconf 86' lang='lat' dir='ltr'><strong>solidissimi</strong></span> <span class='ocrx_word' id='word_1_89' title='bbox 553 1222 705 1292; x_wconf 89' lang='lat' dir='ltr'><strong>quasi</strong></span> <span class='ocrx_word' id='word_1_90' title='bbox 732 1237 840 1278; x_wconf 70' lang='lat' dir='ltr'><strong>tere</strong></span> <span class='ocrx_word' id='word_1_91' title='bbox 876 1221 982 1277; x_wconf 90' lang='lat' dir='ltr'><strong>fusi</strong></span> <span class='ocrx_word' id='word_1_92' title='bbox 1023 1230 1147 1276; x_wconf 91' lang='lat' dir='ltr'><strong>sunt</strong></span> <span class='ocrx_word' id='word_1_93' title='bbox 1172 1222 1213 1287; x_wconf 74' lang='grc' dir='ltr'><em>δ,</em></span> <span class='ocrx_word' id='word_1_94' title='bbox 1253 1241 1272 1275; x_wconf 78' lang='grc' dir='ltr'><strong>ι</strong></span> <span class='ocrx_word' id='word_1_95' title='bbox 1320 1221 1464 1292; x_wconf 90' lang='lat' dir='ltr'><strong>quod</strong></span> <span class='ocrx_word' id='word_1_96' title='bbox 1494 1222 1550 1276; x_wconf 92' lang='lat' dir='ltr'><strong>in</strong></span> <span class='ocrx_word' id='word_1_97' title='bbox 1602 1237 1797 1294; x_wconf 85' lang='lat' dir='ltr'><strong>magna</strong></span> 
     </span>
    </p>
   </div>
   <div class='ocr_carea' id='block_1_13' title="bbox 207 1311 1798 1378">
    <p class='ocr_par' dir='ltr' id='par_1_13' title="bbox 207 1311 1798 1378">
     <span class='ocr_line' id='line_1_13' title="bbox 207 1311 1798 1378; baseline -0.001 -10"><span class='ocrx_word' id='word_1_98' title='bbox 207 1313 532 1371; x_wconf 80' lang='lat' dir='ltr'><strong>fortitudine</strong></span> <span class='ocrx_word' id='word_1_99' title='bbox 576 1311 880 1368; x_wconf 91' lang='lat' dir='ltr'><strong>conﬁrmati</strong></span> <span class='ocrx_word' id='word_1_100' title='bbox 933 1320 1078 1368; x_wconf 92' lang='lat' dir='ltr'><strong>sunt.</strong></span> <span class='ocrx_word' id='word_1_101' title='bbox 1125 1311 1235 1378; x_wconf 78' lang='lat' dir='ltr'><strong>Es,</strong></span> <span class='ocrx_word' id='word_1_102' title='bbox 1279 1312 1418 1367; x_wconf 87' lang='lat' dir='ltr'><strong>bona</strong></span> <span class='ocrx_word' id='word_1_103' title='bbox 1447 1313 1610 1378; x_wconf 91' lang='lat' dir='ltr'><strong>actio,</strong></span> <span class='ocrx_word' id='word_1_104' title='bbox 1645 1312 1798 1366; x_wconf 80' lang='lat' dir='ltr'><strong>ut&#39;in</strong></span> 
     </span>
    </p>
   </div>
   <div class='ocr_carea' id='block_1_14' title="bbox 208 1402 1800 1474">
    <p class='ocr_par' dir='ltr' id='par_1_14' title="bbox 208 1402 1800 1474">
     <span class='ocr_line' id='line_1_14' title="bbox 208 1402 1800 1474; baseline -0.003 -14"><span class='ocrx_word' id='word_1_105' title='bbox 208 1405 438 1460; x_wconf 86' lang='lat' dir='ltr'><strong>Exodo:</strong></span> <span class='ocrx_word' id='word_1_106' title='bbox 473 1422 492 1456; x_wconf 82' lang='grc' dir='ltr'><strong>ι</strong></span> <span class='ocrx_word' id='word_1_107' title='bbox 526 1403 731 1457; x_wconf 84' lang='lat' dir='ltr'><strong>Aurum</strong></span> <span class='ocrx_word' id='word_1_108' title='bbox 765 1411 819 1458; x_wconf 93' lang='lat' dir='ltr'><strong>et</strong></span> <span class='ocrx_word' id='word_1_109' title='bbox 846 1411 1149 1474; x_wconf 86' lang='lat' dir='ltr'><strong>argentum,</strong></span> <span class='ocrx_word' id='word_1_110' title='bbox 1199 1411 1255 1459; x_wconf 90' lang='lat' dir='ltr'><strong>et</strong></span> <span class='ocrx_word' id='word_1_111' title='bbox 1279 1417 1354 1458; x_wconf 73' lang='lat' dir='ltr'><strong>aes</strong></span> <span class='ocrx_word' id='word_1_112' title='bbox 1381 1403 1402 1434; x_wconf 84' lang='grc'>⁸</span> <span class='ocrx_word' id='word_1_113' title='bbox 1429 1419 1443 1468; x_wconf 91' lang='grc'><strong>;</strong></span> <span class='ocrx_word' id='word_1_114' title='bbox 1473 1402 1525 1456; x_wconf 92' lang='lat' dir='ltr'><strong>id</strong></span> <span class='ocrx_word' id='word_1_115' title='bbox 1558 1409 1663 1468; x_wconf 91' lang='lat' dir='ltr'><strong>est,</strong></span> <span class='ocrx_word' id='word_1_116' title='bbox 1711 1417 1800 1457; x_wconf 85' lang='lat' dir='ltr'><strong>sa-</strong></span> 
     </span>
    </p>
   </div>
   <div class='ocr_carea' id='block_1_15' title="bbox 208 1495 1795 1571">
    <p class='ocr_par' dir='ltr' id='par_1_15' title="bbox 208 1495 1795 1571">
     <span class='ocr_line' id='line_1_15' title="bbox 208 1495 1795 1571; baseline -0.003 -19"><span class='ocrx_word' id='word_1_117' title='bbox 208 1497 504 1571; x_wconf 88' lang='lat' dir='ltr'><strong>pientiam,</strong></span> <span class='ocrx_word' id='word_1_118' title='bbox 559 1503 614 1551; x_wconf 91' lang='lat' dir='ltr'><strong>et</strong></span> <span class='ocrx_word' id='word_1_119' title='bbox 644 1495 1123 1566; x_wconf 65' lang='lat' dir='ltr'><strong>praedicationem,</strong></span> <span class='ocrx_word' id='word_1_120' title='bbox 1165 1503 1220 1550; x_wconf 90' lang='lat' dir='ltr'><strong>et</strong></span> <span class='ocrx_word' id='word_1_121' title='bbox 1265 1495 1462 1550; x_wconf 85' lang='lat' dir='ltr'><strong>bonam</strong></span> <span class='ocrx_word' id='word_1_122' title='bbox 1508 1495 1795 1549; x_wconf 89' lang='lat' dir='ltr'><strong>actionem.</strong></span> 
     </span>
    </p>
   </div>
   <div class='ocr_carea' id='block_1_16' title="bbox 211 1583 1801 1652">
    <p class='ocr_par' dir='ltr' id='par_1_16' title="bbox 211 1583 1801 1652">
     <span class='ocr_line' id='line_1_16' title="bbox 211 1583 1801 1652; baseline -0.001 -11"><span class='ocrx_word' id='word_1_123' title='bbox 211 1586 319 1652; x_wconf 80' lang='lat' dir='ltr'><strong>Es,</strong></span> <span class='ocrx_word' id='word_1_124' title='bbox 370 1601 466 1641; x_wconf 93' lang='lat' dir='ltr'><strong>cor</strong></span> <span class='ocrx_word' id='word_1_125' title='bbox 495 1585 833 1650; x_wconf 86' lang='lat' dir='ltr'><strong>insensibile,</strong></span> <span class='ocrx_word' id='word_1_126' title='bbox 889 1593 950 1640; x_wconf 93' lang='lat' dir='ltr'><strong>ut</strong></span> <span class='ocrx_word' id='word_1_127' title='bbox 998 1587 1054 1639; x_wconf 91' lang='lat' dir='ltr'><strong>in</strong></span> <span class='ocrx_word' id='word_1_128' title='bbox 1093 1583 1231 1641; x_wconf 83' lang='lat' dir='ltr'><strong>Job:</strong></span> <span class='ocrx_word' id='word_1_129' title='bbox 1292 1604 1310 1636; x_wconf 83' lang='grc' dir='ltr'><strong>ι</strong></span> <span class='ocrx_word' id='word_1_130' title='bbox 1343 1585 1455 1640; x_wconf 83' lang='grc' dir='ltr'><em>Νεε</em></span> <span class='ocrx_word' id='word_1_131' title='bbox 1504 1599 1631 1640; x_wconf 90' lang='lat' dir='ltr'><strong>caro</strong></span> <span class='ocrx_word' id='word_1_132' title='bbox 1678 1599 1801 1639; x_wconf 86' lang='lat' dir='ltr'><strong>mea</strong></span> 
     </span>
    </p>
   </div>
   <div class='ocr_carea' id='block_1_17' title="bbox 213 1674 1796 1744">
    <p class='ocr_par' dir='ltr' id='par_1_17' title="bbox 213 1674 1796 1744">
     <span class='ocr_line' id='line_1_17' title="bbox 213 1674 1796 1744; baseline -0.003 -11"><span class='ocrx_word' id='word_1_133' title='bbox 213 1692 369 1733; x_wconf 72' lang='lat' dir='ltr'><strong>aenea</strong></span> <span class='ocrx_word' id='word_1_134' title='bbox 419 1684 502 1730; x_wconf 89' lang='lat' dir='ltr'><strong>est</strong></span> <span class='ocrx_word' id='word_1_135' title='bbox 527 1676 569 1740; x_wconf 82' lang='lat'><strong>‘,</strong></span> <span class='ocrx_word' id='word_1_136' title='bbox 599 1695 618 1727; x_wconf 75' lang='grc' dir='ltr'><strong>ι</strong></span> <span class='ocrx_word' id='word_1_137' title='bbox 651 1675 705 1730; x_wconf 91' lang='lat' dir='ltr'><strong>id</strong></span> <span class='ocrx_word' id='word_1_138' title='bbox 733 1683 837 1738; x_wconf 97' lang='grc' dir='ltr'><em>εει,</em></span> <span class='ocrx_word' id='word_1_139' title='bbox 867 1690 960 1730; x_wconf 88' lang='lat' dir='ltr'><strong>cor</strong></span> <span class='ocrx_word' id='word_1_140' title='bbox 982 1691 1160 1730; x_wconf 89' lang='lat' dir='ltr'><strong>meum</strong></span> <span class='ocrx_word' id='word_1_141' title='bbox 1183 1678 1200 1696; x_wconf 98' lang='grc'><strong>⁸</strong></span> <span class='ocrx_word' id='word_1_142' title='bbox 1227 1674 1536 1744; x_wconf 71' lang='lat' dir='ltr'><strong>insensibile</strong></span> <span class='ocrx_word' id='word_1_143' title='bbox 1564 1691 1670 1730; x_wconf 91' lang='lat' dir='ltr'><strong>non</strong></span> <span class='ocrx_word' id='word_1_144' title='bbox 1694 1683 1796 1730; x_wconf 91' lang='lat' dir='ltr'><strong>est.</strong></span> 
     </span>
    </p>
   </div>
   <div class='ocr_carea' id='block_1_18' title="bbox 215 1765 1793 1834">
    <p class='ocr_par' dir='ltr' id='par_1_18' title="bbox 215 1765 1793 1834">
     <span class='ocr_line' id='line_1_18' title="bbox 215 1765 1793 1834; baseline -0.002 -11"><span class='ocrx_word' id='word_1_145' title='bbox 215 1768 320 1833; x_wconf 72' lang='lat' dir='ltr'><strong>Ea,</strong></span> <span class='ocrx_word' id='word_1_146' title='bbox 343 1767 640 1832; x_wconf 88' lang='lat' dir='ltr'><strong>damnatio,</strong></span> <span class='ocrx_word' id='word_1_147' title='bbox 665 1767 794 1821; x_wconf 90' lang='lat' dir='ltr'><strong>utin</strong></span> <span class='ocrx_word' id='word_1_148' title='bbox 814 1765 916 1823; x_wconf 83' lang='lat' dir='ltr'><strong>Job</strong></span> <span class='ocrx_word' id='word_1_149' title='bbox 939 1785 951 1821; x_wconf 90' lang='lat'><strong>:</strong></span> <span class='ocrx_word' id='word_1_150' title='bbox 984 1786 1002 1818; x_wconf 81' lang='grc' dir='ltr'><strong>ι</strong></span> <span class='ocrx_word' id='word_1_151' title='bbox 1024 1766 1186 1822; x_wconf 89' lang='lat' dir='ltr'><strong>lrruit</strong></span> <span class='ocrx_word' id='word_1_152' title='bbox 1206 1767 1259 1821; x_wconf 91' lang='lat' dir='ltr'><strong>in</strong></span> <span class='ocrx_word' id='word_1_153' title='bbox 1283 1783 1469 1822; x_wconf 91' lang='lat' dir='ltr'><strong>arcum</strong></span> <span class='ocrx_word' id='word_1_154' title='bbox 1491 1768 1746 1834; x_wconf 64' lang='lat' dir='ltr'><strong>aereum&#39;,</strong></span> <span class='ocrx_word' id='word_1_155' title='bbox 1775 1785 1793 1820; x_wconf 84' lang='grc' dir='ltr'><strong>ι</strong></span> 
     </span>
    </p>
   </div>
   <div class='ocr_carea' id='block_1_19' title="bbox 1891 579 3468 654">
    <p class='ocr_par' dir='ltr' id='par_1_19' title="bbox 1891 579 3468 654">
     <span class='ocr_line' id='line_1_19' title="bbox 1891 579 3468 654; baseline 0.002 -18"><span class='ocrx_word' id='word_1_156' title='bbox 1891 597 2056 652; x_wconf 86' lang='lat' dir='ltr'><strong>perna</strong></span> <span class='ocrx_word' id='word_1_157' title='bbox 2085 581 2302 637; x_wconf 85' lang='lat' dir='ltr'><strong>civitate</strong></span> <span class='ocrx_word' id='word_1_158' title='bbox 2345 581 2562 652; x_wconf 82' lang='lat' dir='ltr'><strong>angelos</strong></span> <span class='ocrx_word' id='word_1_159' title='bbox 2592 579 2949 635; x_wconf 88' lang='lat' dir='ltr'><strong>conﬁrmabit.</strong></span> <span class='ocrx_word' id='word_1_160' title='bbox 2998 580 3192 636; x_wconf 81' lang='lat' dir='ltr'><strong>Ethera</strong></span> <span class='ocrx_word' id='word_1_161' title='bbox 3217 623 3232 650; x_wconf 91' lang='lat'><strong>,</strong></span> <span class='ocrx_word' id='word_1_162' title='bbox 3281 592 3468 654; x_wconf 80' lang='lat' dir='ltr'><strong>patres</strong></span> 
     </span>
    </p>
   </div>
   <div class='ocr_carea' id='block_1_20' title="bbox 1892 671 3464 743">
    <p class='ocr_par' dir='ltr' id='par_1_20' title="bbox 1892 671 3464 743">
     <span class='ocr_line' id='line_1_20' title="bbox 1892 671 3464 743; baseline 0.002 -16"><span class='ocrx_word' id='word_1_163' title='bbox 1892 672 2024 729; x_wconf 85' lang='lat' dir='ltr'><strong>Novi</strong></span> <span class='ocrx_word' id='word_1_164' title='bbox 2054 672 2410 738; x_wconf 89' lang='lat' dir='ltr'><strong>Testamenti,</strong></span> <span class='ocrx_word' id='word_1_165' title='bbox 2442 681 2499 728; x_wconf 91' lang='lat' dir='ltr'><strong>ut</strong></span> <span class='ocrx_word' id='word_1_166' title='bbox 2530 673 2582 727; x_wconf 92' lang='lat' dir='ltr'><strong>in</strong></span> <span class='ocrx_word' id='word_1_167' title='bbox 2608 671 2707 727; x_wconf 82' lang='lat' dir='ltr'><strong>Job</strong></span> <span class='ocrx_word' id='word_1_168' title='bbox 2733 690 2748 726; x_wconf 90' lang='lat'><strong>:</strong></span> <span class='ocrx_word' id='word_1_169' title='bbox 2793 692 2810 724; x_wconf 86' lang='grc' dir='ltr'><strong>ι</strong></span> <span class='ocrx_word' id='word_1_170' title='bbox 2843 673 3218 743; x_wconf 87' lang='lat' dir='ltr'><strong>Contemplare</strong></span> <span class='ocrx_word' id='word_1_171' title='bbox 3255 675 3464 740; x_wconf 86' lang='lat' dir='ltr'><strong>ethera,</strong></span> 
     </span>
    </p>
   </div>
   <div class='ocr_carea' id='block_1_21' title="bbox 1893 762 3464 834">
    <p class='ocr_par' dir='ltr' id='par_1_21' title="bbox 1893 762 3464 834">
     <span class='ocr_line' id='line_1_21' title="bbox 1893 762 3464 834; baseline 0.001 -16"><span class='ocrx_word' id='word_1_172' title='bbox 1893 764 2033 834; x_wconf 90' lang='lat' dir='ltr'><strong>quod</strong></span> <span class='ocrx_word' id='word_1_173' title='bbox 2067 763 2263 820; x_wconf 88' lang='lat' dir='ltr'><strong>celsior</strong></span> <span class='ocrx_word' id='word_1_174' title='bbox 2297 763 2369 820; x_wconf 89' lang='lat' dir='ltr'><strong>sit</strong></span> <span class='ocrx_word' id='word_1_175' title='bbox 2411 771 2464 818; x_wconf 93' lang='lat' dir='ltr'><strong>te</strong></span> <span class='ocrx_word' id='word_1_176' title='bbox 2497 765 2564 828; x_wconf 81' lang='lat'><strong>&quot;,</strong></span> <span class='ocrx_word' id='word_1_177' title='bbox 2603 781 2623 816; x_wconf 81' lang='grc' dir='ltr'><strong>ι</strong></span> <span class='ocrx_word' id='word_1_178' title='bbox 2678 763 2730 816; x_wconf 91' lang='lat' dir='ltr'><strong>id</strong></span> <span class='ocrx_word' id='word_1_179' title='bbox 2761 771 2872 826; x_wconf 89' lang='lat' dir='ltr'><strong>est,</strong></span> <span class='ocrx_word' id='word_1_180' title='bbox 2908 765 2925 783; x_wconf 87' lang='lat'><strong><em>‘</em></strong></span> <span class='ocrx_word' id='word_1_181' title='bbox 2966 763 3019 818; x_wconf 90' lang='lat' dir='ltr'><strong>in</strong></span> <span class='ocrx_word' id='word_1_182' title='bbox 3051 762 3295 833; x_wconf 90' lang='lat' dir='ltr'><strong>patribus</strong></span> <span class='ocrx_word' id='word_1_183' title='bbox 3333 763 3464 820; x_wconf 87' lang='lat' dir='ltr'><strong>Novi</strong></span> 
     </span>
    </p>
   </div>
   <div class='ocr_carea' id='block_1_22' title="bbox 1895 852 2990 924">
    <p class='ocr_par' dir='ltr' id='par_1_22' title="bbox 1895 852 2990 924">
     <span class='ocr_line' id='line_1_22' title="bbox 1895 852 2990 924; baseline -0.003 -13"><span class='ocrx_word' id='word_1_184' title='bbox 1895 855 2245 919; x_wconf 88' lang='lat' dir='ltr'><strong>Testamenti,</strong></span> <span class='ocrx_word' id='word_1_185' title='bbox 2272 854 2414 924; x_wconf 92' lang='lat' dir='ltr'><strong>quod</strong></span> <span class='ocrx_word' id='word_1_186' title='bbox 2445 852 2586 910; x_wconf 91' lang='lat' dir='ltr'><strong>Deus</strong></span> <span class='ocrx_word' id='word_1_187' title='bbox 2617 862 2667 909; x_wconf 82' lang='lat' dir='ltr'><strong>te</strong></span> <span class='ocrx_word' id='word_1_188' title='bbox 2694 853 2990 910; x_wconf 82' lang='lat' dir='ltr'><strong>sublimior.</strong></span> 
     </span>
    </p>
   </div>
   <div class='ocr_carea' id='block_1_23' title="bbox 1966 945 3471 1016">
    <p class='ocr_par' dir='ltr' id='par_1_23' title="bbox 1966 945 3471 1016">
     <span class='ocr_line' id='line_1_23' title="bbox 1966 945 3471 1016; baseline 0.001 -15"><span class='ocrx_word' id='word_1_189' title='bbox 1966 947 2221 1001; x_wconf 81' lang='lat' dir='ltr'><strong>Etemum</strong></span> <span class='ocrx_word' id='word_1_190' title='bbox 2255 955 2337 1002; x_wconf 90' lang='lat' dir='ltr'><strong>cst</strong></span> <span class='ocrx_word' id='word_1_191' title='bbox 2364 947 2506 1016; x_wconf 89' lang='lat' dir='ltr'><strong>quod</strong></span> <span class='ocrx_word' id='word_1_192' title='bbox 2551 947 2816 1016; x_wconf 90' lang='lat' dir='ltr'><strong>principio</strong></span> <span class='ocrx_word' id='word_1_193' title='bbox 2851 954 3002 1002; x_wconf 89' lang='lat' dir='ltr'><strong>caret</strong></span> <span class='ocrx_word' id='word_1_194' title='bbox 3033 955 3090 1001; x_wconf 91' lang='lat' dir='ltr'><strong>et</strong></span> <span class='ocrx_word' id='word_1_195' title='bbox 3140 945 3246 1002; x_wconf 87' lang='lat' dir='ltr'><strong>ﬁne</strong></span> <span class='ocrx_word' id='word_1_196' title='bbox 3269 988 3284 1012; x_wconf 91' lang='lat'><strong>,</strong></span> <span class='ocrx_word' id='word_1_197' title='bbox 3334 948 3471 1002; x_wconf 88' lang='lat' dir='ltr'><strong>utin</strong></span> 
     </span>
    </p>
   </div>
   <div class='ocr_carea' id='block_1_24' title="bbox 1895 1038 3474 1106">
    <p class='ocr_par' dir='ltr' id='par_1_24' title="bbox 1895 1038 3474 1106">
     <span class='ocr_line' id='line_1_24' title="bbox 1895 1038 3474 1106; baseline -0.001 -12"><span class='ocrx_word' id='word_1_198' title='bbox 1895 1038 2033 1094; x_wconf 90' lang='lat' dir='ltr'><strong>libro</strong></span> <span class='ocrx_word' id='word_1_199' title='bbox 2061 1038 2438 1094; x_wconf 87' lang='lat' dir='ltr'><strong>Ecclesiastico</strong></span> <span class='ocrx_word' id='word_1_200' title='bbox 2465 1057 2477 1092; x_wconf 90' lang='lat'><strong>:</strong></span> <span class='ocrx_word' id='word_1_201' title='bbox 2517 1057 2534 1090; x_wconf 83' lang='grc' dir='ltr'><strong>ι</strong></span> <span class='ocrx_word' id='word_1_202' title='bbox 2568 1038 2668 1106; x_wconf 87' lang='lat' dir='ltr'><strong>Qui</strong></span> <span class='ocrx_word' id='word_1_203' title='bbox 2699 1039 2835 1094; x_wconf 86' lang='lat' dir='ltr'><strong>vivit</strong></span> <span class='ocrx_word' id='word_1_204' title='bbox 2865 1038 2919 1092; x_wconf 92' lang='lat' dir='ltr'><strong>in</strong></span> <span class='ocrx_word' id='word_1_205' title='bbox 2945 1046 3231 1104; x_wconf 83' lang='lat' dir='ltr'><strong>aeternum,</strong></span> <span class='ocrx_word' id='word_1_206' title='bbox 3265 1039 3474 1094; x_wconf 91' lang='lat' dir='ltr'><strong>creavit</strong></span> 
     </span>
    </p>
   </div>
   <div class='ocr_carea' id='block_1_25' title="bbox 1897 1129 3471 1197">
    <p class='ocr_par' dir='ltr' id='par_1_25' title="bbox 1897 1129 3471 1197">
     <span class='ocr_line' id='line_1_25' title="bbox 1897 1129 3471 1197; baseline -0.003 -9"><span class='ocrx_word' id='word_1_207' title='bbox 1897 1131 2078 1188; x_wconf 88' lang='lat' dir='ltr'><strong>omnia</strong></span> <span class='ocrx_word' id='word_1_208' title='bbox 2117 1131 2275 1185; x_wconf 92' lang='lat' dir='ltr'><strong>simul</strong></span> <span class='ocrx_word' id='word_1_209' title='bbox 2309 1131 2376 1196; x_wconf 78' lang='grc'><strong>⁸³,</strong></span> <span class='ocrx_word' id='word_1_210' title='bbox 2411 1149 2430 1184; x_wconf 85' lang='grc' dir='ltr'><strong>ι</strong></span> <span class='ocrx_word' id='word_1_211' title='bbox 2464 1139 2519 1186; x_wconf 86' lang='grc' dir='ltr'><strong>ει</strong></span> <span class='ocrx_word' id='word_1_212' title='bbox 2551 1129 2902 1186; x_wconf 86' lang='lat' dir='ltr'><strong>invisibilium</strong></span> <span class='ocrx_word' id='word_1_213' title='bbox 2943 1139 3212 1197; x_wconf 87' lang='lat' dir='ltr'><strong>naturam,</strong></span> <span class='ocrx_word' id='word_1_214' title='bbox 3257 1139 3313 1186; x_wconf 90' lang='lat' dir='ltr'><strong>et</strong></span> <span class='ocrx_word' id='word_1_215' title='bbox 3336 1130 3471 1184; x_wconf 45' lang='lat' dir='ltr'><strong>visi‘</strong></span> 
     </span>
    </p>
   </div>
   <div class='ocr_carea' id='block_1_26' title="bbox 1896 1219 3540 1301">
    <p class='ocr_par' dir='ltr' id='par_1_26' title="bbox 1896 1219 3540 1301">
     <span class='ocr_line' id='line_1_26' title="bbox 1896 1219 3540 1301; baseline -0.001 -25"><span class='ocrx_word' id='word_1_216' title='bbox 1896 1221 2084 1277; x_wconf 91' lang='lat' dir='ltr'><strong>bilium</strong></span> <span class='ocrx_word' id='word_1_217' title='bbox 2122 1221 2407 1276; x_wconf 90' lang='lat' dir='ltr'><strong>materiam</strong></span> <span class='ocrx_word' id='word_1_218' title='bbox 2448 1221 2466 1243; x_wconf 89' lang='grc'><strong>⁸</strong></span> <span class='ocrx_word' id='word_1_219' title='bbox 2502 1221 2557 1277; x_wconf 91' lang='lat' dir='ltr'><strong>in</strong></span> <span class='ocrx_word' id='word_1_220' title='bbox 2603 1221 2807 1293; x_wconf 81' lang='lat' dir='ltr'><strong>angelis</strong></span> <span class='ocrx_word' id='word_1_221' title='bbox 2863 1221 3010 1276; x_wconf 90' lang='lat' dir='ltr'><strong>fecit.</strong></span> <span class='ocrx_word' id='word_1_222' title='bbox 3066 1219 3319 1276; x_wconf 85' lang='lat' dir='ltr'><strong>Eternum</strong></span> <span class='ocrx_word' id='word_1_223' title='bbox 3366 1230 3470 1286; x_wconf 90' lang='grc' dir='ltr'><em>εει,</em></span> <span class='ocrx_word' id='word_1_224' title='bbox 3525 1295 3540 1301; x_wconf 28' lang='grc' dir='ltr'><strong>ν</strong></span> 
     </span>
    </p>
   </div>
   <div class='ocr_carea' id='block_1_27' title="bbox 1898 1310 3470 1383">
    <p class='ocr_par' dir='ltr' id='par_1_27' title="bbox 1898 1310 3470 1383">
     <span class='ocr_line' id='line_1_27' title="bbox 1898 1310 3470 1383; baseline -0.002 -17"><span class='ocrx_word' id='word_1_225' title='bbox 1898 1313 2041 1383; x_wconf 90' lang='lat' dir='ltr'><strong>quod</strong></span> <span class='ocrx_word' id='word_1_226' title='bbox 2086 1313 2250 1368; x_wconf 82' lang='lat' dir='ltr'><strong>habet</strong></span> <span class='ocrx_word' id='word_1_227' title='bbox 2276 1313 2511 1379; x_wconf 92' lang='lat' dir='ltr'><strong>initium,</strong></span> <span class='ocrx_word' id='word_1_228' title='bbox 2543 1314 2638 1369; x_wconf 92' lang='lat' dir='ltr'><strong>sed</strong></span> <span class='ocrx_word' id='word_1_229' title='bbox 2679 1312 2786 1368; x_wconf 88' lang='lat' dir='ltr'><strong>ﬁne</strong></span> <span class='ocrx_word' id='word_1_230' title='bbox 2814 1319 2982 1378; x_wconf 86' lang='lat' dir='ltr'><strong>caret,</strong></span> <span class='ocrx_word' id='word_1_231' title='bbox 3030 1318 3089 1366; x_wconf 91' lang='lat' dir='ltr'><strong>ut</strong></span> <span class='ocrx_word' id='word_1_232' title='bbox 3123 1311 3176 1365; x_wconf 93' lang='lat' dir='ltr'><strong>in</strong></span> <span class='ocrx_word' id='word_1_233' title='bbox 3204 1310 3470 1366; x_wconf 86' lang='lat' dir='ltr'><strong>Psalmis:</strong></span> 
     </span>
    </p>
   </div>
   <div class='ocr_carea' id='block_1_28' title="bbox 1904 1401 3470 1467">
    <p class='ocr_par' dir='ltr' id='par_1_28' title="bbox 1904 1401 3470 1467">
     <span class='ocr_line' id='line_1_28' title="bbox 1904 1401 3470 1467; baseline -0.004 -8"><span class='ocrx_word' id='word_1_234' title='bbox 1904 1423 1923 1458; x_wconf 78' lang='grc' dir='ltr'><strong>ι</strong></span> <span class='ocrx_word' id='word_1_235' title='bbox 1960 1405 2356 1461; x_wconf 85' lang='lat' dir='ltr'><strong>Miscricordias</strong></span> <span class='ocrx_word' id='word_1_236' title='bbox 2405 1405 2617 1460; x_wconf 89' lang='lat' dir='ltr'><strong>Domini</strong></span> <span class='ocrx_word' id='word_1_237' title='bbox 2663 1405 2718 1459; x_wconf 90' lang='lat' dir='ltr'><strong>in</strong></span> <span class='ocrx_word' id='word_1_238' title='bbox 2765 1412 3026 1461; x_wconf 67' lang='lat' dir='ltr'><strong>aaternum</strong></span> <span class='ocrx_word' id='word_1_239' title='bbox 3077 1402 3309 1459; x_wconf 88' lang='lat' dir='ltr'><strong>cantabo</strong></span> <span class='ocrx_word' id='word_1_240' title='bbox 3351 1401 3418 1467; x_wconf 71' lang='lat'><strong>“,</strong></span> <span class='ocrx_word' id='word_1_241' title='bbox 3451 1421 3470 1453; x_wconf 75' lang='grc' dir='ltr'><strong>ι</strong></span> 
     </span>
    </p>
   </div>
   <div class='ocr_carea' id='block_1_29' title="bbox 1898 1494 3473 1568">
    <p class='ocr_par' dir='ltr' id='par_1_29' title="bbox 1898 1494 3473 1568">
     <span class='ocr_line' id='line_1_29' title="bbox 1898 1494 3473 1568; baseline -0.003 -16"><span class='ocrx_word' id='word_1_242' title='bbox 1898 1497 2043 1568; x_wconf 88' lang='lat' dir='ltr'><strong>quod</strong></span> <span class='ocrx_word' id='word_1_243' title='bbox 2070 1496 2226 1552; x_wconf 89' lang='lat' dir='ltr'><strong>electi</strong></span> <span class='ocrx_word' id='word_1_244' title='bbox 2261 1496 2662 1552; x_wconf 88' lang='lat' dir='ltr'><strong>misericordias</strong></span> <span class='ocrx_word' id='word_1_245' title='bbox 2689 1496 2902 1552; x_wconf 89' lang='lat' dir='ltr'><strong>Domini</strong></span> <span class='ocrx_word' id='word_1_246' title='bbox 2946 1502 3168 1551; x_wconf 89' lang='lat' dir='ltr'><strong>cantare</strong></span> <span class='ocrx_word' id='word_1_247' title='bbox 3195 1494 3473 1565; x_wconf 88' lang='lat' dir='ltr'><strong>incipient,</strong></span> 
     </span>
    </p>
   </div>
   <div class='ocr_carea' id='block_1_30' title="bbox 1900 1585 3477 1657">
    <p class='ocr_par' dir='ltr' id='par_1_30' title="bbox 1900 1585 3477 1657">
     <span class='ocr_line' id='line_1_30' title="bbox 1900 1585 3477 1657; baseline -0.003 -13"><span class='ocrx_word' id='word_1_248' title='bbox 1900 1587 1996 1644; x_wconf 90' lang='lat' dir='ltr'><strong>sed</strong></span> <span class='ocrx_word' id='word_1_249' title='bbox 2032 1603 2306 1657; x_wconf 90' lang='lat' dir='ltr'><strong>nunquam</strong></span> <span class='ocrx_word' id='word_1_250' title='bbox 2337 1587 2608 1644; x_wconf 86' lang='lat' dir='ltr'><strong>desinent.</strong></span> <span class='ocrx_word' id='word_1_251' title='bbox 2643 1585 2928 1653; x_wconf 85' lang='lat' dir='ltr'><strong>Etemum,</strong></span> <span class='ocrx_word' id='word_1_252' title='bbox 2971 1601 3072 1657; x_wconf 90' lang='lat' dir='ltr'><strong>pro</strong></span> <span class='ocrx_word' id='word_1_253' title='bbox 3099 1585 3351 1656; x_wconf 75' lang='lat' dir='ltr'><strong>przesenti</strong></span> <span class='ocrx_word' id='word_1_254' title='bbox 3379 1601 3477 1641; x_wconf 69' lang='lat' dir='ltr'><strong>sae-</strong></span> 
     </span>
    </p>
   </div>
   <div class='ocr_carea' id='block_1_31' title="bbox 1901 1676 3476 1749">
    <p class='ocr_par' dir='ltr' id='par_1_31' title="bbox 1901 1676 3476 1749">
     <span class='ocr_line' id='line_1_31' title="bbox 1901 1676 3476 1749; baseline -0.004 -12"><span class='ocrx_word' id='word_1_255' title='bbox 1901 1681 2048 1748; x_wconf 91' lang='lat' dir='ltr'><strong>culo,</strong></span> <span class='ocrx_word' id='word_1_256' title='bbox 2097 1690 2157 1736; x_wconf 91' lang='lat' dir='ltr'><strong>ut</strong></span> <span class='ocrx_word' id='word_1_257' title='bbox 2183 1681 2236 1737; x_wconf 94' lang='lat' dir='ltr'><strong>in</strong></span> <span class='ocrx_word' id='word_1_258' title='bbox 2267 1681 2478 1738; x_wconf 89' lang='lat' dir='ltr'><strong>cantico</strong></span> <span class='ocrx_word' id='word_1_259' title='bbox 2527 1679 2736 1736; x_wconf 80' lang='lat' dir='ltr'><strong>Exodi:</strong></span> <span class='ocrx_word' id='word_1_260' title='bbox 2799 1698 2819 1731; x_wconf 81' lang='grc' dir='ltr'><strong>ι</strong></span> <span class='ocrx_word' id='word_1_261' title='bbox 2847 1679 3108 1736; x_wconf 90' lang='lat' dir='ltr'><strong>Dominus</strong></span> <span class='ocrx_word' id='word_1_262' title='bbox 3144 1677 3394 1749; x_wconf 75' lang='lat' dir='ltr'><strong>regnabit</strong></span> <span class='ocrx_word' id='word_1_263' title='bbox 3421 1676 3476 1730; x_wconf 94' lang='lat' dir='ltr'><strong>in</strong></span> 
     </span>
    </p>
   </div>
   <div class='ocr_carea' id='block_1_32' title="bbox 1903 1767 3482 1840">
    <p class='ocr_par' dir='ltr' id='par_1_32' title="bbox 1903 1767 3482 1840">
     <span class='ocr_line' id='line_1_32' title="bbox 1903 1767 3482 1840; baseline -0.004 -12"><span class='ocrx_word' id='word_1_264' title='bbox 1903 1780 2166 1828; x_wconf 84' lang='lat' dir='ltr'><strong>aeternum</strong></span> <span class='ocrx_word' id='word_1_265' title='bbox 2187 1782 2243 1830; x_wconf 92' lang='lat' dir='ltr'><strong>et</strong></span> <span class='ocrx_word' id='word_1_266' title='bbox 2265 1772 2406 1829; x_wconf 91' lang='lat' dir='ltr'><strong>ultra</strong></span> <span class='ocrx_word' id='word_1_267' title='bbox 2435 1773 2504 1840; x_wconf 78' lang='grc'><strong>⁸⁸,</strong></span> <span class='ocrx_word' id='word_1_268' title='bbox 2542 1791 2560 1824; x_wconf 75' lang='grc' dir='ltr'><strong>ι</strong></span> <span class='ocrx_word' id='word_1_269' title='bbox 2597 1771 2651 1828; x_wconf 89' lang='lat' dir='ltr'><strong>id</strong></span> <span class='ocrx_word' id='word_1_270' title='bbox 2678 1778 2796 1837; x_wconf 82' lang='lat' dir='ltr'><strong>est,‘</strong></span> <span class='ocrx_word' id='word_1_271' title='bbox 2811 1771 2866 1826; x_wconf 90' lang='lat' dir='ltr'><strong>in</strong></span> <span class='ocrx_word' id='word_1_272' title='bbox 2894 1771 2997 1827; x_wconf 90' lang='lat' dir='ltr'><strong>hoc</strong></span> <span class='ocrx_word' id='word_1_273' title='bbox 3022 1768 3218 1827; x_wconf 76' lang='lat' dir='ltr'><strong>szeeulo</strong></span> <span class='ocrx_word' id='word_1_274' title='bbox 3245 1768 3375 1824; x_wconf 89' lang='lat' dir='ltr'><strong>etin</strong></span> <span class='ocrx_word' id='word_1_275' title='bbox 3399 1767 3482 1822; x_wconf 82' lang='lat' dir='ltr'><strong>fu-</strong></span> 
     </span>
    </p>
   </div>
   <div class='ocr_carea' id='block_1_33' title="bbox 216 1835 2048 1926">
    <p class='ocr_par' dir='ltr' id='par_1_33' title="bbox 216 1835 2048 1926">
     <span class='ocr_line' id='line_1_33' title="bbox 216 1835 2048 1926; baseline -0.002 -12"><span class='ocrx_word' id='word_1_276' title='bbox 216 1859 274 1914; x_wconf 87' lang='lat' dir='ltr'><strong>id</strong></span> <span class='ocrx_word' id='word_1_277' title='bbox 305 1868 408 1925; x_wconf 90' lang='grc' dir='ltr'><em>εει,</em></span> <span class='ocrx_word' id='word_1_278' title='bbox 434 1858 592 1912; x_wconf 87' lang='lat' dir='ltr'><strong>irruit</strong></span> <span class='ocrx_word' id='word_1_279' title='bbox 619 1858 671 1913; x_wconf 90' lang='lat' dir='ltr'><strong>in</strong></span> <span class='ocrx_word' id='word_1_280' title='bbox 701 1866 960 1913; x_wconf 62' lang='lat' dir='ltr'><strong>aeternam</strong></span> <span class='ocrx_word' id='word_1_281' title='bbox 985 1859 1405 1916; x_wconf 86' lang='lat' dir='ltr'><strong>damnationem.</strong></span> <span class='ocrx_word' id='word_1_282' title='bbox 1447 1858 1514 1912; x_wconf 89' lang='lat' dir='ltr'><strong>Et</strong></span> <span class='ocrx_word' id='word_1_283' title='bbox 1539 1857 1704 1913; x_wconf 90' lang='lat' dir='ltr'><strong>robur</strong></span> <span class='ocrx_word' id='word_1_284' title='bbox 1725 1859 1802 1912; x_wconf 86' lang='lat' dir='ltr'><strong>in-</strong></span> <span class='ocrx_word' id='word_1_285' title='bbox 1831 1835 1877 1895; x_wconf 77' lang='grc' dir='ltr'><strong>Β</strong></span> <span class='ocrx_word' id='word_1_286' title='bbox 1905 1879 2048 1926; x_wconf 66' lang='grc' dir='ltr'><em>ιιι-ο,</em></span> 
     </span>
    </p>
   </div>
   <div class='ocr_carea' id='block_1_34' title="bbox 217 1947 1804 2020">
    <p class='ocr_par' dir='ltr' id='par_1_34' title="bbox 217 1947 1804 2020">
     <span class='ocr_line' id='line_1_34' title="bbox 217 1947 1804 2020; baseline -0.001 -14"><span class='ocrx_word' id='word_1_287' title='bbox 217 1949 616 2020; x_wconf 90' lang='lat' dir='ltr'><strong>corruptionis,</strong></span> <span class='ocrx_word' id='word_1_288' title='bbox 664 1958 725 2004; x_wconf 90' lang='lat' dir='ltr'><strong>ut</strong></span> <span class='ocrx_word' id='word_1_289' title='bbox 759 1949 814 2004; x_wconf 92' lang='lat' dir='ltr'><strong>in</strong></span> <span class='ocrx_word' id='word_1_290' title='bbox 864 1949 1184 2006; x_wconf 83' lang='lat' dir='ltr'><strong>Ezechiele:</strong></span> <span class='ocrx_word' id='word_1_291' title='bbox 1228 1968 1246 2001; x_wconf 81' lang='grc' dir='ltr'><strong>ι</strong></span> <span class='ocrx_word' id='word_1_292' title='bbox 1283 1949 1424 2004; x_wconf 80' lang='lat' dir='ltr'><strong>Ecce</strong></span> <span class='ocrx_word' id='word_1_293' title='bbox 1472 1950 1596 2013; x_wconf 88' lang='lat' dir='ltr'><strong>vir,</strong></span> <span class='ocrx_word' id='word_1_294' title='bbox 1652 1947 1804 2016; x_wconf 89' lang='lat' dir='ltr'><strong>cujus</strong></span> 
     </span>
    </p>
   </div>
   <div class='ocr_carea' id='block_1_35' title="bbox 218 2039 1805 2113">
    <p class='ocr_par' dir='ltr' id='par_1_35' title="bbox 218 2039 1805 2113">
     <span class='ocr_line' id='line_1_35' title="bbox 218 2039 1805 2113; baseline -0.001 -18"><span class='ocrx_word' id='word_1_295' title='bbox 218 2041 386 2113; x_wconf 89' lang='lat' dir='ltr'><strong>(erat)</strong></span> <span class='ocrx_word' id='word_1_296' title='bbox 435 2040 666 2110; x_wconf 89' lang='lat' dir='ltr'><strong>species,</strong></span> <span class='ocrx_word' id='word_1_297' title='bbox 717 2041 872 2111; x_wconf 87' lang='lat' dir='ltr'><strong>quasi</strong></span> <span class='ocrx_word' id='word_1_298' title='bbox 911 2041 1120 2111; x_wconf 88' lang='lat' dir='ltr'><strong>species</strong></span> <span class='ocrx_word' id='word_1_299' title='bbox 1156 2041 1281 2097; x_wconf 81' lang='lat' dir='ltr'><strong>acris</strong></span> <span class='ocrx_word' id='word_1_300' title='bbox 1329 2041 1372 2107; x_wconf 82' lang='grc'><em>⁸,</em></span> <span class='ocrx_word' id='word_1_301' title='bbox 1403 2059 1422 2093; x_wconf 71' lang='grc' dir='ltr'><strong>ι</strong></span> <span class='ocrx_word' id='word_1_302' title='bbox 1469 2039 1612 2111; x_wconf 91' lang='lat' dir='ltr'><strong>quod</strong></span> <span class='ocrx_word' id='word_1_303' title='bbox 1649 2039 1805 2095; x_wconf 86' lang='lat' dir='ltr'><strong>Chri-</strong></span> 
     </span>
    </p>
   </div>
   <div class='ocr_carea' id='block_1_36' title="bbox 219 2131 1802 2204">
    <p class='ocr_par' dir='ltr' id='par_1_36' title="bbox 219 2131 1802 2204">
     <span class='ocr_line' id='line_1_36' title="bbox 219 2131 1802 2204; baseline -0.002 -15"><span class='ocrx_word' id='word_1_304' title='bbox 219 2143 342 2189; x_wconf 89' lang='lat' dir='ltr'><strong>stus</strong></span> <span class='ocrx_word' id='word_1_305' title='bbox 370 2134 518 2188; x_wconf 89' lang='lat' dir='ltr'><strong>omni</strong></span> <span class='ocrx_word' id='word_1_306' title='bbox 568 2131 885 2189; x_wconf 80' lang='lat' dir='ltr'><strong>fortitudine</strong></span> <span class='ocrx_word' id='word_1_307' title='bbox 915 2134 1335 2204; x_wconf 89' lang='lat' dir='ltr'><strong>ineorruptionis</strong></span> <span class='ocrx_word' id='word_1_308' title='bbox 1378 2133 1664 2189; x_wconf 88' lang='lat' dir='ltr'><strong>roboratus</strong></span> <span class='ocrx_word' id='word_1_309' title='bbox 1701 2140 1802 2188; x_wconf 90' lang='lat' dir='ltr'><strong>est.</strong></span> 
     </span>
    </p>
   </div>
   <div class='ocr_carea' id='block_1_37' title="bbox 218 2227 1808 2299">
    <p class='ocr_par' dir='ltr' id='par_1_37' title="bbox 218 2227 1808 2299">
     <span class='ocr_line' id='line_1_37' title="bbox 218 2227 1808 2299; baseline 0 -15"><span class='ocrx_word' id='word_1_310' title='bbox 218 2228 320 2294; x_wconf 73' lang='lat' dir='ltr'><strong>Es,</strong></span> <span class='ocrx_word' id='word_1_311' title='bbox 377 2229 675 2294; x_wconf 85' lang='lat' dir='ltr'><strong>roboratio,</strong></span> <span class='ocrx_word' id='word_1_312' title='bbox 722 2239 785 2284; x_wconf 91' lang='lat' dir='ltr'><strong>ut</strong></span> <span class='ocrx_word' id='word_1_313' title='bbox 809 2230 864 2284; x_wconf 90' lang='lat' dir='ltr'><strong>in</strong></span> <span class='ocrx_word' id='word_1_314' title='bbox 910 2228 1234 2284; x_wconf 87' lang='lat' dir='ltr'><strong>Ezechiele:</strong></span> <span class='ocrx_word' id='word_1_315' title='bbox 1295 2247 1314 2280; x_wconf 88' lang='grc'><em>‹</em></span> <span class='ocrx_word' id='word_1_316' title='bbox 1345 2227 1508 2296; x_wconf 87' lang='lat' dir='ltr'><strong>Quasi</strong></span> <span class='ocrx_word' id='word_1_317' title='bbox 1557 2236 1808 2299; x_wconf 89' lang='lat' dir='ltr'><strong>aspectus</strong></span> 
     </span>
    </p>
   </div>
   <div class='ocr_carea' id='block_1_38' title="bbox 220 2317 1733 2388">
    <p class='ocr_par' dir='ltr' id='par_1_38' title="bbox 220 2317 1733 2388">
     <span class='ocr_line' id='line_1_38' title="bbox 220 2317 1733 2388; baseline -0.001 -14"><span class='ocrx_word' id='word_1_318' title='bbox 220 2319 349 2374; x_wconf 69' lang='lat' dir='ltr'><strong>aeris</strong></span> <span class='ocrx_word' id='word_1_319' title='bbox 394 2317 681 2374; x_wconf 86' lang='lat' dir='ltr'><strong>candentis</strong></span> <span class='ocrx_word' id='word_1_320' title='bbox 705 2318 750 2386; x_wconf 83' lang='lat'><strong>&#39;,</strong></span> <span class='ocrx_word' id='word_1_321' title='bbox 783 2337 802 2372; x_wconf 83' lang='grc' dir='ltr'><strong>ι</strong></span> <span class='ocrx_word' id='word_1_322' title='bbox 836 2318 890 2374; x_wconf 89' lang='lat' dir='ltr'><strong>id</strong></span> <span class='ocrx_word' id='word_1_323' title='bbox 912 2326 1012 2383; x_wconf 89' lang='lat' dir='ltr'><strong>est,</strong></span> <span class='ocrx_word' id='word_1_324' title='bbox 1045 2318 1443 2388; x_wconf 64' lang='lat' dir='ltr'><strong>praedicationis</strong></span> <span class='ocrx_word' id='word_1_325' title='bbox 1472 2333 1733 2374; x_wconf 71' lang='lat' dir='ltr'><strong>accensaz.</strong></span> 
     </span>
    </p>
   </div>
   <div class='ocr_carea' id='block_1_39' title="bbox 293 2408 1804 2480">
    <p class='ocr_par' dir='ltr' id='par_1_39' title="bbox 293 2408 1804 2480">
     <span class='ocr_line' id='line_1_39' title="bbox 293 2408 1804 2480; baseline 0 -16"><span class='ocrx_word' id='word_1_326' title='bbox 293 2409 526 2474; x_wconf 75' lang='lat' dir='ltr'><strong>Escbon,</strong></span> <span class='ocrx_word' id='word_1_327' title='bbox 557 2408 824 2480; x_wconf 79' lang='lat' dir='ltr'><strong>cingulum</strong></span> <span class='ocrx_word' id='word_1_328' title='bbox 845 2411 1108 2474; x_wconf 74' lang='lat' dir='ltr'><strong>mmroris,</strong></span> <span class='ocrx_word' id='word_1_329' title='bbox 1133 2417 1188 2464; x_wconf 90' lang='lat' dir='ltr'><strong>et</strong></span> <span class='ocrx_word' id='word_1_330' title='bbox 1215 2416 1302 2465; x_wconf 86' lang='lat' dir='ltr'><strong>est</strong></span> <span class='ocrx_word' id='word_1_331' title='bbox 1329 2408 1569 2466; x_wconf 88' lang='lat' dir='ltr'><strong>Ecclesia</strong></span> <span class='ocrx_word' id='word_1_332' title='bbox 1598 2417 1804 2476; x_wconf 86' lang='lat' dir='ltr'><strong>sancta,</strong></span> 
     </span>
    </p>
   </div>
   <div class='ocr_carea' id='block_1_40' title="bbox 219 2499 1806 2570">
    <p class='ocr_par' dir='ltr' id='par_1_40' title="bbox 219 2499 1806 2570">
     <span class='ocr_line' id='line_1_40' title="bbox 219 2499 1806 2570; baseline 0.001 -15"><span class='ocrx_word' id='word_1_333' title='bbox 219 2508 286 2562; x_wconf 84' lang='grc' dir='ltr'><strong>ιιι</strong></span> <span class='ocrx_word' id='word_1_334' title='bbox 332 2501 388 2555; x_wconf 91' lang='lat' dir='ltr'><strong>in</strong></span> <span class='ocrx_word' id='word_1_335' title='bbox 426 2499 689 2556; x_wconf 79' lang='lat' dir='ltr'><strong>Cantica:</strong></span> <span class='ocrx_word' id='word_1_336' title='bbox 753 2517 772 2552; x_wconf 82' lang='grc' dir='ltr'><strong>ι</strong></span> <span class='ocrx_word' id='word_1_337' title='bbox 803 2499 954 2556; x_wconf 90' lang='lat' dir='ltr'><strong>Oculi</strong></span> <span class='ocrx_word' id='word_1_338' title='bbox 999 2499 1094 2555; x_wconf 71' lang='lat' dir='ltr'><strong>tui&#39;</strong></span> <span class='ocrx_word' id='word_1_339' title='bbox 1130 2500 1272 2556; x_wconf 81' lang='lat' dir='ltr'><strong>sicut</strong></span> <span class='ocrx_word' id='word_1_340' title='bbox 1307 2500 1526 2570; x_wconf 86' lang='lat' dir='ltr'><strong>piscinae</strong></span> <span class='ocrx_word' id='word_1_341' title='bbox 1571 2501 1626 2556; x_wconf 90' lang='lat' dir='ltr'><strong>in</strong></span> <span class='ocrx_word' id='word_1_342' title='bbox 1671 2499 1806 2557; x_wconf 85' lang='lat' dir='ltr'><strong>Ese-</strong></span> 
     </span>
    </p>
   </div>
   <div class='ocr_carea' id='block_1_41' title="bbox 221 2589 1805 2661">
    <p class='ocr_par' dir='ltr' id='par_1_41' title="bbox 221 2589 1805 2661">
     <span class='ocr_line' id='line_1_41' title="bbox 221 2589 1805 2661; baseline -0.002 -13"><span class='ocrx_word' id='word_1_343' title='bbox 221 2593 334 2648; x_wconf 88' lang='lat' dir='ltr'><strong>bon</strong></span> <span class='ocrx_word' id='word_1_344' title='bbox 365 2591 428 2656; x_wconf 77' lang='grc' dir='ltr'><strong>⁸ο,</strong></span> <span class='ocrx_word' id='word_1_345' title='bbox 469 2609 488 2643; x_wconf 78' lang='grc' dir='ltr'><strong>ι</strong></span> <span class='ocrx_word' id='word_1_346' title='bbox 541 2590 686 2660; x_wconf 89' lang='lat' dir='ltr'><strong>quod</strong></span> <span class='ocrx_word' id='word_1_347' title='bbox 729 2591 1112 2660; x_wconf 72' lang='lat' dir='ltr'><strong>prmdicatores</strong></span> <span class='ocrx_word' id='word_1_348' title='bbox 1154 2590 1434 2661; x_wconf 85' lang='lat' dir='ltr'><strong>baptizant</strong></span> <span class='ocrx_word' id='word_1_349' title='bbox 1460 2591 1516 2645; x_wconf 92' lang='lat' dir='ltr'><strong>in</strong></span> <span class='ocrx_word' id='word_1_350' title='bbox 1543 2589 1805 2646; x_wconf 90' lang='lat' dir='ltr'><strong>Ecclesia.</strong></span> 
     </span>
    </p>
   </div>
   <div class='ocr_carea' id='block_1_42' title="bbox 222 2677 1804 2752">
    <p class='ocr_par' dir='ltr' id='par_1_42' title="bbox 222 2677 1804 2752">
     <span class='ocr_line' id='line_1_42' title="bbox 222 2677 1804 2752; baseline -0.003 -14"><span class='ocrx_word' id='word_1_351' title='bbox 222 2682 458 2748; x_wconf 71' lang='lat' dir='ltr'><strong>Euhan,</strong></span> <span class='ocrx_word' id='word_1_352' title='bbox 514 2696 610 2738; x_wconf 88' lang='lat' dir='ltr'><strong>eor</strong></span> <span class='ocrx_word' id='word_1_353' title='bbox 661 2689 1039 2752; x_wconf 90' lang='lat' dir='ltr'><strong>compunctum</strong></span> <span class='ocrx_word' id='word_1_354' title='bbox 1065 2720 1082 2747; x_wconf 93' lang='lat'><strong>,</strong></span> <span class='ocrx_word' id='word_1_355' title='bbox 1138 2689 1198 2736; x_wconf 92' lang='lat' dir='ltr'><strong>ut</strong></span> <span class='ocrx_word' id='word_1_356' title='bbox 1247 2681 1303 2735; x_wconf 93' lang='lat' dir='ltr'><strong>in</strong></span> <span class='ocrx_word' id='word_1_357' title='bbox 1351 2679 1491 2735; x_wconf 89' lang='lat' dir='ltr'><strong>libro</strong></span> <span class='ocrx_word' id='word_1_358' title='bbox 1537 2677 1804 2735; x_wconf 81' lang='lat' dir='ltr'><strong>Numeri:</strong></span> 
     </span>
    </p>
   </div>
   <div class='ocr_carea' id='block_1_43' title="bbox 230 2771 1811 2845">
    <p class='ocr_par' dir='ltr' id='par_1_43' title="bbox 230 2771 1811 2845">
     <span class='ocr_line' id='line_1_43' title="bbox 230 2771 1811 2845; baseline 0.001 -19"><span class='ocrx_word' id='word_1_359' title='bbox 230 2793 250 2826; x_wconf 73' lang='grc' dir='ltr'><strong>ι</strong></span> <span class='ocrx_word' id='word_1_360' title='bbox 284 2773 429 2845; x_wconf 84' lang='lat' dir='ltr'><strong>Ignis</strong></span> <span class='ocrx_word' id='word_1_361' title='bbox 467 2787 718 2845; x_wconf 84' lang='lat' dir='ltr'><strong>egressus</strong></span> <span class='ocrx_word' id='word_1_362' title='bbox 740 2772 805 2828; x_wconf 90' lang='lat' dir='ltr'><strong>de</strong></span> <span class='ocrx_word' id='word_1_363' title='bbox 833 2772 1047 2828; x_wconf 88' lang='lat' dir='ltr'><strong>Esebon</strong></span> <span class='ocrx_word' id='word_1_364' title='bbox 1081 2772 1145 2839; x_wconf 81' lang='lat'><strong>“,</strong></span> <span class='ocrx_word' id='word_1_365' title='bbox 1184 2789 1203 2824; x_wconf 85' lang='grc' dir='ltr'><strong>ι</strong></span> <span class='ocrx_word' id='word_1_366' title='bbox 1237 2771 1292 2827; x_wconf 93' lang='lat' dir='ltr'><strong>id</strong></span> <span class='ocrx_word' id='word_1_367' title='bbox 1318 2781 1420 2837; x_wconf 87' lang='lat' dir='ltr'><strong>est,</strong></span> <span class='ocrx_word' id='word_1_368' title='bbox 1447 2785 1602 2828; x_wconf 91' lang='lat' dir='ltr'><strong>amor</strong></span> <span class='ocrx_word' id='word_1_369' title='bbox 1626 2771 1722 2827; x_wconf 89' lang='lat' dir='ltr'><strong>Dei</strong></span> <span class='ocrx_word' id='word_1_370' title='bbox 1743 2771 1811 2828; x_wconf 90' lang='lat' dir='ltr'><strong>de</strong></span> 
     </span>
    </p>
   </div>
   <div class='ocr_carea' id='block_1_44' title="bbox 226 2862 1020 2934">
    <p class='ocr_par' dir='ltr' id='par_1_44' title="bbox 226 2862 1020 2934">
     <span class='ocr_line' id='line_1_44' title="bbox 226 2862 1020 2934; baseline -0.001 -15"><span class='ocrx_word' id='word_1_371' title='bbox 226 2863 394 2920; x_wconf 86' lang='lat' dir='ltr'><strong>corde</strong></span> <span class='ocrx_word' id='word_1_372' title='bbox 421 2871 743 2934; x_wconf 83' lang='lat' dir='ltr'><strong>compuncto</strong></span> <span class='ocrx_word' id='word_1_373' title='bbox 773 2862 1020 2934; x_wconf 87' lang='lat' dir='ltr'><strong>procedit</strong></span> 
     </span>
    </p>
   </div>
   <div class='ocr_carea' id='block_1_45' title="bbox 302 2951 1814 3025">
    <p class='ocr_par' dir='ltr' id='par_1_45' title="bbox 302 2951 1814 3025">
     <span class='ocr_line' id='line_1_45' title="bbox 302 2951 1814 3025; baseline 0.001 -15"><span class='ocrx_word' id='word_1_374' title='bbox 302 2955 463 3023; x_wconf 73' lang='lat' dir='ltr'><strong>Esca,</strong></span> <span class='ocrx_word' id='word_1_375' title='bbox 498 2970 696 3025; x_wconf 89' lang='lat' dir='ltr'><strong>corpus</strong></span> <span class='ocrx_word' id='word_1_376' title='bbox 719 2954 942 3022; x_wconf 84' lang='lat' dir='ltr'><strong>Christi,</strong></span> <span class='ocrx_word' id='word_1_377' title='bbox 967 2963 1029 3010; x_wconf 89' lang='grc' dir='ltr'><strong>ιιι</strong></span> <span class='ocrx_word' id='word_1_378' title='bbox 1054 2955 1108 3010; x_wconf 91' lang='lat' dir='ltr'><strong>in</strong></span> <span class='ocrx_word' id='word_1_379' title='bbox 1147 2951 1377 3010; x_wconf 80' lang='lat' dir='ltr'><strong>Psalmis</strong></span> <span class='ocrx_word' id='word_1_380' title='bbox 1409 2972 1421 3008; x_wconf 93' lang='lat'><strong>:</strong></span> <span class='ocrx_word' id='word_1_381' title='bbox 1460 2973 1478 3006; x_wconf 83' lang='grc' dir='ltr'><strong>ι</strong></span> <span class='ocrx_word' id='word_1_382' title='bbox 1507 2953 1699 3010; x_wconf 84' lang='lat' dir='ltr'><strong>Escam</strong></span> <span class='ocrx_word' id='word_1_383' title='bbox 1722 2954 1814 3011; x_wconf 90' lang='lat' dir='ltr'><strong>de-</strong></span> 
     </span>
    </p>
   </div>
   <div class='ocr_carea' id='block_1_46' title="bbox 228 3047 1814 3113">
    <p class='ocr_par' dir='ltr' id='par_1_46' title="bbox 228 3047 1814 3113">
     <span class='ocr_line' id='line_1_46' title="bbox 228 3047 1814 3113; baseline 0 -9"><span class='ocrx_word' id='word_1_384' title='bbox 228 3048 309 3104; x_wconf 92' lang='lat' dir='ltr'><strong>dit</strong></span> <span class='ocrx_word' id='word_1_385' title='bbox 337 3047 727 3106; x_wconf 86' lang='lat' dir='ltr'><strong>timentibusse</strong></span> <span class='ocrx_word' id='word_1_386' title='bbox 767 3049 833 3113; x_wconf 82' lang='lat'><strong>“,</strong></span> <span class='ocrx_word' id='word_1_387' title='bbox 866 3067 885 3099; x_wconf 79' lang='grc' dir='ltr'><strong>ι</strong></span> <span class='ocrx_word' id='word_1_388' title='bbox 916 3047 969 3104; x_wconf 93' lang='lat' dir='ltr'><strong>id</strong></span> <span class='ocrx_word' id='word_1_389' title='bbox 994 3055 1099 3113; x_wconf 92' lang='lat' dir='ltr'><strong>est,</strong></span> <span class='ocrx_word' id='word_1_390' title='bbox 1127 3061 1346 3104; x_wconf 89' lang='lat' dir='ltr'><strong>carnem</strong></span> <span class='ocrx_word' id='word_1_391' title='bbox 1377 3061 1531 3102; x_wconf 88' lang='lat' dir='ltr'><strong>suam</strong></span> <span class='ocrx_word' id='word_1_392' title='bbox 1575 3047 1720 3104; x_wconf 90' lang='lat' dir='ltr'><strong>dedit</strong></span> <span class='ocrx_word' id='word_1_393' title='bbox 1745 3047 1814 3104; x_wconf 88' lang='lat' dir='ltr'><strong>iis</strong></span> 
     </span>
    </p>
   </div>
   <div class='ocr_carea' id='block_1_47' title="bbox 1972 1950 3478 2027">
    <p class='ocr_par' dir='ltr' id='par_1_47' title="bbox 1972 1950 3478 2027">
     <span class='ocr_line' id='line_1_47' title="bbox 1972 1950 3478 2027; baseline -0.007 -13"><span class='ocrx_word' id='word_1_394' title='bbox 1972 1957 2242 2027; x_wconf 84' lang='lat' dir='ltr'><strong>Ethiopia,</strong></span> <span class='ocrx_word' id='word_1_395' title='bbox 2272 1956 2502 2012; x_wconf 91' lang='lat' dir='ltr'><strong>mundus</strong></span> <span class='ocrx_word' id='word_1_396' title='bbox 2531 1954 2651 2021; x_wconf 89' lang='lat' dir='ltr'><strong>iste,</strong></span> <span class='ocrx_word' id='word_1_397' title='bbox 2679 1961 2737 2008; x_wconf 91' lang='lat' dir='ltr'><strong>ut</strong></span> <span class='ocrx_word' id='word_1_398' title='bbox 2760 1953 2814 2008; x_wconf 93' lang='lat' dir='ltr'><strong>in</strong></span> <span class='ocrx_word' id='word_1_399' title='bbox 2842 1951 2978 2009; x_wconf 80' lang='lat' dir='ltr'><strong>Job:</strong></span> <span class='ocrx_word' id='word_1_400' title='bbox 3025 1969 3044 2004; x_wconf 83' lang='grc' dir='ltr'><strong>ι</strong></span> <span class='ocrx_word' id='word_1_401' title='bbox 3079 1950 3196 2007; x_wconf 85' lang='lat' dir='ltr'><strong>Non</strong></span> <span class='ocrx_word' id='word_1_402' title='bbox 3227 1951 3478 2020; x_wconf 72' lang='lat' dir='ltr'><strong>adaequa-</strong></span> 
     </span>
    </p>
   </div>
   <div class='ocr_carea' id='block_1_48' title="bbox 1903 2039 3484 2118">
    <p class='ocr_par' dir='ltr' id='par_1_48' title="bbox 1903 2039 3484 2118">
     <span class='ocr_line' id='line_1_48' title="bbox 1903 2039 3484 2118; baseline -0.008 -12"><span class='ocrx_word' id='word_1_403' title='bbox 1903 2050 2050 2108; x_wconf 90' lang='lat' dir='ltr'><strong>bitur</strong></span> <span class='ocrx_word' id='word_1_404' title='bbox 2073 2048 2122 2104; x_wconf 90' lang='lat' dir='ltr'><strong>ei</strong></span> <span class='ocrx_word' id='word_1_405' title='bbox 2145 2047 2392 2118; x_wconf 89' lang='lat' dir='ltr'><strong>topazion</strong></span> <span class='ocrx_word' id='word_1_406' title='bbox 2418 2047 2484 2100; x_wconf 91' lang='lat' dir='ltr'><strong>de</strong></span> <span class='ocrx_word' id='word_1_407' title='bbox 2510 2044 2760 2112; x_wconf 88' lang='lat' dir='ltr'><strong>Ethiopia</strong></span> <span class='ocrx_word' id='word_1_408' title='bbox 2785 2042 2852 2108; x_wconf 79' lang='lat'><strong>’°,</strong></span> <span class='ocrx_word' id='word_1_409' title='bbox 2876 2061 2894 2095; x_wconf 79' lang='grc' dir='ltr'><strong>ι</strong></span> <span class='ocrx_word' id='word_1_410' title='bbox 2925 2041 3067 2112; x_wconf 89' lang='lat' dir='ltr'><strong>quod</strong></span> <span class='ocrx_word' id='word_1_411' title='bbox 3089 2040 3266 2096; x_wconf 89' lang='lat' dir='ltr'><strong>nullus</strong></span> <span class='ocrx_word' id='word_1_412' title='bbox 3290 2040 3355 2095; x_wconf 90' lang='lat' dir='ltr'><strong>de</strong></span> <span class='ocrx_word' id='word_1_413' title='bbox 3379 2039 3484 2095; x_wconf 92' lang='lat' dir='ltr'><strong>hoc</strong></span> 
     </span>
    </p>
   </div>
   <div class='ocr_carea' id='block_1_49' title="bbox 1904 2128 3483 2210">
    <p class='ocr_par' dir='ltr' id='par_1_49' title="bbox 1904 2128 3483 2210">
     <span class='ocr_line' id='line_1_49' title="bbox 1904 2128 3483 2210; baseline -0.01 -12"><span class='ocrx_word' id='word_1_414' title='bbox 1904 2141 2127 2206; x_wconf 89' lang='lat' dir='ltr'><strong>mundo,</strong></span> <span class='ocrx_word' id='word_1_415' title='bbox 2177 2136 2569 2210; x_wconf 89' lang='lat' dir='ltr'><strong>quantumlibet</strong></span> <span class='ocrx_word' id='word_1_416' title='bbox 2599 2133 2910 2206; x_wconf 87' lang='lat' dir='ltr'><strong>splendidus</strong></span> <span class='ocrx_word' id='word_1_417' title='bbox 2951 2131 3134 2197; x_wconf 86' lang='lat' dir='ltr'><strong>fuerit,</strong></span> <span class='ocrx_word' id='word_1_418' title='bbox 3181 2128 3483 2201; x_wconf 87' lang='lat' dir='ltr'><strong>comparari</strong></span> 
     </span>
    </p>
   </div>
   <div class='ocr_carea' id='block_1_50' title="bbox 1903 2221 3482 2306">
    <p class='ocr_par' dir='ltr' id='par_1_50' title="bbox 1903 2221 3482 2306">
     <span class='ocr_line' id='line_1_50' title="bbox 1903 2221 3482 2306; baseline -0.01 -17"><span class='ocrx_word' id='word_1_419' title='bbox 1903 2241 2082 2306; x_wconf 87' lang='lat' dir='ltr'><strong>potest</strong></span> <span class='ocrx_word' id='word_1_420' title='bbox 2132 2230 2375 2292; x_wconf 88' lang='lat' dir='ltr'><strong>Christo,</strong></span> <span class='ocrx_word' id='word_1_421' title='bbox 2425 2228 2518 2298; x_wconf 93' lang='lat' dir='ltr'><strong>qui</strong></span> <span class='ocrx_word' id='word_1_422' title='bbox 2551 2236 2634 2282; x_wconf 92' lang='lat' dir='ltr'><strong>est</strong></span> <span class='ocrx_word' id='word_1_423' title='bbox 2662 2225 2840 2281; x_wconf 90' lang='lat' dir='ltr'><strong>Patris</strong></span> <span class='ocrx_word' id='word_1_424' title='bbox 2873 2223 3155 2295; x_wconf 89' lang='lat' dir='ltr'><strong>sapientia.</strong></span> <span class='ocrx_word' id='word_1_425' title='bbox 3209 2221 3482 2292; x_wconf 79' lang='lat' dir='ltr'><strong>Ethiopia,</strong></span> 
     </span>
    </p>
   </div>
   <div class='ocr_carea' id='block_1_51' title="bbox 1905 2311 3484 2395">
    <p class='ocr_par' dir='ltr' id='par_1_51' title="bbox 1905 2311 3484 2395">
     <span class='ocr_line' id='line_1_51' title="bbox 1905 2311 3484 2395; baseline -0.01 -17"><span class='ocrx_word' id='word_1_426' title='bbox 1905 2321 2202 2395; x_wconf 84' lang='lat' dir='ltr'><strong>gentilitas,</strong></span> <span class='ocrx_word' id='word_1_427' title='bbox 2227 2327 2290 2375; x_wconf 91' lang='lat' dir='ltr'><strong>ut</strong></span> <span class='ocrx_word' id='word_1_428' title='bbox 2315 2319 2366 2373; x_wconf 91' lang='lat' dir='ltr'><strong>in</strong></span> <span class='ocrx_word' id='word_1_429' title='bbox 2392 2316 2663 2374; x_wconf 89' lang='lat' dir='ltr'><strong>Psalmis:</strong></span> <span class='ocrx_word' id='word_1_430' title='bbox 2711 2333 2731 2366; x_wconf 77' lang='grc' dir='ltr'><strong>ι</strong></span> <span class='ocrx_word' id='word_1_431' title='bbox 2767 2314 3016 2384; x_wconf 88' lang='lat' dir='ltr'><strong>Ethiopia</strong></span> <span class='ocrx_word' id='word_1_432' title='bbox 3050 2311 3342 2383; x_wconf 72' lang='lat' dir='ltr'><strong>praeveniet</strong></span> <span class='ocrx_word' id='word_1_433' title='bbox 3370 2325 3484 2364; x_wconf 83' lang='lat' dir='ltr'><strong>ma-</strong></span> 
     </span>
    </p>
   </div>
   <div class='ocr_carea' id='block_1_52' title="bbox 1906 2401 3481 2482">
    <p class='ocr_par' dir='ltr' id='par_1_52' title="bbox 1906 2401 3481 2482">
     <span class='ocr_line' id='line_1_52' title="bbox 1906 2401 3481 2482; baseline -0.01 -15"><span class='ocrx_word' id='word_1_434' title='bbox 1906 2427 2008 2468; x_wconf 89' lang='lat' dir='ltr'><strong>nus</strong></span> <span class='ocrx_word' id='word_1_435' title='bbox 2036 2410 2153 2482; x_wconf 86' lang='lat' dir='ltr'><strong>ejus</strong></span> <span class='ocrx_word' id='word_1_436' title='bbox 2179 2409 2291 2464; x_wconf 92' lang='lat' dir='ltr'><strong>Deo</strong></span> <span class='ocrx_word' id='word_1_437' title='bbox 2319 2407 2388 2473; x_wconf 75' lang='grc'><em>³⁷,</em></span> <span class='ocrx_word' id='word_1_438' title='bbox 2423 2426 2442 2460; x_wconf 80' lang='grc' dir='ltr'><strong>ι</strong></span> <span class='ocrx_word' id='word_1_439' title='bbox 2473 2407 2616 2468; x_wconf 82' lang='lat' dir='ltr'><strong>quod</strong></span> <span class='ocrx_word' id='word_1_440' title='bbox 2641 2404 2868 2477; x_wconf 89' lang='lat' dir='ltr'><strong>populus</strong></span> <span class='ocrx_word' id='word_1_441' title='bbox 2894 2401 3150 2459; x_wconf 82' lang='lat' dir='ltr'><strong>Judaieus</strong></span> <span class='ocrx_word' id='word_1_442' title='bbox 3171 2403 3481 2473; x_wconf 82' lang='lat' dir='ltr'><strong>praeveniet.</strong></span> 
     </span>
    </p>
   </div>
   <div class='ocr_carea' id='block_1_53' title="bbox 1906 2491 3483 2572">
    <p class='ocr_par' dir='ltr' id='par_1_53' title="bbox 1906 2491 3483 2572">
     <span class='ocr_line' id='line_1_53' title="bbox 1906 2491 3483 2572; baseline -0.006 -16"><span class='ocrx_word' id='word_1_443' title='bbox 1906 2499 2180 2572; x_wconf 78' lang='lat' dir='ltr'><strong>Ethiopia,</strong></span> <span class='ocrx_word' id='word_1_444' title='bbox 2217 2507 2391 2556; x_wconf 77' lang='lat' dir='ltr'><strong>ctetus</strong></span> <span class='ocrx_word' id='word_1_445' title='bbox 2412 2496 2798 2569; x_wconf 84' lang='lat' dir='ltr'><strong>reprohorum,</strong></span> <span class='ocrx_word' id='word_1_446' title='bbox 2831 2494 2965 2550; x_wconf 86' lang='lat' dir='ltr'><strong>utin</strong></span> <span class='ocrx_word' id='word_1_447' title='bbox 2995 2493 3250 2549; x_wconf 80' lang='lat' dir='ltr'><strong>Habacue</strong></span> <span class='ocrx_word' id='word_1_448' title='bbox 3276 2510 3288 2546; x_wconf 93' lang='lat'><strong>:</strong></span> <span class='ocrx_word' id='word_1_449' title='bbox 3327 2509 3344 2544; x_wconf 82' lang='grc' dir='ltr'><strong>ι</strong></span> <span class='ocrx_word' id='word_1_450' title='bbox 3376 2491 3483 2546; x_wconf 88' lang='lat' dir='ltr'><strong>Pro</strong></span> 
     </span>
    </p>
   </div>
   <div class='ocr_carea' id='block_1_54' title="bbox 1907 2583 3484 2662">
    <p class='ocr_par' dir='ltr' id='par_1_54' title="bbox 1907 2583 3484 2662">
     <span class='ocr_line' id='line_1_54' title="bbox 1907 2583 3484 2662; baseline -0.008 -14"><span class='ocrx_word' id='word_1_451' title='bbox 1907 2592 2193 2662; x_wconf 88' lang='lat' dir='ltr'><strong>iniquitate</strong></span> <span class='ocrx_word' id='word_1_452' title='bbox 2225 2590 2334 2645; x_wconf 91' lang='lat' dir='ltr'><strong>vidi</strong></span> <span class='ocrx_word' id='word_1_453' title='bbox 2371 2589 2604 2646; x_wconf 88' lang='lat' dir='ltr'><strong>tentoria</strong></span> <span class='ocrx_word' id='word_1_454' title='bbox 2641 2585 2934 2657; x_wconf 69' lang='lat' dir='ltr'><strong>Ethiopia:</strong></span> <span class='ocrx_word' id='word_1_455' title='bbox 2957 2584 3026 2652; x_wconf 79' lang='grc'><em>³⁸,</em></span> <span class='ocrx_word' id='word_1_456' title='bbox 3059 2603 3079 2638; x_wconf 81' lang='grc' dir='ltr'><strong>ι</strong></span> <span class='ocrx_word' id='word_1_457' title='bbox 3114 2583 3170 2639; x_wconf 90' lang='lat' dir='ltr'><strong>id</strong></span> <span class='ocrx_word' id='word_1_458' title='bbox 3198 2589 3302 2650; x_wconf 89' lang='lat' dir='ltr'><strong>est,</strong></span> <span class='ocrx_word' id='word_1_459' title='bbox 3351 2597 3484 2638; x_wconf 91' lang='lat' dir='ltr'><strong>con-</strong></span> 
     </span>
    </p>
   </div>
   <div class='ocr_carea' id='block_1_55' title="bbox 1907 2670 3482 2750">
    <p class='ocr_par' dir='ltr' id='par_1_55' title="bbox 1907 2670 3482 2750">
     <span class='ocr_line' id='line_1_55' title="bbox 1907 2670 3482 2750; baseline -0.006 -15"><span class='ocrx_word' id='word_1_460' title='bbox 1907 2677 2197 2750; x_wconf 88' lang='lat' dir='ltr'><strong>templatus</strong></span> <span class='ocrx_word' id='word_1_461' title='bbox 2223 2692 2345 2732; x_wconf 88' lang='lat' dir='ltr'><strong>sum</strong></span> <span class='ocrx_word' id='word_1_462' title='bbox 2383 2675 2739 2734; x_wconf 78' lang='lat' dir='ltr'><strong>latitudinem</strong></span> <span class='ocrx_word' id='word_1_463' title='bbox 2766 2672 3124 2746; x_wconf 87' lang='lat' dir='ltr'><strong>reproborum</strong></span> <span class='ocrx_word' id='word_1_464' title='bbox 3156 2686 3256 2744; x_wconf 91' lang='lat' dir='ltr'><strong>pro</strong></span> <span class='ocrx_word' id='word_1_465' title='bbox 3283 2670 3482 2742; x_wconf 90' lang='lat' dir='ltr'><strong>iniqui-</strong></span> 
     </span>
    </p>
   </div>
   <div class='ocr_carea' id='block_1_56' title="bbox 1910 2766 2515 2825">
    <p class='ocr_par' dir='ltr' id='par_1_56' title="bbox 1910 2766 2515 2825">
     <span class='ocr_line' id='line_1_56' title="bbox 1910 2766 2515 2825; baseline -0.01 0"><span class='ocrx_word' id='word_1_466' title='bbox 1910 2777 2019 2825; x_wconf 87' lang='lat' dir='ltr'><strong>tate</strong></span> <span class='ocrx_word' id='word_1_467' title='bbox 2044 2781 2163 2822; x_wconf 91' lang='lat' dir='ltr'><strong>esse</strong></span> <span class='ocrx_word' id='word_1_468' title='bbox 2183 2766 2515 2822; x_wconf 87' lang='lat' dir='ltr'><strong>damnatam.</strong></span> 
     </span>
    </p>
   </div>
   <div class='ocr_carea' id='block_1_57' title="bbox 1979 2849 3484 2926">
    <p class='ocr_par' dir='ltr' id='par_1_57' title="bbox 1979 2849 3484 2926">
     <span class='ocr_line' id='line_1_57' title="bbox 1979 2849 3484 2926; baseline -0.003 -16"><span class='ocrx_word' id='word_1_469' title='bbox 1979 2855 2228 2926; x_wconf 78' lang='lat' dir='ltr'><strong>Ethiopes</strong></span> <span class='ocrx_word' id='word_1_470' title='bbox 2258 2863 2386 2910; x_wconf 87' lang='lat' dir='ltr'><strong>sunt</strong></span> <span class='ocrx_word' id='word_1_471' title='bbox 2431 2862 2761 2924; x_wconf 88' lang='lat' dir='ltr'><strong>peceatores,</strong></span> <span class='ocrx_word' id='word_1_472' title='bbox 2809 2859 2871 2908; x_wconf 90' lang='grc' dir='ltr'><strong>ιιι</strong></span> <span class='ocrx_word' id='word_1_473' title='bbox 2901 2852 2956 2908; x_wconf 89' lang='lat' dir='ltr'><strong>in</strong></span> <span class='ocrx_word' id='word_1_474' title='bbox 3005 2850 3274 2906; x_wconf 87' lang='lat' dir='ltr'><strong>Psalmis:</strong></span> <span class='ocrx_word' id='word_1_475' title='bbox 3326 2868 3344 2902; x_wconf 80' lang='grc' dir='ltr'><strong>ι</strong></span> <span class='ocrx_word' id='word_1_476' title='bbox 3378 2849 3484 2906; x_wconf 62' lang='grc' dir='ltr'><strong>(ιο-</strong></span> 
     </span>
    </p>
   </div>
   <div class='ocr_carea' id='block_1_58' title="bbox 1909 2939 3532 3015">
    <p class='ocr_par' dir='ltr' id='par_1_58' title="bbox 1909 2939 3532 3015">
     <span class='ocr_line' id='line_1_58' title="bbox 1909 2939 3532 3015; baseline -0.006 -13"><span class='ocrx_word' id='word_1_477' title='bbox 1909 2960 2025 3002; x_wconf 88' lang='lat' dir='ltr'><strong>ram</strong></span> <span class='ocrx_word' id='word_1_478' title='bbox 2052 2943 2143 3000; x_wconf 92' lang='lat' dir='ltr'><strong>illo</strong></span> <span class='ocrx_word' id='word_1_479' title='bbox 2186 2942 2744 3015; x_wconf 86' lang='lat' dir='ltr'><strong>procidentEthiopes</strong></span> <span class='ocrx_word' id='word_1_480' title='bbox 2771 2940 2840 3007; x_wconf 81' lang='lat'><strong>&quot;,</strong></span> <span class='ocrx_word' id='word_1_481' title='bbox 2873 2959 2894 2994; x_wconf 79' lang='grc' dir='ltr'><strong>ι</strong></span> <span class='ocrx_word' id='word_1_482' title='bbox 2942 2939 2998 2996; x_wconf 90' lang='lat' dir='ltr'><strong>id</strong></span> <span class='ocrx_word' id='word_1_483' title='bbox 3025 2947 3128 3008; x_wconf 90' lang='lat' dir='ltr'><strong>est,</strong></span> <span class='ocrx_word' id='word_1_484' title='bbox 3180 2939 3491 3011; x_wconf 65' lang='lat' dir='ltr'><strong>paenitendo</strong></span> <span class='ocrx_word' id='word_1_485' title='bbox 3529 2984 3532 2986; x_wconf 53' lang='grc' dir='ltr'><em>η</em></span> 
     </span>
    </p>
   </div>
   <div class='ocr_carea' id='block_1_59' title="bbox 1909 3038 3000 3104">
    <p class='ocr_par' dir='ltr' id='par_1_59' title="bbox 1909 3038 3000 3104">
     <span class='ocr_line' id='line_1_59' title="bbox 1909 3038 3000 3104; baseline -0.009 -12"><span class='ocrx_word' id='word_1_486' title='bbox 1909 3049 2096 3092; x_wconf 71' lang='lat' dir='ltr'><strong>coram</strong></span> <span class='ocrx_word' id='word_1_487' title='bbox 2123 3048 2187 3089; x_wconf 75' lang='grc' dir='ltr'>ΘΟ</span> <span class='ocrx_word' id='word_1_488' title='bbox 2214 3039 2558 3104; x_wconf 87' lang='lat' dir='ltr'><strong>prosternent</strong></span> <span class='ocrx_word' id='word_1_489' title='bbox 2585 3046 2642 3087; x_wconf 92' lang='lat' dir='ltr'><strong>se</strong></span> <span class='ocrx_word' id='word_1_490' title='bbox 2666 3038 3000 3102; x_wconf 88' lang='lat' dir='ltr'><strong>peccatores.</strong></span> 
     </span>
    </p>
   </div>
   <div class='ocr_carea' id='block_1_60' title="bbox 227 3137 1881 3210">
    <p class='ocr_par' dir='ltr' id='par_1_60' title="bbox 227 3137 1881 3210">
     <span class='ocr_line' id='line_1_60' title="bbox 227 3137 1881 3210; baseline 0.002 -19"><span class='ocrx_word' id='word_1_491' title='bbox 227 3137 323 3208; x_wconf 86' lang='lat' dir='ltr'><strong>qui</strong></span> <span class='ocrx_word' id='word_1_492' title='bbox 351 3138 543 3192; x_wconf 89' lang='lat' dir='ltr'><strong>timent</strong></span> <span class='ocrx_word' id='word_1_493' title='bbox 571 3152 714 3192; x_wconf 89' lang='lat' dir='ltr'><strong>eum.</strong></span> <span class='ocrx_word' id='word_1_494' title='bbox 745 3137 883 3193; x_wconf 81' lang='lat' dir='ltr'><strong>Esca</strong></span> <span class='ocrx_word' id='word_1_495' title='bbox 907 3137 1130 3195; x_wconf 81' lang='lat' dir='ltr'><strong>refectio</strong></span> <span class='ocrx_word' id='word_1_496' title='bbox 1150 3137 1341 3210; x_wconf 81' lang='lat' dir='ltr'><strong>patriae</strong></span> <span class='ocrx_word' id='word_1_497' title='bbox 1371 3137 1628 3204; x_wconf 82' lang='lat' dir='ltr'><strong>caelestis,</strong></span> <span class='ocrx_word' id='word_1_498' title='bbox 1671 3145 1732 3194; x_wconf 91' lang='lat' dir='ltr'><strong>ut</strong></span> <span class='ocrx_word' id='word_1_499' title='bbox 1754 3138 1810 3194; x_wconf 90' lang='lat' dir='ltr'><strong>in</strong></span> <span class='ocrx_word' id='word_1_500' title='bbox 1838 3181 1881 3210; x_wconf 58' lang='grc' dir='ltr'><em>,η</em></span> 
     </span>
    </p>
   </div>
   <div class='ocr_carea' id='block_1_61' title="bbox 227 3211 1804 3301">
    <p class='ocr_par' dir='ltr' id='par_1_61' title="bbox 227 3213 1804 3301">
     <span class='ocr_line' id='line_1_61' title="bbox 227 3213 1804 3301; baseline 0 -17"><span class='ocrx_word' id='word_1_501' title='bbox 227 3229 371 3286; x_wconf 87' lang='lat' dir='ltr'><strong>Job:</strong></span> <span class='ocrx_word' id='word_1_502' title='bbox 401 3247 419 3281; x_wconf 83' lang='grc' dir='ltr'><strong>ι</strong></span> <span class='ocrx_word' id='word_1_503' title='bbox 439 3213 566 3285; x_wconf 75' lang='grc' dir='ltr'><em>Ιιιὰε</em></span> <span class='ocrx_word' id='word_1_504' title='bbox 586 3229 981 3300; x_wconf 90' lang='lat' dir='ltr'><strong>contemplatur</strong></span> <span class='ocrx_word' id='word_1_505' title='bbox 999 3244 1181 3286; x_wconf 88' lang='lat' dir='ltr'><strong>escam</strong></span> <span class='ocrx_word' id='word_1_506' title='bbox 1198 3231 1262 3297; x_wconf 79' lang='grc'><em>³³,</em></span> <span class='ocrx_word' id='word_1_507' title='bbox 1295 3251 1313 3282; x_wconf 72' lang='grc' dir='ltr'><strong>ι</strong></span> <span class='ocrx_word' id='word_1_508' title='bbox 1339 3231 1481 3301; x_wconf 90' lang='lat' dir='ltr'><strong>quod</strong></span> <span class='ocrx_word' id='word_1_509' title='bbox 1505 3230 1804 3300; x_wconf 84' lang='lat' dir='ltr'><strong>speculatur</strong></span> 
     </span>
    </p>
   </div>
   <div class='ocr_carea' id='block_1_62' title="bbox 1918 3211 3494 3301">
    <p class='ocr_par' dir='ltr' id='par_1_62' title="bbox 1918 3211 3494 3279">
     <span class='ocr_line' id='line_1_62' title="bbox 1918 3211 3494 3279; baseline -0.003 -9"><span class='ocrx_word' id='word_1_510' title='bbox 1918 3223 2041 3271; x_wconf 91' lang='lat' dir='ltr'><strong>runt</strong></span> <span class='ocrx_word' id='word_1_511' title='bbox 2068 3228 2258 3270; x_wconf 91' lang='lat' dir='ltr'><strong>vocem</strong></span> <span class='ocrx_word' id='word_1_512' title='bbox 2295 3213 2565 3268; x_wconf 68' lang='lat' dir='ltr'><strong>esactoris</strong></span> <span class='ocrx_word' id='word_1_513' title='bbox 2601 3211 2668 3279; x_wconf 81' lang='grc' dir='ltr'><strong>³ο,</strong></span> <span class='ocrx_word' id='word_1_514' title='bbox 2705 3229 2723 3264; x_wconf 85' lang='grc' dir='ltr'><strong>ι</strong></span> <span class='ocrx_word' id='word_1_515' title='bbox 2777 3211 2831 3266; x_wconf 90' lang='lat' dir='ltr'><strong>id</strong></span> <span class='ocrx_word' id='word_1_516' title='bbox 2859 3218 2981 3277; x_wconf 91' lang='lat' dir='ltr'><strong>est,</strong></span> <span class='ocrx_word' id='word_1_517' title='bbox 3041 3226 3150 3266; x_wconf 91' lang='lat' dir='ltr'><strong>non</strong></span> <span class='ocrx_word' id='word_1_518' title='bbox 3196 3225 3494 3266; x_wconf 89' lang='lat' dir='ltr'><strong>consense-</strong></span> 
     </span>
    </p>
   </div>
   <div class='ocr_carea' id='block_1_63' title="bbox 228 3300 3496 3392">
    <p class='ocr_par' dir='ltr' id='par_1_63' title="bbox 228 3300 3496 3392">
     <span class='ocr_line' id='line_1_63' title="bbox 228 3300 3496 3392; baseline -0.002 -18"><span class='ocrx_word' id='word_1_519' title='bbox 228 3328 435 3392; x_wconf 88' lang='lat' dir='ltr'><strong>quanta</strong></span> <span class='ocrx_word' id='word_1_520' title='bbox 466 3327 550 3374; x_wconf 93' lang='lat' dir='ltr'><strong>est</strong></span> <span class='ocrx_word' id='word_1_521' title='bbox 573 3320 794 3375; x_wconf 85' lang='lat' dir='ltr'><strong>satietas</strong></span> <span class='ocrx_word' id='word_1_522' title='bbox 832 3321 886 3374; x_wconf 92' lang='lat' dir='ltr'><strong>in</strong></span> <span class='ocrx_word' id='word_1_523' title='bbox 909 3320 1067 3376; x_wconf 65' lang='lat' dir='ltr'><strong>casio.</strong></span> <span class='ocrx_word' id='word_1_524' title='bbox 1094 3320 1254 3387; x_wconf 76' lang='lat' dir='ltr'><strong>Esca,</strong></span> <span class='ocrx_word' id='word_1_525' title='bbox 1284 3300 1514 3392; x_wconf 78' lang='lat' dir='ltr'><strong>simplex</strong></span> <span class='ocrx_word' id='word_1_526' title='bbox 1542 3321 1811 3388; x_wconf 87' lang='lat' dir='ltr'><strong>doctrina,</strong></span> <span class='ocrx_word' id='word_1_527' title='bbox 1913 3315 2042 3364; x_wconf 74' lang='grc' dir='ltr'><strong>ιὐῐη</strong></span> <span class='ocrx_word' id='word_1_528' title='bbox 2071 3304 2397 3378; x_wconf 73' lang='grc' dir='ltr'><strong>δυεεθειῖοηί</strong></span> <span class='ocrx_word' id='word_1_529' title='bbox 2429 3302 2626 3359; x_wconf 60' lang='lat' dir='ltr'><strong>diam“</strong></span> <span class='ocrx_word' id='word_1_530' title='bbox 2657 3302 2958 3358; x_wconf 64' lang='grc' dir='ltr'><strong>ῑθηῑίηοτίεο</strong></span> <span class='ocrx_word' id='word_1_531' title='bbox 3001 3300 3268 3367; x_wconf 60' lang='lat' dir='ltr'><strong>Emam&quot;</strong></span> <span class='ocrx_word' id='word_1_532' title='bbox 3295 3316 3496 3392; x_wconf 54' lang='grc' dir='ltr'><em>οοιιεψ</em></span> 
     </span>
    </p>
   </div>
   <div class='ocr_carea' id='block_1_64' title="bbox 229 3391 3495 3484">
    <p class='ocr_par' dir='ltr' id='par_1_64' title="bbox 229 3391 3495 3484">
     <span class='ocr_line' id='line_1_64' title="bbox 229 3391 3495 3484; baseline -0.007 -18"><span class='ocrx_word' id='word_1_533' title='bbox 229 3391 294 3466; x_wconf 80' lang='grc' dir='ltr'><strong>ιιι</strong></span> <span class='ocrx_word' id='word_1_534' title='bbox 340 3412 397 3466; x_wconf 91' lang='lat' dir='ltr'><strong>in</strong></span> <span class='ocrx_word' id='word_1_535' title='bbox 438 3410 708 3466; x_wconf 85' lang='lat' dir='ltr'><strong>Psalmis:</strong></span> <span class='ocrx_word' id='word_1_536' title='bbox 763 3430 782 3463; x_wconf 75' lang='grc' dir='ltr'><strong>ι</strong></span> <span class='ocrx_word' id='word_1_537' title='bbox 827 3410 929 3478; x_wconf 87' lang='lat' dir='ltr'><strong>Qui</strong></span> <span class='ocrx_word' id='word_1_538' title='bbox 975 3412 1068 3468; x_wconf 88' lang='lat' dir='ltr'><strong>dat</strong></span> <span class='ocrx_word' id='word_1_539' title='bbox 1107 3391 1610 3484; x_wconf 18' lang='lat' dir='ltr'><strong>jumentisiescam</strong></span> <span class='ocrx_word' id='word_1_540' title='bbox 1665 3413 1810 3482; x_wconf 86' lang='lat' dir='ltr'><strong>ipso-</strong></span> <span class='ocrx_word' id='word_1_541' title='bbox 1911 3398 2175 3472; x_wconf 88' lang='lat' dir='ltr'><strong>piscentia</strong></span> <span class='ocrx_word' id='word_1_542' title='bbox 2217 3396 2442 3463; x_wconf 88' lang='lat' dir='ltr'><strong>ventris,</strong></span> <span class='ocrx_word' id='word_1_543' title='bbox 2489 3403 2550 3450; x_wconf 92' lang='lat' dir='ltr'><strong>ut</strong></span> <span class='ocrx_word' id='word_1_544' title='bbox 2581 3395 2636 3450; x_wconf 92' lang='lat' dir='ltr'><strong>in</strong></span> <span class='ocrx_word' id='word_1_545' title='bbox 2659 3392 2799 3450; x_wconf 80' lang='lat' dir='ltr'><strong>Job:</strong></span> <span class='ocrx_word' id='word_1_546' title='bbox 2840 3411 2858 3484; x_wconf 78' lang='grc' dir='ltr'><strong>ι</strong></span> <span class='ocrx_word' id='word_1_547' title='bbox 2893 3392 3197 3484; x_wconf 84' lang='lat' dir='ltr'><strong>Clamorem</strong></span> <span class='ocrx_word' id='word_1_548' title='bbox 3225 3391 3495 3484; x_wconf 84' lang='lat' dir='ltr'><strong>exactoris</strong></span> 
     </span>
    </p>
   </div>
   <div class='ocr_carea' id='block_1_65' title="bbox 1982 3117 3582 3188">
    <p class='ocr_par' dir='ltr' id='par_1_65' title="bbox 1982 3117 3582 3188">
     <span class='ocr_line' id='line_1_65' title="bbox 1982 3117 3582 3188; baseline -0.004 -7"><span class='ocrx_word' id='word_1_549' title='bbox 1982 3124 2218 3181; x_wconf 72' lang='lat' dir='ltr'><strong>Exaclor</strong></span> <span class='ocrx_word' id='word_1_550' title='bbox 2239 3132 2324 3179; x_wconf 89' lang='lat' dir='ltr'><strong>est</strong></span> <span class='ocrx_word' id='word_1_551' title='bbox 2351 3121 2596 3179; x_wconf 88' lang='lat' dir='ltr'><strong>diabolus</strong></span> <span class='ocrx_word' id='word_1_552' title='bbox 2615 3161 2630 3188; x_wconf 96' lang='lat'><strong>,</strong></span> <span class='ocrx_word' id='word_1_553' title='bbox 2680 3130 2741 3177; x_wconf 90' lang='lat' dir='ltr'><strong>ut</strong></span> <span class='ocrx_word' id='word_1_554' title='bbox 2787 3121 2843 3176; x_wconf 91' lang='lat' dir='ltr'><strong>in</strong></span> <span class='ocrx_word' id='word_1_555' title='bbox 2867 3119 2967 3176; x_wconf 84' lang='lat' dir='ltr'><strong>Job</strong></span> <span class='ocrx_word' id='word_1_556' title='bbox 2993 3137 3006 3175; x_wconf 92' lang='lat'><strong>:</strong></span> <span class='ocrx_word' id='word_1_557' title='bbox 3043 3137 3062 3173; x_wconf 82' lang='grc' dir='ltr'><strong>ι</strong></span> <span class='ocrx_word' id='word_1_558' title='bbox 3091 3118 3211 3175; x_wconf 80' lang='lat' dir='ltr'><strong>Non</strong></span> <span class='ocrx_word' id='word_1_559' title='bbox 3236 3118 3496 3175; x_wconf 81' lang='lat' dir='ltr'><strong>exaudie-</strong></span> <span class='ocrx_word' id='word_1_560' title='bbox 3577 3117 3582 3124; x_wconf 83' lang='grc'><em>’</em></span> 
     </span>
    </p>
   </div>
   <div class='ocr_carea' id='block_1_66' title="bbox 229 3500 1814 3572">
    <p class='ocr_par' dir='ltr' id='par_1_66' title="bbox 229 3500 1814 3572">
     <span class='ocr_line' id='line_1_66' title="bbox 229 3500 1814 3572; baseline 0 -14"><span class='ocrx_word' id='word_1_561' title='bbox 229 3517 354 3558; x_wconf 87' lang='lat' dir='ltr'><strong>rum</strong></span> <span class='ocrx_word' id='word_1_562' title='bbox 393 3501 457 3567; x_wconf 72' lang='lat'><strong>“,</strong></span> <span class='ocrx_word' id='word_1_563' title='bbox 492 3520 512 3553; x_wconf 81' lang='grc' dir='ltr'><strong>ι</strong></span> <span class='ocrx_word' id='word_1_564' title='bbox 545 3500 600 3558; x_wconf 92' lang='lat' dir='ltr'><strong>id</strong></span> <span class='ocrx_word' id='word_1_565' title='bbox 633 3509 733 3566; x_wconf 87' lang='lat' dir='ltr'><strong>est,</strong></span> <span class='ocrx_word' id='word_1_566' title='bbox 767 3502 1007 3572; x_wconf 89' lang='lat' dir='ltr'><strong>impertit</strong></span> <span class='ocrx_word' id='word_1_567' title='bbox 1045 3503 1227 3560; x_wconf 90' lang='lat' dir='ltr'><strong>idiotis</strong></span> <span class='ocrx_word' id='word_1_568' title='bbox 1257 3503 1557 3560; x_wconf 87' lang='lat' dir='ltr'><strong>doctrinam</strong></span> <span class='ocrx_word' id='word_1_569' title='bbox 1581 3505 1661 3560; x_wconf 89' lang='lat' dir='ltr'><strong>eis</strong></span> <span class='ocrx_word' id='word_1_570' title='bbox 1685 3519 1814 3560; x_wconf 91' lang='lat' dir='ltr'><strong>con-</strong></span> 
     </span>
    </p>
   </div>
   <div class='ocr_carea' id='block_1_67' title="bbox 229 3593 1816 3663">
    <p class='ocr_par' dir='ltr' id='par_1_67' title="bbox 229 3593 1816 3663">
     <span class='ocr_line' id='line_1_67' title="bbox 229 3593 1816 3663; baseline 0.004 -17"><span class='ocrx_word' id='word_1_571' title='bbox 229 3601 535 3663; x_wconf 83' lang='lat' dir='ltr'><strong>gruentem.</strong></span> <span class='ocrx_word' id='word_1_572' title='bbox 573 3593 732 3658; x_wconf 79' lang='lat' dir='ltr'><strong>Esca,</strong></span> <span class='ocrx_word' id='word_1_573' title='bbox 772 3593 1136 3662; x_wconf 75' lang='lat' dir='ltr'><strong>desiderium,</strong></span> <span class='ocrx_word' id='word_1_574' title='bbox 1180 3605 1237 3649; x_wconf 92' lang='lat' dir='ltr'><strong>ut</strong></span> <span class='ocrx_word' id='word_1_575' title='bbox 1264 3595 1316 3650; x_wconf 89' lang='lat' dir='ltr'><strong>in</strong></span> <span class='ocrx_word' id='word_1_576' title='bbox 1351 3594 1616 3651; x_wconf 88' lang='lat' dir='ltr'><strong>Psalmis:</strong></span> <span class='ocrx_word' id='word_1_577' title='bbox 1649 3614 1668 3648; x_wconf 77' lang='grc' dir='ltr'><strong>ι</strong></span> <span class='ocrx_word' id='word_1_578' title='bbox 1712 3596 1816 3652; x_wconf 91' lang='lat' dir='ltr'><strong>Dat</strong></span> 
     </span>
    </p>
   </div>
   <div class='ocr_carea' id='block_1_68' title="bbox 231 3683 1816 3756">
    <p class='ocr_par' dir='ltr' id='par_1_68' title="bbox 231 3683 1816 3756">
     <span class='ocr_line' id='line_1_68' title="bbox 231 3683 1816 3756; baseline 0.003 -18"><span class='ocrx_word' id='word_1_579' title='bbox 231 3683 340 3738; x_wconf 89' lang='lat' dir='ltr'><strong>illis</strong></span> <span class='ocrx_word' id='word_1_580' title='bbox 368 3698 550 3738; x_wconf 90' lang='lat' dir='ltr'><strong>eseam</strong></span> <span class='ocrx_word' id='word_1_581' title='bbox 581 3685 634 3738; x_wconf 91' lang='lat' dir='ltr'><strong>in</strong></span> <span class='ocrx_word' id='word_1_582' title='bbox 664 3692 904 3755; x_wconf 88' lang='lat' dir='ltr'><strong>tempore</strong></span> <span class='ocrx_word' id='word_1_583' title='bbox 934 3686 999 3752; x_wconf 79' lang='lat'><strong>”,</strong></span> <span class='ocrx_word' id='word_1_584' title='bbox 1033 3705 1052 3737; x_wconf 79' lang='grc' dir='ltr'><strong>ι</strong></span> <span class='ocrx_word' id='word_1_585' title='bbox 1087 3684 1140 3740; x_wconf 91' lang='lat' dir='ltr'><strong>id</strong></span> <span class='ocrx_word' id='word_1_586' title='bbox 1168 3694 1273 3751; x_wconf 92' lang='lat' dir='ltr'><strong>est,</strong></span> <span class='ocrx_word' id='word_1_587' title='bbox 1301 3693 1361 3740; x_wconf 91' lang='lat' dir='ltr'><strong>ut</strong></span> <span class='ocrx_word' id='word_1_588' title='bbox 1391 3687 1409 3707; x_wconf 82' lang='lat'><strong>&#39;</strong></span> <span class='ocrx_word' id='word_1_589' title='bbox 1439 3685 1654 3756; x_wconf 82' lang='lat' dir='ltr'><strong>placeat</strong></span> <span class='ocrx_word' id='word_1_590' title='bbox 1674 3687 1816 3744; x_wconf 85' lang='lat' dir='ltr'><strong>desi-</strong></span> 
     </span>
    </p>
   </div>
   <div class='ocr_carea' id='block_1_69' title="bbox 231 3775 1816 3850">
    <p class='ocr_par' dir='ltr' id='par_1_69' title="bbox 231 3775 1816 3850">
     <span class='ocr_line' id='line_1_69' title="bbox 231 3775 1816 3850; baseline 0.004 -21"><span class='ocrx_word' id='word_1_591' title='bbox 231 3775 445 3830; x_wconf 89' lang='lat' dir='ltr'><strong>derium</strong></span> <span class='ocrx_word' id='word_1_592' title='bbox 489 3790 697 3830; x_wconf 88' lang='lat' dir='ltr'><strong>eorum.</strong></span> <span class='ocrx_word' id='word_1_593' title='bbox 743 3776 903 3842; x_wconf 75' lang='lat' dir='ltr'><strong>Esca,</strong></span> <span class='ocrx_word' id='word_1_594' title='bbox 950 3776 1176 3846; x_wconf 91' lang='lat' dir='ltr'><strong>quilibet</strong></span> <span class='ocrx_word' id='word_1_595' title='bbox 1219 3784 1472 3842; x_wconf 91' lang='lat' dir='ltr'><strong>sanctus,</strong></span> <span class='ocrx_word' id='word_1_596' title='bbox 1516 3786 1578 3832; x_wconf 92' lang='lat' dir='ltr'><strong>ut</strong></span> <span class='ocrx_word' id='word_1_597' title='bbox 1607 3778 1661 3832; x_wconf 92' lang='lat' dir='ltr'><strong>in</strong></span> <span class='ocrx_word' id='word_1_598' title='bbox 1691 3793 1816 3850; x_wconf 88' lang='lat' dir='ltr'><strong>pro-</strong></span> 
     </span>
    </p>
   </div>
   <div class='ocr_carea' id='block_1_70' title="bbox 230 3864 1815 3938">
    <p class='ocr_par' dir='ltr' id='par_1_70' title="bbox 230 3864 1815 3938">
     <span class='ocr_line' id='line_1_70' title="bbox 230 3864 1815 3938; baseline 0.005 -20"><span class='ocrx_word' id='word_1_599' title='bbox 230 3865 398 3934; x_wconf 85' lang='lat' dir='ltr'><strong>pheta</strong></span> <span class='ocrx_word' id='word_1_600' title='bbox 422 3882 436 3918; x_wconf 91' lang='lat'><strong>:</strong></span> <span class='ocrx_word' id='word_1_601' title='bbox 473 3883 492 3916; x_wconf 82' lang='grc' dir='ltr'><strong>ι</strong></span> <span class='ocrx_word' id='word_1_602' title='bbox 535 3864 672 3920; x_wconf 88' lang='lat' dir='ltr'><strong>Esca</strong></span> <span class='ocrx_word' id='word_1_603' title='bbox 694 3866 811 3935; x_wconf 84' lang='lat' dir='ltr'><strong>ejus</strong></span> <span class='ocrx_word' id='word_1_604' title='bbox 840 3866 1035 3932; x_wconf 91' lang='lat' dir='ltr'><strong>electa,</strong></span> <span class='ocrx_word' id='word_1_605' title='bbox 1072 3886 1090 3918; x_wconf 79' lang='grc' dir='ltr'><strong>ι</strong></span> <span class='ocrx_word' id='word_1_606' title='bbox 1123 3866 1265 3938; x_wconf 91' lang='lat' dir='ltr'><strong>quod</strong></span> <span class='ocrx_word' id='word_1_607' title='bbox 1286 3875 1342 3922; x_wconf 91' lang='lat' dir='ltr'><strong>et</strong></span> <span class='ocrx_word' id='word_1_608' title='bbox 1366 3868 1540 3923; x_wconf 89' lang='lat' dir='ltr'><strong>virum</strong></span> <span class='ocrx_word' id='word_1_609' title='bbox 1568 3879 1815 3926; x_wconf 86' lang='lat' dir='ltr'><strong>sanetum</strong></span> 
     </span>
    </p>
   </div>
   <div class='ocr_carea' id='block_1_71' title="bbox 233 3956 1816 4026">
    <p class='ocr_par' dir='ltr' id='par_1_71' title="bbox 233 3956 1816 4026">
     <span class='ocr_line' id='line_1_71' title="bbox 233 3956 1816 4026; baseline 0.003 -15"><span class='ocrx_word' id='word_1_610' title='bbox 233 3956 585 4025; x_wconf 82' lang='lat' dir='ltr'><strong>incorporare</strong></span> <span class='ocrx_word' id='word_1_611' title='bbox 633 3957 878 4013; x_wconf 88' lang='lat' dir='ltr'><strong>diabolus</strong></span> <span class='ocrx_word' id='word_1_612' title='bbox 925 3958 1123 4012; x_wconf 88' lang='lat' dir='ltr'><strong>studet.</strong></span> <span class='ocrx_word' id='word_1_613' title='bbox 1177 3957 1280 4014; x_wconf 93' lang='lat' dir='ltr'><strong>Per</strong></span> <span class='ocrx_word' id='word_1_614' title='bbox 1315 3975 1509 4026; x_wconf 73' lang='lat' dir='ltr'><strong>escam,</strong></span> <span class='ocrx_word' id='word_1_615' title='bbox 1549 3959 1816 4016; x_wconf 87' lang='lat' dir='ltr'><strong>sacriﬁcia</strong></span> 
     </span>
    </p>
   </div>
   <div class='ocr_carea' id='block_1_72' title="bbox 231 4047 1818 4120">
    <p class='ocr_par' dir='ltr' id='par_1_72' title="bbox 231 4047 1818 4120">
     <span class='ocr_line' id='line_1_72' title="bbox 231 4047 1818 4120; baseline 0.003 -18"><span class='ocrx_word' id='word_1_616' title='bbox 231 4047 403 4118; x_wconf 83' lang='lat' dir='ltr'><strong>legis:</strong></span> <span class='ocrx_word' id='word_1_617' title='bbox 441 4057 501 4102; x_wconf 91' lang='lat' dir='ltr'><strong>ut</strong></span> <span class='ocrx_word' id='word_1_618' title='bbox 521 4048 574 4101; x_wconf 91' lang='lat' dir='ltr'><strong>in</strong></span> <span class='ocrx_word' id='word_1_619' title='bbox 601 4047 767 4103; x_wconf 90' lang='lat' dir='ltr'><strong>Paulo</strong></span> <span class='ocrx_word' id='word_1_620' title='bbox 792 4067 804 4102; x_wconf 88' lang='lat'><strong>:</strong></span> <span class='ocrx_word' id='word_1_621' title='bbox 843 4067 863 4101; x_wconf 81' lang='grc' dir='ltr'><strong>ι</strong></span> <span class='ocrx_word' id='word_1_622' title='bbox 895 4049 1014 4104; x_wconf 82' lang='lat' dir='ltr'><strong>Non</strong></span> <span class='ocrx_word' id='word_1_623' title='bbox 1036 4051 1198 4117; x_wconf 90' lang='lat' dir='ltr'><strong>escis,</strong></span> <span class='ocrx_word' id='word_1_624' title='bbox 1229 4065 1349 4120; x_wconf 61' lang='lat' dir='ltr'><strong>qua</strong></span> <span class='ocrx_word' id='word_1_625' title='bbox 1375 4066 1480 4106; x_wconf 91' lang='lat' dir='ltr'><strong>non</strong></span> <span class='ocrx_word' id='word_1_626' title='bbox 1503 4049 1818 4120; x_wconf 90' lang='lat' dir='ltr'><strong>profuerunt</strong></span> 
     </span>
    </p>
   </div>
   <div class='ocr_carea' id='block_1_73' title="bbox 234 4136 1818 4207">
    <p class='ocr_par' dir='ltr' id='par_1_73' title="bbox 234 4136 1818 4207">
     <span class='ocr_line' id='line_1_73' title="bbox 234 4136 1818 4207; baseline 0.003 -15"><span class='ocrx_word' id='word_1_627' title='bbox 234 4137 579 4207; x_wconf 84' lang='lat' dir='ltr'><strong>sperantibus</strong></span> <span class='ocrx_word' id='word_1_628' title='bbox 608 4137 661 4190; x_wconf 91' lang='lat' dir='ltr'><strong>in</strong></span> <span class='ocrx_word' id='word_1_629' title='bbox 691 4136 798 4192; x_wconf 89' lang='lat' dir='ltr'><strong>illis</strong></span> <span class='ocrx_word' id='word_1_630' title='bbox 828 4139 892 4205; x_wconf 80' lang='grc'><strong>¹⁶,</strong></span> <span class='ocrx_word' id='word_1_631' title='bbox 932 4157 950 4190; x_wconf 80' lang='grc' dir='ltr'><strong>ι</strong></span> <span class='ocrx_word' id='word_1_632' title='bbox 1007 4139 1061 4194; x_wconf 89' lang='lat' dir='ltr'><strong>id</strong></span> <span class='ocrx_word' id='word_1_633' title='bbox 1093 4148 1196 4206; x_wconf 91' lang='lat' dir='ltr'><strong>est,</strong></span> <span class='ocrx_word' id='word_1_634' title='bbox 1230 4155 1337 4194; x_wconf 93' lang='lat' dir='ltr'><strong>non</strong></span> <span class='ocrx_word' id='word_1_635' title='bbox 1364 4139 1694 4196; x_wconf 88' lang='lat' dir='ltr'><strong>umbratitiis</strong></span> <span class='ocrx_word' id='word_1_636' title='bbox 1727 4155 1818 4196; x_wconf 88' lang='lat' dir='ltr'><strong>sa-</strong></span> 
     </span>
    </p>
   </div>
   <div class='ocr_carea' id='block_1_74' title="bbox 235 4225 1813 4298">
    <p class='ocr_par' dir='ltr' id='par_1_74' title="bbox 235 4225 1813 4298">
     <span class='ocr_line' id='line_1_74' title="bbox 235 4225 1813 4298; baseline 0.004 -17"><span class='ocrx_word' id='word_1_637' title='bbox 235 4225 480 4290; x_wconf 90' lang='lat' dir='ltr'><strong>criﬁciis,</strong></span> <span class='ocrx_word' id='word_1_638' title='bbox 511 4241 630 4296; x_wconf 66' lang='lat' dir='ltr'><strong>quae</strong></span> <span class='ocrx_word' id='word_1_639' title='bbox 673 4241 780 4282; x_wconf 93' lang='lat' dir='ltr'><strong>non</strong></span> <span class='ocrx_word' id='word_1_640' title='bbox 811 4227 1133 4298; x_wconf 88' lang='lat' dir='ltr'><strong>profuerunt</strong></span> <span class='ocrx_word' id='word_1_641' title='bbox 1167 4229 1561 4286; x_wconf 90' lang='lat' dir='ltr'><strong>conﬁdentibus</strong></span> <span class='ocrx_word' id='word_1_642' title='bbox 1603 4230 1658 4285; x_wconf 90' lang='lat' dir='ltr'><strong>in</strong></span> <span class='ocrx_word' id='word_1_643' title='bbox 1689 4230 1813 4287; x_wconf 90' lang='lat' dir='ltr'><strong>illis.</strong></span> 
     </span>
    </p>
   </div>
   <div class='ocr_carea' id='block_1_75' title="bbox 313 4315 1818 4392">
    <p class='ocr_par' dir='ltr' id='par_1_75' title="bbox 313 4315 1818 4392">
     <span class='ocr_line' id='line_1_75' title="bbox 313 4315 1818 4392; baseline 0.008 -24"><span class='ocrx_word' id='word_1_644' title='bbox 313 4315 472 4371; x_wconf 65' lang='lat' dir='ltr'><strong>Eata;</strong></span> <span class='ocrx_word' id='word_1_645' title='bbox 498 4326 583 4372; x_wconf 93' lang='lat' dir='ltr'><strong>est</strong></span> <span class='ocrx_word' id='word_1_646' title='bbox 610 4332 834 4388; x_wconf 87' lang='lat' dir='ltr'><strong>regnum</strong></span> <span class='ocrx_word' id='word_1_647' title='bbox 861 4321 979 4387; x_wconf 88' lang='lat' dir='ltr'><strong>Dei,</strong></span> <span class='ocrx_word' id='word_1_648' title='bbox 1011 4330 1071 4376; x_wconf 90' lang='lat' dir='ltr'><strong>ut</strong></span> <span class='ocrx_word' id='word_1_649' title='bbox 1099 4322 1154 4376; x_wconf 92' lang='lat' dir='ltr'><strong>in</strong></span> <span class='ocrx_word' id='word_1_650' title='bbox 1201 4321 1492 4392; x_wconf 88' lang='lat' dir='ltr'><strong>Evangelio</strong></span> <span class='ocrx_word' id='word_1_651' title='bbox 1538 4341 1554 4377; x_wconf 90' lang='lat'><strong>:</strong></span> <span class='ocrx_word' id='word_1_652' title='bbox 1601 4341 1621 4376; x_wconf 77' lang='grc' dir='ltr'><strong>ι</strong></span> <span class='ocrx_word' id='word_1_653' title='bbox 1657 4322 1818 4380; x_wconf 88' lang='lat' dir='ltr'><strong>Scitis</strong></span> 
     </span>
    </p>
   </div>
   <div class='ocr_carea' id='block_1_76' title="bbox 235 4407 1814 4485">
    <p class='ocr_par' dir='ltr' id='par_1_76' title="bbox 235 4407 1814 4485">
     <span class='ocr_line' id='line_1_76' title="bbox 235 4407 1814 4485; baseline 0.006 -25"><span class='ocrx_word' id='word_1_654' title='bbox 235 4407 497 4476; x_wconf 87' lang='lat' dir='ltr'><strong>quoniam</strong></span> <span class='ocrx_word' id='word_1_655' title='bbox 527 4423 693 4478; x_wconf 89' lang='lat' dir='ltr'><strong>prope</strong></span> <span class='ocrx_word' id='word_1_656' title='bbox 729 4417 813 4464; x_wconf 89' lang='lat' dir='ltr'><strong>est</strong></span> <span class='ocrx_word' id='word_1_657' title='bbox 839 4420 998 4467; x_wconf 83' lang='lat' dir='ltr'><strong>aestas</strong></span> <span class='ocrx_word' id='word_1_658' title='bbox 1029 4411 1092 4477; x_wconf 73' lang='grc' dir='ltr'><em>ιτ,</em></span> <span class='ocrx_word' id='word_1_659' title='bbox 1128 4430 1147 4464; x_wconf 79' lang='grc' dir='ltr'><strong>ι</strong></span> <span class='ocrx_word' id='word_1_660' title='bbox 1202 4412 1256 4468; x_wconf 91' lang='lat' dir='ltr'><strong>id</strong></span> <span class='ocrx_word' id='word_1_661' title='bbox 1292 4423 1376 4468; x_wconf 90' lang='lat' dir='ltr'><strong>est</strong></span> <span class='ocrx_word' id='word_1_662' title='bbox 1426 4427 1652 4485; x_wconf 83' lang='lat' dir='ltr'><strong>regnum</strong></span> <span class='ocrx_word' id='word_1_663' title='bbox 1700 4414 1814 4470; x_wconf 89' lang='lat' dir='ltr'><strong>Dei.</strong></span> 
     </span>
    </p>
   </div>
   <div class='ocr_carea' id='block_1_77' title="bbox 1913 3481 3492 3553">
    <p class='ocr_par' dir='ltr' id='par_1_77' title="bbox 1913 3481 3492 3553">
     <span class='ocr_line' id='line_1_77' title="bbox 1913 3481 3492 3553; baseline -0.006 -9"><span class='ocrx_word' id='word_1_664' title='bbox 1913 3505 2021 3547; x_wconf 92' lang='lat' dir='ltr'><strong>non</strong></span> <span class='ocrx_word' id='word_1_665' title='bbox 2044 3487 2263 3545; x_wconf 78' lang='lat' dir='ltr'><strong>exaudit</strong></span> <span class='ocrx_word' id='word_1_666' title='bbox 2300 3487 2343 3518; x_wconf 79' lang='lat'>“</span> <span class='ocrx_word' id='word_1_667' title='bbox 2386 3505 2404 3539; x_wconf 80' lang='grc' dir='ltr'><strong>ι</strong></span> <span class='ocrx_word' id='word_1_668' title='bbox 2455 3486 2508 3542; x_wconf 90' lang='lat' dir='ltr'><strong>id</strong></span> <span class='ocrx_word' id='word_1_669' title='bbox 2534 3493 2638 3550; x_wconf 89' lang='lat' dir='ltr'><strong>est,</strong></span> <span class='ocrx_word' id='word_1_670' title='bbox 2676 3483 2882 3540; x_wconf 86' lang='lat' dir='ltr'><strong>ventris</strong></span> <span class='ocrx_word' id='word_1_671' title='bbox 2909 3481 3360 3553; x_wconf 62' lang='lat' dir='ltr'><strong>concupiscentiae</strong></span> <span class='ocrx_word' id='word_1_672' title='bbox 3384 3496 3492 3537; x_wconf 91' lang='lat' dir='ltr'><strong>non</strong></span> 
     </span>
    </p>
   </div>
   <div class='ocr_carea' id='block_1_78' title="bbox 1913 3573 3475 3643">
    <p class='ocr_par' dir='ltr' id='par_1_78' title="bbox 1913 3573 3475 3643">
     <span class='ocr_line' id='line_1_78' title="bbox 1913 3573 3475 3643; baseline -0.006 -7"><span class='ocrx_word' id='word_1_673' title='bbox 1913 3578 2265 3636; x_wconf 79' lang='lat' dir='ltr'><strong>immoderate</strong></span> <span class='ocrx_word' id='word_1_674' title='bbox 2292 3575 2492 3633; x_wconf 88' lang='lat' dir='ltr'><strong>obedit.</strong></span> <span class='ocrx_word' id='word_1_675' title='bbox 2524 3575 2782 3642; x_wconf 72' lang='lat' dir='ltr'><strong>Exactor,</strong></span> <span class='ocrx_word' id='word_1_676' title='bbox 2829 3573 3162 3630; x_wconf 89' lang='lat' dir='ltr'><strong>consuetudo</strong></span> <span class='ocrx_word' id='word_1_677' title='bbox 3199 3587 3364 3643; x_wconf 88' lang='lat' dir='ltr'><strong>prava</strong></span> <span class='ocrx_word' id='word_1_678' title='bbox 3391 3611 3406 3638; x_wconf 94' lang='lat'><strong>,</strong></span> <span class='ocrx_word' id='word_1_679' title='bbox 3435 3587 3475 3626; x_wconf 86' lang='grc' dir='ltr'><strong>ιι</strong></span> 
     </span>
    </p>
   </div>
   <div class='ocr_carea' id='block_1_79' title="bbox 1914 3664 3494 3736">
    <p class='ocr_par' dir='ltr' id='par_1_79' title="bbox 1914 3664 3494 3736">
     <span class='ocr_line' id='line_1_79' title="bbox 1914 3664 3494 3736; baseline -0.006 -10"><span class='ocrx_word' id='word_1_680' title='bbox 1914 3671 1969 3726; x_wconf 92' lang='lat' dir='ltr'><strong>in</strong></span> <span class='ocrx_word' id='word_1_681' title='bbox 1997 3670 2171 3726; x_wconf 88' lang='lat' dir='ltr'><strong>Isaia:</strong></span> <span class='ocrx_word' id='word_1_682' title='bbox 2234 3687 2253 3721; x_wconf 80' lang='grc' dir='ltr'><strong>ι</strong></span> <span class='ocrx_word' id='word_1_683' title='bbox 2283 3667 2560 3736; x_wconf 87' lang='lat' dir='ltr'><strong>Quomodo</strong></span> <span class='ocrx_word' id='word_1_684' title='bbox 2601 3665 2836 3724; x_wconf 88' lang='lat' dir='ltr'><strong>cessavit</strong></span> <span class='ocrx_word' id='word_1_685' title='bbox 2880 3672 3102 3720; x_wconf 89' lang='lat' dir='ltr'><strong>exactor</strong></span> <span class='ocrx_word' id='word_1_686' title='bbox 3129 3664 3211 3717; x_wconf 73' lang='lat'><strong>8&#39;?</strong></span> <span class='ocrx_word' id='word_1_687' title='bbox 3238 3682 3257 3715; x_wconf 75' lang='grc' dir='ltr'><strong>ι</strong></span> <span class='ocrx_word' id='word_1_688' title='bbox 3309 3664 3363 3719; x_wconf 89' lang='lat' dir='ltr'><strong>id</strong></span> <span class='ocrx_word' id='word_1_689' title='bbox 3389 3671 3494 3728; x_wconf 87' lang='lat' dir='ltr'><strong>est,</strong></span> 
     </span>
    </p>
   </div>
   <div class='ocr_carea' id='block_1_80' title="bbox 1912 3754 3496 3836">
    <p class='ocr_par' dir='ltr' id='par_1_80' title="bbox 1912 3754 3496 3836">
     <span class='ocr_line' id='line_1_80' title="bbox 1912 3754 3496 3836; baseline -0.005 -18"><span class='ocrx_word' id='word_1_690' title='bbox 1912 3778 2012 3836; x_wconf 92' lang='lat' dir='ltr'><strong>per</strong></span> <span class='ocrx_word' id='word_1_691' title='bbox 2040 3776 2203 3832; x_wconf 89' lang='lat' dir='ltr'><strong>quem</strong></span> <span class='ocrx_word' id='word_1_692' title='bbox 2228 3767 2407 3815; x_wconf 92' lang='lat' dir='ltr'><strong>actum</strong></span> <span class='ocrx_word' id='word_1_693' title='bbox 2434 3768 2517 3816; x_wconf 91' lang='lat' dir='ltr'><strong>est</strong></span> <span class='ocrx_word' id='word_1_694' title='bbox 2541 3766 2601 3815; x_wconf 90' lang='lat' dir='ltr'><strong>ut</strong></span> <span class='ocrx_word' id='word_1_695' title='bbox 2640 3757 2874 3814; x_wconf 90' lang='lat' dir='ltr'><strong>violenta</strong></span> <span class='ocrx_word' id='word_1_696' title='bbox 2914 3755 3122 3827; x_wconf 88' lang='lat' dir='ltr'><strong>peccati</strong></span> <span class='ocrx_word' id='word_1_697' title='bbox 3161 3754 3496 3812; x_wconf 83' lang='lat' dir='ltr'><strong>consuetudo</strong></span> 
     </span>
    </p>
   </div>
   <div class='ocr_carea' id='block_1_81' title="bbox 1915 3853 2132 3910">
    <p class='ocr_par' dir='ltr' id='par_1_81' title="bbox 1915 3853 2132 3910">
     <span class='ocr_line' id='line_1_81' title="bbox 1915 3853 2132 3910; baseline -0.018 0"><span class='ocrx_word' id='word_1_698' title='bbox 1915 3863 2092 3910; x_wconf 88' lang='lat' dir='ltr'><strong>cesset</strong></span> <span class='ocrx_word' id='word_1_699' title='bbox 2108 3853 2132 3906; x_wconf 84' lang='lat'><strong>?</strong></span> 
     </span>
    </p>
   </div>
   <div class='ocr_carea' id='block_1_82' title="bbox 1988 3937 3490 4014">
    <p class='ocr_par' dir='ltr' id='par_1_82' title="bbox 1988 3937 3490 4014">
     <span class='ocr_line' id='line_1_82' title="bbox 1988 3937 3490 4014; baseline -0.005 -15"><span class='ocrx_word' id='word_1_700' title='bbox 1988 3943 2362 4014; x_wconf 77' lang='lat' dir='ltr'><strong>Exploratores</strong></span> <span class='ocrx_word' id='word_1_701' title='bbox 2414 3949 2542 3998; x_wconf 91' lang='lat' dir='ltr'><strong>sunt</strong></span> <span class='ocrx_word' id='word_1_702' title='bbox 2583 3942 3032 4013; x_wconf 89' lang='lat' dir='ltr'><strong>reprehensores,</strong></span> <span class='ocrx_word' id='word_1_703' title='bbox 3062 3948 3123 3995; x_wconf 93' lang='lat' dir='ltr'><strong>ut</strong></span> <span class='ocrx_word' id='word_1_704' title='bbox 3167 3939 3221 3995; x_wconf 93' lang='lat' dir='ltr'><strong>in</strong></span> <span class='ocrx_word' id='word_1_705' title='bbox 3251 3937 3445 3995; x_wconf 86' lang='lat' dir='ltr'><strong>Genesi</strong></span> <span class='ocrx_word' id='word_1_706' title='bbox 3479 3957 3490 3991; x_wconf 88' lang='lat'><strong>:</strong></span> 
     </span>
    </p>
   </div>
   <div class='ocr_carea' id='block_1_83' title="bbox 1923 4029 3491 4104">
    <p class='ocr_par' dir='ltr' id='par_1_83' title="bbox 1923 4029 3491 4104">
     <span class='ocr_line' id='line_1_83' title="bbox 1923 4029 3491 4104; baseline -0.001 -19"><span class='ocrx_word' id='word_1_707' title='bbox 1923 4051 1941 4085; x_wconf 80' lang='grc' dir='ltr'><strong>ι</strong></span> <span class='ocrx_word' id='word_1_708' title='bbox 1977 4031 2358 4104; x_wconf 79' lang='lat' dir='ltr'><strong>Exploratores</strong></span> <span class='ocrx_word' id='word_1_709' title='bbox 2388 4033 2516 4087; x_wconf 89' lang='lat' dir='ltr'><strong>estis</strong></span> <span class='ocrx_word' id='word_1_710' title='bbox 2542 4049 2557 4098; x_wconf 90' lang='lat'><strong>;</strong></span> <span class='ocrx_word' id='word_1_711' title='bbox 2605 4044 2664 4086; x_wconf 88' lang='lat' dir='ltr'><strong>ut</strong></span> <span class='ocrx_word' id='word_1_712' title='bbox 2698 4031 2955 4087; x_wconf 81' lang='lat' dir='ltr'><strong>videretis</strong></span> <span class='ocrx_word' id='word_1_713' title='bbox 2983 4029 3282 4086; x_wconf 90' lang='lat' dir='ltr'><strong>inﬁrmiora</strong></span> <span class='ocrx_word' id='word_1_714' title='bbox 3313 4040 3491 4095; x_wconf 64' lang='lat' dir='ltr'><strong>terrae,</strong></span> 
     </span>
    </p>
   </div>
   <div class='ocr_carea' id='block_1_84' title="bbox 1915 4121 3492 4193">
    <p class='ocr_par' dir='ltr' id='par_1_84' title="bbox 1915 4121 3492 4193">
     <span class='ocr_line' id='line_1_84' title="bbox 1915 4121 3492 4193; baseline -0.003 -13"><span class='ocrx_word' id='word_1_715' title='bbox 1915 4123 2140 4180; x_wconf 87' lang='lat' dir='ltr'><strong>venistis</strong></span> <span class='ocrx_word' id='word_1_716' title='bbox 2175 4122 2240 4189; x_wconf 82' lang='grc'><strong>³⁸,</strong></span> <span class='ocrx_word' id='word_1_717' title='bbox 2287 4141 2305 4175; x_wconf 77' lang='grc' dir='ltr'><strong>ι</strong></span> <span class='ocrx_word' id='word_1_718' title='bbox 2346 4123 2490 4193; x_wconf 89' lang='lat' dir='ltr'><strong>quod</strong></span> <span class='ocrx_word' id='word_1_719' title='bbox 2519 4123 2825 4193; x_wconf 89' lang='lat' dir='ltr'><strong>iniquorum</strong></span> <span class='ocrx_word' id='word_1_720' title='bbox 2855 4123 3130 4193; x_wconf 92' lang='lat' dir='ltr'><strong>proprium</strong></span> <span class='ocrx_word' id='word_1_721' title='bbox 3170 4137 3289 4178; x_wconf 91' lang='lat' dir='ltr'><strong>esse</strong></span> <span class='ocrx_word' id='word_1_722' title='bbox 3334 4121 3492 4186; x_wconf 90' lang='lat' dir='ltr'><strong>solet,</strong></span> 
     </span>
    </p>
   </div>
   <div class='ocr_carea' id='block_1_85' title="bbox 1917 4207 3493 4282">
    <p class='ocr_par' dir='ltr' id='par_1_85' title="bbox 1917 4207 3493 4282">
     <span class='ocr_line' id='line_1_85' title="bbox 1917 4207 3493 4282; baseline -0.002 -14"><span class='ocrx_word' id='word_1_723' title='bbox 1917 4221 1979 4269; x_wconf 90' lang='grc' dir='ltr'><strong>ιιι</strong></span> <span class='ocrx_word' id='word_1_724' title='bbox 1997 4213 2224 4268; x_wconf 87' lang='lat' dir='ltr'><strong>aliorum</strong></span> <span class='ocrx_word' id='word_1_725' title='bbox 2249 4211 2379 4266; x_wconf 92' lang='lat' dir='ltr'><strong>vitia</strong></span> <span class='ocrx_word' id='word_1_726' title='bbox 2403 4211 2704 4280; x_wconf 87' lang='lat' dir='ltr'><strong>explorent,</strong></span> <span class='ocrx_word' id='word_1_727' title='bbox 2751 4211 2797 4266; x_wconf 88' lang='lat' dir='ltr'><strong>si</strong></span> <span class='ocrx_word' id='word_1_728' title='bbox 2826 4207 2965 4267; x_wconf 90' lang='lat' dir='ltr'><strong>forte</strong></span> <span class='ocrx_word' id='word_1_729' title='bbox 3007 4210 3184 4282; x_wconf 90' lang='lat' dir='ltr'><strong>aliqua</strong></span> <span class='ocrx_word' id='word_1_730' title='bbox 3215 4213 3269 4267; x_wconf 93' lang='lat' dir='ltr'><strong>in</strong></span> <span class='ocrx_word' id='word_1_731' title='bbox 3295 4212 3373 4266; x_wconf 88' lang='lat' dir='ltr'><strong>eis</strong></span> <span class='ocrx_word' id='word_1_732' title='bbox 3409 4213 3493 4265; x_wconf 91' lang='lat' dir='ltr'><strong>in-</strong></span> 
     </span>
    </p>
   </div>
   <div class='ocr_carea' id='block_1_86' title="bbox 1918 4301 3490 4375">
    <p class='ocr_par' dir='ltr' id='par_1_86' title="bbox 1918 4301 3490 4375">
     <span class='ocr_line' id='line_1_86' title="bbox 1918 4301 3490 4375; baseline -0.004 -14"><span class='ocrx_word' id='word_1_733' title='bbox 1918 4305 2074 4362; x_wconf 88' lang='lat' dir='ltr'><strong>ﬁrma</strong></span> <span class='ocrx_word' id='word_1_734' title='bbox 2119 4303 2522 4375; x_wconf 88' lang='lat' dir='ltr'><strong>deprehendant</strong></span> <span class='ocrx_word' id='word_1_735' title='bbox 2575 4319 2696 4374; x_wconf 75' lang='lat' dir='ltr'><strong>qua:</strong></span> <span class='ocrx_word' id='word_1_736' title='bbox 2751 4310 3028 4358; x_wconf 89' lang='lat' dir='ltr'><strong>accusent.</strong></span> <span class='ocrx_word' id='word_1_737' title='bbox 3094 4301 3490 4373; x_wconf 73' lang='lat' dir='ltr'><strong>Exploratores,</strong></span> 
     </span>
    </p>
   </div>
   <div class='ocr_carea' id='block_1_87' title="bbox 1917 4393 3487 4464">
    <p class='ocr_par' dir='ltr' id='par_1_87' title="bbox 1917 4393 3487 4464">
     <span class='ocr_line' id='line_1_87' title="bbox 1917 4393 3487 4464; baseline -0.004 -9"><span class='ocrx_word' id='word_1_738' title='bbox 1917 4399 2024 4456; x_wconf 92' lang='lat' dir='ltr'><strong>duo</strong></span> <span class='ocrx_word' id='word_1_739' title='bbox 2046 4398 2414 4464; x_wconf 87' lang='lat' dir='ltr'><strong>Testamenta,</strong></span> <span class='ocrx_word' id='word_1_740' title='bbox 2437 4405 2496 4452; x_wconf 89' lang='lat' dir='ltr'><strong>ut</strong></span> <span class='ocrx_word' id='word_1_741' title='bbox 2523 4396 2580 4451; x_wconf 93' lang='lat' dir='ltr'><strong>in</strong></span> <span class='ocrx_word' id='word_1_742' title='bbox 2605 4394 2801 4453; x_wconf 73' lang='lat' dir='ltr'><strong>Iosue:</strong></span> <span class='ocrx_word' id='word_1_743' title='bbox 2841 4415 2859 4449; x_wconf 83' lang='grc' dir='ltr'><strong>ι</strong></span> <span class='ocrx_word' id='word_1_744' title='bbox 2895 4395 3040 4451; x_wconf 82' lang='lat' dir='ltr'><strong>Misit</strong></span> <span class='ocrx_word' id='word_1_745' title='bbox 3064 4393 3225 4451; x_wconf 69' lang='lat' dir='ltr'><strong>Iosue</strong></span> <span class='ocrx_word' id='word_1_746' title='bbox 3252 4395 3320 4450; x_wconf 91' lang='lat' dir='ltr'><strong>ad</strong></span> <span class='ocrx_word' id='word_1_747' title='bbox 3357 4394 3487 4450; x_wconf 43' lang='lat' dir='ltr'><strong>Jeri.</strong></span> 
     </span>
    </p>
   </div>
   <div class='ocr_carea' id='block_1_88' title="bbox 235 4489 3493 4588">
    <p class='ocr_par' dir='ltr' id='par_1_88' title="bbox 235 4489 3493 4588">
     <span class='ocr_line' id='line_1_88' title="bbox 235 4489 3493 4588; baseline -0.003 -34"><span class='ocrx_word' id='word_1_748' title='bbox 235 4495 401 4550; x_wconf 67' lang='lat' dir='ltr'><strong>Euax</strong></span> <span class='ocrx_word' id='word_1_749' title='bbox 425 4497 535 4551; x_wconf 88' lang='lat' dir='ltr'><strong>vita</strong></span> <span class='ocrx_word' id='word_1_750' title='bbox 577 4512 834 4568; x_wconf 74' lang='lat' dir='ltr'><strong>praesens,</strong></span> <span class='ocrx_word' id='word_1_751' title='bbox 869 4509 932 4555; x_wconf 92' lang='lat' dir='ltr'><strong>ut</strong></span> <span class='ocrx_word' id='word_1_752' title='bbox 966 4501 1020 4554; x_wconf 88' lang='lat' dir='ltr'><strong>in</strong></span> <span class='ocrx_word' id='word_1_753' title='bbox 1051 4501 1326 4557; x_wconf 89' lang='lat' dir='ltr'><strong>Parabolis</strong></span> <span class='ocrx_word' id='word_1_754' title='bbox 1353 4519 1366 4557; x_wconf 72' lang='grc' dir='ltr'><em>τ</em></span> <span class='ocrx_word' id='word_1_755' title='bbox 1411 4520 1430 4554; x_wconf 75' lang='grc' dir='ltr'><strong>ι</strong></span> <span class='ocrx_word' id='word_1_756' title='bbox 1467 4501 1741 4574; x_wconf 59' lang='lat' dir='ltr'><strong>Praeparat</strong></span> <span class='ocrx_word' id='word_1_757' title='bbox 1760 4503 1816 4558; x_wconf 83' lang='lat' dir='ltr'><strong>in</strong></span> <span class='ocrx_word' id='word_1_758' title='bbox 1843 4528 1894 4588; x_wconf 72' lang='grc' dir='ltr'><strong>Β</strong></span> <span class='ocrx_word' id='word_1_759' title='bbox 1918 4495 2022 4551; x_wconf 87' lang='lat' dir='ltr'><strong>eho</strong></span> <span class='ocrx_word' id='word_1_760' title='bbox 2051 4493 2418 4562; x_wconf 85' lang='lat' dir='ltr'><strong>exploratores</strong></span> <span class='ocrx_word' id='word_1_761' title='bbox 2442 4491 2508 4558; x_wconf 68' lang='lat'><strong>“,</strong></span> <span class='ocrx_word' id='word_1_762' title='bbox 2543 4511 2562 4544; x_wconf 79' lang='grc' dir='ltr'><strong>ι</strong></span> <span class='ocrx_word' id='word_1_763' title='bbox 2592 4491 2734 4561; x_wconf 89' lang='lat' dir='ltr'><strong>quod</strong></span> <span class='ocrx_word' id='word_1_764' title='bbox 2759 4489 3006 4546; x_wconf 89' lang='lat' dir='ltr'><strong>Christus</strong></span> <span class='ocrx_word' id='word_1_765' title='bbox 3026 4489 3131 4545; x_wconf 92' lang='lat' dir='ltr'><strong>duo</strong></span> <span class='ocrx_word' id='word_1_766' title='bbox 3153 4489 3493 4545; x_wconf 88' lang='lat' dir='ltr'><strong>Testamenta</strong></span> 
     </span>
    </p>
   </div>
   <div class='ocr_carea' id='block_1_89' title="bbox 247 4577 3489 4662">
    <p class='ocr_par' dir='ltr' id='par_1_89' title="bbox 247 4577 3489 4662">
     <span class='ocr_line' id='line_1_89' title="bbox 247 4577 3489 4662; baseline -0.002 -20"><span class='ocrx_word' id='word_1_767' title='bbox 247 4595 444 4641; x_wconf 71' lang='lat' dir='ltr'><strong>aestate</strong></span> <span class='ocrx_word' id='word_1_768' title='bbox 469 4587 648 4642; x_wconf 88' lang='lat' dir='ltr'><strong>cibum</strong></span> <span class='ocrx_word' id='word_1_769' title='bbox 673 4589 736 4654; x_wconf 76' lang='grc'><strong>⁸⁸,</strong></span> <span class='ocrx_word' id='word_1_770' title='bbox 775 4607 793 4642; x_wconf 76' lang='grc' dir='ltr'><strong>ι</strong></span> <span class='ocrx_word' id='word_1_771' title='bbox 835 4588 889 4645; x_wconf 92' lang='lat' dir='ltr'><strong>id</strong></span> <span class='ocrx_word' id='word_1_772' title='bbox 934 4599 1048 4656; x_wconf 85' lang='lat' dir='ltr'><strong>est,</strong></span> <span class='ocrx_word' id='word_1_773' title='bbox 1101 4591 1436 4662; x_wconf 79' lang='lat' dir='ltr'><strong>spiritualem</strong></span> <span class='ocrx_word' id='word_1_774' title='bbox 1469 4592 1526 4648; x_wconf 82' lang='lat' dir='ltr'><strong>in</strong></span> <span class='ocrx_word' id='word_1_775' title='bbox 1565 4593 1817 4662; x_wconf 65' lang='lat' dir='ltr'><strong>pmsemi</strong></span> <span class='ocrx_word' id='word_1_776' title='bbox 1843 4577 1888 4588; x_wconf 84' lang='grc'><strong><em>“’</em></strong></span> <span class='ocrx_word' id='word_1_777' title='bbox 1918 4582 1984 4639; x_wconf 89' lang='lat' dir='ltr'><strong>ad</strong></span> <span class='ocrx_word' id='word_1_778' title='bbox 2013 4581 2306 4638; x_wconf 87' lang='lat' dir='ltr'><strong>Ecclesiam</strong></span> <span class='ocrx_word' id='word_1_779' title='bbox 2331 4581 2636 4636; x_wconf 86' lang='lat' dir='ltr'><strong>destinavit.</strong></span> <span class='ocrx_word' id='word_1_780' title='bbox 2669 4577 3060 4651; x_wconf 75' lang='lat' dir='ltr'><strong>Exploratores,</strong></span> <span class='ocrx_word' id='word_1_781' title='bbox 3090 4579 3489 4649; x_wconf 67' lang='lat' dir='ltr'><strong>prtedieatorcs,</strong></span> 
     </span>
    </p>
   </div>
   <div class='ocr_carea' id='block_1_90' title="bbox 238 4675 1819 4751">
    <p class='ocr_par' dir='ltr' id='par_1_90' title="bbox 238 4675 1819 4751">
     <span class='ocr_line' id='line_1_90' title="bbox 238 4675 1819 4751; baseline 0.007 -22"><span class='ocrx_word' id='word_1_782' title='bbox 238 4675 357 4730; x_wconf 87' lang='lat' dir='ltr'><strong>vita</strong></span> <span class='ocrx_word' id='word_1_783' title='bbox 384 4676 757 4734; x_wconf 82' lang='lat' dir='ltr'><strong>refectionem.</strong></span> <span class='ocrx_word' id='word_1_784' title='bbox 784 4679 942 4736; x_wconf 68' lang='lat' dir='ltr'><strong>Eata:</strong></span> <span class='ocrx_word' id='word_1_785' title='bbox 960 4719 976 4746; x_wconf 89' lang='lat'><strong>,</strong></span> <span class='ocrx_word' id='word_1_786' title='bbox 1019 4681 1135 4737; x_wconf 88' lang='lat' dir='ltr'><strong>dies</strong></span> <span class='ocrx_word' id='word_1_787' title='bbox 1161 4681 1348 4751; x_wconf 86' lang='lat' dir='ltr'><strong>judicii</strong></span> <span class='ocrx_word' id='word_1_788' title='bbox 1377 4700 1389 4736; x_wconf 91' lang='lat'><strong>:</strong></span> <span class='ocrx_word' id='word_1_789' title='bbox 1420 4690 1480 4737; x_wconf 92' lang='lat' dir='ltr'><strong>ut</strong></span> <span class='ocrx_word' id='word_1_790' title='bbox 1505 4683 1560 4738; x_wconf 92' lang='lat' dir='ltr'><strong>iu</strong></span> <span class='ocrx_word' id='word_1_791' title='bbox 1583 4682 1819 4740; x_wconf 80' lang='lat' dir='ltr'><strong>Parabo-</strong></span> 
     </span>
    </p>
   </div>
   <div class='ocr_carea' id='block_1_91' title="bbox 239 4766 1812 4838">
    <p class='ocr_par' dir='ltr' id='par_1_91' title="bbox 239 4766 1812 4838">
     <span class='ocr_line' id='line_1_91' title="bbox 239 4766 1812 4838; baseline 0.004 -18"><span class='ocrx_word' id='word_1_792' title='bbox 239 4766 313 4821; x_wconf 90' lang='lat' dir='ltr'><strong>lis</strong></span> <span class='ocrx_word' id='word_1_793' title='bbox 339 4784 352 4820; x_wconf 91' lang='lat'><strong>:</strong></span> <span class='ocrx_word' id='word_1_794' title='bbox 388 4787 405 4818; x_wconf 86' lang='grc' dir='ltr'><strong>ι</strong></span> <span class='ocrx_word' id='word_1_795' title='bbox 435 4767 754 4823; x_wconf 85' lang='lat' dir='ltr'><strong>Mendicabit</strong></span> <span class='ocrx_word' id='word_1_796' title='bbox 782 4769 836 4824; x_wconf 89' lang='lat' dir='ltr'><strong>in</strong></span> <span class='ocrx_word' id='word_1_797' title='bbox 869 4779 1078 4837; x_wconf 72' lang='lat' dir='ltr'><strong>testate,</strong></span> <span class='ocrx_word' id='word_1_798' title='bbox 1105 4779 1161 4825; x_wconf 92' lang='lat' dir='ltr'><strong>et</strong></span> <span class='ocrx_word' id='word_1_799' title='bbox 1195 4787 1304 4827; x_wconf 94' lang='lat' dir='ltr'><strong>non</strong></span> <span class='ocrx_word' id='word_1_800' title='bbox 1333 4772 1549 4827; x_wconf 90' lang='lat' dir='ltr'><strong>dabitur</strong></span> <span class='ocrx_word' id='word_1_801' title='bbox 1572 4773 1622 4827; x_wconf 94' lang='lat' dir='ltr'><strong>ei</strong></span> <span class='ocrx_word' id='word_1_802' title='bbox 1655 4773 1721 4838; x_wconf 73' lang='grc'><em>³³,</em></span> <span class='ocrx_word' id='word_1_803' title='bbox 1743 4774 1760 4792; x_wconf 90' lang='grc'><strong>⁸</strong></span> <span class='ocrx_word' id='word_1_804' title='bbox 1793 4791 1812 4826; x_wconf 82' lang='grc' dir='ltr'><strong>ι</strong></span> 
     </span>
    </p>
   </div>
   <div class='ocr_carea' id='block_1_92' title="bbox 239 4856 1817 4932">
    <p class='ocr_par' dir='ltr' id='par_1_92' title="bbox 239 4856 1817 4932">
     <span class='ocr_line' id='line_1_92' title="bbox 239 4856 1817 4932; baseline 0.004 -21"><span class='ocrx_word' id='word_1_805' title='bbox 239 4856 300 4911; x_wconf 86' lang='lat' dir='ltr'><strong>in</strong></span> <span class='ocrx_word' id='word_1_806' title='bbox 331 4856 416 4910; x_wconf 92' lang='lat' dir='ltr'><strong>die</strong></span> <span class='ocrx_word' id='word_1_807' title='bbox 436 4857 627 4927; x_wconf 79' lang='lat' dir='ltr'><strong>judicii</strong></span> <span class='ocrx_word' id='word_1_808' title='bbox 649 4859 774 4913; x_wconf 72' lang='lat' dir='ltr'><strong>vita:</strong></span> <span class='ocrx_word' id='word_1_809' title='bbox 799 4860 1095 4915; x_wconf 88' lang='lat' dir='ltr'><strong>subsidium</strong></span> <span class='ocrx_word' id='word_1_810' title='bbox 1125 4861 1435 4930; x_wconf 89' lang='lat' dir='ltr'><strong>postulabit,</strong></span> <span class='ocrx_word' id='word_1_811' title='bbox 1477 4871 1533 4916; x_wconf 93' lang='lat' dir='ltr'><strong>et</strong></span> <span class='ocrx_word' id='word_1_812' title='bbox 1559 4878 1664 4918; x_wconf 93' lang='lat' dir='ltr'><strong>non</strong></span> <span class='ocrx_word' id='word_1_813' title='bbox 1691 4878 1817 4932; x_wconf 87' lang='lat' dir='ltr'><strong>per-</strong></span> 
     </span>
    </p>
   </div>
   <div class='ocr_carea' id='block_1_93' title="bbox 242 4949 1814 5022">
    <p class='ocr_par' dir='ltr' id='par_1_93' title="bbox 242 4949 1814 5022">
     <span class='ocr_line' id='line_1_93' title="bbox 242 4949 1814 5022; baseline 0.004 -18"><span class='ocrx_word' id='word_1_814' title='bbox 242 4949 428 5020; x_wconf 91' lang='lat' dir='ltr'><strong>cipiet.</strong></span> <span class='ocrx_word' id='word_1_815' title='bbox 486 4949 675 5018; x_wconf 76' lang='lat' dir='ltr'><strong>Estas,</strong></span> <span class='ocrx_word' id='word_1_816' title='bbox 725 4951 996 5022; x_wconf 87' lang='lat' dir='ltr'><strong>perfectus</strong></span> <span class='ocrx_word' id='word_1_817' title='bbox 1045 4953 1310 5022; x_wconf 87' lang='lat' dir='ltr'><strong>quilibet,</strong></span> <span class='ocrx_word' id='word_1_818' title='bbox 1361 4963 1422 5008; x_wconf 91' lang='lat' dir='ltr'><strong>ut</strong></span> <span class='ocrx_word' id='word_1_819' title='bbox 1459 4954 1514 5008; x_wconf 92' lang='lat' dir='ltr'><strong>in</strong></span> <span class='ocrx_word' id='word_1_820' title='bbox 1543 4953 1814 5012; x_wconf 86' lang='lat' dir='ltr'><strong>Psalmis:</strong></span> 
     </span>
    </p>
   </div>
   <div class='ocr_carea' id='block_1_94' title="bbox 249 5040 1818 5115">
    <p class='ocr_par' dir='ltr' id='par_1_94' title="bbox 249 5040 1818 5115">
     <span class='ocr_line' id='line_1_94' title="bbox 249 5040 1818 5115; baseline 0.006 -23"><span class='ocrx_word' id='word_1_821' title='bbox 249 5058 272 5092; x_wconf 75' lang='grc' dir='ltr'><strong>ι</strong></span> <span class='ocrx_word' id='word_1_822' title='bbox 305 5040 573 5098; x_wconf 71' lang='grc' dir='ltr'><em>ίΕειειιειιι</em></span> <span class='ocrx_word' id='word_1_823' title='bbox 603 5051 659 5097; x_wconf 89' lang='grc' dir='ltr'><strong>ει</strong></span> <span class='ocrx_word' id='word_1_824' title='bbox 679 5058 775 5097; x_wconf 92' lang='lat' dir='ltr'><strong>ver</strong></span> <span class='ocrx_word' id='word_1_825' title='bbox 797 5052 853 5097; x_wconf 90' lang='lat' dir='ltr'><strong>tu</strong></span> <span class='ocrx_word' id='word_1_826' title='bbox 877 5043 1150 5114; x_wconf 90' lang='lat' dir='ltr'><strong>plasmasti</strong></span> <span class='ocrx_word' id='word_1_827' title='bbox 1179 5045 1244 5111; x_wconf 83' lang='grc' dir='ltr'><strong>³ο,</strong></span> <span class='ocrx_word' id='word_1_828' title='bbox 1279 5064 1296 5097; x_wconf 79' lang='grc' dir='ltr'><strong>ι</strong></span> <span class='ocrx_word' id='word_1_829' title='bbox 1327 5045 1378 5099; x_wconf 91' lang='lat' dir='ltr'><strong>id</strong></span> <span class='ocrx_word' id='word_1_830' title='bbox 1398 5054 1501 5112; x_wconf 90' lang='lat' dir='ltr'><strong>est,</strong></span> <span class='ocrx_word' id='word_1_831' title='bbox 1529 5045 1818 5115; x_wconf 85' lang='lat' dir='ltr'><strong>perfectos,</strong></span> 
     </span>
    </p>
   </div>
   <div class='ocr_carea' id='block_1_95' title="bbox 243 5132 1014 5203">
    <p class='ocr_par' dir='ltr' id='par_1_95' title="bbox 243 5132 1014 5203">
     <span class='ocr_line' id='line_1_95' title="bbox 243 5132 1014 5203; baseline 0.004 -18"><span class='ocrx_word' id='word_1_832' title='bbox 243 5139 304 5186; x_wconf 92' lang='lat' dir='ltr'><strong>tu</strong></span> <span class='ocrx_word' id='word_1_833' title='bbox 334 5132 576 5189; x_wconf 89' lang='lat' dir='ltr'><strong>formasti</strong></span> <span class='ocrx_word' id='word_1_834' title='bbox 604 5142 657 5190; x_wconf 89' lang='lat' dir='ltr'><strong>et</strong></span> <span class='ocrx_word' id='word_1_835' title='bbox 682 5133 1014 5203; x_wconf 88' lang='lat' dir='ltr'><strong>insipientes.</strong></span> 
     </span>
    </p>
   </div>
   <div class='ocr_carea' id='block_1_96' title="bbox 316 5224 1825 5298">
    <p class='ocr_par' dir='ltr' id='par_1_96' title="bbox 316 5224 1825 5298">
     <span class='ocr_line' id='line_1_96' title="bbox 316 5224 1825 5298; baseline 0.003 -19"><span class='ocrx_word' id='word_1_836' title='bbox 316 5224 514 5280; x_wconf 82' lang='lat' dir='ltr'><strong>Etltera</strong></span> <span class='ocrx_word' id='word_1_837' title='bbox 543 5235 667 5282; x_wconf 91' lang='lat' dir='ltr'><strong>sunt</strong></span> <span class='ocrx_word' id='word_1_838' title='bbox 709 5226 918 5298; x_wconf 86' lang='lat' dir='ltr'><strong>angeli,</strong></span> <span class='ocrx_word' id='word_1_839' title='bbox 969 5233 1026 5281; x_wconf 92' lang='lat' dir='ltr'><strong>ut</strong></span> <span class='ocrx_word' id='word_1_840' title='bbox 1070 5226 1124 5281; x_wconf 91' lang='lat' dir='ltr'><strong>in</strong></span> <span class='ocrx_word' id='word_1_841' title='bbox 1172 5226 1488 5283; x_wconf 89' lang='lat' dir='ltr'><strong>Parabolis:</strong></span> <span class='ocrx_word' id='word_1_842' title='bbox 1545 5245 1563 5279; x_wconf 82' lang='grc' dir='ltr'><strong>ι</strong></span> <span class='ocrx_word' id='word_1_843' title='bbox 1598 5226 1825 5294; x_wconf 90' lang='lat' dir='ltr'><strong>Quando</strong></span> 
     </span>
    </p>
   </div>
   <div class='ocr_carea' id='block_1_97' title="bbox 1919 4670 3496 4740">
    <p class='ocr_par' dir='ltr' id='par_1_97' title="bbox 1919 4670 3496 4740">
     <span class='ocr_line' id='line_1_97' title="bbox 1919 4670 3496 4740; baseline 0 -12"><span class='ocrx_word' id='word_1_844' title='bbox 1919 4681 1981 4728; x_wconf 91' lang='lat' dir='ltr'><strong>ut</strong></span> <span class='ocrx_word' id='word_1_845' title='bbox 2023 4673 2074 4726; x_wconf 94' lang='lat' dir='ltr'><strong>in</strong></span> <span class='ocrx_word' id='word_1_846' title='bbox 2126 4672 2268 4728; x_wconf 90' lang='lat' dir='ltr'><strong>libro</strong></span> <span class='ocrx_word' id='word_1_847' title='bbox 2309 4670 2527 4726; x_wconf 88' lang='lat' dir='ltr'><strong>Numeri</strong></span> <span class='ocrx_word' id='word_1_848' title='bbox 2562 4690 2573 4724; x_wconf 91' lang='lat'><strong>:</strong></span> <span class='ocrx_word' id='word_1_849' title='bbox 2630 4691 2648 4722; x_wconf 78' lang='grc' dir='ltr'><strong>ι</strong></span> <span class='ocrx_word' id='word_1_850' title='bbox 2687 4671 2910 4726; x_wconf 78' lang='lat' dir='ltr'><strong>Reversi</strong></span> <span class='ocrx_word' id='word_1_851' title='bbox 2954 4678 3082 4726; x_wconf 91' lang='lat' dir='ltr'><strong>sunt</strong></span> <span class='ocrx_word' id='word_1_852' title='bbox 3126 4671 3496 4740; x_wconf 87' lang='lat' dir='ltr'><strong>exploratores</strong></span> 
     </span>
    </p>
   </div>
   <div class='ocr_carea' id='block_1_98' title="bbox 1919 4761 3490 4834">
    <p class='ocr_par' dir='ltr' id='par_1_98' title="bbox 1919 4761 3490 4834">
     <span class='ocr_line' id='line_1_98' title="bbox 1919 4761 3490 4834; baseline 0 -14"><span class='ocrx_word' id='word_1_853' title='bbox 1919 4773 2080 4820; x_wconf 82' lang='lat' dir='ltr'><strong>terrae</strong></span> <span class='ocrx_word' id='word_1_854' title='bbox 2107 4763 2176 4828; x_wconf 84' lang='grc'><strong>⁸⁵,</strong></span> <span class='ocrx_word' id='word_1_855' title='bbox 2213 4782 2232 4816; x_wconf 78' lang='grc' dir='ltr'><strong>ι</strong></span> <span class='ocrx_word' id='word_1_856' title='bbox 2276 4762 2418 4833; x_wconf 92' lang='lat' dir='ltr'><strong>quod</strong></span> <span class='ocrx_word' id='word_1_857' title='bbox 2447 4762 2826 4834; x_wconf 61' lang='lat' dir='ltr'><strong>praedicatores</strong></span> <span class='ocrx_word' id='word_1_858' title='bbox 2868 4761 3252 4833; x_wconf 65' lang='lat' dir='ltr'><strong>praedicatione</strong></span> <span class='ocrx_word' id='word_1_859' title='bbox 3278 4779 3374 4819; x_wconf 85' lang='lat' dir='ltr'><strong>sua</strong></span> <span class='ocrx_word' id='word_1_860' title='bbox 3404 4780 3490 4820; x_wconf 89' lang='lat' dir='ltr'><strong>rc-</strong></span> 
     </span>
    </p>
   </div>
   <div class='ocr_carea' id='block_1_99' title="bbox 1921 4855 2517 4924">
    <p class='ocr_par' dir='ltr' id='par_1_99' title="bbox 1921 4855 2517 4924">
     <span class='ocr_line' id='line_1_99' title="bbox 1921 4855 2517 4924; baseline -0.002 -13"><span class='ocrx_word' id='word_1_861' title='bbox 1921 4856 2088 4912; x_wconf 92' lang='lat' dir='ltr'><strong>deunt</strong></span> <span class='ocrx_word' id='word_1_862' title='bbox 2105 4856 2171 4910; x_wconf 91' lang='lat' dir='ltr'><strong>ad</strong></span> <span class='ocrx_word' id='word_1_863' title='bbox 2199 4855 2517 4924; x_wconf 90' lang='lat' dir='ltr'><strong>semetipsos</strong></span> 
     </span>
    </p>
   </div>
   <div class='ocr_carea' id='block_1_100' title="bbox 1995 4944 3496 5016">
    <p class='ocr_par' dir='ltr' id='par_1_100' title="bbox 1995 4944 3496 5016">
     <span class='ocr_line' id='line_1_100' title="bbox 1995 4944 3496 5016; baseline 0.003 -17"><span class='ocrx_word' id='word_1_864' title='bbox 1995 4944 2270 5000; x_wconf 72' lang='lat' dir='ltr'><strong>Exercitus</strong></span> <span class='ocrx_word' id='word_1_865' title='bbox 2313 4953 2398 5001; x_wconf 90' lang='lat' dir='ltr'><strong>est</strong></span> <span class='ocrx_word' id='word_1_866' title='bbox 2436 4944 2723 5000; x_wconf 90' lang='lat' dir='ltr'><strong>multitudo</strong></span> <span class='ocrx_word' id='word_1_867' title='bbox 2771 4944 3103 5016; x_wconf 90' lang='lat' dir='ltr'><strong>angelorum,</strong></span> <span class='ocrx_word' id='word_1_868' title='bbox 3131 4953 3190 5001; x_wconf 90' lang='lat' dir='ltr'><strong>ut</strong></span> <span class='ocrx_word' id='word_1_869' title='bbox 3236 4948 3290 5002; x_wconf 92' lang='lat' dir='ltr'><strong>in</strong></span> <span class='ocrx_word' id='word_1_870' title='bbox 3339 4949 3496 5005; x_wconf 88' lang='lat' dir='ltr'><strong>libris</strong></span> 
     </span>
    </p>
   </div>
   <div class='ocr_carea' id='block_1_101' title="bbox 1926 5025 3504 5109">
    <p class='ocr_par' dir='ltr' id='par_1_101' title="bbox 1926 5025 3504 5109">
     <span class='ocr_line' id='line_1_101' title="bbox 1926 5025 3504 5109; baseline 0.001 -17"><span class='ocrx_word' id='word_1_871' title='bbox 1926 5025 2132 5109; x_wconf 80' lang='lat' dir='ltr'><strong>Regum</strong></span> <span class='ocrx_word' id='word_1_872' title='bbox 2163 5056 2174 5092; x_wconf 92' lang='lat'><strong>:</strong></span> <span class='ocrx_word' id='word_1_873' title='bbox 2214 5056 2238 5088; x_wconf 73' lang='grc' dir='ltr'><strong>ι</strong></span> <span class='ocrx_word' id='word_1_874' title='bbox 2263 5037 2486 5094; x_wconf 89' lang='lat' dir='ltr'><strong>Omnem</strong></span> <span class='ocrx_word' id='word_1_875' title='bbox 2500 5039 2800 5094; x_wconf 88' lang='lat' dir='ltr'><strong>exercitum</strong></span> <span class='ocrx_word' id='word_1_876' title='bbox 2825 5037 2945 5096; x_wconf 59' lang='lat' dir='ltr'><strong>caeli</strong></span> <span class='ocrx_word' id='word_1_877' title='bbox 2963 5040 3300 5095; x_wconf 90' lang='lat' dir='ltr'><strong>assistentem</strong></span> <span class='ocrx_word' id='word_1_878' title='bbox 3313 5041 3362 5096; x_wconf 91' lang='lat' dir='ltr'><strong>ei</strong></span> <span class='ocrx_word' id='word_1_879' title='bbox 3379 5041 3444 5105; x_wconf 80' lang='lat'><strong>“,</strong></span> <span class='ocrx_word' id='word_1_880' title='bbox 3467 5061 3504 5094; x_wconf 60' lang='grc' dir='ltr'><em>ι.</em></span> 
     </span>
    </p>
   </div>
   <div class='ocr_carea' id='block_1_102' title="bbox 1924 5136 3511 5208">
    <p class='ocr_par' dir='ltr' id='par_1_102' title="bbox 1924 5136 3511 5208">
     <span class='ocr_line' id='line_1_102' title="bbox 1924 5136 3511 5208; baseline 0.003 -18"><span class='ocrx_word' id='word_1_881' title='bbox 1924 5137 2066 5208; x_wconf 90' lang='lat' dir='ltr'><strong>quod</strong></span> <span class='ocrx_word' id='word_1_882' title='bbox 2095 5136 2380 5191; x_wconf 88' lang='lat' dir='ltr'><strong>multitudo</strong></span> <span class='ocrx_word' id='word_1_883' title='bbox 2409 5137 2722 5208; x_wconf 89' lang='lat' dir='ltr'><strong>angelorum</strong></span> <span class='ocrx_word' id='word_1_884' title='bbox 2765 5138 2876 5194; x_wconf 93' lang='lat' dir='ltr'><strong>Deo</strong></span> <span class='ocrx_word' id='word_1_885' title='bbox 2921 5139 3143 5195; x_wconf 85' lang='lat' dir='ltr'><strong>assistit.</strong></span> <span class='ocrx_word' id='word_1_886' title='bbox 3193 5140 3511 5205; x_wconf 74' lang='lat' dir='ltr'><strong>Exercitus,.</strong></span> 
     </span>
    </p>
   </div>
   <div class='ocr_carea' id='block_1_103' title="bbox 1925 5221 3494 5292">
    <p class='ocr_par' dir='ltr' id='par_1_103' title="bbox 1925 5221 3494 5292">
     <span class='ocr_line' id='line_1_103' title="bbox 1925 5221 3494 5292; baseline 0.003 -11"><span class='ocrx_word' id='word_1_887' title='bbox 1925 5233 2099 5281; x_wconf 86' lang='lat' dir='ltr'><strong>coetus</strong></span> <span class='ocrx_word' id='word_1_888' title='bbox 2135 5225 2458 5292; x_wconf 78' lang='lat' dir='ltr'><strong>daemonum,</strong></span> <span class='ocrx_word' id='word_1_889' title='bbox 2487 5237 2546 5280; x_wconf 91' lang='lat' dir='ltr'><strong>ut</strong></span> <span class='ocrx_word' id='word_1_890' title='bbox 2574 5227 2627 5282; x_wconf 91' lang='lat' dir='ltr'><strong>in</strong></span> <span class='ocrx_word' id='word_1_891' title='bbox 2657 5221 2871 5284; x_wconf 90' lang='lat' dir='ltr'><strong>cantico</strong></span> <span class='ocrx_word' id='word_1_892' title='bbox 2901 5229 3069 5285; x_wconf 82' lang='lat' dir='ltr'><strong>Exodi</strong></span> <span class='ocrx_word' id='word_1_893' title='bbox 3099 5247 3110 5283; x_wconf 95' lang='lat'><strong>:</strong></span> <span class='ocrx_word' id='word_1_894' title='bbox 3141 5248 3158 5282; x_wconf 82' lang='grc' dir='ltr'><strong>ι</strong></span> <span class='ocrx_word' id='word_1_895' title='bbox 3188 5231 3254 5286; x_wconf 88' lang='grc' dir='ltr'><em>Ει</em></span> <span class='ocrx_word' id='word_1_896' title='bbox 3284 5233 3494 5288; x_wconf 61' lang='lat' dir='ltr'><strong>exerci~</strong></span> 
     </span>
    </p>
   </div>
   <div class='ocr_carea' id='block_1_104' title="bbox 328 5400 1804 5472">
    <p class='ocr_par' dir='ltr' id='par_1_104' title="bbox 328 5400 1804 5470">
     <span class='ocr_line' id='line_1_104' title="bbox 328 5400 1804 5470; baseline -0.001 -14"><span class='ocrx_word' id='word_1_897' title='bbox 328 5403 501 5459; x_wconf 76' lang='lat' dir='ltr'><strong>&#39;Joel.</strong></span> <span class='ocrx_word' id='word_1_898' title='bbox 526 5420 564 5469; x_wconf 91' lang='grc' dir='ltr'><strong>ι,</strong></span> <span class='ocrx_word' id='word_1_899' title='bbox 590 5407 643 5461; x_wconf 68' lang='grc'><strong>4.</strong></span> <span class='ocrx_word' id='word_1_900' title='bbox 692 5405 710 5435; x_wconf 84' lang='lat'><strong>’</strong></span> <span class='ocrx_word' id='word_1_901' title='bbox 749 5403 889 5458; x_wconf 88' lang='lat' dir='ltr'><strong>Psal.</strong></span> <span class='ocrx_word' id='word_1_902' title='bbox 916 5419 1032 5470; x_wconf 88' lang='lat' dir='ltr'><strong>cm,</strong></span> <span class='ocrx_word' id='word_1_903' title='bbox 1065 5403 1150 5460; x_wconf 84' lang='lat' dir='ltr'><strong>l8.</strong></span> <span class='ocrx_word' id='word_1_904' title='bbox 1181 5404 1200 5436; x_wconf 88' lang='grc'>³</span> <span class='ocrx_word' id='word_1_905' title='bbox 1231 5405 1335 5460; x_wconf 87' lang='lat' dir='ltr'><strong>lsa.</strong></span> <span class='ocrx_word' id='word_1_906' title='bbox 1382 5420 1568 5467; x_wconf 79' lang='lat' dir='ltr'><strong>xxxiv,</strong></span> <span class='ocrx_word' id='word_1_907' title='bbox 1613 5404 1698 5457; x_wconf 77' lang='grc'><strong>15.</strong></span> <span class='ocrx_word' id='word_1_908' title='bbox 1733 5400 1804 5455; x_wconf 67' lang='grc'><strong>⁸]</strong></span> 
     </span>
    </p>
   </div>
   <div class='ocr_carea' id='block_1_105' title="bbox 1918 5400 3494 5472">
    <p class='ocr_par' dir='ltr' id='par_1_105' title="bbox 1918 5402 3494 5472">
     <span class='ocr_line' id='line_1_105' title="bbox 1918 5402 3494 5472; baseline 0.005 -16"><span class='ocrx_word' id='word_1_909' title='bbox 1918 5417 2113 5456; x_wconf 78' lang='lat' dir='ltr'><strong>xxxv&quot;.</strong></span> <span class='ocrx_word' id='word_1_910' title='bbox 2162 5402 2183 5433; x_wconf 82' lang='grc'><strong>⁸</strong></span> <span class='ocrx_word' id='word_1_911' title='bbox 2207 5402 2376 5456; x_wconf 83' lang='lat' dir='ltr'><strong>Exod.</strong></span> <span class='ocrx_word' id='word_1_912' title='bbox 2425 5419 2553 5468; x_wconf 86' lang='lat' dir='ltr'><strong>xxv,</strong></span> <span class='ocrx_word' id='word_1_913' title='bbox 2583 5404 2636 5457; x_wconf 83' lang='lat'><strong>&#39;5.</strong></span> <span class='ocrx_word' id='word_1_914' title='bbox 2681 5403 2701 5434; x_wconf 82' lang='grc'><strong>⁸</strong></span> <span class='ocrx_word' id='word_1_915' title='bbox 2730 5403 2832 5459; x_wconf 81' lang='lat' dir='ltr'><strong>Job</strong></span> <span class='ocrx_word' id='word_1_916' title='bbox 2872 5422 2944 5468; x_wconf 76' lang='lat' dir='ltr'><strong>vr,</strong></span> <span class='ocrx_word' id='word_1_917' title='bbox 2975 5407 3060 5462; x_wconf 73' lang='grc'><strong>12.</strong></span> <span class='ocrx_word' id='word_1_918' title='bbox 3086 5409 3106 5440; x_wconf 86' lang='grc'><strong>⁷</strong></span> <span class='ocrx_word' id='word_1_919' title='bbox 3136 5406 3236 5463; x_wconf 80' lang='lat' dir='ltr'><strong>Job</strong></span> <span class='ocrx_word' id='word_1_920' title='bbox 3269 5424 3361 5472; x_wconf 88' lang='lat' dir='ltr'><strong>xx,</strong></span> <span class='ocrx_word' id='word_1_921' title='bbox 3400 5408 3494 5464; x_wconf 70' lang='grc'><strong>21.</strong></span> 
     </span>
    </p>
   </div>
   <div class='ocr_carea' id='block_1_106' title="bbox 246 5471 1804 5542">
    <p class='ocr_par' dir='ltr' id='par_1_106' title="bbox 246 5472 1794 5536">
     <span class='ocr_line' id='line_1_106' title="bbox 246 5472 1794 5536; baseline -0.003 -7"><span class='ocrx_word' id='word_1_922' title='bbox 246 5475 494 5529; x_wconf 79' lang='lat' dir='ltr'><strong>&#39;Ezeeh.</strong></span> <span class='ocrx_word' id='word_1_923' title='bbox 541 5491 631 5535; x_wconf 74' lang='grc' dir='ltr'><em>ιιι,</em></span> <span class='ocrx_word' id='word_1_924' title='bbox 681 5474 733 5528; x_wconf 78' lang='lat'><strong>3.</strong></span> <span class='ocrx_word' id='word_1_925' title='bbox 786 5473 1024 5528; x_wconf 78' lang='lat' dir='ltr'><strong>’Ezech.</strong></span> <span class='ocrx_word' id='word_1_926' title='bbox 1079 5491 1115 5536; x_wconf 91' lang='grc' dir='ltr'><strong>ι,</strong></span> <span class='ocrx_word' id='word_1_927' title='bbox 1167 5475 1218 5529; x_wconf 89' lang='lat'><strong>7.</strong></span> <span class='ocrx_word' id='word_1_928' title='bbox 1271 5475 1312 5506; x_wconf 84' lang='grc'><strong>¹⁰</strong></span> <span class='ocrx_word' id='word_1_929' title='bbox 1334 5475 1487 5528; x_wconf 90' lang='lat' dir='ltr'><strong>Cant.</strong></span> <span class='ocrx_word' id='word_1_930' title='bbox 1522 5490 1635 5536; x_wconf 82' lang='lat' dir='ltr'><strong>vlt,</strong></span> <span class='ocrx_word' id='word_1_931' title='bbox 1669 5472 1722 5525; x_wconf 72' lang='grc'><strong>4.</strong></span> <span class='ocrx_word' id='word_1_932' title='bbox 1753 5473 1794 5503; x_wconf 77' lang='grc'>¹¹</span> 
     </span>
    </p>
   </div>
   <div class='ocr_carea' id='block_1_107' title="bbox 1918 5471 3494 5542">
    <p class='ocr_par' dir='ltr' id='par_1_107' title="bbox 1918 5472 3494 5542">
     <span class='ocr_line' id='line_1_107' title="bbox 1918 5472 3494 5542; baseline 0.004 -17"><span class='ocrx_word' id='word_1_933' title='bbox 1918 5488 1974 5525; x_wconf 85' lang='grc' dir='ltr'><em>ιι.</em></span> <span class='ocrx_word' id='word_1_934' title='bbox 2003 5489 2116 5534; x_wconf 80' lang='lat' dir='ltr'><strong>xxi,</strong></span> <span class='ocrx_word' id='word_1_935' title='bbox 2157 5472 2248 5526; x_wconf 75' lang='lat'><strong>28.</strong></span> <span class='ocrx_word' id='word_1_936' title='bbox 2279 5474 2324 5504; x_wconf 82' lang='grc'>¹¹</span> <span class='ocrx_word' id='word_1_937' title='bbox 2361 5472 2501 5530; x_wconf 89' lang='lat' dir='ltr'><strong>Psal.</strong></span> <span class='ocrx_word' id='word_1_938' title='bbox 2531 5489 2618 5536; x_wconf 85' lang='lat' dir='ltr'><strong>cx,</strong></span> <span class='ocrx_word' id='word_1_939' title='bbox 2663 5473 2717 5527; x_wconf 80' lang='lat'><strong>5.</strong></span> <span class='ocrx_word' id='word_1_940' title='bbox 2747 5475 2788 5505; x_wconf 81' lang='lat'>&quot;</span> <span class='ocrx_word' id='word_1_941' title='bbox 2813 5473 2912 5531; x_wconf 83' lang='lat' dir='ltr'><strong>Job</strong></span> <span class='ocrx_word' id='word_1_942' title='bbox 2941 5492 3103 5531; x_wconf 69' lang='lat' dir='ltr'><strong>XXHX</strong></span> <span class='ocrx_word' id='word_1_943' title='bbox 3124 5518 3137 5542; x_wconf 96' lang='lat'><strong>,</strong></span> <span class='ocrx_word' id='word_1_944' title='bbox 3167 5478 3254 5531; x_wconf 72' lang='lat'><strong>32.</strong></span> <span class='ocrx_word' id='word_1_945' title='bbox 3286 5478 3328 5508; x_wconf 77' lang='lat'>”</span> <span class='ocrx_word' id='word_1_946' title='bbox 3350 5478 3494 5533; x_wconf 84' lang='lat' dir='ltr'><strong>Psal.</strong></span> 
     </span>
    </p>
   </div>
   <div class='ocr_carea' id='block_1_108' title="bbox 245 5541 3494 5611">
    <p class='ocr_par' dir='ltr' id='par_1_108' title="bbox 245 5541 3494 5611">
     <span class='ocr_line' id='line_1_108' title="bbox 245 5541 3494 5611; baseline -0.001 -11"><span class='ocrx_word' id='word_1_947' title='bbox 245 5561 424 5607; x_wconf 69' lang='lat' dir='ltr'><strong>CXLVI,</strong></span> <span class='ocrx_word' id='word_1_948' title='bbox 458 5545 509 5598; x_wconf 95' lang='lat'><strong>9.</strong></span> <span class='ocrx_word' id='word_1_949' title='bbox 547 5545 589 5576; x_wconf 77' lang='grc'><strong>³⁸</strong></span> <span class='ocrx_word' id='word_1_950' title='bbox 609 5544 749 5597; x_wconf 86' lang='lat' dir='ltr'><strong>Psal.</strong></span> <span class='ocrx_word' id='word_1_951' title='bbox 778 5560 954 5608; x_wconf 81' lang='lat' dir='ltr'><strong>cxuv,</strong></span> <span class='ocrx_word' id='word_1_952' title='bbox 981 5545 1066 5598; x_wconf 87' lang='grc'><strong>15.</strong></span> <span class='ocrx_word' id='word_1_953' title='bbox 1102 5544 1296 5598; x_wconf 82' lang='lat' dir='ltr'><strong>“lleb.</strong></span> <span class='ocrx_word' id='word_1_954' title='bbox 1326 5559 1446 5604; x_wconf 84' lang='lat' dir='ltr'><strong>xm,</strong></span> <span class='ocrx_word' id='word_1_955' title='bbox 1475 5544 1528 5598; x_wconf 87' lang='lat'><strong>9.</strong></span> <span class='ocrx_word' id='word_1_956' title='bbox 1583 5545 1621 5575; x_wconf 70' lang='grc' dir='ltr'><em>ιτ</em></span> <span class='ocrx_word' id='word_1_957' title='bbox 1651 5543 1834 5596; x_wconf 87' lang='lat' dir='ltr'><strong>Matth.</strong></span> <span class='ocrx_word' id='word_1_958' title='bbox 1893 5558 2039 5595; x_wconf 77' lang='lat' dir='ltr'><strong>xxiv.</strong></span> <span class='ocrx_word' id='word_1_959' title='bbox 2091 5542 2181 5595; x_wconf 73' lang='grc'><strong>52.</strong></span> <span class='ocrx_word' id='word_1_960' title='bbox 2236 5543 2277 5574; x_wconf 77' lang='grc'><strong>³⁸</strong></span> <span class='ocrx_word' id='word_1_961' title='bbox 2307 5542 2465 5596; x_wconf 89' lang='lat' dir='ltr'><strong>Prov.</strong></span> <span class='ocrx_word' id='word_1_962' title='bbox 2517 5559 2592 5608; x_wconf 83' lang='lat' dir='ltr'><strong>vt,</strong></span> <span class='ocrx_word' id='word_1_963' title='bbox 2643 5543 2696 5598; x_wconf 94' lang='lat'><strong>8.</strong></span> <span class='ocrx_word' id='word_1_964' title='bbox 2730 5541 2771 5574; x_wconf 78' lang='lat'>”</span> <span class='ocrx_word' id='word_1_965' title='bbox 2822 5543 2981 5599; x_wconf 87' lang='lat' dir='ltr'><strong>Prov.</strong></span> <span class='ocrx_word' id='word_1_966' title='bbox 3025 5541 3130 5611; x_wconf 85' lang='lat' dir='ltr'><strong>xx,</strong></span> <span class='ocrx_word' id='word_1_967' title='bbox 3171 5547 3225 5600; x_wconf 80' lang='grc'><strong>4.</strong></span> <span class='ocrx_word' id='word_1_968' title='bbox 3273 5549 3320 5579; x_wconf 76' lang='grc'><strong><em>³⁸</em></strong></span> <span class='ocrx_word' id='word_1_969' title='bbox 3349 5549 3494 5601; x_wconf 67' lang='lat' dir='ltr'><strong>Psal.</strong></span> 
     </span>
    </p>
   </div>
   <div class='ocr_carea' id='block_1_109' title="bbox 247 5612 3500 5678">
    <p class='ocr_par' dir='ltr' id='par_1_109' title="bbox 247 5612 3500 5678">
     <span class='ocr_line' id='line_1_109' title="bbox 247 5612 3500 5678; baseline 0.002 -10"><span class='ocrx_word' id='word_1_970' title='bbox 247 5631 436 5674; x_wconf 77' lang='grc' dir='ltr'><em>ιιιιιιι,</em></span> <span class='ocrx_word' id='word_1_971' title='bbox 471 5615 556 5667; x_wconf 85' lang='grc'><strong>17.</strong></span> <span class='ocrx_word' id='word_1_972' title='bbox 587 5615 629 5644; x_wconf 72' lang='grc' dir='ltr'><strong>’ί</strong></span> <span class='ocrx_word' id='word_1_973' title='bbox 663 5613 819 5669; x_wconf 89' lang='lat' dir='ltr'><strong>Prov.</strong></span> <span class='ocrx_word' id='word_1_974' title='bbox 854 5630 970 5678; x_wconf 88' lang='lat' dir='ltr'><strong>vm,</strong></span> <span class='ocrx_word' id='word_1_975' title='bbox 1000 5614 1087 5668; x_wconf 74' lang='lat'><strong>28.</strong></span> <span class='ocrx_word' id='word_1_976' title='bbox 1131 5616 1174 5644; x_wconf 81' lang='lat'>“</span> <span class='ocrx_word' id='word_1_977' title='bbox 1201 5614 1301 5668; x_wconf 85' lang='lat' dir='ltr'><strong>Job</strong></span> <span class='ocrx_word' id='word_1_978' title='bbox 1349 5629 1510 5676; x_wconf 81' lang='lat' dir='ltr'><strong>xxxv,</strong></span> <span class='ocrx_word' id='word_1_979' title='bbox 1556 5613 1606 5666; x_wconf 83' lang='lat'><strong>5.</strong></span> <span class='ocrx_word' id='word_1_980' title='bbox 1640 5614 1686 5644; x_wconf 78' lang='grc'><strong>’³</strong></span> <span class='ocrx_word' id='word_1_981' title='bbox 1725 5612 1888 5667; x_wconf 82' lang='lat' dir='ltr'><strong>Eecli.</strong></span> <span class='ocrx_word' id='word_1_982' title='bbox 1923 5628 2086 5673; x_wconf 84' lang='lat' dir='ltr'><strong>xvut,</strong></span> <span class='ocrx_word' id='word_1_983' title='bbox 2125 5613 2172 5665; x_wconf 89' lang='grc'><strong>1.</strong></span> <span class='ocrx_word' id='word_1_984' title='bbox 2206 5612 2252 5642; x_wconf 63' lang='grc'><strong>’³</strong></span> <span class='ocrx_word' id='word_1_985' title='bbox 2277 5612 2417 5667; x_wconf 87' lang='lat' dir='ltr'><strong>Psal.</strong></span> <span class='ocrx_word' id='word_1_986' title='bbox 2449 5629 2707 5677; x_wconf 72' lang='lat' dir='ltr'><strong>cxxxvm,</strong></span> <span class='ocrx_word' id='word_1_987' title='bbox 2743 5616 2791 5668; x_wconf 93' lang='grc'><strong>1.</strong></span> <span class='ocrx_word' id='word_1_988' title='bbox 2821 5615 2868 5645; x_wconf 76' lang='grc'><strong><em>’⁵</em></strong></span> <span class='ocrx_word' id='word_1_989' title='bbox 2895 5615 3062 5668; x_wconf 80' lang='lat' dir='ltr'><strong>Exod.</strong></span> <span class='ocrx_word' id='word_1_990' title='bbox 3091 5632 3174 5676; x_wconf 85' lang='lat' dir='ltr'><strong>xv,</strong></span> <span class='ocrx_word' id='word_1_991' title='bbox 3212 5616 3295 5671; x_wconf 89' lang='grc'><strong>18.</strong></span> <span class='ocrx_word' id='word_1_992' title='bbox 3322 5617 3366 5648; x_wconf 81' lang='grc'><strong>³⁸</strong></span> <span class='ocrx_word' id='word_1_993' title='bbox 3393 5617 3500 5673; x_wconf 74' lang='grc' dir='ltr'><strong>,1οδ</strong></span> 
     </span>
    </p>
   </div>
   <div class='ocr_carea' id='block_1_110' title="bbox 247 5678 1804 5755">
    <p class='ocr_par' dir='ltr' id='par_1_110' title="bbox 247 5682 1796 5755">
     <span class='ocr_line' id='line_1_110' title="bbox 247 5682 1796 5755; baseline -0.001 -18"><span class='ocrx_word' id='word_1_994' title='bbox 247 5701 441 5744; x_wconf 67' lang='lat' dir='ltr'><strong>xxutt,</strong></span> <span class='ocrx_word' id='word_1_995' title='bbox 477 5684 629 5738; x_wconf 68' lang='lat'><strong>195&quot;</strong></span> <span class='ocrx_word' id='word_1_996' title='bbox 661 5685 800 5755; x_wconf 76' lang='lat' dir='ltr'><strong>Psal.</strong></span> <span class='ocrx_word' id='word_1_997' title='bbox 825 5700 1001 5755; x_wconf 82' lang='lat' dir='ltr'><strong>_t.xvtt,</strong></span> <span class='ocrx_word' id='word_1_998' title='bbox 1032 5686 1120 5738; x_wconf 66' lang='grc'><strong>52.</strong></span> <span class='ocrx_word' id='word_1_999' title='bbox 1154 5683 1374 5755; x_wconf 20' lang='grc' dir='ltr'><strong>ἐ’-411³1).</strong></span> <span class='ocrx_word' id='word_1_1000' title='bbox 1407 5699 1488 5744; x_wconf 87' lang='grc' dir='ltr'><em>ιιι,</em></span> <span class='ocrx_word' id='word_1_1001' title='bbox 1514 5685 1565 5755; x_wconf 81' lang='lat'><strong>7_.</strong></span> <span class='ocrx_word' id='word_1_1002' title='bbox 1591 5682 1796 5755; x_wconf 21' lang='lat' dir='ltr'><strong>A”</strong></span> 
     </span>
    </p>
   </div>
   <div class='ocr_carea' id='block_1_111' title="bbox 1918 5678 3502 5755">
    <p class='ocr_par' dir='ltr' id='par_1_111' title="bbox 1918 5678 3502 5755">
     <span class='ocr_line' id='line_1_111' title="bbox 1918 5678 3502 5755; baseline 0.004 -20"><span class='ocrx_word' id='word_1_1003' title='bbox 1918 5699 2005 5745; x_wconf 77' lang='lat' dir='ltr'><strong>LXI,</strong></span> <span class='ocrx_word' id='word_1_1004' title='bbox 2038 5682 2088 5735; x_wconf 90' lang='grc'><strong>9.</strong></span> <span class='ocrx_word' id='word_1_1005' title='bbox 2121 5681 2290 5755; x_wconf 60' lang='lat' dir='ltr'><strong>&quot;dub</strong></span> <span class='ocrx_word' id='word_1_1006' title='bbox 2319 5699 2400 5752; x_wconf 87' lang='grc' dir='ltr'><em>ιιι,</em></span> <span class='ocrx_word' id='word_1_1007' title='bbox 2436 5684 2517 5738; x_wconf 86' lang='grc'><strong>18.</strong></span> <span class='ocrx_word' id='word_1_1008' title='bbox 2546 5684 2587 5715; x_wconf 82' lang='grc'><strong>³¹</strong></span> <span class='ocrx_word' id='word_1_1009' title='bbox 2613 5678 2710 5740; x_wconf 64' lang='lat' dir='ltr'><strong>Job</strong></span> <span class='ocrx_word' id='word_1_1010' title='bbox 2745 5699 2926 5750; x_wconf 78' lang='lat' dir='ltr'><strong>xxxix,</strong></span> <span class='ocrx_word' id='word_1_1011' title='bbox 2979 5684 3063 5739; x_wconf 87' lang='grc'><strong>10.</strong></span> <span class='ocrx_word' id='word_1_1012' title='bbox 3105 5685 3274 5742; x_wconf 72' lang='grc' dir='ltr'><em>³³1εει.</em></span> <span class='ocrx_word' id='word_1_1013' title='bbox 3304 5703 3414 5755; x_wconf 83' lang='lat' dir='ltr'><strong>xtv,</strong></span> <span class='ocrx_word' id='word_1_1014' title='bbox 3436 5687 3502 5742; x_wconf 74' lang='grc' dir='ltr'><em>ι.</em></span> 
     </span>
    </p>
   </div>
   <div class='ocr_carea' id='block_1_112' title="bbox 253 5752 2238 5824">
    <p class='ocr_par' dir='ltr' id='par_1_112' title="bbox 253 5752 2238 5824">
     <span class='ocr_line' id='line_1_112' title="bbox 253 5752 2238 5824; baseline -0.003 -14"><span class='ocrx_word' id='word_1_1015' title='bbox 253 5756 454 5810; x_wconf 73' lang='lat' dir='ltr'><strong>&quot;Cen.</strong></span> <span class='ocrx_word' id='word_1_1016' title='bbox 498 5770 626 5820; x_wconf 84' lang='lat' dir='ltr'><strong>.\‘Lll,</strong></span> <span class='ocrx_word' id='word_1_1017' title='bbox 663 5754 713 5808; x_wconf 91' lang='lat'><strong>9.</strong></span> <span class='ocrx_word' id='word_1_1018' title='bbox 746 5755 787 5786; x_wconf 71' lang='lat'>&quot;</span> <span class='ocrx_word' id='word_1_1019' title='bbox 815 5753 924 5809; x_wconf 77' lang='lat' dir='ltr'><strong>Jos.</strong></span> <span class='ocrx_word' id='word_1_1020' title='bbox 955 5771 1012 5819; x_wconf 87' lang='grc' dir='ltr'><strong>ιι,</strong></span> <span class='ocrx_word' id='word_1_1021' title='bbox 1049 5755 1094 5808; x_wconf 91' lang='grc'><strong>1.</strong></span> <span class='ocrx_word' id='word_1_1022' title='bbox 1131 5755 1175 5786; x_wconf 76' lang='grc'><strong>³⁸</strong></span> <span class='ocrx_word' id='word_1_1023' title='bbox 1199 5753 1356 5809; x_wconf 77' lang='lat' dir='ltr'><strong>Num.</strong></span> <span class='ocrx_word' id='word_1_1024' title='bbox 1388 5769 1506 5820; x_wconf 75' lang='lat' dir='ltr'><strong>xm,</strong></span> <span class='ocrx_word' id='word_1_1025' title='bbox 1537 5753 1626 5807; x_wconf 69' lang='lat'><strong>26.</strong></span> <span class='ocrx_word' id='word_1_1026' title='bbox 1665 5753 1707 5783; x_wconf 74' lang='grc'><strong>³⁸</strong></span> <span class='ocrx_word' id='word_1_1027' title='bbox 1733 5752 1793 5809; x_wconf 87' lang='lat' dir='ltr'><strong>lll</strong></span> <span class='ocrx_word' id='word_1_1028' title='bbox 1827 5753 1955 5824; x_wconf 74' lang='lat' dir='ltr'><strong>Reg.</strong></span> <span class='ocrx_word' id='word_1_1029' title='bbox 1992 5768 2124 5820; x_wconf 85' lang='lat' dir='ltr'><strong>xxu,</strong></span> <span class='ocrx_word' id='word_1_1030' title='bbox 2159 5752 2238 5807; x_wconf 84' lang='lat' dir='ltr'><strong>I9.</strong></span> 
     </span>
    </p>
   </div>
  </div>
