3972 6336
245 425 348 484 921

1197 425 1607 482 ΑιιεϐοιιιΑε
1646 425 1714 480 IN
1753 421 2034 479 SACRAM
2073 420 2536 478 SCRIPTURAM.

3397 425 3505 481 932

249 560 272 592 ι
322 539 483 594 Solve
530 535 825 594 fasciculos
879 537 1247 608 dcprimentes
1282 539 1325 603 ⁸,
1359 558 1378 590 ι
1413 537 1466 592 id
1510 545 1614 602 est,
1642 535 1815 605 abjice
1842 538 1898 596 Α
1919 546 2079 586 nemo
2104 541 2157 586 te
2178 531 2436 602 despiciet
2461 532 2536 598 ¹⁸;
2574 550 2593 582 ι
2623 546 2686 587 ac
2714 530 2758 586 si
2795 531 2971 587 dicat:
3002 529 3218 587 Utinam
3251 532 3385 587 mihi
3413 532 3506 586 ali-

244 647 279 685 a
307 639 361 685 te
387 637 632 699 peccata,
655 642 776 697 qua:
810 635 864 682 te
885 636 1157 697 premunt.
1189 627 1295 682 Per
1340 625 1648 696 fasciculum
1695 640 1825 678 con-

242 721 517 777 venticula
557 721 957 786 damnatorum,
990 728 1052 774 ut
1079 721 1133 774 in
1169 720 1462 788 Evangelio
1494 737 1507 772 :
1544 735 1564 768 ‹
1597 717 1825 788 Alligate

243 812 539 868 fasciculos
573 812 640 865 ad
672 813 1098 866 comburendum
1144 813 1190 877 ³,
1227 831 1245 862 ι
1280 813 1442 880 quod,
1485 812 1578 880 qui
1607 811 1694 865 hic
1730 825 1826 880 pa-

244 918 340 958 res
371 902 587 957 fuerunt
613 902 667 956 in
698 902 876 971 culpa,
908 903 982 956 ibi
1015 917 1174 971 pares
1204 910 1362 957 erunt
1391 902 1444 956 in
1479 916 1661 970 pmna.

323 992 467 1046 Falx
508 1002 592 1048 est
635 991 874 1046 divinum
921 991 1208 1059 judicium,
1255 1001 1316 1046 ut
1350 991 1405 1045 in
1454 990 1822 1061 Apocalypsi:

149 1122 164 1136 .
252 1102 277 1136 ι
311 1085 380 1138 Ει
418 1084 472 1137 in
500 1098 660 1137 manu
698 1097 794 1137 sua
849 1081 1038 1137 falcem
1084 1091 1295 1136 acutam
1349 1081 1392 1147 ³,
1433 1101 1452 1134 ι
1493 1082 1634 1150 quod
1675 1081 1830 1136 Chri-

245 1183 371 1228 stus
394 1174 447 1226 in
479 1189 573 1228 sua
599 1180 870 1243 potestate
901 1172 1063 1226 habet
1080 1171 1340 1240 judicium
1369 1173 1634 1226 strictum.
1663 1169 1825 1236 Falx,

247 1279 422 1327 mors,
450 1271 509 1316 ut
535 1263 589 1316 in
620 1261 914 1333 Evangelio
942 1281 956 1316 :
997 1280 1016 1312 ι
1063 1261 1259 1317 Statim
1307 1263 1474 1318 mittit
1503 1263 1694 1318 falcem
1722 1262 1764 1330 ⁸,
1801 1282 1820 1316 ι

247 1355 397 1424 quod
418 1355 570 1408 adest
589 1363 803 1423 tempus
822 1395 836 1419 ,
852 1355 1108 1424 quoniam
1131 1353 1334 1409 electus
1357 1354 1598 1424 quilibet,
1615 1353 1828 1423 quando

245 1446 322 1498 ad
352 1443 648 1514 perfectam
675 1445 1019 1500 sanctitatem
1044 1445 1313 1514 pervenit,
1341 1445 1408 1500 ad
1435 1445 1710 1501 caelestem
1736 1459 1826 1500 re-

245 1535 436 1604 quiem
459 1549 556 1603 per
583 1544 812 1589 mortem
835 1535 1192 1589 subtrahitur.

327 1620 577 1676 Flamma
607 1632 694 1677 cst
734 1624 994 1702 cognitio,
1027 1633 1088 1678 ut
1122 1625 1175 1679 in
1212 1625 1396 1680 Exodo
1432 1639 1448 1680 :
1480 1644 1500 1677 ι
1542 1624 1830 1696 Apparuit-

245 1726 360 1780 que
387 1713 436 1766 ei
470 1712 610 1766 Deus
639 1713 694 1766 in
743 1703 954 1767 ﬂamma
995 1715 1134 1786 ignis
1178 1715 1234 1777 ⁸,-
1261 1734 1280 1766 ι
1319 1716 1370 1770 id
1422 1725 1525 1780 est,
1558 1717 1610 1770 in
1645 1715 1828 1786 cogni-

245 1803 399 1856 tione
432 1800 585 1871 legis.
614 1800 884 1868 Flamma,
913 1805 1139 1874 quilibet
1157 1805 1495 1874 praedicator,
1518 1815 1578 1860 ut
1600 1806 1656 1860 in
1685 1806 1828 1876 Apo-

242 1891 454 1961 calypsi
488 1905 504 1944 :
543 1909 562 1942 ‹
599 1889 750 1946 Oculi
788 1891 905 1960 ejus
934 1895 1076 1949 sicut
1116 1893 1331 1949 ﬂamma
1378 1895 1518 1966 ignis
1543 1894 1590 1960 ⁸,
1621 1913 1642 1946 ι
1681 1896 1824 1965 quod

242 1983 423 2037 sancti
459 1981 840 2052 praedicatores
867 1985 1001 2040 alios
1046 1985 1380 2039 inﬂammant
1419 1994 1476 2040 et
1511 1985 1821 2040 incendunt.

241 2070 522 2137 Flamma,
551 2073 816 2143 voluptas,
845 2082 906 2128 ut
947 2075 1002 2129 in
1030 2074 1132 2130 Job
1167 2094 1180 2130 :
1219 2095 1238 2126 ‹
1270 2075 1471 2130 Ramos
1499 2075 1615 2144 ejus
1643 2075 1824 2130 arefa-
1867 2103 1870 2108 -

241 2166 360 2219 ciet
408 2163 622 2218 ﬂamma
651 2165 696 2229 ",
728 2183 746 2215 ι
780 2165 834 2219 id
887 2175 992 2229 est,
1026 2182 1190 2236 opera
1217 2164 1334 2234 ejus
1390 2167 1634 2221 destruet
1675 2166 1824 2221 volu-

239 2264 392 2324 ptas.
422 2251 691 2320 Flamma,
721 2253 888 2324 gloria
918 2256 1250 2326 temporalis,
1276 2265 1337 2311 ιιι
1383 2256 1438 2310 in
1475 2254 1576 2311 Job
1609 2273 1622 2310 :
1658 2275 1676 2306 ι
1713 2255 1825 2310 Νεε

243 2343 557 2413 splendebit
578 2342 794 2399 ﬂamma
823 2345 964 2416 ignis
991 2344 1108 2414 ejus
1154 2348 1200 2412 ⁸,
1232 2369 1252 2400 ι
1284 2349 1338 2403 id
1375 2357 1478 2413 est,
1503 2363 1609 2403 non
1658 2350 1819 2404 dura-

241 2435 331 2491 bit
353 2435 524 2507 gloria
560 2436 854 2507 voluptatis
873 2439 1009 2508 ejus.
1044 2437 1310 2504 Flamma,
1333 2441 1671 2496 vehementia
1695 2440 1822 2495 mali

244 2523 520 2588 desiderii,
553 2533 612 2578 ut
656 2525 711 2578 in
739 2525 966 2582 Psalmis
997 2543 1010 2580 :
1049 2547 1067 2579 ι
1112 2526 1223 2582 Vox
1253 2527 1822 2585 Domini‘interciden—

244 2613 321 2667 tis
361 2611 634 2668 ﬂammam
687 2615 896 2684 ignis’,
949 2637 968 2670 ι
1027 2618 1080 2672 id
1124 2627 1230 2683 est,
1255 2620 1567 2689 praedicatio
1621 2620 1822 2677 Christi

245 2704 580 2758 destruentis
627 2703 892 2762 fervorem
945 2709 1100 2763 mala:
1154 2710 1482 2780 cupiditatis.
1539 2709 1818 2780 Flamma,

244 2793 526 2864 instigatio
553 2795 777 2861 diaboli,
804 2805 863 2851 ut
909 2798 964 2852 in
1012 2797 1152 2853 Job:
1188 2818 1206 2850 ι
1242 2799 1307 2852 Ει
1343 2797 1562 2854 ﬂamma
1615 2800 1680 2855 dc
1727 2815 1823 2856 ore

244 2880 367 2950 ejus
395 2882 702 2952 egredietur
733 2885 794 2949 ιο,
833 2903 852 2935 ι
908 2885 1058 2955 quod
1088 2903 1119 2941 a
1166 2887 1378 2944 diabolo
1427 2888 1702 2959 instigatio
1753 2891 1822 2945 ad

243 2971 448 3026 malum
508 2975 772 3042 procedit.
825 2975 931 3030 Per
977 2979 1244 3047 ﬂammam
1290 2978 1432 3034 bona
1489 2981 1818 3050 praedicatio,

243 3062 335 3116 vel
360 3062 497 3118 bona
524 3064 788 3134 exempla,
826 3067 958 3120 utin
989 3066 1251 3123 Cantico:
1286 3087 1302 3120 ι
1341 3069 1640 3142 Lampades
1681 3073 1816 3142 ejus,

243 3153 524 3224 lampades
551 3156 690 3226 ignis
715 3165 878 3227 atque
932 3157 1268 3215 ﬂammarum
1300 3161 1363 3227 “,
1395 3180 1414 3212 ι
1460 3163 1603 3230 quod
1645 3163 1817 3218 sancti

241 3247 349 3300 viri
375 3256 430 3301 et
456 3247 510 3300 in
539 3248 649 3302 Deo
671 3249 861 3304 ardent
886 3262 943 3304 et
965 3251 1085 3306 aliis
1104 3250 1241 3306 bona
1267 3252 1512 3322 exempla
1554 3253 1813 3323 praebent.
1845 3230 1890 3294 (ἶ

318 3337 514 3393 Fames
539 3348 622 3394 est
653 3340 832 3412 in0pia
869 3343 1104 3406 virtutis,
1135 3351 1194 3396 ut
1222 3343 1275 3396 in
1319 3342 1420 3398 Job
1453 3361 1467 3398 :
1499 3362 1519 3394 ι
1563 3343 1822 3398 Attenua—

245 3436 340 3481 tur
372 3427 514 3482 fame
543 3428 708 3482 robur
731 3431 849 3502 ejus
872 3430 936 3496 “,
966 3431 1106 3501 quod
1129 3430 1326 3500 impius
1357 3431 1582 3502 quilibet
1603 3441 1822 3502 propter

245 3523 488 3592 inopiam
551 3525 856 3578 sanctitatis
899 3524 1234 3594 spiritualem
1285 3523 1654 3580 fortitudinem
1711 3539 1818 3580 non

245 3611 435 3668 habet.
489 3610 712 3678 Fames,
737 3613 985 3678 tentatio,
1021 3621 1083 3668 ut
1137 3615 1194 3668 in
1238 3611 1340 3669 Job
1371 3631 1386 3667 :
1423 3632 1442 3665 ι
1478 3614 1537 3668 ln
1580 3615 1724 3670 fame
1767 3624 1821 3670 te

244 3715 405 3759 eruet
446 3720 478 3758 a
513 3713 684 3760 morte
711 3707 776 3771 η,
807 3726 826 3759 ι
860 3707 915 3762 id
947 3716 1050 3773 est,
1075 3708 1130 3761 in
1156 3706 1454 3762 tentatione
1481 3713 1532 3761 te
1551 3715 1818 3777 proteget,

243 3810 318 3849 ne
342 3797 667 3850 consentias.
717 3794 930 3862 Fames,
955 3796 1294 3851 taciturnitas
1324 3795 1488 3860 mala,
1519 3804 1578 3849 ut
1601 3796 1657 3850 in
1699 3811 1822 3864 pro-

242 3886 414 3956 pheta
445 3902 460 3939 :
493 3903 513 3936 ι
557 3883 674 3941 Non
724 3884 920 3940 famem
957 3885 1146 3956 panis,
1180 3884 1278 3940 sed
1309 3883 1561 3940 audiendi
1597 3884 1821 3939 verbum

243 3980 346 4035 Dei
375 3980 440 4034 “.
480 4001 500 4034 ι

317 4068 522 4125 Farina
562 4079 649 4128 est
690 4073 889 4129 munda
914 4073 1187 4146 cogitatio,
1220 4081 1280 4128 ut
1332 4074 1386 4129 in
1437 4074 1574 4131 Osca
1605 4093 1620 4130 :
1651 4095 1670 4127 ι
1701 4075 1820 4132 Νοιι

241 4166 330 4214 εει
357 4159 413 4212 in
439 4174 505 4214 eo
540 4176 780 4232 germen,
798 4171 854 4218 et
889 4177 995 4218 non
1022 4163 1184 4218 faciet
1216 4163 1447 4218 farinam
1479 4164 1546 4230 ",
1579 4184 1600 4218 ι
1633 4164 1687 4220 id
1714 4172 1814 4230 est,

241 4265 354 4305 non
380 4259 464 4305 est
493 4251 546 4306 in
577 4267 644 4308 eo
667 4254 991 4310 desiderium
1017 4256 1242 4322 bonum,
1278 4264 1334 4310 et
1372 4271 1479 4311 non
1523 4265 1608 4312 est
1647 4256 1702 4311 in
1753 4272 1820 4312 eo

241 4355 344 4394 cor
363 4343 644 4396 mundum.
674 4341 901 4409 Farina,
929 4344 1130 4409 anima,
1155 4353 1216 4400 ut
1263 4347 1318 4399 in
1346 4343 1541 4400 Genesi
1573 4364 1588 4403 :
1627 4364 1647 4398 ι
1689 4346 1819 4402 Tria

240 4440 364 4486 sata
383 4431 572 4489 farina:
595 4435 884 4490 commisce
910 4435 974 4501 “,
999 4455 1018 4489 ι
1052 4437 1104 4491 id
1131 4447 1237 4502 est,
1267 4437 1460 4492 animae
1487 4446 1590 4493 tute
1614 4453 1820 4494 memo-

239 4524 405 4588 riam,
437 4525 721 4590 rationem,
747 4526 1079 4583 voluntatem
1128 4528 1197 4584 ad
1253 4544 1416 4583 unam
1468 4530 1813 4584 concordiam

239 4613 448 4684 redige.
477 4612 704 4681 Farina,
731 4617 986 4687 cogitatio
1011 4618 1202 4686 iniqui,
1223 4626 1283 4672 ut
1311 4619 1365 4673 in
1391 4617 1526 4674 Isaia
1555 4635 1571 4674 :
1609 4637 1629 4669 ι
1663 4618 1814 4676 Tolle

239 4703 466 4768 molam,
494 4705 632 4759 mole
657 4705 888 4760 farinam
920 4707 990 4772 ν’,
1025 4727 1044 4759 ι
1085 4705 1138 4762 id
1159 4717 1264 4771 est,
1291 4708 1550 4763 circuitus
1581 4709 1815 4764 exterio-

239 4808 365 4846 rum
397 4809 648 4848 curarum
686 4809 857 4861 sume,
882 4804 938 4850 et
960 4811 1234 4866 nunquam
1261 4797 1316 4851 in
1353 4805 1406 4853 te
1433 4799 1813 4867 cogitationem

238 4895 461 4937 exerce.

313 4971 526 5028 Fratris
573 4975 927 5045 appellatione
970 4976 1217 5034 Christus
1261 4978 1610 5048 intelligitur,
1650 4988 1710 5034 ut
1759 4980 1813 5034 in

238 5063 467 5118 Cantico
493 5065 560 5119 de
612 5065 887 5138 Synagoga
915 5067 968 5122 in
1002 5068 1106 5123 line
1164 5069 1347 5122 mundi
1397 5069 1759 5124 convertenda
1797 5087 1810 5123 :

245 5176 269 5208 ε
309 5157 443 5224 Quis
468 5159 600 5212 mihi
623 5159 716 5214 det
738 5159 959 5214 fratrem
987 5177 1164 5216 meum
1195 5169 1471 5231 sugentem
1503 5162 1667 5216 ubera
1697 5177 1814 5215 ma-

238 5247 346 5302 tris
369 5261 525 5314 meae,
559 5257 619 5302 ut
640 5248 908 5304 inveniam
929 5258 982 5305 te
1005 5249 1138 5305 foris
1160 5259 1215 5305 et
1234 5251 1519 5306 deosculer
1548 5260 1622 5318 te,
1645 5253 1810 5307 etiam

1924 623 2046 693 quis
2069 622 2343 678 Christum
2372 623 2703 687 ostenderet,
2733 623 2824 692 qui
2859 623 2925 677 de
2971 619 3174 677 Iudaeis
3200 623 3504 678 secundum

1924 730 2141 771 carnem
2185 724 2344 770 natus
2369 726 2471 771 est.
2529 715 2787 770 Doctores
2814 715 2947 786 legis
2972 715 3275 784 quibusque
3302 717 3500 770 sabba—

1926 808 1996 862 tis
2021 806 2244 871 audivit,
2274 813 2333 860 ut
2361 821 2483 861 eum
2512 821 2699 860 verum
2728 807 3002 861 hominem
3052 806 3355 876 intelligens
3387 807 3505 876 ejus

1924 915 2113 972 pacem
2137 899 2350 968 plenam
2370 897 2662 961 inveniam,
2686 907 2741 951 et
2761 897 3032 968 gentilitas
3061 913 3149 952 me
3173 908 3501 952 excaecatam
3559 907 3564 916 '

1926 999 1981 1045 et
2010 989 2352 1058 reprobatam
2381 987 2606 1042 ulterius
2638 987 2858 1042 minime
2894 987 3059 1042 dicat.
3107 985 3321 1054 Frater,
3353 987 3506 1056 quili-

1925 1079 2019 1134 bet
2042 1077 2402 1142 Christianus,
2428 1087 2488 1131 ut
2511 1078 2563 1132 in
2592 1076 2760 1146 Paulo
2789 1093 2802 1130 :
2836 1096 2855 1128 ι
2887 1075 2943 1131 Si
2975 1077 3096 1146 quis
3136 1076 3305 1131 frater
3332 1078 3506 1131 nomi-

1926 1177 2085 1225 natur
2112 1169 2176 1237 ι’,
2214 1189 2232 1220 ι
2266 1169 2320 1223 id
2349 1177 2450 1234 est,
2480 1169 2527 1224 si
2575 1169 2699 1240 quis
2755 1184 2854 1239 pro
2893 1168 3202 1224 Christiano
3250 1170 3502 1224 habetur.

1926 1261 2142 1327 Frater,
2180 1261 2405 1332 quilibet
2434 1263 2610 1318 bonus
2639 1259 2821 1326 homo,
2847 1271 2908 1318 ut
2933 1263 2986 1317 in
3016 1264 3306 1333 Evangelio
3339 1282 3352 1318 :
3389 1283 3406 1315 ι
3445 1264 3503 1320 Si

1927 1356 2048 1425 quis
2063 1355 2253 1410 fecerit
2264 1370 2453 1410 vocem
2466 1355 2646 1410 Patris
2659 1355 2790 1420 mei,
2806 1355 2919 1424 ipse
2935 1370 3086 1410 meus
3100 1355 3270 1411 frater
3283 1365 3368 1410 est
3384 1357 3450 1411 ὀ.
3478 1377 3498 1410 ι

1924 1447 2032 1502 Per
2056 1447 2244 1516 fratrea
2264 1446 2512 1516 apostoli,
2529 1446 2654 1502 utin
2667 1446 2957 1516 Evangelio
2981 1463 2996 1500 :
3027 1465 3046 1496 ‹
3069 1445 3215 1501 Vade
3227 1447 3292 1500 ad
3309 1447 3505 1502 fratres

1925 1552 2078 1592 meos
2102 1537 2182 1598 ἰς
2217 1556 2236 1587 ι
2265 1537 2317 1590 id
2365 1545 2466 1602 est,
2499 1537 2566 1592 ad
2619 1535 2915 1606 discipulos
2958 1550 3127 1590 meos.
3165 1533 3271 1589 Per
3315 1529 3505 1605 fratres

1927 1625 2143 1697 cognati
2170 1625 2396 1692 Christi,
2423 1633 2484 1680 ut
2511 1626 2567 1680 in
2617 1624 2911 1696 Evangelio
2941 1642 2953 1678 :
2991 1643 3010 1676 ι
3042 1624 3182 1679 Ecce
3213 1633 3385 1679 mater
3412 1633 3504 1678 tua

1927 1725 1984 1772 et
2007 1715 2203 1771 fratres
2230 1715 2308 1770 tui
2351 1714 2484 1770 foris
2511 1722 2653 1769 stant
2680 1715 2748 1767 ¹².
2780 1734 2800 1768 ι
2833 1713 3078 1781 Quatuor
3112 1715 3288 1768 modis
3313 1714 3505 1768 dicun-

1928 1814 2018 1862 tur
2041 1804 2238 1861 fratres
2267 1823 2281 1859 :
2309 1815 2525 1870 natura,
2553 1805 2774 1860 utEsau
2798 1813 2854 1859 et
2880 1803 3046 1858 Jacob
3091 1803 3160 1870 ",
3219 1810 3398 1874 gente,
3445 1812 3505 1857 ut

1854 1875 1904 1937 Β
1928 1911 2118 1952 omnes
2145 1895 2313 1952 Judtei
2343 1895 2412 1962 ",
2437 1895 2781 1966 cognatione,
2811 1901 2873 1948 ut
2897 1893 3170 1948 Abraham
3201 1901 3254 1946 et
3295 1893 3396 1948 Lot
3424 1893 3504 1960 ",

1925 1987 2142 2052 affectu,
2172 1996 2234 2042 ut
2260 2001 2450 2042 omnes
2479 1985 2571 2056 qui
2599 1985 2759 2040 fidem
2798 1984 3028 2039 invicem
3057 1993 3276 2038 servant
3298 1982 3364 2037 ³⁸.

1997 2078 2261 2151 Fragmen
2282 2087 2365 2135 est
2382 2079 2563 2150 passio
2589 2077 2812 2142 Christi,
2841 2086 2900 2131 ut
2923 2077 2976 2131 in
3003 2075 3228 2131 Cantico
3261 2095 3274 2130 :
3305 2095 3323 2128 ι
3354 2074 3505 2129 Sicut

1923 2168 2168 2241 fragmen
2193 2169 2317 2224 mali
2341 2169 2546 2238 punici,
2576 2169 2649 2223 ita
2673 2183 2822 2240 genae
2847 2175 2951 2222 tua:
2975 2166 3040 2232 ³⁷,
3072 2185 3092 2218 ›
3117 2167 3261 2236 quod
3300 2165 3504 2220 Christi

1923 2260 2228 2331 passionem
2255 2260 2428 2315 sancti
2459 2259 2576 2330 ejus
2601 2266 2868 2330 martyres
2896 2257 3191 2312 imitantur.
3231 2256 3338 2311 Per
3363 2255 3505 2326 frag-

1921 2367 2042 2406 men
2095 2351 2392 2406 secretiora
2441 2351 2594 2422 legis,
2621 2357 2680 2404 ut
2742 2349 2797 2402 in
2843 2347 3174 2420 Evangelio:
3207 2365 3226 2398 ‹
3259 2345 3508 2424 Colligite
3568 2367 3574 2378 -

1921 2457 2043 2512 qua:
2090 2449 2484 2511 superaverunt
2529 2439 2826 2510 fragmenta
2856 2437 2933 2504 ",
2961 2457 2980 2488 ι
3014 2437 3158 2506 quod
3205 2436 3503 2491 secretiora

1921 2532 2077 2605 legis,
2125 2548 2244 2603 qua:
2291 2533 2533 2588 minores
2575 2545 2770 2601 capere
2818 2543 2926 2584 non
2970 2534 3214 2599 possunt,
3253 2527 3505 2582 doctores

1921 2624 2064 2693 apud
2093 2639 2151 2680 se
2181 2639 2404 2679 servare
2431 2623 2644 2678 debent.

1992 2713 2222 2770 Framea
2236 2722 2320 2770 est
2335 2713 2606 2776 Christus,
2625 2719 2685 2767 ut
2707 2713 2764 2767 in
2791 2711 3022 2768 Psalmis
3051 2730 3066 2766 :
3092 2731 3110 2764 ι
3138 2709 3362 2766 Eﬂ'unde
3386 2707 3500 2762 fra-

1921 2805 2179 2872 meam",
2207 2825 2226 2858 ι
2258 2806 2311 2862 id
2332 2815 2435 2872 est,
2456 2805 2670 2860 notifica
2691 2803 2962 2860 Christum
2990 2803 3208 2868 mundo,
3231 2814 3502 2872 perquem

1923 2895 2221 2952 debellatus
2245 2910 2304 2951 es
2331 2895 2541 2950 hostem
2570 2893 2874 2963 antiquum.
2926 2889 3178 2954 Framea,
3207 2889 3411 2954 anima,
3439 2895 3502 2954 ut

1922 2986 1976 3042 in
2027 2984 2298 3040 Psalmis:
2336 3002 2356 3035 ι
2391 2982 2680 3038 Frameam
2722 2990 2869 3036 tuam
2919 2981 2987 3036 ab
3030 2979 3266 3035 inimicis
3310 2992 3501 3032 manus

1922 3086 2029 3132 tua:
2053 3076 2120 3144 ’°,
2155 3096 2175 3129 ι
2204 3076 2258 3131 id
2287 3084 2391 3141 est,
2422 3074 2661 3129 animam
2688 3075 2757 3129 ab
2799 3073 2982 3145 impiis
3023 3073 3191 3143 eripe.
3245 3067 3295 3124 F
3299 3087 3500 3136 ramea,

1923 3185 2089 3233 mors,
2116 3178 2176 3224 ut
2199 3169 2252 3222 in
2280 3165 2510 3222 Psalmis
2541 3185 2555 3220 :
2593 3185 2611 3217 ι
2643 3165 2788 3222 Erue
2823 3181 2853 3219 a
2882 3166 3086 3220 framea
3130 3163 3199 3227 ³⁸,
3229 3182 3248 3214 ι
3281 3163 3334 3218 id
3379 3169 3498 3228 est,

1922 3277 2052 3319 erue
2071 3277 2101 3316 a
2126 3269 2320 3326 morte,
2343 3279 2362 3312 ι
2395 3259 2558 3324 Deus,
2582 3259 2819 3312 animam
2847 3271 3046 3312 meam.
3075 3275 3094 3308 ι
3118 3255 3224 3310 Per
3242 3254 3498 3324 frameam

1922 3352 2281 3416 tentationes,
2310 3358 2370 3404 ut
2420 3349 2474 3404 in
2528 3347 2759 3403 Psalmis
2807 3365 2821 3401 :
2874 3366 2893 3398 ι
2934 3345 3140 3401 Inimici
3186 3342 3498 3400 defecerunt

1921 3439 2141 3494 framea:
2155 3439 2224 3504 ³³,
2257 3458 2276 3491 ι
2310 3438 2363 3492 id
2383 3435 2827 3504 est,tentationes
2847 3433 3046 3500 diaboli
3069 3442 3337 3490 enervatae
3369 3440 3497 3487 sunt

1919 3547 2018 3602 per
2041 3531 2332 3586 Christum.

1989 3623 2167 3677 Favus
2195 3632 2280 3678 est
2325 3622 2595 3684 divinitas,
2627 3627 2688 3674 ut
2739 3619 2794 3674 in
2841 3617 3176 3688 Evangelio:
3215 3633 3236 3667 ‹
3275 3615 3496 3670 Partem

1919 3714 2084 3785 piscis
2143 3713 2252 3768 assi
2308 3723 2365 3768 et
2412 3713 2592 3766 favum
2647 3709 2824 3766 mellis
2872 3707 2941 3774 ³³,
2998 3725 3018 3758 ι
3048 3707 3190 3776 quod
3229 3705 3497 3774 passionis

1920 3805 2082 3861 modo
2106 3803 2410 3872 exemplum
2443 3802 2690 3872 praebens
2726 3799 2906 3862 nobis,
2929 3796 3212 3852 divinitate
3263 3809 3360 3849 sua
3397 3807 3497 3848 nos

1920 3897 1976 3950 in
2000 3893 2393 3950 resurrectione
2434 3890 2660 3945 reﬁciet.
2693 3887 2897 3954 Favus,
2932 3885 3245 3942 humanitas
3268 3883 3494 3949 Christi,

1921 3994 1982 4041 ut
2015 3986 2067 4039 in
2095 3984 2317 4040 Cantico
2343 4001 2356 4037 :
2385 4003 2404 4035 ‹
2437 3981 2658 4038 Comedi
2684 3980 2866 4034 favum
2893 3993 3016 4048 cum
3045 3977 3204 4033 melle
3231 3991 3354 4032 meo
3375 3975 3444 4038 “,
3469 3993 3489 4026 ι

1921 4075 1975 4130 id
2001 4082 2104 4139 est,
2127 4072 2330 4128 credidi
2352 4070 2643 4126 maximam
2657 4081 2776 4124 esse
2797 4067 3186 4122 humanitatem
3211 4081 3336 4121 cum
3359 4063 3498 4117 divi-

1920 4166 2110 4220 nitate.
2147 4161 2344 4225 Favus,
2374 4159 2625 4216 litterulis
2651 4157 2980 4224 intellectus,
3003 4165 3064 4211 ut
3083 4157 3136 4210 in
3162 4154 3441 4210 Parabolis
3473 4171 3488 4207 :

1924 4277 1944 4310 ι
1975 4257 2042 4312 Ει
2073 4254 2227 4310 favus
2243 4253 2414 4308 dulcis
2441 4250 2643 4322 gutturi
2667 4263 2786 4304 meo
2811 4249 2884 4314 ³⁵,
2914 4268 2933 4301 ι
2970 4249 3022 4304 id
3047 4255 3153 4312 est,
3176 4247 3354 4301 littera
3401 4260 3492 4299 sa-

1917 4363 2027 4404 crae
2051 4345 2344 4414 Scriptura:
2372 4341 2689 4398 suavissima
2717 4339 2864 4396 cordi
2893 4354 3032 4394 meo.
3062 4337 3196 4393 ltem
3227 4336 3401 4406 favus,
3431 4335 3487 4389 in

1917 4453 2024 4510 quo
2071 4437 2205 4491 latet
2244 4434 2372 4500 mel,
2419 4447 2574 4488 sacra
2619 4441 2702 4486 est
2746 4430 3057 4500 Scriptura,
3089 4445 3210 4498 quae
3257 4428 3497 4484 continet

1918 4527 2255 4600 spiritualem
2307 4539 2523 4580 sensum
2579 4523 2632 4578 in
2702 4522 2902 4586 littera,
2977 4522 3120 4576 unde
3191 4518 3491 4574 Salomon:

1925 4638 1944 4671 ι
1985 4617 2220 4674 Comede
2243 4616 2367 4680 mel,
2394 4619 2413 4635 ‘
2445 4614 2543 4679 fili,
2567 4621 2622 4668 et
2658 4612 2838 4667 favum
2879 4611 3248 4667 dulcissimum
3291 4609 3494 4680 gutturi

1919 4716 2012 4764 tuo
2041 4707 2107 4772 ³⁸,
2132 4709 2151 4727 ⁶
2187 4725 2204 4757 ι
2259 4686 2509 4760 doctrina
2545 4701 2984 4773 praedicationis;
3027 4699 3199 4754 unde:
3246 4717 3264 4749 ι
3315 4697 3495 4754 Favus

1921 4798 2188 4856 distillans
2209 4796 2350 4851 labia
2379 4805 2468 4849 tua
2488 4795 2556 4858 ³⁷,
2597 4813 2615 4846 ι
2649 4793 2700 4847 id
2743 4801 2850 4854 est,
2880 4790 3192 4861 praedicatio
3222 4790 3494 4844 instruens

1919 4890 2164 4961 procedit
2191 4904 2221 4942 a
2248 4885 2697 4956 praedicatoribus
2729 4883 2854 4944 tuis,
2904 4897 2938 4936 o
2962 4881 3242 4936 Ecclesia!
3293 4879 3490 4940 Favus.

1919 4980 2170 5050 voluptas
2216 4976 2438 5039 mundi,
2467 4984 2526 5028 ut
2555 4975 2608 5028 in
2634 4971 2912 5027 Parabolis
2939 4991 2953 5024 :
2988 4989 3005 5023 ι
3042 4971 3230 5025 Anima
3254 4980 3494 5026 saturata

1918 5070 2148 5126 calcabit
2169 5067 2348 5122 favum
2381 5066 2448 5129 ³⁸,
2487 5084 2502 5116 ι
2532 5062 2674 5135 quod
2699 5062 2809 5127 ille,
2829 5064 2844 5082 ⁴
2877 5076 2974 5131 Per
3001 5077 3159 5131 quem
3180 5062 3388 5116 interna
3408 5075 3494 5115 rc-

1915 5159 2078 5215 fectio
2104 5173 2202 5228 per
2227 5155 2732 5224 contemplationem
2755 5152 2918 5209 satiat
2939 5192 2955 5219 ,
3000 5153 3324 5208 tnundialcm
3357 5166 3494 5222 pene

1916 5250 2241 5320 voluptatem
2269 5246 2582 5303 contemnit.

315 5451 333 5482 ⁸
356 5449 460 5505 lsa.
491 5465 608 5514 Lm,
645 5449 699 5503 6.
763 5449 784 5480 ²
816 5447 1006 5502 Matth.
1063 5461 1183 5510 xm,
1219 5445 1310 5500 20.
1344 5445 1365 5477 ³
1393 5446 1560 5515 Apoc.
1619 5460 1731 5507 xxv,
1779 5444 1821 5497 ιι

1926 5443 2120 5498 Marc.
2169 5457 2242 5506 Iv,
2279 5441 2422 5515 29.}
2445 5438 2628 5515 _E_xod.
2670 5435 3175 5515 llI2A2._'_A_p00.‘l_,
3227 5437 3310 5515 id.
3337 5437 3365 5515 ς’
3391 5435 3492 5493 Job

237 5536 333 5584 xv,
369 5520 456 5574 50.
488 5520 510 5549 ⁸
547 5505 646 5574 Job
671 5534 822 5582 xvm,
859 5518 911 5572 5.
943 5517 964 5548 ⁹
992 5515 1132 5570 Psal.
1161 5505 1349 5582 xxvi",
1379 5505 1496 5578 7.’¹⁰
1520 5515 1639 5568 Joh.
1660 5505 1766 5581 ιιι,
1792 5515 1876 5568 12.
1898 5516 1938 5546 ¹¹
1963 5515 2117 5584 Cant.
2140 5505 2256 5575 vm,
2281 5512 2337 5565 6.
2363 5512 2404 5541 ¹¹
2432 5509 2706 5584 Jobgtvty,
2726 5507 2810 5562 12.
2840 5505 3206 5584 η-ξοιξνρβυῖ
3237 5507 3278 5538 ⁸⁸
3321 5505 3493 5584 Alnos

236 5576 359 5656 vui,
384 5591 469 5644 11.
514 5590 558 5621 ⁸⁸
592 5588 712 5644 Οεε.
750 5576 864 5652 Vill,
896 5589 948 5640 7.
985 5587 1026 5618 ³⁸
1063 5586 1197 5641 Gen.
1235 5576 1390 5656 xuii,
1415 5585 1468 5638 6.
1505 5587 1542 5616 ⁸⁷
1577 5576 1821 5656 Ιεειλχιᾎιί

1926 5588 1956 5656 ιν.
1993 5585 2050 5656 ξπ
2079 5582 2232 5637 Cant.
2270 5597 2388 5656 vt_u,
2443 5577 2758 5656 μάθε-Ωον.
2788 5592 2838 5642 v,
2871 5577 3247 5656 l_i._.'°_lt-l‘atth.
3271 5593 3360 5640 xx,

238 5663 288 5692 ²¹
314 5647 479 5714 Marc.
509 5660 696 5722 "1,55.
720 5660 766 5688 "
791 5647 1194 5720 Mattli.xu,47.
1233 5657 1278 5686 ’³
1311 5647 1447 5711 Gen.
1485 5671 1609 5718 xxv,
1641 5652 1741 5718 ‘24,
1776 5647 1866 5708 ‘25.
1908 5655 1955 5686 "‘
1990 5655 2147 5708 Rom.
2186 5669 2238 5706 Ix
2260 5693 2274 5717 ,
2315 5652 2382 5710 5,
2431 5649 2552 5722 ις’
2585 5647 2719 5722 Con.
2741 5648 2926 5722 xtt,__5.
3027 5647 3212 5722 [Reg
3252 5647 3489 5722 xvnth;

241 5730 284 5784 Il
324 5731 457 5800 Reg.
495 5745 550 5793 ι,
581 5715 679 5782 "26.
717 5730 760 5800 ’ξ’
795 5728 952 5800 Cant.
1019 5715 1090 5788 tv,
1128 5724 1454 5800 5_._”__Jo_au.
1498 5715 1802 5800 γιζῇἓηξξ

1926 5724 1972 5778 ιΙ.
2027 5738 2207 5784 xxxnv,
2262 5715 2320 5774 ⁷5.
2364 5722 2448 5800 ³ο-
2479 5719 2622 5800 Psal.
2656 5733 2765 5782 va,
2822 5717 2906 5800 155,
3019 5716 3168 5800 εδει.
3213 5731 3326 5779 xxI,
3396 5715 3486 5800 ει.

243 5800 291 5832 ³¹
331 5784 470 5855 ΡεΞῖΙ.
505 5784 581 5863 ii,
618 5801 668 5853 7.
709 5799 753 5831 ³³
793 5798 924 5855 Luc.
965 5784 1110 5863 xxiv,
1144 5795 1233 5852 42.
1260 5797 1306 5828 ³”
1338 5796 1494 5852 Cant.
1535 5784 1586 5862 ν,
1614 5797 1662 5849 1.
1704 5795 1821 5850 3"P1

1926 5836 1928 5843 .
1965 5810 2114 5860 xxn',
2150 5791 2468 5860 15.“,lbid.
2503 5790 2544 5822 ³⁷
2572 5789 2728 5844 Prov.
2762 5803 2816 5852 v,
2846 5788 2899 5842 5.
2939 5787 2983 5818 ⁸⁸
3019 5785 3177 5839 Prov.
3217 5801 3397 5854 xxv",
3431 5784 3484 5839 7.
