3972 6336
578 403 683 462 923

648 523 853 579 Fauces
907 530 1033 578 sunt
1052 520 1313 587 scientiae,
1344 531 1404 577 ut
1431 523 1486 576 in
1522 521 1658 578 Job:
1689 538 1708 573 ι
1755 522 1822 577 Ει
1858 522 2038 577 fauces
2061 536 2153 577 co-
2182 522 2229 581 A

576 613 861 679 medentis,
894 626 1145 683 saporem
1172 611 1190 643 ¹
1226 612 1251 665 ‘l
1285 631 1303 664 ι
1345 612 1488 681 quod
1535 613 1776 667 scientia:
1822 611 2051 682 legentis
2077 612 2154 665 in-

578 713 788 758 ternam
821 701 1142 772 sapientiam
1187 701 1522 756 discernunt.
1570 700 1796 769 Fauces,
1842 703 2150 758 meditatio-

577 812 675 851 nes
706 795 905 860 cordis,
930 803 991 848 ut
1015 795 1067 849 in
1105 793 1333 850 Psalmis
1372 808 1386 847 :
1421 813 1439 845 ι
1469 793 1642 861 Quam
1673 793 1851 848 dulcia
1902 792 2152 849 faucibus

577 887 716 940 meis
761 886 807 951 ¹,
844 903 864 937 ι
894 885 948 942 id
975 892 1080 949 est,
1118 899 1310 938 suaves
1340 883 1774 957 suntScriptura:
1798 899 1909 938 sua:
1932 882 2155 938 medita-

578 975 816 1030 tionibus
844 975 998 1030 meis.
1024 971 1247 1045 Fauces,
1277 975 1461 1039 verba,
1502 984 1561 1029 ut
1599 974 1653 1028 in
1691 971 1829 1028 Job:
1875 990 1894 1024 ι
1952 973 2061 1029 Nec
2098 974 2152 1028 in

580 1064 824 1121 faucibus
852 1066 986 1120 meis
1015 1064 1244 1119 stultitia
1269 1064 1579 1135 personabit
1607 1063 1650 1129 ³,
1689 1083 1707 1117 ι
1741 1064 1807 1150 .id
1853 1070 1963 1131 est,
2016 1063 2154 1119 insi-

579 1158 781 1227 pientia
801 1158 857 1212 in
875 1157 1054 1214 verbis
1077 1157 1213 1213 meis
1244 1172 1351 1212 non
1388 1157 1658 1211 audietur.

649 1244 861 1301 Facilla
907 1254 991 1302 est
1038 1246 1345 1302 recordatio
1402 1245 1771 1311 mortalitatis,
1800 1252 1861 1300 ut
1898 1244 1953 1299 in
2006 1246 2149 1301 sub:

584 1354 605 1389 ι
639 1336 754 1407 Ago
781 1337 1155 1406 paenitentiam
1181 1336 1235 1391 in
1265 1336 1445 1392 favilla
1472 1344 1529 1393 et
1570 1336 1757 1395 cinere
1780 1338 1826 1403 δ,
1860 1355 1879 1388 ι
1927 1336 1981 1391 id
2029 1342 2113 1391 est
2134 1376 2149 1401 ,

579 1426 636 1482 in
659 1427 1033 1483 recordatione
1052 1427 1396 1482 mortalitatis
1419 1442 1575 1482 meae.
1605 1424 1655 1479 F
1658 1426 1842 1492 anilla,
1862 1440 2018 1482 mens
2042 1425 2152 1480 ini-

579 1533 708 1588 qua,
744 1526 804 1573 ut
831 1519 885 1572 in
906 1517 1007 1574 Job
1040 1538 1053 1572 :
1091 1536 1110 1569 ι
1156 1516 1308 1574 Sicut
1336 1517 1536 1585 favilla,
1573 1533 1737 1588 quam
1761 1518 1920 1572 turbo
1941 1516 2153 1588 disper-

579 1608 660 1678 git
686 1608 731 1675 ⁸,
763 1627 781 1661 ι
815 1609 957 1679 quod
984 1622 1206 1678 pravam
1253 1617 1488 1664 mentem
1518 1616 1746 1664 tentatio
1774 1607 2027 1664 destruit.

650 1692 752 1753 Fel
772 1706 857 1753 est
893 1698 1172 1769 persuasio
1198 1698 1525 1765 daemonum,
1550 1706 1611 1753 ut
1667 1698 1720 1752 in
1757 1697 1858 1753 Job
1888 1711 1904 1752 :
1939 1717 1958 1750 ι
1984 1696 2042 1751 ln
2083 1695 2155 1753 fel

581 1790 828 1861 aspidum
895 1792 1225 1847 intrinsecus
1282 1790 1325 1857 ⁸,
1386 1811 1405 1845 ι
1460 1793 1516 1847 id
1565 1800 1670 1859 est,
1700 1792 1756 1848 in
1801 1791 2155 1864 persuasione

579 1880 884 1935 daemonum
921 1880 975 1935 in
1026 1886 1227 1936 mente.
1272 1878 1391 1948 Fel,
1442 1881 1748 1949 infidelitas,
1789 1890 1850 1937 ιιι
1900 1882 1954 1937 in
2000 1881 2156 1938 Psal-
2184 1877 2232 1939 Β

581 1971 727 2028 mis:
764 1991 783 2023 ι
822 1972 1100 2027 Dedernnt
1126 1972 1178 2027 in
1203 1987 1382 2028 escam
1414 1988 1587 2029 meam
1613 1972 1683 2029 fel
1722 1972 1767 2039 τ,
1803 1992 1822 2026 ι
1854 1973 1907 2029 id
1929 1980 2036 2040 est,
2062 1970 2158 2028 Ju-

580 2059 702 2127 daei,
760 2060 1091 2117 infidelitatis
1133 2062 1493 2118 amaritudine
1534 2063 1982 2119 cibaveruntme.
2035 2060 2155 2130 Fel,

580 2151 787 2206 malitia
834 2150 1059 2219 diaboli,
1090 2160 1151 2206 ut
1177 2151 1232 2206 in
1278 2151 1445 2209 Tobia
1473 2171 1487 2209 :
1519 2172 1538 2207 ι
1574 2154 1841 2210 Exentera
1886 2154 2032 2209 hunc
2070 2152 2154 2224 pi-

581 2254 750 2306 scem,
800 2248 857 2296 et
884 2240 956 2296 fel
1007 2256 1208 2314 repone
1254 2242 1352 2298 tibi
1402 2243 1445 2308 ⁸,
1484 2263 1505 2297 ι
1551 2243 1694 2314 quod
1745 2242 2005 2309 Dominus
2043 2241 2160 2298 dia-

580 2326 765 2385 bolum
807 2327 1055 2395 detexit,
1083 2336 1140 2384 et
1188 2327 1307 2400 ejus
1342 2330 1605 2387 malitiam
1641 2329 1815 2386 sacris
1858 2328 2014 2386 libris
2066 2329 2157 2385 in-

581 2414 768 2472 volvit.

651 2503 854 2561 Femur
892 2518 978 2565 est
1005 2508 1316 2567 humanitas
1329 2510 1551 2579 Christi,
1573 2513 1701 2569 utin
1715 2511 1984 2569 Psalmis:
2014 2528 2034 2564 ι
2060 2510 2160 2568 Ac-

582 2596 800 2667 cingere
826 2597 1004 2668 gladio
1050 2609 1142 2655 tuo
1178 2615 1338 2672 supra
1382 2600 1560 2660 femur
1594 2612 1746 2659 tuum
1781 2603 1825 2670 ’,
1864 2622 1884 2657 ι
1940 2602 1998 2658 id
2051 2610 2157 2670 est,

581 2687 810 2745 viriliter
832 2698 984 2746 utere
1013 2692 1180 2748 verbo
1208 2692 1608 2763 praedicationis
1637 2705 1833 2752 contra
1870 2693 2157 2760 mundum,

580 2778 674 2848 qui
700 2780 718 2802 ‘
742 2787 827 2837 est
859 2781 1268 2852 potentissimus
1295 2791 1350 2839 et
1389 2784 1443 2839 in
1471 2792 1744 2856 assumpta
1799 2782 2155 2840 humanitate.

580 2866 800 2935 Femur,
854 2871 1047 2939 sancti,
1095 2872 1312 2929 dicente
1360 2873 1565 2931 Joanne
1611 2875 1668 2930 in
1712 2873 2037 2946 Apocalypsi
2089 2871 2160 2928 de

579 2959 794 3017 Christo
825 2981 838 3017 :
876 2981 896 3014 ι
930 2963 996 3018 Et
1042 2964 1203 3019 habet
1259 2965 1310 3020 in
1345 2966 1670 3023 vestimento
1706 2974 1762 3022 et
1807 2966 2015 3022 femore
2058 2979 2158 3021 suo

579 3050 839 3121 scriptum
874 3070 888 3106 :
919 3052 1032 3108 Rex
1050 3068 1238 3125 regum
1258 3064 1313 3111 et
1341 3055 1599 3113 Dominus
1620 3058 2014 3114 dominantium
2037 3056 2099 3121 ",
2132 3074 2153 3110 ι

579 3156 705 3197 nam
729 3157 856 3198 caro
883 3142 1107 3210 Christi,
1135 3161 1297 3216 quam
1319 3147 1387 3201 ad
1423 3147 1702 3203 dexteram
1727 3147 1904 3202 Patris
1927 3145 2159 3202 colloca-

580 3231 678 3297 vit,
701 3240 754 3287 et
780 3234 974 3298 sancti,
1002 3235 1167 3290 divini
1192 3237 1339 3292 verbi
1361 3239 1565 3294 semine
1588 3238 1881 3309 procreati,
1905 3245 1923 3260 '
1948 3238 2017 3292 ah
2040 3238 2157 3307 ipso
2183 3220 2228 3285 C

580 3321 829 3377 videlicet
850 3323 1215 3379 testimonium
1244 3327 1550 3397 perhibent,
1574 3328 1717 3397 quod
1741 3329 1865 3384 data
1898 3328 1969 3383 sit
1989 3327 2037 3383 ei
2060 3342 2155 3397 po.

581 3417 751 3466 testas
771 3425 932 3481 super
956 3412 1129 3468 honos
1152 3421 1210 3469 et
1250 3415 1441 3471 malos.
1488 3416 1708 3484 Femur,
1743 3417 2050 3489 progenies,
2096 3425 2157 3473 nt

581 3500 641 3556 in
683 3498 879 3556 Genesi
906 3517 922 3556 :
948 3519 997 3572 ,ι
1030 3503 1255 3569 Animae,
1303 3520 1423 3575 qua:
1458 3507 1709 3563 exierunt
1743 3508 1811 3562 de
1834 3507 2036 3562 femore
2060 3505 2154 3561 la-

582 3591 685 3647 cob
713 3592 780 3659 “,
813 3611 833 3646 ›
860 3592 915 3648 id
950 3602 1054 3660 est,
1078 3595 1328 3652 homines
1347 3596 1414 3652 de
1442 3599 1699 3669 progenie
1714 3597 1901 3655 Iacob.
1932 3597 2154 3666 Femur,

580 3682 764 3738 carnis
787 3683 1092 3751 delectatio,
1114 3692 1176 3740 ut
1236 3684 1291 3741 in
1356 3686 1542 3743 Exodo
1580 3706 1593 3742 :
1636 3708 1654 3741 ι
1690 3688 1863 3745 Ponat
1911 3689 1996 3744 vir
2044 3689 2158 3761 gla-

580 3772 728 3828 dium
781 3789 938 3829 suum
965 3775 1034 3843 “,
1067 3797 1087 3829 ο
1120 3775 1175 3832 id
1198 3784 1303 3844 est,
1342 3792 1442 3849 per
1482 3779 1715 3852 rigorem
1744 3779 2033 3837 mortificet
2061 3767 2158 3837 cor

579 3878 757 3919 suum.

644 3952 873 4011 Femina
895 3966 980 4014 est
1012 3958 1236 4018 aﬂ‘ectus
1279 3961 1532 4027 carnalis,
1560 3971 1619 4017 ut
1649 3963 1703 4018 in
1731 3963 1916 4019 Exodo
1943 3978 1959 4018 :
1991 3965 2009 3985 °
2037 3982 2055 4015 ι
2096 3962 2156 4020 Si

579 4043 803 4114 femina,
826 4059 1101 4106 reservate
1132 4050 1198 4117 ¹⁸,
1245 4072 1265 4105 ι
1296 4053 1439 4123 quod
1460 4054 1702 4110 diabolus
1739 4056 1989 4112 carnales
2025 4056 2156 4111 επε-

579 4146 697 4194 ctus
737 4138 1006 4195 desiderat
1065 4139 1317 4197 refoveri.
1368 4141 1610 4207 Femina,
1632 4159 1732 4214 pro
1781 4160 1913 4200 sexu
1953 4146 2156 4216 accipi-

580 4236 689 4293 tur,
730 4236 791 4283 ut
839 4229 893 4283 in
954 4228 1200 4285 Genesi:
1253 4250 1271 4282 ι
1306 4231 1602 4288 Masculum
1647 4243 1703 4289 et
1730 4232 1989 4290 feminam
2030 4235 2159 4291 fecit

579 4334 675 4374 eos
726 4319 793 4385 “,
830 4338 850 4371 ι
884 4321 1029 4390 quod
1063 4321 1263 4391 duplici
1289 4338 1448 4390 sexu,
1472 4326 1778 4381 masculino
1807 4327 2062 4384 videlicet
2101 4335 2158 4384 et

578 4404 861 4475 feminino,
884 4425 1055 4480 genus
1075 4411 1367 4467 humanum
1397 4413 1665 4471 distinxit.

651 4495 949 4552 Feminalia
1001 4508 1128 4554 sunt
1174 4500 1405 4571 insignia
1442 4505 1728 4572 castitatis,
1760 4513 1820 4560 ut
1846 4505 1899 4560 in
1922 4505 2109 4562 Exodo
2139 4524 2153 4561 :

584 4605 603 4638 ι
632 4587 823 4644 Facies
856 4597 912 4645 et
939 4589 1208 4646 feminalia
1231 4592 1373 4649 linea
1402 4594 1467 4661 ιδ,
1496 4613 1515 4647 ι
1543 4597 1686 4666 quod
1708 4571 1776 4651 ad
1802 4596 2036 4652 nitorem
2058 4612 2155 4654 nos
2181 4571 2234 4633 D

578 4681 847 4737 castitatis
869 4682 955 4738 lex
996 4684 1211 4741 invitat.

649 4768 853 4827 Fenum
882 4781 967 4829 est
1001 4791 1090 4831 res
1144 4777 1474 4844 transitoria,
1499 4785 1559 4833 ut
1598 4778 1653 4833 in
1692 4779 1868 4835 Isaia:
1911 4797 1931 4832 ι
1965 4780 2155 4837 Omnis

579 4873 708 4914 caro
735 4860 916 4917 fenum
955 4863 1021 4930 “,
1069 4884 1088 4917 ι
1122 4866 1176 4922 id
1220 4875 1322 4932 est,
1375 4870 1551 4925 omnis
1601 4871 1763 4926 homo
1811 4872 2155 4929 transitorius

577 4957 683 5004 est.
735 4949 960 5019 Fenum,
1003 4957 1319 5026 temporalia
1381 4960 1644 5027 subsidia,
1697 4968 1760 5016 ut
1807 4962 1860 5016 in
1884 4961 2154 5019 Psalmis:

584 5057 602 5089 ι
633 5037 942 5100 Producens
969 5044 1149 5101 fenum
1166 5047 1427 5117 iumentis
1458 5051 1522 5116 ",
1558 5072 1577 5105 ι
1604 5052 1753 5122 quod
1796 5051 2025 5107 inferior
2046 5060 2159 5108 tur-

578 5127 647 5182 ba
671 5129 907 5185 subsidia
934 5135 1249 5205 temporalia
1279 5137 1577 5195 cultoribus
1595 5141 1709 5196 suis
1735 5140 2028 5196 ministrat.
2053 5139 2157 5196 Fe-

577 5230 724 5283 uum,
755 5218 984 5292 simplex
1034 5223 1260 5293 quilibet
1290 5226 1345 5280 in
1378 5225 1502 5292 fide,
1559 5237 1622 5283 ut
1672 5229 1727 5284 in
1778 5228 2101 5302 Apocalypsi
2138 5249 2152 5286 :

1187 405 1248 459 Β.
1288 403 1540 459 RABANI
1578 402 1797 460 MAURI
1831 403 2149 460 ARCIIIEP.
2192 403 2502 462 MOGUN’I‘.
2542 403 2829 461 OPERUM
2863 402 3043 462 PARS
3076 405 3163 462 Ill.

3647 415 3722 470 ιιι

2261 538 2281 571 ι
2316 520 2393 576 Ne
2414 520 2672 576 lasderent
2696 520 2877 576 fenum
2900 530 3059 578 terra:
3080 522 3146 589 “,
3183 540 3203 574 ι
3229 521 3282 578 id
3303 532 3396 588 est.
3411 538 3469 580 ne
3485 525 3725 597 impedirent

2252 610 2413 665 rudes
2459 611 2513 665 in
2561 610 2687 675 fide,
2713 629 2732 662 ι
2760 624 2936 681 neque
2963 627 3123 668 omne
3165 612 3348 678 viride,
3384 629 3535 683 neque
3570 632 3725 675 omnes

2251 702 2503 758 arborem
2544 720 2558 756 :
2595 722 2613 755 ι
2644 702 2695 757 id
2723 710 2828 768 est,
2881 713 3168 773 provectos
3190 711 3241 759 et
3280 703 3535 775 perfectos.
3560 705 3725 778 Femi,

2251 805 2385 861 opus
2412 791 2634 855 bonum,
2674 798 2733 845 ut
2778 791 2831 846 in
2871 790 3110 849 Genesi:
3150 812 3169 845 ι
3219 793 3469 849 Producat
3505 798 3726 853 terra‘fe-

2252 896 2380 934 num
2404 881 2576 935 viride
2600 881 2664 947 ι’,
2694 901 2713 933 ι
2744 881 2799 936 id
2824 890 2927 947 est,
2956 883 3194 953 proferat
3224 884 3391 938 anima
3415 885 3577 940 devota
3592 888 3727 945 bonan

2252 969 2542 1023 actionem.
2568 967 2793 1036 Fenum,
2822 971 3053 1027 carnalis
3070 972 3312 1042 quilibet,
3338 982 3396 1027 ut
3418 974 3464 1027 in
3483 973 3567 1029 Job
3592 993 3604 1028 :
3629 995 3642 1025 ί
3663 978 3729 1031 Ec-

2252 1075 2315 1116 ce
2349 1060 2635 1116 beliemoth
2664 1060 2847 1117 fenum
2881 1064 3032 1133 quasi
3081 1065 3181 1120 hos
3230 1065 3447 1119 comedit
3476 1066 3537 1130 '°,
3574 1086 3590 1120 ι
3633 1071 3729 1139 quod

2252 1150 2515 1217 diabolus,
2543 1152 2634 1221 qui
2670 1153 2723 1206 in
2756 1152 3025 1224 flagellum
3048 1154 3149 1210 tibi
3172 1155 3441 1221 formatur,
3478 1156 3528 1211 in
3552 1158 3639 1212 vita
3652 1172 3729 1213 ar

2253 1241 2454 1296 nalium
2481 1242 2637 1312 quasi
2666 1241 2848 1299 fatuus
2876 1244 3202 1299 delectatur.

2323 1351 2579 1410 Fenestra
2631 1363 2715 1410 est
2743 1356 2760 1377 “
2789 1356 3045 1424 hominis,
3082 1365 3142 1412 ut
3163 1357 3217 1412 in
3250 1356 3384 1412 libro
3404 1356 3580 1412 Iosue:
3627 1358 3732 1429 «Δρ.

2252 1443 2439 1512 pendit
2460 1442 2758 1500 funiculum
2782 1447 3095 1502 coccineum
3143 1447 3196 1500 in
3225 1445 3446 1502 fenestra
3499 1447 3556 1511 ⁸¹,
3581 1466 3597 1499 ι
3635 1450 3730 1517 quod

2254 1544 2441 1591 sancta
2470 1536 2713 1592 Ecclesia
2735 1538 3043 1607 passionem
3069 1536 3267 1594 Christi
3296 1538 3347 1592 in
3389 1553 3475 1594 ore
3516 1538 3731 1608 praedicare

2254 1642 2360 1682 non
2388 1636 2584 1683 cessat.
2615 1625 2905 1695 Fenestra,
2932 1627 3132 1695 fidelis,
3174 1637 3232 1683 ut
3272 1628 3327 1683 in
3376 1627 3515 1682 libris
3554 1626 3728 1698 Regum:

2260 1733 2278 1768 ι
2312 1714 2473 1787 Aperi
2497 1714 2794 1772 fenestram
2822 1716 3144 1772 orientalem
3173 1717 3240 1783 ",
3277 1736 3295 1768 ι
3321 1717 3372 1773 id
3401 1725 3493 1782 est,
3521 1715 3641 1770 fidem
3667 1716 3729 1769 ha-

2256 1807 2325 1863 be
2349 1808 2404 1863 in
2438 1816 2492 1865 te
2511 1807 2898 1865 Christianam.
2924 1807 3033 1864 Per
3052 1808 3330 1878 fenestram
3351 1848 3367 1873 ,
3398 1804 3613 1861 miracula
3630 1805 3732 1859 Chri-

2259 1896 2352 1963 sti,
2379 1896 2512 1951 utin
2542 1895 2765 1953 Cantico
2796 1910 2811 1951 :
2844 1915 2863 1949 ι
2899 1895 3245 1967 Prospiciens
3281 1911 3372 1967 per
3412 1893 3630 1950 fenestras
3646 1893 3727 1957 ",i

2260 1986 2402 2058 quod
2430 2002 2525 2059 per
2549 1987 2835 2055 miracula,
2860 2004 2982 2059 quae
3016 1986 3153 2045 foris
3209 1989 3388 2058 gessit,
3421 1986 3481 2041 ad
3504 2001 3585 2041 nos
3618 1986 3731 2040 latens

2259 2078 2378 2149 ejus
2397 2078 2654 2135 divinitas
2668 2078 2855 2135 exivit.
2881 2079 2987 2133 Per
3002 2079 3281 2150 fenestras,
3298 2077 3519 2133 doctores
3535 2076 3728 2139 Ecclesia,

2259 2176 2319 2225 ut
2343 2169 2400 2224 in
2429 2168 2581 2225 libris
2605 2168 2812 2240 Regum
2839 2187 2852 2223 :
2886 2188 2905 2221 ι
2933 2167 3092 2225 Fecit
3119 2165 3366 2223 Salomon
3384 2167 3431 2221 in
3458 2162 3730 2234 templofene-

2260 2268 2406 2317 stras
2433 2258 2503 2328 ἰς
2545 2279 2564 2314 ι
2620 2261 2764 2331 quod
2804 2260 3057 2316 Christus
3101 2260 3157 2316 in
3179 2258 3410 2316 Ecclesia
3450 2258 3646 2314 dederes
3680 2255 3729 2310 in-

2259 2353 2481 2409 struxit.
2504 2352 2611 2408 Per
2634 2351 2910 2423 fenestras,
2970 2351 3181 2408 intima:
3225 2349 3654 2421 contemplationes,
3689 2354 3727 2399 ut

2259 2445 2316 2501 in
2372 2442 2704 2501 Ezechiele:
2752 2440 2899 2498 Fecit
2965 2440 3236 2498 fenestras
3278 2439 3504 2512 obliquas
3544 2439 3589 2494 in
3621 2435 3730 2492 thab-

2259 2533 2365 2590 mis
2389 2533 2460 2601 ",
2491 2533 2636 2605 quod
2664 2530 2888 2587 intimas
2936 2530 3201 2588 Dominus
3235 2531 3287 2587 in
3330 2529 3567 2586 mentibus
3601 2525 3730 2581 electo-

2260 2639 2384 2680 rum
2429 2638 2651 2681 suorum
2676 2623 2696 2644 ‘
2726 2622 3201 2693 contemplationis
3249 2620 3411 2692 ponit.
3454 2618 3543 2674 Per
3557 2615 3728 2688 [επαιηι

2261 2729 2452 2772 sensus
2472 2714 2675 2780 cordis,
2706 2713 2843 2769 utin
2869 2712 3006 2769 Isaia
3033 2727 3052 2767 :
3087 2730 3108 2766 ι
3143 2711 3308 2781 Quasi
3329 2710 3557 2767 columba:
3574 2709 3623 2762 ad
3640 2706 3730 2760 fere

2258 2815 2404 2863 stras
2448 2821 2574 2863 suas
2625 2804 2692 2873 “,
2722 2822 2741 2858 ι
2788 2804 2933 2875 quod
2973 2804 3082 2860 viri
3126 2804 3298 2861 sancti
3340 2816 3510 2858 sensus
3548 2812 3642 2854 suos
3670 2810 3728 2850 ex-

2260 2896 2488 2953 teriores
2514 2893 2789 2967 simplices
2813 2901 2869 2950 et
2913 2908 2944 2949 a
2971 2902 3201 2966 peccato
3225 2892 3459 2949 innoxios
3484 2895 3662 2946 servant

2332 3005 2475 3064 Fera
2508 3014 2594 3064 est
2632 3006 2837 3063 stevitia
2862 3004 3197 3073 Iudaeorum,
3226 3012 3286 3060 ut
3311 3003 3362 3059 in
3380 2999 3548 3058 Genesi
3572 3016 3583 3052 :
3610 2993 3727 3050 «Feta

2258 3100 2496 3171 pessima
2521 3097 2800 3155 devoravit
2820 3094 3019 3167 Josepb
3040 3097 3113 3163 ’⁷,
3151 3116 3171 3150 ι
3203 3095 3255 3152 id
3276 3102 3372 3161 est,
3401 3090 3573 3150 savitia
3591 3085 3727 3141 ludan-

2260 3205 2382 3245 rum
2408 3189 2607 3245 occidit
2639 3187 2936 3244 Christum.
2978 3185 3088 3243 Per
3132 3186 3300 3258 [erant
3336 3182 3588 3257 gentilitas,
3620 3184 3662 3231 ut
3693 3172 3726 3226 in

2258 3281 2489 3337 Psalmis
2517 3299 2530 3335 :
2563 3300 2582 3332 ι
2619 3279 2749 3335 Mea:
2772 3288 2898 3335 sunt
2937 3293 3134 3335 omnes
3169 3278 3297 3335 fera:
3321 3277 3546 3333 silvarum
3566 3270 3658 3335 “,i
3692 3263 3726 3319 id

2255 3380 2358 3440 est,
2388 3380 2576 3443 gentes
2594 3372 2649 3427 in
2676 3386 2763 3427 me
2785 3369 3007 3427 credent
3034 3386 3136 3443 per
3157 3370 3341 3428 orbem
3364 3376 3606 3424 terrarum.

2328 3500 2669 3557 Fermentum
2716 3508 2802 3557 est
2826 3501 3092 3568 charitas,
3118 3503 3265 3558 utin
3296 3497 3552 3569 Evangelia
3579 3508 3593 3548 :
3623 3510 3638 3544 ι
3666 3488 3722 3543 Si-

2256 3591 2382 3648 uile
2418 3600 2503 3647 est
2539 3605 2765 3663 regnum
2800 3590 3063 3647 caelorum
3084 3586 3722 3660 fermento,quodacceplll

2254 3684 2451 3741 mulier
2477 3683 2763 3739 abscondit
2788 3682 2842 3737 in
2860 3682 3048 3739 farinae
3069 3683 3244 3739 tribus
3258 3682 3400 3747 satis,
3413 3680 3558 3737 donec
3572 3674 3724 3729 few

2257 3785 2428 3831 tatam
2443 3780 2588 3831 esset
2608 3781 2779 3829 totum
2793 3773 2860 3827 ⁸⁸.
2882 3791 2901 3825 ι
2922 3771 3171 3845 Regnum
3182 3772 3433 3829 caelorum
3444 3756 3724 3824 sanctava

2256 3868 2442 3934 clesia,
2474 3867 2529 3922 in
2548 3881 2655 3938 qua
2680 3865 3042 3937 spiritualiter
3068 3866 3175 3922 ista
3218 3852 3721 3924 similitudocompldlf-

2255 3958 2507 4016 Christus
2534 3959 2703 4025 enim,
2736 3958 2831 4014 Dei
2852 3957 3028 4013 virtus
3048 3969 3106 4013 et
3133 3956 3232 4012 Dei
3257 3953 3518 4026 sapientia,
3549 3941 3721 4011 accepi“
3830 3990 3831 4021 ,

2255 4052 2417 4109 Patre
2451 4053 2469 4073 '
2508 4049 2721 4105 Domini
2757 4049 3064 4115 cbaritatis,
3102 4063 3269 4120 quam
3302 4045 3440 4103 dedit
3462 4040 3600 4097 tribus
3640 4029 3717 4086 lide-

2257 4146 2388 4201 linm
2416 4144 2699 4200 ordinibus
2739 4163 2752 4199 :
2785 4152 2847 4199 ut
2881 4146 2901 4166 ⁶
2940 4143 3227 4216 diligenter
3246 4143 3404 4198 Deum
3423 4146 3474 4193 et
3502 4130 3715 4216 Ιποῖίαξθ

2255 4237 2405 4308 iuxta
2430 4236 2687 4292 litteram.
2729 4234 2916 4291 Surum
2942 4244 3025 4292 est
3043 4213 3221 4307 genus
3240 4242 3488 4289 mensurae
3516 4223 3585 4279 vel
3609 4222 3622 4241 '
3639 4213 3720 4315 ξι·
3828 4282 3829 4315 1

2257 4305 2373 4393 fier,
2413 4343 2542 4383 caro
2576 4326 2800 4382 Christi.
2836 4305 3175 4382 Fermeritum
3202 4367 3217 4393 ,
3274 4317 3592 4393 Evangelinm.
3638 4305 3715 4361 Tm

2261 4432 2539 4482 mensum,
2575 4430 2769 4472 omnes
2815 4425 3021 4487 gentes,
3059 4418 3075 4439 “
3115 4422 3335 4486 propter
3367 4421 3467 4468 tres
3509 4404 3615 4461 ﬁlios

2259 4505 2625 4572 Fermentum,
2662 4484 2848 4570 elatio,
2879 4514 2945 4562 ut
2997 4506 3052 4561 in
3090 4484 3260 4562 nam},
3299 4522 3313 4559 ε
3356 4522 3374 4555 ι
3404 4497 3619 4556 Modicum
3649 4484 3717 4539 ter-

2260 4604 2500 4655 mentum
2542 4606 2709 4653 totam
2746 4612 2981 4654 massam
3016 4595 3315 4668 corrumpit
3346 4593 3409 4658 ⁸⁶,
3442 4583 3591 4658 ’(1⁸³οά

2257 4687 2451 4745 electio
2484 4687 2654 4743 multa
2691 4688 2830 4743 bona
2868 4686 3125 4757 destruit,
3163 4666 3497 4740 nimam...
3517 4666 3716 4757 simulatio»

2255 4776 2392 4832 utin
2428 4774 2753 4848 Evangelia,
2799 4793 2819 4827 ι
2862 4755 3140 4830 Attendite
3175 4790 3206 4828 a
3246 4772 3489 4829 fermento
3516 4755 3718 4848 Pharis»

2262 4881 2403 4933 rum,
2442 4842 2609 4937 (ιιιοιι⁷
2635 4873 2721 4921 εει
2758 4863 3061 4936 hypocrisis
3098 4863 3167 4928 ³¹,
3207 4862 3260 4917 id
3296 4868 3393 4925 est,
3428 4852 3567 4911 nolite
3601 4842 3714 4937 ιιιωξ»

2262 4923 2423 5029 quam
2459 4923 2644 5013 verbis
2693 4923 3020 5027 praedicatis,
3074 4923 3339 5011 simulatis
3380 4923 3615 5004 virtutibus
3645 4923 3715 5000 Pd"

2262 5028 2416 5107 liare.
2456 5050 2816 5117 Fermentum,
2844 5050 3077 5117 malitia,
3113 5058 3175 5105 ut
3212 5050 3265 5105 in
3301 5043 3455 5103 Paulo
3488 5053 3501 5092 :
3535 5053 3551 5086 ι
3581 5028 3715 5093 El?“

2261 5152 2384 5216 gate
2420 5150 2575 5199 vetus
2610 5141 2933 5198 fermentum
2961 5143 3027 5208 ",
3065 5160 3084 5195 ι
3127 5142 3182 5197 id
3218 5145 3321 5203 est,
3356 5150 3385 5191 a
3425 5121 3714 5216 vetustate?

2260 5199 2393 5289 litis:
2436 5247 2533 5289 vos
2566 5231 2876 5288 emundate.
2920 5199 3285 5296 Fermentum,
3308 5199 3549 5298 appetitus
3574 5199 3711 5264 ω’

650 5502 669 5574 ξ
703 5501 802 5574 Job
824 5516 921 5574 xit,
958 5500 1048 5574 ll:
1073 5501 1094 5532 '
1116 5498 1259 5574 Psal.
1290 5515 1480 5574 cxvtn,
1506 5492 1628 5558 l05.
1652 5504 1673 5536 ³
1699 5503 1801 5561 Job
1818 5521 1895 5572 vr,
1917 5507 2006 5562 '50.
2032 5507 2053 5539 ‘
2082 5506 2157 5563 Jol

2257 5525 2340 5573 ut,
2377 5507 2429 5563 6.
2470 5508 2491 5541 '
2520 5506 2620 5562 Job
2657 5524 2769 5572 xxI,
2796 5507 2882 5563 18.
2900 5508 2921 5540 ⁵
2942 5508 3042 5565 Job
3064 5525 3133 5564 xx
3154 5549 3168 5574 ,
3196 5506 3280 5561 Η.
3306 5505 3326 5538 ⁷
3345 5476 3708 5574 Ρειιικιῇινμμμὲ

578 5571 601 5602 ⁸
626 5570 849 5633 Toh.vt,
875 5572 928 5626 5.
958 5570 980 5601 ’
1020 5571 1158 5625 Psal.
1202 5587 1344 5635 πων,
1383 5571 1437 5626 4.
1474 5574 1516 5605 ¹⁰
1541 5574 1585 5628 Α

1588 5552 2055 5645 ᾗοοῖὶῖέῗιῖςῗίι
2082 5552 2157 5635 δὲ

2257 5552 2501 5637 ﬁbras.
2520 5552 2787 5632 ἽῖΓΕἰόἁ.
2802 5552 3133 5643 Kasta?
3154 5552 3219 5609 ἴδ’
3238 5552 3706 5645 hostage:-

578 5656 622 5703 ι,
652 5641 741 5695 27.
769 5640 813 5671 ¹⁸
839 5625 1006 5694 Exod.
1053 5625 1250 5705 xxvur,
1287 5625 1376 5694 ιίέ.
1401 5625 1446 5674 l‘
1468 5625 1706 5711 lsatrxvn,
1727 5625 2006 5701 εἶῖῖρὲῖιί.
2038 5625 2157 5712 αὖ,

581 5709 647 5737 ιο
701 5710 761 5737 οι
827 5710 872 5737 II
901 5708 965 5737 IV
1003 5708 1113 5737 Ιιηη
1182 5726 1275 5737 ...η
1330 5711 1394 5737 ιη
1445 5712 1492 5737 υ
1515 5713 1649 5737 οη...
1698 5730 1733 5737 --
1785 5714 1819 5737 n
1863 5717 1906 5737 ιιι
1936 5716 2141 5737 11111,-

2257 5625 2541 5737 ipsis.
2566 5625 2802 5737 1.71:7:
3140 5625 3709 5737 '°1§li;.'€e;f°:1’.’§"e'?£

581 5709 669 5781 18,
689 5710 792 5781 ει.
827 5710 872 5738 ⁹¹
900 5708 972 5781 l_V_
1003 5708 1143 5781 Reg.
1182 5726 1298 5775 xm,
1330 5711 1413 5764 ΓΙ.
1445 5712 1492 5743 ³³
1515 5713 1669 5768 Cant.
1688 5708 1754 5778 ιι,
1785 5714 1838 5770 9.
1863 5717 1906 5747 ’δ
1936 5716 2000 5769 lll
2027 5708 2157 5781 Reg.

2268 5717 2321 5770 4.
2354 5718 2402 5749 ⁸⁸
2424 5708 2637 5772 Ἐπειδὴ.
2662 5734 2750 5781 ιι,
2783 5717 2868 5771 l6.
2900 5717 2944 5748 ⁸⁸
2977 5708 3077 5773 lsa.
3099 5733 3193 5779 ιχ,
3220 5716 3270 5770 8.
3293 5714 3334 5746 ³⁷
3358 5709 3475 5781 Gen.
3500 5708 3670 5759 nm:

582 5776 705 5833 Psal
753 5778 1000 5839 xiix,10.
1026 5776 1286 5835 “Matth.
1314 5796 1429 5850 xm,
1463 5782 1553 5837 33.
1587 5783 1631 5814 ¹⁹
1663 5776 1830 5840 lCur.
1870 5800 1924 5851 v,
1955 5786 2007 5841 6.
2033 5786 2075 5817 '°
2098 5776 2157 5842 Si:

2257 5807 2281 5841 ι.
2316 5803 2440 5857 vm,
2475 5787 2558 5844 l5.
2593 5788 2633 5820 ³¹
2693 5776 2818 5842 an.
2848 5804 2944 5854 ιιι,
2980 5788 3028 5843 l.
3061 5776 3290 5844 "lCor.
3338 5797 3384 5848 γ,
3411 5779 3455 5832 7.

3822 4686 3825 4901 Ν
