3972 6336
248 363 357 416 925

1211 367 1619 426 ALLEGORIAS
1661 368 1726 422 IN
1767 365 2042 422 SACRAM
2084 365 2546 424 SCRIPTURAM.

3393 380 3497 436 926

247 485 309 530 ut
345 475 400 530 in
441 475 682 531 Levitico
720 502 731 531 ;
779 497 797 530 ι
842 479 1015 538 Panes
1064 484 1267 554 absque
1333 484 1598 540 fermento
1639 485 1676 547 ³,
1711 503 1728 534 ι
1772 483 1824 536 id
1851 487 1901 545 Α
1929 483 2068 552 apud
2122 482 2336 538 Judzeos
2369 493 2451 539 est
2481 493 2709 540 retenta.
2758 486 2862 541 Per
2893 489 3054 556 fecem
3079 499 3318 559 peccata,
3349 502 3412 550 ut
3440 495 3496 550 in

243 575 351 630 est,
391 581 554 636 opera
592 569 754 632 bona,
791 572 908 626 siue
947 574 1188 642 appetitu
1217 573 1392 628 laudis
1414 574 1680 627 humanae.

315 656 544 711 Ferrum
582 667 664 713 est
700 659 898 714 donum
943 663 1281 728 intellectus,
1322 672 1382 716 ut
1439 664 1493 717 in
1533 663 1684 717 libris
1721 663 1826 718 Re-

240 765 374 820 gum
416 769 429 804 :
497 769 516 802 ί
561 750 884 820 Natavitque
922 753 1144 818 ferrum,
1185 762 1240 808 et
1277 754 1372 818 ait,
1413 753 1562 807 Tolle
1600 755 1640 806 '.
1687 773 1704 806 ι
1743 753 1824 808 Ad

240 856 341 894 cor
379 840 718 894 humiliatum
753 842 950 895 donum
993 843 1294 897 intellectus
1345 843 1506 906 redit,
1546 844 1688 911 quod
1730 859 1826 912 per

240 932 534 985 elationem
562 933 821 986 amissum
854 931 1050 987 fuerat.
1093 932 1339 998 Ferrum,
1384 933 1714 1001 prmdicatio,
1766 941 1824 986 ut

239 1023 299 1076 in
320 1022 420 1077 Job
439 1040 452 1073 :
474 1043 491 1074 ε
519 1022 807 1092 Reputabit
843 1025 994 1092 quasi
1017 1025 1198 1093 paleas
1226 1023 1483 1090 ferrum“,
1510 1045 1527 1076 ›
1547 1025 1689 1093 quod
1710 1024 1823 1078 dia-

239 1112 399 1168 bolus
435 1114 491 1167 in
530 1114 800 1170 mentibus
838 1117 950 1170 suis
974 1117 1370 1186 prmdicationis
1387 1117 1644 1187 jaculum,
1668 1116 1821 1186 quasi

241 1205 448 1274 aliquid
477 1207 787 1261 contemtile
803 1217 978 1274 esset,
1013 1209 1318 1264 aestimabit.
1362 1209 1607 1275 Ferrum,
1648 1210 1820 1264 tribu-

237 1295 395 1360 latio,
434 1305 493 1348 ut
530 1297 583 1350 in
622 1296 854 1352 Psalmis
886 1314 900 1351 :
940 1319 957 1350 ι
1004 1299 1232 1356 Ferrum
1269 1303 1563 1370 pertransit
1587 1302 1819 1356 animam

238 1385 359 1454 ejus
406 1387 449 1449 ‘,
484 1405 503 1437 ι
549 1387 603 1440 id
663 1396 782 1448 est,
823 1388 955 1442 dura
996 1389 1270 1444 tribulatio
1325 1391 1592 1459 depressit
1652 1392 1819 1444 vitam

236 1476 378 1546 ejus.
411 1473 654 1542 Ferrum,
698 1479 831 1532 dura
859 1481 1190 1554 consuetudo
1217 1480 1456 1548 peccati,
1484 1489 1543 1533 ut
1575 1480 1630 1534 in
1663 1479 1818 1534 Psal-

237 1569 389 1624 mis:
435 1587 453 1619 ι
493 1569 714 1626 Vinctos
738 1572 792 1624 in
846 1573 1193 1626 mendicitate
1242 1581 1297 1626 et
1347 1571 1494 1626 ferro
1529 1572 1569 1637 ⁸,
1615 1593 1632 1624 ι
1675 1571 1818 1642 quod

237 1662 298 1715 in
333 1663 625 1734 indigentia
657 1663 922 1734 Spirituali
966 1674 1020 1720 et
1071 1667 1206 1720 dura
1269 1663 1655 1720 consuetudine
1710 1665 1820 1720 fue-

237 1763 388 1808 runt.
429 1754 670 1821 Ferrum,
697 1756 801 1810 viri
835 1759 1028 1821 sancti,
1061 1765 1122 1810 ut
1164 1757 1217 1810 in
1238 1755 1379 1811 Job:
1424 1774 1442 1807 ι
1486 1755 1711 1810 Ferrum
1751 1755 1817 1810 de

235 1854 386 1898 terra
415 1845 618 1900 tollitur
644 1847 686 1912 ⁸,
724 1865 743 1898 ι
788 1849 933 1916 quod
970 1848 1061 1917 qui
1089 1848 1265 1903 mollis
1292 1856 1348 1902 et
1383 1845 1619 1900 carnalis
1670 1853 1806 1912 crat,

228 1931 345 2001 jam
378 1935 672 2004 spiritualis
696 1945 750 1990 et
775 1938 1028 1992 robustus
1053 1936 1274 1991 effectus
1298 1944 1399 1990 est.
1426 1933 1673 1999 Ferrum,
1698 1949 1814 1988 ser-

234 2039 329 2080 mo
359 2025 544 2090 durus,
571 2037 628 2080 ut
668 2027 720 2080 in
758 2027 1176 2082 Deuteronomio
1218 2045 1231 2080 :
1275 2046 1294 2078 ‹
1339 2027 1672 2093 Ferrumque
1704 2026 1814 2096 lap-

233 2131 357 2170 sum
396 2117 462 2171 de
493 2118 774 2172 manubrio
805 2118 1037 2173 amicum
1063 2105 1399 2187 percussit”,
1448 2137 1467 2170 ›
1521 2117 1664 2186 quod
1705 2132 1814 2172 ser-

233 2221 327 2260 mo
369 2207 534 2261 durus
581 2207 872 2262 indiscrete
926 2208 1167 2278 prolatus
1217 2207 1517 2261 auditorem
1569 2204 1811 2260 offendit.

233 2294 486 2360 Ferrum,
512 2297 806 2368 spiritualis
837 2296 1118 2363 fortitudo,
1150 2306 1213 2352 ut
1234 2297 1289 2351 in
1317 2294 1599 2350 Ezechiele
1631 2313 1644 2348 :
1690 2313 1709 2345 ι
1745 2294 1814 2349 Ει

233 2397 317 2456 tu,
357 2406 509 2446 sume
547 2391 642 2445 tibi
679 2393 1008 2462 sartaginem
1032 2390 1263 2446 ferream
1291 2391 1337 2454 °.‘
1380 2408 1399 2442 ι
1431 2388 1573 2458 quod
1615 2385 1810 2456 praela-

234 2486 325 2534 tus
375 2480 600 2548 quilibet
635 2480 966 2550 spiritualem
1006 2481 1061 2534 in
1105 2479 1224 2535 zelo
1279 2494 1378 2535 suo
1442 2475 1811 2532 fortitudinem

233 2584 493 2625 exercere
507 2571 682 2624 debet.
707 2567 953 2635 Ferrum,
981 2569 1276 2626 necessitas
1300 2568 1424 2623 vitae
1439 2565 1739 2637 praesentis,
1755 2572 1816 2620 ut

233 2661 290 2716 in
319 2659 420 2717 Job
453 2681 466 2716 :
502 2681 521 2714 ‹
554 2660 747 2730 Fugiet
783 2677 934 2716 arma
960 2661 1158 2727 ferrea;
1218 2668 1275 2717 et
1310 2661 1482 2716 irruet
1524 2658 1581 2713 in
1626 2672 1812 2712 arcum

234 2768 437 2807 :ereum
473 2751 526 2816 ⁹;
564 2771 582 2802 ι
619 2751 760 2820 quod
796 2752 1012 2820 iniquus
1048 2751 1313 2820 quilibet,
1345 2749 1471 2803 dum
1511 2747 1638 2801 vita:
1675 2761 1814 2814 pra:-

231 2843 405 2897 seutis
430 2849 774 2912 asperitatem
803 2857 901 2910 pro
923 2843 1033 2896 Deo
1057 2842 1287 2896 tolerare
1323 2837 1540 2909 refugit,
1581 2838 1634 2892 in
1655 2829 1826 2892 aeteri

233 2949 361 2988 nam
377 2932 775 2985 damnationem
807 2932 934 2985 ruit.
963 2929 1190 2984 Ferrum
1229 2927 1467 2998 nequitia
1491 2942 1809 2998 pravorum,

231 3023 374 3077 utin
411 3019 511 3075 Job
545 3039 557 3073 :
596 3039 614 3071 ι
652 3019 922 3090 Cartilago
943 3020 1059 3090 ejus
1078 3020 1226 3074 velut
1241 3019 1454 3074 laminae
1490 3017 1756 3085 ferreae",
1788 3038 1806 3071 ι

234 3113 383 3183 quod
420 3110 590 3180 iniqui
626 3126 723 3180 per
757 3110 945 3164 duram
986 3109 1280 3178 nequitiam
1330 3109 1502 3164 bonos
1534 3116 1808 3178 premunt.

1924 573 2186 642 propheta
2220 591 2232 626 :
2269 592 2288 624 ι
2320 573 2605 643 chuievit
2632 576 2685 629 iu
2711 574 2918 632 fecibus
2944 578 3056 632 suis
3085 579 3148 633 "'.
3188 601 3206 632 ι

1995 661 2154 716 Fiala
2183 672 2268 718 est
2320 664 2499 718 anima
2553 667 2809 730 humana,
2850 675 2910 721 ut
2957 669 3010 720 in
3039 668 3174 722 libro
3201 668 3492 729 Judicum:

1929 772 1948 804 ι
1977 753 2034 806 1η
2062 752 2185 806 fiala
2231 753 2421 807 obtulit
2449 755 2670 824 principi
2697 758 2946 828 butyrum
2981 758 3046 822 ⁸⁸,
3080 777 3099 810 ι
3133 761 3274 828 quod
3301 762 3352 815 in
3379 765 3496 818 ani-

1922 857 2010 895 ma
2043 849 2227 895 nostra
2255 843 2323 896 ad
2351 843 2728 899 destruendum
2759 847 2943 900 mundi
2967 847 3260 917 principem
3291 851 3492 913 habere

1923 932 2181 986 debemus
2206 932 2545 986 charitatem.
2568 933 2672 988 Per
2698 935 2880 1003 ﬁalam
2904 936 3168 1002 doctores,
3199 949 3257 992 ut
3280 940 3331 993 in
3354 941 3496 996 Exo-

1922 1023 1990 1077 do
2020 1039 2032 1075 :
2069 1041 2086 1072 ‹
2146 1020 2371 1076 Parabis
2395 1024 2412 1042 ¹
2445 1023 2722 1078 acetabula
2756 1033 2812 1078 et
2861 1026 3012 1081 ﬁalas
3037 1027 3100 1092 ¹⁹,
3134 1046 3152 1078 ι
3197 1030 3338 1098 quod
3393 1031 3496 1085 Do-

1920 1111 2098 1167 minus
2133 1111 2200 1166 ad
2229 1121 2470 1167 sanctam
2501 1113 2797 1170 Ecclesiam
2825 1117 3098 1187 apostolos
3149 1129 3205 1174 et
3246 1120 3494 1176 doctores

1919 1205 2086 1258 misit.
3003 1215 3008 1218 '

1988 1291 2149 1346 Ficus
2176 1300 2258 1348 est
2287 1294 2525 1349 suavitas
2561 1297 2777 1360 mentis,
2806 1306 2866 1350 ut
2890 1297 2941 1351 in
2965 1297 3235 1368 Propheta
3270 1317 3283 1354 :
3319 1319 3338 1352 ‹
3363 1299 3494 1356 Cor-

1917 1399 2163 1454 rumpam
2193 1385 2407 1440 vincam
2435 1393 2490 1442 et
2515 1385 2674 1441 ficum
2703 1389 2818 1458 ejus
2848 1389 2918 1455 ²⁰,
2955 1409 2974 1440 ι
3007 1392 3149 1459 quod
3177 1392 3230 1445 in
3257 1393 3494 1448 necessi-

1918 1481 2028 1531 tate
2051 1491 2433 1546 nonnunquam
2465 1478 2700 1534 hominis
2727 1481 2868 1535 Deus
2895 1489 2949 1534 et
2975 1482 3491 1552 contemplationem

1917 1567 2303 1623 etsuavitatem
2333 1570 2602 1638 corrumpi
2616 1571 2897 1640 permittit.
2921 1569 3104 1638 Ficus,
3126 1576 3492 1643 genushuma-

1916 1671 2068 1721 num,
2100 1665 2161 1710 ut
2193 1657 2246 1710 in
2277 1657 2596 1726 Evangelia:
2627 1677 2645 1708 ‹
2671 1659 2936 1714 Arborem
2955 1661 3042 1716 fici
3065 1662 3282 1716 cuidam
3305 1663 3492 1717 habuit

1917 1745 2210 1815 plantatam
2235 1746 2303 1811 ²¹,
2334 1764 2352 1795 ι
2387 1748 2530 1814 quod
2559 1747 2780 1801 humani
2810 1750 3024 1819 generis
3071 1759 3320 1804 naturam
3349 1753 3490 1806 Deus

1841 1827 1889 1887 B
1915 1854 1946 1892 a
1977 1853 2036 1892 se
2082 1837 2247 1892 habet
2279 1845 2545 1892 creatam.
2603 1837 2789 1904 Ficus,
2838 1849 3024 1895 sancta
3055 1841 3317 1906 Ecclesia,
3347 1851 3407 1896 ut
3437 1843 3493 1896 in

1914 1926 2136 1983 Cantico
2163 1944 2176 1980 :
2214 1945 2233 1978 ‹
2266 1926 2428 1982 Ficus
2454 1927 2676 1996 protulit
2710 1943 2927 1998 grossos
2948 1933 2966 1949 ‘
2995 1945 3121 1984 suos
3145 1932 3211 1996 ²¹,
3251 1951 3270 1983 ι
3307 1931 3358 1986 id
3387 1942 3491 1996 est,

1915 2026 2099 2071 sancta
2128 2016 2367 2071 Ecclesia
2393 2017 2616 2085 protulit
2640 2027 2910 2088 martyres
2939 2035 3086 2075 suos.
3113 2019 3295 2085 Ficus,
3321 2037 3494 2090 popu-

1914 2105 1998 2161 lus
2018 2104 2292 2171 Judaicus,
2331 2114 2391 2160 ut
2426 2107 2480 2161 in
2512 2108 2727 2162 cantico
2755 2107 3006 2164 Habacuc
3036 2127 3048 2162 :
3081 2127 3099 2160 ι
3137 2109 3300 2165 Ficus
3346 2113 3491 2166 enim

1913 2213 2022 2250 non
2055 2195 2267 2251 ﬂorebit
2295 2196 2366 2262 ",
2411 2216 2432 2250 ι
2482 2197 2533 2252 id
2561 2206 2669 2263 est,
2696 2197 2950 2256 Judaicus
3005 2201 3234 2271 populus
3261 2203 3493 2258 nitorem

1913 2284 2040 2339 ﬁdei
2079 2300 2186 2340 non
2211 2285 2449 2340 habebit.
2489 2285 2676 2354 Ficus,
2723 2289 2915 2344 umbra
2944 2290 3100 2360 legis,
3130 2299 3191 2345 ut
3225 2278 3279 2346 in
3310 2293 3493 2348 Evan-

1913 2375 2052 2446 gelio
2081 2391 2096 2430 :
2131 2392 2151 2425 ι
2182 2373 2318 2429 Cum
2346 2389 2494 2430 esses
2519 2378 2618 2432 sub
2647 2376 2774 2442 ficu,
2801 2378 2909 2433 vidi
2937 2386 2992 2434 te
3013 2377 3080 2445 ",
3111 2399 3130 2431 ι
3166 2379 3220 2434 id
3265 2389 3367 2445 est,
3399 2397 3496 2450 po-

1913 2464 2074 2519 situm
2105 2467 2205 2520 sub
2232 2465 2422 2520 umbra
2451 2463 2604 2536 legis,
2662 2466 2799 2537 elegi
2837 2476 2912 2522 te.
2960 2466 3145 2534 Ficus,
3193 2485 3348 2525 mens
3390 2472 3495 2526 bu-

1912 2569 2092 2620 nana,
2131 2563 2191 2610 ut
2221 2557 2276 2610 in
2305 2553 2454 2610 Joele
2484 2574 2498 2610 :
2541 2573 2560 2607 ‹
2597 2555 2958 2613 Decorticavit
2988 2558 3148 2614 ﬁcum
3171 2576 3346 2616 meam
3373 2563 3438 2629 ’⁸,
3471 2583 3490 2615 ›

1914 2641 1968 2697 id
1993 2652 2077 2698 est
2130 2652 2364 2699 mentem
2394 2661 2570 2701 meam
2607 2661 2706 2715 per
2738 2647 2953 2703 laudem
3004 2650 3296 2705 humanam
3326 2652 3496 2722 expli-

1915 2732 2075 2786 cavit.
2104 2730 2291 2799 Ficus,
2337 2736 2597 2803 Charitas,
2635 2747 2694 2792 ut
2717 2739 2772 2792 in
2801 2739 3132 2810 Evangelia:
3173 2761 3193 2794 ι
3244 2743 3496 2812 Nunquid

1915 2822 2173 2893 colligunt
2202 2824 2268 2878 de
2308 2825 2479 2895 Spinis
2515 2830 2690 2884 uvas?
2723 2839 2816 2884 aut
2843 2831 2910 2884 de
2931 2832 3140 2887 tribulis
3190 2833 3367 2889 ﬁcus?
3393 2836 3437 2866 "
3471 2856 3491 2888 ι

1917 2910 2096 2981 Spinw
2125 2921 2173 2966 et
2196 2915 2374 2968 tribuli
2401 2918 2640 2973 hmrctici
2670 2928 2814 2985 sunt,
2855 2921 2908 2974 in
2937 2921 3133 2990 quibus
3161 2923 3495 2993 spiritualem

1917 3000 2354 3074 intelligentiam,
2403 3015 2498 3062 aut
2544 3008 2828 3066 charitatis
2857 3012 3196 3069 dulcedinem
3228 3032 3389 3072 nemo
3411 3017 3496 3072 in-

1915 3092 2102 3146 venire
2125 3100 2322 3162 potest.

306 3179 589 3256 ferculum
626 3179 710 3257 est
748 3202 898 3272 virgo
931 3201 1097 3256 Maria
1129 3209 1184 3256 et
1216 3209 1399 3257 sancta
1445 3201 1710 3266 Ecclesia,
1750 3211 1806 3256 et
1834 3189 1879 3252 C
1930 3179 2158 3272 ίίίαε
2187 3192 2270 3236 θεῖ
2295 3182 2561 3252 Christus.
2589 3195 2647 3242 ιιι
2673 3189 2726 3243 in
2761 3189 2988 3246 Psalmis
3019 3209 3030 3245 :
3083 3212 3103 3244 ‹
3153 3192 3373 3249 Salvum
3403 3196 3491 3254 fac

233 3299 410 3354 fidelis
470 3297 674 3363 anima,
725 3305 780 3352 et
830 3296 1068 3350 caelestis
1103 3296 1296 3366 patria,
1346 3302 1406 3349 ut
1454 3295 1507 3348 in
1557 3296 1660 3350 hoc
1706 3309 1814 3360 uno

233 3387 503 3458 exemplo,
531 3388 597 3442 de
627 3402 734 3456 quo
778 3386 831 3441 in
858 3387 1082 3442 Cantico
1115 3403 1129 3440 :
1169 3405 1188 3438 ‹
1231 3384 1517 3440 Ferculum
1544 3384 1674 3439 fecit
1711 3385 1813 3439 sibi

231 3495 330 3536 rex
379 3479 633 3534 Salomon
663 3483 678 3499 '
706 3479 773 3532 ad
821 3479 963 3548 ligna
991 3477 1179 3532 Libani
1210 3478 1253 3507 “
1284 3493 1298 3541 ;
1340 3496 1358 3530 ι
1395 3477 1537 3545 quod
1566 3476 1814 3531 Christus

231 3578 292 3624 et
305 3584 502 3638 corpus
526 3567 746 3638 virginis
770 3583 836 3622 ex
859 3567 1118 3622 membris
1145 3565 1643 3636 incorruptibilibus
1664 3581 1813 3620 com-

232 3667 452 3729 pactum
495 3657 677 3728 elegit,
713 3666 769 3711 et
808 3665 1052 3711 sanctam
1091 3656 1386 3711 Ecclesiam
1419 3672 1484 3711 ex
1525 3657 1660 3710 viris
1688 3671 1814 3710 san-

211 3749 339 3816 ,ctis
365 3747 683 3810 construxit,
712 3754 769 3801 et
799 3747 1035 3800 animam
1065 3747 1355 3800 humanam
1385 3762 1452 3802 ex
1481 3746 1694 3800 mundis
1717 3760 1811 3800 co-

231 3838 588 3909 gitationibus
617 3844 864 3900 exornat,
908 3845 964 3891 et
1000 3851 1288 3906 supernam
1318 3837 1548 3906 patriam
1576 3852 1643 3891 ex
1673 3837 1810 3892 civi-

230 3929 336 3985 bus
366 3929 522 3983 bonis
547 3929 933 3983 consistentem
963 3927 1220 3983 laetiﬁcat.

303 4038 354 4092 F
357 4055 538 4094 renum
565 4046 651 4093 est
680 4039 1005 4109 ignorantia,
1052 4048 1114 4093 ut
1143 4040 1196 4092 in
1228 4039 1366 4094 Isaia
1395 4057 1408 4092 :
1439 4059 1457 4090 ‹
1491 4039 1560 4093 Ει
1599 4038 1809 4094 frenum

232 4129 461 4193 erroris,
509 4128 652 4198 quod
689 4138 807 4183 erat
861 4128 916 4182 in
963 4129 1181 4182 maxilla
1223 4129 1539 4199 populorum
1581 4129 1658 4194 ¹²,
1705 4148 1724 4181 ι
1758 4127 1811 4182 id

233 4230 340 4285 est,
373 4220 676 4291 ignorantia
713 4236 834 4290 quae
875 4230 992 4276 erat
1029 4222 1084 4276 in
1133 4224 1296 4277 corde
1338 4223 1639 4276 hominum.
1673 4220 1810 4276 Fre-

233 4327 388 4374 num,
436 4309 732 4374 silentium,
764 4321 822 4364 ut
874 4311 926 4364 in
948 4310 1048 4367 Job
1079 4331 1092 4366 :
1127 4331 1146 4363 ι
1179 4312 1413 4367 Frenum
1455 4315 1636 4382 posuit
1666 4314 1718 4367 in
1748 4329 1810 4368 os

231 4415 416 4455 meum
449 4401 513 4453 ¹³.
548 4420 566 4452 ι
601 4399 835 4454 Frenum
876 4401 1092 4458 aﬂlictio
1119 4405 1320 4469 carnis,
1360 4413 1420 4459 ut
1449 4406 1504 4458 in
1533 4405 1762 4459 Psalmis
1791 4422 1806 4458 :

236 4506 260 4541 ι
299 4489 355 4543 ln
380 4505 536 4546 camo
564 4500 620 4545 et
657 4490 810 4545 freno
839 4493 1086 4547 maxillas
1115 4509 1299 4548 eorum
1323 4495 1632 4562 constringe
1688 4494 1751 4556 υ,
1786 4513 1803 4545 ι

231 4581 292 4636 id
315 4589 422 4646 est,
453 4582 506 4635 in
537 4581 715 4651 rigore
755 4589 810 4635 et
835 4581 1120 4638 afflictione
1151 4585 1314 4637 corda
1345 4599 1530 4638 eorum
1561 4585 1805 4638 humilia.

307 4690 535 4746 Festuca
561 4700 644 4745 est
671 4693 1004 4760 perturbatio
1035 4695 1251 4756 mentis,
1285 4702 1342 4746 ut
1390 4694 1443 4747 in
1475 4694 1762 4763 Evangelio
1791 4712 1804 4748 :

237 4801 259 4833 ι
294 4780 512 4836 Videbis
541 4780 738 4850 ejicere
786 4780 1045 4836 festucam
1084 4784 1148 4838 de
1179 4785 1335 4838 oculo
1365 4783 1548 4838 fratris
1581 4786 1654 4838 tui
1682 4786 1744 4850 ¹⁵,
1784 4805 1803 4838 ι

231 4871 292 4927 id
316 4880 420 4938 est,
469 4872 672 4942 poteris
707 4873 762 4928 in
813 4872 919 4929 alio
951 4875 1346 4943 reprehendere
1387 4877 1808 4930 commotionem

231 4963 438 5018 cordis.

307 5073 425 5129 Fex
467 5085 552 5132 est
587 5077 766 5133 littera
796 5079 946 5150 legis,
991 5088 1054 5134 ut
1102 5081 1154 5135 in
1182 5081 1410 5137 Psalmis
1440 5101 1452 5138 :
1487 5101 1505 5134 ι
1543 5083 1652 5136 Fex
1695 5083 1809 5151 ejus

231 5182 346 5223 non
395 5177 479 5223 est
505 5169 779 5225 exinanita
808 5171 871 5237 ⁸⁸,
917 5190 936 5224 ›
972 5172 1114 5240 quod
1164 5173 1398 5228 carnalis
1425 5175 1600 5229 adhuc
1631 5174 1808 5230 littera

1919 3268 2086 3325 ﬁlium
2127 3272 2332 3327 ancilla:
2380 3281 2482 3329 tua:
2533 3276 2598 3342 ³⁷,
2646 3297 2665 3330 ι
2719 3279 2861 3334 illius
2904 3281 3152 3338 videlicet
3201 3299 3320 3354 quae
3371 3287 3491 3342 ait:

1921 3379 1939 3411 ι
1963 3360 2100 3415 Ecce
2111 3361 2305 3418 ancilla
2327 3363 2538 3420 Domini
2559 3366 2624 3419 ³⁸.
2647 3387 2666 3418 ι
2686 3365 2880 3434 Filius,
2901 3371 3494 3440 quodlibetmembrum

1915 3450 2188 3517 Ecclesiae,
2243 3461 2304 3507 ut
2355 3454 2410 3507 in
2441 3454 2772 3527 Evangelio:
2827 3477 2848 3510 α
2897 3460 3249 3518 Deferebatur
3304 3465 3494 3519 unicus

1915 3549 2162 3595 mortuus
2190 3541 2334 3597 filius
2377 3545 2567 3600 matris
2597 3561 2708 3602 sua:
2742 3548 2809 3614 ’³,
2851 3567 2870 3600 ι
2897 3553 3039 3619 quod
3078 3553 3255 3608 omnis
3303 3554 3394 3624 qui
3426 3553 3495 3608 ad

1911 3629 2081 3684 vitam
2111 3632 2422 3701 pmnitendo
2449 3635 2606 3702 redit,
2660 3636 2803 3704 ﬁlius
2831 3647 2916 3694 est
2963 3640 3238 3696 Ecclesiae.
3287 3640 3490 3709 Filius,

1913 3721 2140 3789 p0pulus
2188 3721 2466 3788 Judaicus,
2513 3735 2572 3780 ut
2609 3727 2663 3780 in
2699 3728 2991 3800 Evangelio
3036 3745 3052 3784 :
3098 3749 3117 3782 ι
3151 3731 3282 3786 Erat
3309 3733 3495 3788 senior

1914 3809 2056 3864 filius
2085 3811 2138 3864 in
2163 3827 2294 3882 agro
2315 3813 2359 3844 '°
2385 3830 2399 3878 ;
2434 3834 2454 3866 ι
2487 3817 2628 3884 quod
2653 3827 2848 3873 vocato
2873 3821 2939 3873 ad
2967 3820 3126 3875 ﬁdem
3145 3821 3342 3892 populo
3364 3838 3494 3891 gen-

1911 3905 2014 3970 tili,
2037 3907 2186 3976 plebs
2215 3905 2436 3961 Judaica
2475 3905 2530 3960 in
2560 3907 2920 3964 exterioribus
2954 3925 3044 3980 per
3074 3927 3318 3966 errorem
3363 3928 3490 3967 ver-

1912 4005 2085 4050 satur.
2131 3995 2260 4049 Filii
2292 3996 2451 4050 alieni
2507 4005 2632 4051 sunt
2663 3996 2852 4063 Judzei,
2887 4001 2978 4069 qui
3029 4001 3313 4056 inveterati
3343 4012 3490 4069 sunt,

1912 4085 2037 4139 dum
2070 4085 2124 4138 in
2153 4085 2322 4138 veteri
2354 4085 2569 4140 homine
2597 4095 2988 4142 remanserunt.
3020 4085 3151 4142 Filii
3196 4088 3354 4143 alieni
3381 4091 3490 4145 ha:-

1911 4177 2065 4231 retici
2090 4184 2233 4241 sunt,
2263 4177 2315 4230 id
2342 4185 2443 4242 est,
2471 4177 2560 4245 qui
2588 4178 2881 4247 praedicant
2908 4195 3169 4246 errorem,
3202 4199 3221 4232 ‹
3257 4197 3487 4251 quorum

1909 4285 1972 4324 os
2000 4270 2236 4324 locutum
2268 4279 2348 4324 est
2371 4271 2684 4336 vanitatem,
2717 4281 2772 4327 et
2827 4275 3014 4329 dextra
3053 4290 3264 4340 eorum,
3299 4277 3489 4332 dextra

1909 4361 2212 4429 iniquitatis
2235 4361 2300 4414 ²¹,
2341 4381 2358 4412 ι
2389 4359 2586 4427 Filius,
2614 4362 2842 4433 populus
2861 4366 3120 4435 gentium,
3149 4375 3208 4420 ut
3234 4367 3286 4420 in
3319 4367 3492 4422 Evan-

1909 4451 2049 4520 gelio
2080 4469 2092 4503 :
2127 4470 2145 4501 ι
2182 4451 2350 4505 Filius
2381 4467 2532 4506 meus
2558 4462 2802 4509 mortuus
2827 4453 3021 4519 fuerat,
3045 4464 3100 4509 et
3122 4456 3319 4510 revixit
3360 4457 3430 4522 “,
3464 4477 3484 4508 ι

1835 4541 1886 4600 D
1915 4545 1966 4598 id
1991 4552 2092 4605 est,
2146 4545 2374 4613 populus
2425 4545 2640 4614 gentilis
2692 4547 2745 4600 in
2772 4555 3001 4602 mortem
3035 4547 3228 4602 cecidit
3279 4562 3373 4617 per
3400 4548 3488 4602 in-

1913 4635 2306 4698 credulitatem,
2347 4636 2485 4689 redit
2533 4635 2600 4689 ad
2630 4635 2796 4689 vitam
2842 4650 2940 4704 per
2993 4635 3172 4689 fidem.
3219 4635 3324 4689 Per
3351 4635 3488 4704 ﬁlios

1913 4725 2107 4795 angeli,
2132 4735 2192 4778 ut
2217 4727 2270 4778 in
2299 4723 2400 4778 Job
2429 4743 2442 4777 :
2479 4743 2497 4775 ε
2535 4725 2774 4791 Quadam
2802 4725 2906 4787 die,
2941 4740 3063 4779 cum
3091 4725 3364 4780 venissent
3392 4725 3487 4780 filii

1913 4816 2006 4870 Dei
2035 4816 2100 4881 ³³,
2156 4835 2174 4866 ›
2208 4816 2349 4884 quod
2401 4816 2522 4868 boui
2559 4815 2732 4884 angeli
2786 4816 2981 4869 summi
3013 4813 3188 4869 Patris
3217 4814 3308 4869 lilii
3340 4825 3484 4870 sunt.

1911 4908 2018 4962 Per
2051 4909 2190 4977 ﬁlios
2218 4908 2464 4978 apostoli,
2497 4917 2556 4962 ut
2608 4909 2660 4961 in
2691 4907 2978 4976 Evangelio
3011 4926 3024 4961 :
3063 4927 3080 4959 ι
3122 4907 3245 4962 Filii
3302 4909 3486 4976 sponsi

1913 5015 2019 5054 non
2039 4999 2454 5068 possuntlugere
2477 4998 2544 5062 ³⁸,
2577 5017 2594 5047 ι
2617 4998 2668 5051 id
2694 5006 2794 5060 est,
2812 4997 3036 5067 apostoli
3061 4998 3259 5052 Christi
3284 4997 3481 5052 dolere.

1913 5091 2019 5146 Per
2041 5092 2180 5158 ﬁlios
2209 5090 2400 5153 Judaei,
2428 5098 2486 5143 ut
2512 5091 2564 5143 in
2594 5090 2886 5158 Evangelio
2919 5108 2931 5143 :
2968 5108 2986 5139 ‹
3021 5088 3136 5144 Νοη
3158 5098 3240 5145 est
3263 5091 3482 5153 bonum,

1917 5196 2130 5235 sumere
2149 5196 2342 5250 panem
2367 5180 2680 5244 filiorum”,
2703 5179 2755 5234 id
2779 5179 3120 5245 est,salutem
3143 5179 3341 5235 Judzeis
3366 5178 3486 5232 des~

310 5373 326 5402 ¹
353 5370 482 5424 Lev.
517 5385 577 5436 ll,
608 5369 672 5435 4;
703 5384 798 5432 vn,
825 5367 910 5431 12;
943 5383 1060 5434 vm,
1079 5367 1169 5422 9.6.
1193 5369 1213 5398 ³
1240 5365 1307 5438 iV
1335 5367 1468 5438 Reg.
1501 5385 1578 5432 vt,
1617 5369 1668 5422 6.
1693 5369 1713 5401 ³
1734 5368 1813 5423 Jol

1918 5386 1969 5433 .l,
1995 5370 2080 5424 18.
2110 5369 2132 5400 ⁸
2161 5367 2303 5422 Psal.
2327 5384 2432 5430 CIV,
2459 5369 2545 5424 18.
2575 5369 2596 5400 ⁵
2620 5369 2761 5424 Psal.
2789 5385 2894 5434 ενι,
2919 5370 3003 5424 10.
3035 5369 3056 5399 ⁸
3088 5367 3188 5423 Job
3213 5382 3402 5438 xxvm,
3423 5370 3478 5422 2.

230 5443 432 5495 'Deut.
456 5457 572 5502 x1x,
605 5439 657 5492 5.
695 5439 716 5470 ⁸
750 5440 947 5493 Ezech.
991 5455 1064 5502 iV,
1096 5438 1148 5490 5.
1191 5437 1210 5468 ⁰
1251 5437 1371 5492 Joh.
1411 5437 1502 5500 xx.
1552 5439 1639 5492 ‘24.
1680 5440 1721 5470 “‘
1767 5439 1887 5495 Job.
1920 5457 2008 5504 XL,
2036 5441 2121 5494 15.
2158 5442 2197 5470 ¹¹
2225 5439 2358 5493 Can.
2409 5455 2489 5501 ιιι,
2520 5441 2572 5493 9.
2617 5440 2659 5470 ⁸³
2687 5441 2792 5494 lsa.
2839 5457 2966 5503 xxx,
3000 5440 3089 5494 28.
3132 5439 3176 5469 “
3203 5437 3302 5491 Job
3350 5453 3481 5502 xxx,

234 5513 324 5564 11.
358 5509 402 5540 ³⁵
438 5510 580 5564 Psal.
613 5525 762 5572 xxxi,
794 5510 845 5563 9.
887 5510 932 5540 ³³
961 5508 1146 5561 Matth.
1188 5523 1280 5568 vn,
1314 5508 1366 5562 5.
1411 5509 1454 5538 ¹⁶
1482 5509 1623 5563 Psal.
1662 5525 1855 5575 Lxxiv,
1888 5512 1940 5565 9.
1979 5513 2017 5542 ¹⁷
2045 5511 2155 5566 Jer.
2190 5525 2390 5574 XLVIII,
2443 5510 2526 5562 11.
2573 5509 2615 5540 ³³
2650 5509 2769 5564 Jud.
2823 5525 2874 5564 v.
2919 5510 2959 5540 ¹⁹
2999 5510 3170 5562 Exod.
3220 5522 3348 5570 xxv,
3389 5507 3479 5560 29.

233 5583 280 5612 ²⁰
310 5580 436 5634 Ose.
469 5596 529 5646 ιι,
564 5580 649 5633 12.
688 5580 730 5608 ’³
764 5579 918 5649 Luca
945 5595 1067 5642 xm,
1215 5579 1257 5608 ²²
1285 5577 1439 5649 Cant.
1467 5595 1526 5642 ιι,
1567 5580 1647 5632 l5.
1675 5581 1719 5610 ²³
1748 5581 1813 5634 Ha

1926 5597 1985 5649 ιι,
2013 5583 2098 5635 17.
2142 5580 2187 5611 ²¹⁶
2215 5578 2370 5649 Joan.
2404 5595 2441 5642 ι,
2470 5579 2562 5643 18,
2585 5579 2632 5611 ’⁸
2659 5580 2794 5634 Joel.
2826 5597 2860 5640 ι,
2890 5580 2941 5632 7.
2979 5580 3025 5610 ’⁸⁵
3051 5577 3240 5649 Matth.
3269 5591 3363 5649 νυ,
3393 5576 3479 5649 16..

233 5652 278 5681 ⁸⁷
310 5650 453 5704 Psal.
485 5644 806 5723 L'xxxv,_‘i(_i_.
839 5648 1034 5723 “ALuc.
1067 5647 1460 5723 l,_§8_._’iLllt:.
1486 5649 1691 5723 vu,1_‘2.
1732 5651 1775 5682 ³⁰
1806 5652 1813 5706 l

1922 5691 1936 5708 .
1972 5644 2070 5723 'xv,
2102 5649 2190 5705 ‘25.
2233 5650 2275 5681 ³⁸
2308 5648 2449 5704 Psal.
2493 5665 2681 5718 cxuu,
2713 5653 2765 5706 8.
2807 5651 2851 5683 ³³
2881 5650 3012 5706 Luc.
3065 5663 3150 5715 xv,
3176 5644 3267 5698 24.
3311 5644 3355 5676 ³³
3384 5645 3490 5706 Joh

231 5737 271 5786 ι,
304 5723 392 5786 60,
422 5728 478 5775 ct
507 5737 568 5789 ιι,
601 5721 650 5775 1.
685 5719 728 5751 ³1
757 5719 944 5774 Matth.
978 5735 1051 5787 Ix,
1091 5717 1174 5774 15.
1203 5719 1250 5751 ³⁵
1279 5717 1465 5774 Matth.
1496 5735 1582 5786 xv,
1611 5719 1698 5774 26.
