3972 6336
579 369 685 426 027

1228 365 1288 420 Β.
1327 363 1582 420 RABANI
1619 361 1838 420 MAURl
1875 355 2190 417 ARCHIEP.
2231 353 2538 413 MOGUNT.
2580 351 2864 413 OPERUM
2903 342 3080 412 PARS
3115 353 3202 412 Ill.
3664 364 3733 424 θέε

579 480 829 534 tinatam.
871 475 978 531 Per
1014 475 1154 544 ﬁlios
1178 473 1285 529 viri
1315 475 1514 540 sancti,
1546 483 1608 529 ut
1650 475 1704 528 in
1735 471 1972 544 Epistola
1997 469 2166 526 Joan-
2195 471 2243 531 Α
2273 469 2624 524 tributionem
2655 477 2825 535 tuam,
2857 483 3017 538 quam
3061 469 3354 526 retribuisti
3381 471 3534 540 nobis,
3561 494 3576 528 ι
3613 487 3739 538 uino,

579 571 708 626 nis:
745 589 763 620 ι
805 567 957 623 Nunc
985 566 1077 621 lilii
1103 565 1201 620 Dei
1251 582 1436 622 sumus
1466 568 1503 634 ¹,
1537 586 1558 620 ι
1590 565 1732 637 quod
1781 580 1879 634 per
1925 564 2085 618 ﬁdem
2112 569 2167 617 et

578 663 720 716 bona
775 672 940 728 opera
988 671 1053 710 ex
1085 656 1196 711 Deo
1239 657 1537 711 nascimur.
1570 656 1675 711 Per
1703 654 1841 724 ﬁlios
1871 653 1944 708 illi
1971 652 2064 722 qui
2099 652 2167 707 de

580 751 722 806 bona
753 749 858 803 vita
891 747 1116 803 redeunt
1143 747 1210 800 ad
1264 747 1629 816 iniquitatem,
1682 755 1744 799 ut
1795 745 1850 798 in
1887 743 2117 798 Psalmis
2148 760 2162 796 :

588 861 608 894 ‹
644 840 762 895 Filii
814 839 976 894 alieni
1014 839 1224 893 mentiti
1265 846 1391 892 sunt
1435 837 1588 902 mihi,
1643 845 1699 890 et
1738 835 2164 891 claudicarunta

583 931 792 988 semitis
812 933 829 952 ⁴
860 931 966 985 tuis
987 932 1006 960 ²
1025 970 1038 996 ,
1064 950 1082 981 ι
1101 929 1245 1000 quod
1267 945 1297 983 a
1327 930 1484 985 bonis
1508 929 1720 984 actibus
1747 935 2090 983 recesserunt
2111 935 2168 982 et

583 1029 651 1083 ad
680 1036 902 1098 peccata
942 1027 1240 1082 redierunt.
1293 1027 1400 1082 Per
1443 1027 1581 1096 ﬁlios
1626 1041 1884 1096 sequaces
1913 1027 2162 1092 aliorum,

581 1129 643 1175 ut
687 1121 738 1175 in
783 1120 932 1177 Job:
979 1140 997 1172 ι
1032 1121 1215 1192 Longe
1269 1120 1398 1176 ﬁent
1447 1121 1542 1176 ﬁlii
1574 1122 1721 1190 impii
1771 1137 1801 1175 a
1837 1122 2010 1176 salute
2039 1121 2100 1188 ³;
2140 1141 2158 1174 ι

581 1211 724 1281 quod
754 1212 845 1281 qui
874 1211 1098 1280 impium
1133 1211 1427 1282 quemlibet
1467 1213 1531 1267 ad
1562 1212 1902 1282 iniquitatem
1928 1227 2165 1282 sequun-

579 1311 690 1368 tur,
736 1305 802 1358 ad
838 1319 1022 1358 veram
1067 1304 1298 1359 salutem
1351 1320 1457 1358 non
1515 1307 1849 1376 pertingunt,
1885 1303 2039 1372 juxta
2072 1305 2162 1359 id:

585 1413 606 1446 ε
641 1395 764 1450 Filii
795 1395 1029 1465 Ephrem
1074 1395 1416 1451 intendentes
1446 1404 1501 1450 et
1529 1397 1800 1450 mittentes
1827 1410 2013 1450 arcum
2038 1409 2166 1449 con-

579 1489 726 1544 versi
747 1495 872 1541 sunt
894 1488 946 1540 in
999 1487 1138 1541 bello
1168 1486 1228 1553 ἰς
1275 1507 1296 1541 ›
1327 1487 1467 1556 quod
1509 1486 1661 1542 multi
1703 1487 1755 1540 in
1784 1485 2048 1550 Ecclesia,
2072 1483 2164 1554 qui

579 1593 844 1648 sequaces
888 1576 1328 1632 fructilicantium
1371 1576 1732 1645 apostolorum
1779 1575 2166 1646 cognominan-

580 1679 692 1736 tur,
711 1670 930 1746 lintente
960 1668 1269 1739 Scripturas
1295 1669 1497 1740 legunt,
1529 1678 1716 1724 contra
1739 1676 2033 1737 peccantes
2060 1667 2164 1722 tela

579 1763 870 1817 verborum
900 1761 1126 1830 jaciunt,
1166 1762 1261 1816 sed
1293 1762 1346 1816 in
1386 1762 1597 1816 fervore
1645 1761 1876 1832 propriae
1907 1762 2162 1815 tentatio-

580 1856 666 1911 nis
693 1856 970 1911 deﬁciunt.
1003 1856 1107 1910 Per
1127 1855 1266 1924 ﬁlios
1290 1855 1566 1910 auditores
1587 1854 1873 1925 cujuslibet
1898 1854 2164 1919 lueretici,

581 1957 640 2003 ut
674 1949 728 2003 in
765 1947 904 2003 Joh:
941 1967 959 2000 ι
1012 1947 1070 2002 Si
1123 1947 1463 2016 multiplicati
1519 1947 1718 2002 fuerint
1775 1947 1868 2001 ﬁlii
1927 1946 2065 2016 ejus,
2113 1948 2168 2002 in

581 2039 763 2110 gladio
811 2047 970 2094 erunt
999 2040 1042 2105 ⁵,
1082 2057 1102 2091 ι
1139 2039 1281 2109 quod
1316 2054 1504 2094 omnes
1533 2041 1622 2110 qui
1672 2039 1910 2094 hmretici
1957 2039 2168 2094 doctri-

581 2146 707 2185 nam
735 2130 1057 2202 suscipiunt,
1087 2138 1354 2200 quotquot
1405 2129 1626 2194 fuerint,
1665 2129 1732 2184 ad
1763 2130 2168 2186 damnationem

580 2223 922 2292 perveniunt.
963 2223 1070 2277 Per
1107 2223 1248 2292 ﬁlios
1289 2223 1538 2278 homines
1568 2239 1596 2277 a
1627 2223 1740 2278 Deo
1786 2225 1976 2290 creati,
2028 2233 2087 2279 ut
2113 2225 2168 2278 in

582 2308 726 2365 Joh:
766 2329 784 2362 ι
837 2311 1070 2368 Orabam
1104 2311 1244 2366 filios
1293 2312 1434 2367 uteri
1481 2312 1585 2366 mei
1616 2311 1659 2377 ⁸,
1703 2331 1721 2364 ι
1775 2313 1828 2366 id
1858 2321 1961 2377 est,
1990 2313 2167 2368 homi-

579 2417 698 2465 nes,
727 2418 863 2471 quos
891 2403 1128 2458 creando
1168 2404 1350 2474 genui,
1381 2403 1496 2473 ipse
1544 2403 1704 2457 homo
1741 2403 1920 2459 factus
1948 2405 2170 2459 humili-

581 2503 668 2548 ter
717 2495 960 2548 exoravi.
1003 2493 1106 2550 Per
1151 2494 1312 2562 ﬁlios,
1343 2496 1486 2550 bona
1533 2510 1720 2566 opera,
1764 2497 1908 2551 utin
1957 2496 2165 2553 Paulo:

590 2603 609 2634 ε
646 2582 954 2638 Salvabitur
990 2583 1182 2638 mulier
1207 2600 1304 2654 per
1352 2584 1586 2640 ﬁliorum
1634 2587 2037 2658 generationem
2067 2591 2110 2654 ⁷,
2144 2610 2162 2642 ι

581 2675 635 2730 id
665 2683 769 2742 εει,
803 2675 982 2730 anima
1029 2675 1203 2731 fidelis
1229 2692 1327 2746 per
1377 2678 1642 2732 bonorum
1673 2693 1896 2749 operum
1929 2678 2172 2735 multitu-

578 2766 798 2832 dinem;
833 2767 960 2821 item
985 2766 1139 2833 juxta
1170 2767 1298 2822 illud
1328 2786 1341 2822 :
1388 2787 1406 2819 ι
1437 2769 1504 2824 Et
1530 2769 1714 2824 videas
1756 2769 1896 2825 ﬁlios
1929 2779 2050 2826 tuos
2070 2771 2110 2835 ⁸,
2145 2790 2164 2823 ι

580 2857 636 2912 id
659 2865 764 2923 est,
792 2858 1012 2926 praemia
1040 2858 1306 2913 bonorum
1329 2874 1573 2930 Operum.
1599 2857 1744 2914 Filia
1767 2861 2170 2931 arcliisyuagogi

578 2949 633 3002 in
661 2948 815 3002 domo
847 2959 1074 3016 mortua,
1108 2957 1192 3006 est
1217 2952 1380 3008 homo
1401 2967 1636 3022 peccans
1676 2953 1906 3008 occulte.
1941 2972 1960 3005 ι
1996 2953 2171 3011 Filius

583 3039 758 3094 viduae
786 3048 939 3094 extra
973 3049 1187 3110 portam
1239 3041 1449 3096 delatus
1469 3041 1512 3107 ³,
1553 3063 1570 3094 ι
1612 3050 1695 3097 εει
1721 3043 1906 3108 homo,
1937 3057 2170 3113 peccans

2267 560 2336 616 ad
2363 561 2489 616 vitia
2514 561 2795 617 concitans
2820 561 3111 618 virtutibus
3159 561 3308 616 subdi
3339 565 3536 634 cogatis.
3563 585 3578 618 ι
3605 568 3740 627 Batus

2265 651 2358 721 qui
2425 651 2648 717 tenebit,
2710 671 2730 703 ι
2789 652 3028 707 tenebrae
3092 668 3161 707 ne
3217 662 3466 720 crescant,
3516 673 3533 708 ι
3579 667 3620 713 ει
3663 663 3738 719 aui.

2267 741 2358 796 det
2387 740 2455 808 “,
2504 743 2520 763 ·
2563 760 2583 793 ι
2632 756 2702 796 ηε
2756 741 3022 796 confracti
3077 741 3396 810 dispereunt,
3451 763 3468 795 ι
3515 749 3736 816 ρεηηὶοε⁸

2266 851 2393 892 suos
2412 877 2427 901 ,
2460 855 2479 887 ι
2507 835 2561 890 id
2583 843 2688 900 est,
2717 835 3034 905 insipientes
3058 846 3240 890 motus
3269 835 3488 902 illicitos,
3514 841 3588 909 qui
3629 843 3675 898 de
3707 852 3741 900 te

2265 934 2589 990 nascuntur,
2636 939 2670 980 ο
2712 924 2820 978 ﬁlia
2870 923 3185 995 Babylonis,
3233 945 3250 976 ι
3284 925 3346 979 ad
3379 936 3576 997 petram,
3608 935 3740 1001 tquod

2266 1017 2357 1071 ubi
2385 1017 2548 1071 timor
2577 1013 2776 1070 Christi
2812 1015 3112 1080 radicatur,
3147 1015 3399 1085 quidquid
3440 1016 3640 1072 illicitum
3661 1037 3739 1077 sur-

2266 1109 2362 1180 git,
2393 1108 2556 1164 citius
2587 1107 2846 1161 alliditur.
2894 1105 3053 1161 Filia:
3082 1105 3376 1162 Jerusalem
3409 1109 3618 1165 dicuntur
3639 1113 3738 1168 infir-

2265 1201 2468 1255 miores
2496 1200 2548 1254 in
2568 1199 2830 1264 Ecclesia,
2853 1199 3067 1254 dicente
3085 1215 3280 1270 sponsa
3297 1200 3349 1253 in
3374 1199 3596 1257 Cantico:
3623 1223 3638 1254 ι
3657 1205 3741 1262 Fer-

2267 1291 2446 1346 ‘culum
2477 1290 2604 1345 fecit
2630 1291 2730 1346 sibi
2764 1305 2860 1345 rex
2899 1289 3158 1346 Salomon
3208 1291 3274 1345 de
3303 1289 3450 1361 lignis
3473 1292 3628 1349 Libani
3647 1296 3738 1360 ¹⁶;ν

2266 1382 2409 1452 quod
2439 1381 2688 1437 Christus
2734 1381 3032 1437 Ecelesiam
3063 1392 3308 1437 sanctam
3336 1386 3580 1439 constituit
3609 1388 3679 1441 sibi
3699 1390 3739 1443 de

2266 1472 2515 1538 fortibus,
2547 1473 2799 1539 excelsis,
2848 1475 3129 1542 speciosis,
3161 1473 3450 1538 odoriferis,
3493 1477 3739 1546 imputribili—

2265 1565 2390 1632 bus,
2423 1572 2478 1620 et
2501 1565 2567 1618 ad
2599 1565 2889 1620 candorem
2916 1567 3180 1620 virtutum
3204 1581 3300 1636 per
3326 1567 3489 1621 omnia
3515 1569 3738 1624 nitemibus.

2267 1659 2503 1715 Libanus
2530 1659 2674 1714 enim
2711 1659 3016 1713 candidatio
3055 1660 3294 1726 dicitur;
3328 1659 3540 1716 Ecclesia
3562 1662 3740 1731 ferculum

2268 1760 2514 1817 vocatur,
2542 1752 2626 1807 vel
2647 1750 2790 1822 quod
2818 1749 3094 1806 Christum
3131 1767 3228 1822 per
3255 1753 3494 1805 mundum
3517 1761 3668 1822 portat,
3687 1753 3738 1807 vel

2194 1817 2242 1876 Β
2271 1842 2415 1912 quod
2451 1817 2681 1895 animas
2710 1841 2778 1895 ad
2830 1841 3085 1897 caelestes
3130 1817 3316 1912 epulas
3357 1817 3612 1906 levat-vel
3643 1843 3736 1912 quod

2269 1933 2488 1990 Christo
2519 1935 2536 1955 ‘
2576 1933 2784 1989 incidet
2808 1941 2863 1990 et
2881 1933 3112 2005 judicat.
3153 1955 3171 1987 ι
3201 1935 3267 1988 Ει
3291 1934 3543 1990 columnas
3560 1933 3646 2002 ejus
3662 1935 3739 1989 fecit

2269 2036 2576 2098 argenteas,
2612 2047 2631 2080 ι
2667 2027 2810 2098 quod
2852 2028 3070 2082 datores
3121 2025 3257 2095 ejus,
3291 2027 3378 2098 qui
3408 2025 3524 2082 alios
3559 2035 3738 2081 sustenta-

2269 2125 2420 2182 rent,
2445 2115 2608 2170 divini
2651 2115 2916 2170 sermonis
2941 2115 3194 2171 claritate
3229 2116 3470 2170 instruxit
3495 2134 3512 2165 ι
3540 2115 3739 2169 reclinalo-

2269 2209 2412 2262 rium
2448 2222 2693 2272 aureum,
2736 2227 2754 2258 ι
2797 2208 2940 2277 quod
2967 2208 3256 2278 quosdam,
3302 2208 3352 2261 in
3381 2207 3552 2278 quibus
3579 2207 3738 2276 ipseca-

2267 2306 2367 2370 put
2409 2312 2564 2352 suum
2614 2296 2902 2352 inclinaret
2943 2305 2999 2352 et
3051 2297 3431 2367 requiesceret,
3477 2313 3653 2352 corusca
3687 2298 3743 2351 sui

2269 2387 2728 2458 contemplatione
2755 2389 3000 2458 replevit.
3047 2409 3064 2442 ι
3105 2389 3396 2445 Ᾱεεεηειιιη
3429 2405 3701 2461 purpureum,
3723 2409 3740 2442 »ι

2269 2480 2415 2552 quod
2444 2479 2734 2550 quosdam,
2778 2495 3008 2550 quorum
3043 2481 3349 2551 exemplum
3379 2483 3577 2548 primum
3602 2482 3650 2535 ad
3669 2482 3738 2533 ιιι-

2269 2578 2434 2636 tutes,
2478 2583 2664 2641 postea
2695 2570 2762 2624 ad
2811 2579 2996 2626 sancta
3032 2580 3345 2626 sanctorum
3377 2569 3737 2627 scanderentilﬁ

2269 2662 2337 2717 ad
2365 2663 2688 2733 martyrium
2711 2671 2990 2732 promptos
3017 2660 3205 2730 efﬁcit,
3234 2663 3402 2717 media
3435 2662 3604 2717 scilicet
3618 2658 3739 2713 feram

2270 2754 2534 2808 charitate
2563 2756 2582 2774 ’
2621 2753 2886 2809 construit
2914 2770 2929 2809 :
2959 2755 3107 2824 quod
3161 2769 3376 2810 omnem
3425 2753 3566 2806 vitam
3589 2755 3601 2770 °
3623 2748 3742 2804 Eccle

2269 2845 2365 2900 size
2421 2845 2709 2900 dilectione
2770 2845 2865 2899 Dei
2921 2853 2978 2901 et
3029 2846 3269 2915 proximi
3323 2844 3580 2900 decoravit.
3627 2841 3740 2907 Quare

2277 2953 2295 2986 ι
2325 2945 2550 3006 propter
2600 2934 3098 3014 ﬁliasilerusalem,
3161 2957 3178 2990 ι
3228 2938 3282 2992 id
3311 2944 3406 3000 est,
3447 2943 3625 3005 propter
3647 2930 3740 2986 inﬁr-

2271 3026 2472 3082 miores
2521 3025 2777 3080 Ecclesia:
2803 3045 2814 3080 :
2845 3035 2906 3081 ut
2960 3027 3052 3097 qui
3103 3043 3220 3082 non
3271 3034 3481 3098 possunt
3515 3026 3571 3080 ad
3597 3019 3741 3092 “perle-

578 3127 810 3199 publice.
865 3149 883 3180 c
935 3129 1172 3185 Lazarus
1218 3131 1612 3200 quatriduanus
1658 3131 1724 3197 '°,
1774 3151 1792 3183 ι
1836 3132 1952 3201 qui
1977 3140 2168 3202 peccat
2192 3165 2238 3229 ο
2273 3125 2418 3172 Clum
2438 3117 2688 3229 ξοῖθηῖῖτε
2740 3117 3221 3229 οοηῑθξηρῖξιίῖοξιίε
3255 3128 3310 3174 ει
3335 3113 3741 3229 Ρθιξθηιξειξυιωθπ

578 3220 786 3289 putenti
824 3219 1236 3276 consuetudine.

653 3309 811 3363 Filia:
837 3310 1054 3364 nomine
1077 3310 1394 3380 intelligitur
1406 3311 1669 3378 Ecclesia,
1691 3313 1905 3370 dicente
1927 3315 2161 3371 Davide:

586 3419 606 3451 ι
645 3399 716 3455 Ut
745 3403 1058 3456 annuntiem
1098 3417 1286 3457 omnes
1323 3403 1736 3472 praedicationes
1766 3413 1886 3459 tuas
1914 3406 1968 3460 in
1997 3407 2168 3476 portis

582 3489 706 3545 lilia:
733 3491 861 3546 Sion
894 3491 957 3556 ιι,
994 3511 1011 3542 ι
1041 3491 1094 3547 id
1123 3500 1226 3558 est,
1260 3501 1322 3547 ut
1355 3493 1476 3549 aliis
1504 3495 1790 3563 praedicem
1833 3511 2021 3552 omnes
2047 3497 2166 3551 Iau-

580 3582 680 3638 des
707 3590 825 3638 tuas
873 3583 926 3637 in
958 3582 1063 3639 ﬁde
1087 3594 1144 3639 et
1178 3595 1361 3656 speet
1387 3588 1678 3654 charitate,
1728 3590 1924 3660 quibus
1977 3599 2167 3646 sancta

581 3674 841 3740 Ecclesia,
871 3691 989 3745 qua:
1015 3693 1158 3732 nunc
1185 3696 1206 3729 ε
1236 3679 1403 3749 gloria
1427 3680 1640 3735 Domini
1670 3702 1688 3734 ι
1718 3683 2020 3754 appellatur
2043 3691 2060 3705 '
2089 3685 2169 3740 ni-

582 3771 715 3825 titur
772 3771 840 3824 ad
893 3771 1059 3826 Deum
1115 3771 1256 3828 facie
1308 3774 1375 3828 ad
1434 3773 1628 3830 faciem
1667 3777 2163 3848 contemplandum.

579 3861 736 3927 Item,
773 3861 900 3931 ﬁlia:
926 3861 1055 3918 Sion
1085 3865 1306 3920 nomine
1339 3865 1509 3920 Judrei
1550 3866 1925 3937 designantur,
1954 3869 2170 3926 dicente

579 3953 852 4022 primitiva
906 3953 1146 4009 Ecclesia
1201 3955 1255 4010 in
1296 3953 1564 4010 Cantico:
1599 3975 1615 4006 ι
1651 3956 1980 4026 Egredimini
2009 3966 2064 4014 et
2091 3958 2171 4013 vi-

584 4046 708 4100 dete
738 4059 919 4115 regem
952 4045 1103 4110 Sion,
1143 4044 1266 4100 ﬁlia:
1309 4045 1630 4112 Jerusalem,
1673 4045 1926 4104 Salomon
1959 4049 2012 4103 in
2049 4050 2169 4105 dia-

581 4137 816 4202 demate,
860 4151 970 4206 quo
999 4137 1277 4193 coronavit
1313 4151 1434 4192 eum
1488 4145 1666 4190 mater
1707 4153 1804 4192 sua
1839 4138 1902 4191 ".
1940 4157 1958 4190 ι
1991 4136 2166 4205 Exite,

582 4227 780 4296 inquit,
812 4243 845 4281 ο
869 4225 1062 4290 Ιιιάίεί,
1120 4227 1212 4295 qui
1242 4225 1388 4280 circa
1435 4235 1673 4281 montem
1731 4227 1988 4284 habitatis
2015 4227 2166 4298 Sion,

582 4319 650 4374 ab
679 4317 981 4387 ignorantia
1012 4315 1362 4380 inﬁdelitatis,
1399 4323 1455 4370 et
1483 4318 1684 4373 credite
1715 4318 1767 4372 in
1796 4333 1940 4385 eum,
1973 4319 2032 4380 id
2064 4327 2167 4386 est,

583 4411 637 4466 in
677 4408 974 4474 Christum,
1039 4409 1183 4479 quod
1225 4409 1475 4467 Christus
1528 4426 1624 4465 rex
1665 4411 1908 4466 omnium
1961 4412 2014 4466 in
2078 4413 2166 4474 illa

2269 3206 2582 3272 ascendere,
2613 3217 2867 3263 maneant
2896 3209 2948 3263 in
2982 3209 3275 3275 charitate,
3299 3219 3353 3266 et
3393 3210 3496 3264 sine
3514 3207 3640 3262 dubio
3657 3219 3738 3274 per-

2266 3296 2485 3351 venient
2513 3296 2580 3350 ad
2609 3297 2794 3366 epulas
2818 3298 2942 3360 vitae
2975 3306 3220 3354 aeternae.
3251 3299 3378 3354 ltem
3404 3313 3492 3368 per
3512 3295 3621 3364 ﬁlias
3640 3290 3734 3345 inﬁr-

2266 3387 2340 3442 mi
2363 3387 2612 3456 quilibet,
2664 3396 2728 3442 ut
2783 3388 2836 3443 in
2885 3387 3314 3446 Ecclesiastico:
3348 3409 3364 3440 ι
3397 3388 3527 3443 Filia:
3558 3384 3629 3441 tibi
3649 3387 3740 3442 sunt,

2265 3478 2494 3532 observa
2549 3493 2749 3548 corpus
2803 3477 3016 3534 illarum
3047 3481 3113 3534 ι’.
3159 3502 3177 3534 ι
3217 3479 3382 3546 Filia,
3434 3480 3600 3540 anima,
3637 3472 3738 3529 utin

2267 3566 2603 3638 Evangelia:
2643 3585 2662 3618 ι
2721 3567 2857 3622 Filia
2914 3584 3032 3625 mea
3083 3585 3116 3625 a
3170 3571 3430 3627 daemonio
3465 3567 3581 3624 male
3618 3571 3738 3620 venit

2267 3668 2354 3714 est
2382 3659 2445 3725 ⁸⁷,
2486 3677 2504 3710 ι
2534 3658 2712 3724 idest,
2744 3660 2921 3714 anima
2951 3675 3067 3716 mea
3097 3677 3132 3717 a
3156 3672 3378 3732 peccato
3407 3661 3646 3730 ,fatigatur.
3677 3654 3744 3708 Per

2267 3749 2410 3820 ﬁlias
2440 3749 2707 3816 homines,
2754 3750 3058 3818 sarculares,
3089 3761 3153 3806 ut
3181 3754 3234 3808 in
3265 3752 3430 3808 Isaia:
3471 3770 3487 3803 ι
3517 3746 3739 3804 Ambulare-

2269 3850 2396 3898 runt
2451 3842 2574 3898 ﬁlia:
2599 3843 2729 3898 Sion
2782 3844 2923 3900 collo
2979 3855 3204 3902 extento
3232 3848 3296 3914 ¹⁸,
3327 3867 3344 3900 ι
3384 3846 3511 3917 quod
3547 3841 3737 3900 sacularrs

2269 3932 2529 3990 inﬁrmati
2556 3942 2682 3989 sunt
2704 3949 2803 4004 per
2831 3935 3165 4005 superbiam.

2343 4023 2586 4080 Fimbria
2610 4035 2696 4081 est
2718 4027 2920 4082 Christi
2954 4018 3283 4094 incarnatio,
3331 4037 3386 4084 ut
3429 4030 3476 4084 in
3504 4020 3734 4094 Evangelia:

2277 4131 2297 4166 ι
2327 4113 2604 4184 Quotquot
2631 4114 2898 4170 ﬁmbriam
2928 4117 3238 4174 vestimenti
3264 4118 3377 4188 ejus
3404 4107 3738 4190 tangebant,sal-

2268 4208 2324 4263 vi
2351 4207 2552 4264 ﬁebant
2585 4209 2650 4276 ",
2690 4228 2709 4260 ι
2758 4209 2901 4279 quod
2927 4226 3120 4267 omnes
3149 4213 3240 4284 qui
3289 4211 3652 4268 incarnationem
3669 4201 3738 4270 eius

2271 4301 2520 4365 credunt,
2551 4301 2620 4356 ad
2647 4315 2831 4356 veram
2861 4301 3089 4357 salutem
3123 4305 3450 4374 perlingunt.
3477 4300 3565 4354 Per
3583 4292 3737 4365 ﬁmbrias

2271 4390 2712 4446 conversationes
2764 4391 3069 4458 hominum,
3114 4403 3173 4448 ut
3206 4395 3259 4448 in
3292 4391 3536 4448 Psalmis:
3569 4385 3649 4439 «la
3664 4381 3738 4433 fun-

582 4502 771 4572 spinea
827 4516 1049 4566 corona,
1104 4516 1267 4570 quam
1315 4502 1389 4556 illi
1442 4501 1698 4571 imposuit
1745 4502 1966 4571 antiqua
1995 4501 2168 4574 Syua-
2195 4514 2247 4574 ι)
2270 4485 2407 4540 bilis
2436 4484 2618 4540 aureis
2643 4485 2812 4550 κιοτίε
2839 4487 2957 4556 ej'ls
2979 4487 3046 4552 "v
3086 4507 3103 4538 ³
3132 4487 3275 4557 (ἶιιοά
3321 4487 3373 4540 Ῐιι
3401 4481 3572 4574 smmis
3593 4484 3739 4574 “mf?

583 4607 717 4664 goga
739 4632 754 4655 ,
795 4591 862 4646 de
895 4606 1000 4661 qua
1032 4591 1048 4609 '
1076 4591 1372 4646 secundum
1427 4607 1645 4647 carnem
1685 4601 1846 4647 natus
1873 4599 1974 4658 εει,
2009 4593 2170 4648 coele—

584 4684 688 4740 stia
716 4692 774 4737 et
801 4683 1081 4738 terrestria
1125 4682 1450 4751 paciﬁcavit,
1490 4702 1508 4735 ι
1563 4683 1617 4738 in
1651 4682 1738 4738 die
1764 4685 1781 4703 ‘
1805 4682 2170 4753 dispensatio-

584 4773 670 4828 nis
701 4773 862 4839 illius,
900 4795 918 4826 ι
954 4774 1006 4828 in
1038 4772 1125 4830 die
1175 4777 1620 4841 annuntiationis,
1675 4777 1892 4846 quando
1951 4777 2027 4831 illi
2075 4777 2170 4832 de-

585 4872 838 4933 sponsata
871 4863 973 4918 fuit
1002 4865 1266 4933 Ecclesia,
1298 4868 1548 4934 subaudi,
1578 4866 1756 4923 videte
1779 4883 1925 4932 eum,
1955 4888 1973 4920 ι
2002 4868 2057 4923 in
2079 4868 2168 4925 die

585 4953 783 5008 laetitiae
804 4954 982 5009 cordis
1010 4954 1146 5024 ejus,
1177 4962 1194 4976 ‘
1230 4977 1248 5010 ι
1283 4957 1492 5014 scilicet
1513 4958 1692 5013 videte
1718 4975 1868 5024 eum,
1893 4961 1906 4980 ‘
1934 4960 2036 5015 hoc
2057 4968 2164 5027 est,

587 5046 643 5100 in
675 5045 761 5099 die
795 5047 1204 5103 resurrectionis
1240 5047 1357 5117 ejus
1386 5069 1398 5103 :
1441 5049 1594 5119 quasi
1643 5049 1810 5116 dicat,
1864 5051 2072 5106 credite
2103 5051 2168 5106 il-

585 5138 692 5194 lius
757 5137 1179 5194 incarnationem
1229 5149 1287 5196 et
1339 5142 1645 5211 passionem
1704 5149 1759 5197 et
1812 5145 2169 5200 resurrectio-

585 5243 730 5285 nem.
762 5225 919 5282 Filia:
973 5231 1192 5286 nomine
1224 5246 1352 5286 caro
1390 5232 1725 5302 designatur,
1789 5233 1882 5288 ubi
1927 5235 2166 5290 dicitur:

592 5344 611 5378 ι
641 5325 774 5381 Filia
809 5326 1098 5398 Babylonis
1144 5328 1342 5382 misera
1373 5327 1439 5392 ³³,
1477 5346 1497 5378 ι
1531 5342 1566 5382 o
1592 5341 1719 5382 caro
1748 5327 1803 5383 in
1851 5329 2169 5386 confusione

584 5418 841 5474 vitiorum
869 5421 1092 5486 nutrita,
1127 5439 1146 5470 ι
1178 5420 1372 5475 beatus
1403 5426 1487 5474 est
1521 5419 1613 5490 qui
1643 5419 1912 5476 retribuet
1939 5421 2038 5476 tibi
2084 5435 2170 5476 re-

2271 4577 2570 4632 sationibus
2601 4577 2881 4632 hominum
2923 4586 3110 4633 sancta
3161 4577 3396 4633 Ecclesia
3430 4573 3656 4646 gloriatur.
3675 4561 3738 4614 Per

2270 4667 2509 4737 ﬁmbrias
2537 4675 2749 4723 mentes
2773 4675 2998 4734 nostra},
3027 4678 3087 4722 ut
3131 4668 3184 4722 in
3214 4668 3352 4724 libro
3395 4660 3582 4720 Numeri
3605 4673 3616 4710 :
3639 4673 3652 4704 l
3673 4651 3737 4705 Po-

2270 4767 2402 4814 nant
2431 4758 2524 4814 ﬁlii
2556 4762 2573 4782 ‘
2603 4760 2658 4814 in
2685 4758 2914 4815 fimbriis
2961 4760 3077 4814 suis
3104 4760 3283 4814 vittas.
3318 4752 3640 4828 byacinthinas
3659 4743 3734 4801 ".I

2269 4854 2413 4922 quod
2438 4851 2634 4906 animae
2681 4851 2850 4906 Deum
2897 4867 2996 4922 per
3021 4848 3516 4919 contemplationem
3557 4837 3736 4892 ιὶἀειιιίδι

2271 4942 2513 4999 cmlestia
2537 4942 2802 4998 desideria
2829 4944 2883 4998 in
2914 4943 3182 4999 mentibus
3207 4941 3321 4996 suis
3349 4938 3544 4995 habent.

2341 5053 2761 5110 Firmamentum
2798 5065 2886 5110 est
2910 5054 3172 5126 profectio
3220 5053 3338 5118 Dei,
3379 5058 3434 5105 ut
3463 5049 3508 5102 in
3549 5035 3735 5126 Psalmis:

2279 5165 2297 5198 ι
2331 5145 2756 5200 Firmamentum
2793 5153 2877 5200 est
2915 5125 3182 5200 Dominus
3234 5140 3524 5196 timentibus
3545 5125 3740 5188 eum".t

2275 5237 2418 5308 quod
2461 5235 2603 5291 Deus
2649 5235 2884 5305 protegit
2922 5235 3175 5289 timentes
3206 5248 3283 5288 se.
3313 5229 3663 5283 Firmamentum
3683 5225 3737 5264 an-

2273 5328 2442 5398 gelica
2474 5335 2690 5392 natura,
2713 5335 2773 5380 ut
2795 5326 2847 5380 in
2877 5325 3157 5380 Ezechiele
3184 5341 3196 5378 :
3232 5342 3250 5375 ι
3289 5322 3415 5377 Cum
3443 5314 3719 5398 ﬁeretvoxsll

2273 5392 2371 5490 per
2429 5419 2854 5484 ﬁrmamentum,
2913 5418 3132 5473 stabant
3191 5425 3247 5471 et
3300 5407 3632 5469 submittebant
3665 5392 3735 5447 ³1³⁵

661 5575 676 5604 ί
726 5573 880 5628 Joan.
931 5590 1016 5640 ut,
1040 5573 1095 5628 2.
1133 5575 1154 5604 ’
1185 5573 1325 5630 Psal.
1357 5592 1492 5642 xvii,
1537 5575 1630 5641 45,
1656 5575 1742 5632 46.
1786 5577 1808 5609 ε
1835 5577 1936 5634 Joh
1965 5594 2017 5643 v,
2046 5578 2102 5632 4.
2141 5577 2162 5608 ³

2194 5576 2336 5632 Psal.
2367 5592 2569 5641 Lxxvu,
2597 5575 2649 5631 9.
2685 5577 2706 5608 '
2733 5574 2833 5630 Job
2861 5591 3030 5640 xxvii,
3061 5574 3147 5628 Η.
3184 5572 3204 5603 ⁸
3229 5571 3327 5628 Job
3351 5584 3451 5643 xtx‘.
3475 5564 3546 5643 ίῖο
3575 5559 3593 5588 ”

587 5657 650 5706 ιι,
689 5644 775 5712 l5.
813 5646 834 5673 ⁸
864 5631 1014 5699 Ρεοίί
1055 5660 1259 5708 cxxvu,
1290 5647 1344 5700 5.
1385 5646 1406 5677 ⁹
1441 5631 1568 5701 Luc.
1607 5631 1712 5711 vn,
1737 5631 1854 5701 12.7
1877 5631 1928 5680 ῖδ
1959 5631 2114 5702 Joan.
2148 5665 2166 5701 ι

2247 5631 2344 5702 59.
2375 5648 2412 5678 ¹¹
2447 5631 2592 5701 Psal.
2623 5662 2699 5711 Ix,
2733 5646 2822 5700 l5.
2866 5647 2906 5676 ¹⁹
2935 5631 3090 5701 Cant.
3120 5661 3195 5702 tu,
3229 5644 3312 5696 ll.
3355 5640 3395 5670 ³³
3420 5632 3541 5712 Ps9].
3571 5631 3732 5712 93';

676 5683 885 5786 ‘l‘vlhid:
907 5683 1156 5786 Τί
1365 5683 1910 5781 in,‘§'.°'"'i3'écif'vu,
1939 5683 2116 5772 2.6:“;

2194 5683 2465 5786 ἐἶιῖἔῖχῆ
2485 5683 2592 5773 Ξὲῗ
2621 5683 2822 5773 ίιῗίἐέῖ
2860 5683 3090 5782 ιιιῗῖἕῗ
3110 5683 3338 5768 {Vitia-t3.
3372 5683 3440 5772 γιζ
3459 5683 3539 5758 '56.
3571 5698 3606 5728 τ’
3639 5683 3734 5746 ι’ωι

591 5795 744 5846 xu",
780 5782 862 5834 ιι.
905 5783 945 5812 ²¹
979 5782 1135 5838 Num.
1172 5799 1262 5850 xv,
1294 5785 1380 5840 58.
1417 5786 1460 5817 ²²
1505 5785 1650 5842 Psal.
1703 5802 1851 5855 xxxv,
1895 5788 1978 5842 l4.
