3972 6336
225 332 346 393 929

1196 331 1617 391 Αιιεεοιιιλε
1657 330 1727 387 ιΝ
1770 329 2051 388 SACRAM
2091 331 2555 390 SCRIPTURAM.

3401 337 3507 394 930

219 464 369 506 suas
391 447 432 514 ⁸,
465 467 485 502 ι
519 445 664 520 quod
712 453 824 501 tum
853 443 1001 500 illam
1035 443 1277 501 divinam
1321 447 1672 510 locutionem,
1699 459 1820 516 quae
1847 449 1895 510 Α
1923 460 1992 499 na
2013 445 2267 512 felicitas,
2293 463 2414 518 quae
2434 461 2708 517 nunquam
2730 461 2829 517 per
2855 455 3084 504 mortem
3106 447 3311 503 deﬁcit.
3341 447 3506 519 Fons,

224 539 556 613 angelorum
584 538 798 594 excedit
836 536 1191 601 intellectum,
1239 539 1412 593 sancti
1459 545 1733 606 utcunque
1766 535 1821 590 in

233 641 420 688 mente
458 630 683 686 silenter
713 629 958 694 audiunt,
1010 630 1330 700 semetipsos
1361 631 1413 684 in
1447 631 1700 684 onmibus
1723 631 1822 684 hu-

233 721 531 786 miliautes,
565 719 631 774 de
666 718 780 773 suis
831 718 1122 773 virtutibus
1170 735 1274 774 non
1305 727 1655 789 praesumunt.
1690 717 1820 771 Fir-

233 818 582 873 mamentum,
651 807 946 862 eminentia
1016 807 1290 871 Ecclesiae,
1354 821 1413 862 ut
1465 809 1519 862 in
1581 808 1817 864 Genesi:

238 922 260 955 ι
292 902 452 956 Fiant
490 901 778 956 luminaria
809 900 864 954 in
917 899 1259 956 ﬁrmamento
1314 901 1438 956 εωΙί
1467 903 1508 968 ⁷,
1544 921 1563 954 ι
1616 903 1670 957 id
1712 911 1818 970 est,

231 999 535 1063 appareant
564 990 809 1046 homines
864 990 1037 1070 sancti
1088 991 1142 1044 in
1192 991 1487 1046 eminentia
1544 992 1817 1048 Ecclesiae.

225 1082 680 1147 Firmamentum,
707 1082 823 1151 ipsa
849 1081 990 1135 ratio
1011 1090 1220 1148 nostra,
1243 1082 1378 1137 utin
1399 1081 1596 1138 Genesi
1622 1098 1636 1136 :
1658 1103 1676 1135 ι
1701 1083 1821 1138 Fiat

223 1174 643 1232 ﬁrmamentum
673 1175 728 1228 in
777 1172 953 1228 medio
999 1189 1288 1244 aquarum,
1317 1181 1374 1229 et
1419 1175 1622 1230 dividat
1650 1190 1820 1244 aquas

219 1268 307 1323 ab
337 1267 493 1338 aquis
525 1266 566 1331 ³,
604 1285 624 1318 ι
675 1265 822 1336 quod
881 1263 1020 1318 ratio
1049 1264 1104 1318 in
1135 1265 1291 1320 nobis
1320 1279 1440 1320 esse
1489 1265 1669 1330 debet,
1700 1280 1820 1336 quae

217 1357 410 1413 omalas
447 1356 805 1427 cogitationes
829 1371 860 1409 ιι
899 1355 1055 1410 bonis
1083 1357 1338 1411 secernit.
1374 1355 1817 1423 Firmamentum,

214 1451 495 1506 auxilium
538 1449 834 1521 temporale
861 1489 877 1515 ,
935 1459 997 1504 ut
1045 1450 1100 1504 in
1131 1450 1402 1506 Psalmis:
1460 1470 1478 1503 ι
1513 1451 1686 1508 Omne
1728 1452 1821 1507 ﬁr-

219 1551 570 1597 mamentum
623 1540 783 1612 panis
831 1540 1162 1607 contrivit‘,
1199 1561 1217 1592 ι
1252 1541 1304 1596 id
1353 1549 1457 1608 est,
1509 1557 1726 1597 omnem
1761 1543 1817 1598 in

225 1634 315 1689 eis
341 1632 738 1700 fortitudinem,
771 1646 871 1703 per
895 1647 1057 1702 quam
1097 1631 1279 1702 juvari
1307 1634 1589 1702 deberent,
1621 1635 1816 1692 debili-

217 1723 337 1777 tari
369 1722 636 1793 permisit.

1923 543 2108 589 sancta
2138 535 2402 600 Ecclesia,
2435 544 2495 590 ut
2533 537 2588 590 in
2616 534 2841 592 Cantico
2868 555 2880 590 :
2913 556 2932 588 ι
2965 537 3165 593 Hortus
3194 539 3508 608 conclusus,

1921 623 2045 680 fons
2072 624 2316 695 signatus
2348 625 2414 691 ³⁷,
2449 645 2468 676 ι
2498 625 2641 696 quod
2681 635 2869 682 sancta
2896 627 3137 682 Ecclesia
3178 631 3421 700 germina
3453 632 3509 686 in

1875 739 1878 742 η
1921 729 1980 770 se
2003 714 2261 769 virtutum
2283 715 2585 778 continens,
2622 716 2855 786 indignis
2885 718 3142 788 mysteria
3165 728 3374 774 secreta
3399 737 3507 775 non

1921 803 2144 860 revelat.
2176 803 2342 870 Fons,
2366 805 2545 859 anima
2571 805 2828 871 humana,
2851 816 2911 860 ut
2936 807 2989 860 in
3017 807 3243 864 Cantico
3266 827 3278 862 :
3313 827 3332 860 ι
3363 809 3506 865 Fons

1919 895 2224 962 hortorum,
2271 903 2467 964 puteus
2501 911 2764 965 aquarum
2803 897 3100 952 viventium
3131 899 3195 961 ⁸ο,
3234 919 3252 951 ›
3280 903 3423 970 quod
3457 903 3511 957 in

1920 989 2098 1042 anima
2129 996 2315 1044 sancta
2355 988 2622 1044 habitatio
2645 997 2728 1044 est
2756 989 2966 1044 utilium
2994 999 3049 1045 et
3078 990 3321 1045 vitalium
3359 993 3509 1064 cogi-

1921 1078 2213 1134 tationum.
2263 1077 2430 1144 Fons,
2464 1092 2626 1148 paena
2669 1080 3322 1147 mortalitatis-humanae,
3362 1085 3509 1138 utin

1919 1167 2249 1240 Evangelia:
2287 1187 2306 1220 ‹
2333 1167 2491 1223 Jesus
2519 1167 2776 1240 fatigatus
2797 1185 2864 1224 ex
2893 1171 3088 1225 itinere
3102 1172 3323 1227 sedebat
3345 1188 3512 1244 super

1920 1259 2124 1315 fontem
2145 1261 2212 1328 “,
2249 1279 2268 1313 ι
2327 1263 2472 1330 quod
2517 1259 2833 1315 inﬁrmitate
2861 1271 3136 1331 assumpta
3164 1273 3424 1318 oneratus
3451 1265 3507 1319 in

1918 1367 2079 1422 pmna
2094 1351 2442 1407 mortalitatis
2465 1360 2667 1406 nostrae
2688 1367 2748 1406 se
2765 1351 3038 1407 humiliari
3059 1354 3322 1423 permisit.
3339 1353 3508 1421 Fons,

1917 1452 2200 1514 peccatum
2226 1442 2488 1508 avaritiae,
2519 1450 2579 1496 ut
2598 1441 2652 1496 in
2679 1441 2878 1497 Genesi
2910 1461 2923 1496 :
2959 1461 2978 1494 ι
3012 1447 3151 1498 Fons
3177 1445 3510 1502 ascendebat

1919 1539 1987 1593 de
2017 1547 2184 1603 terra,
2207 1537 2440 1608 irrigans
2478 1535 2788 1590 universam
2824 1536 3163 1606 superﬁciem
3192 1546 3353 1594 terrae
3381 1539 3448 1604 ",
3479 1557 3502 1593 ι

1919 1629 2064 1698 quod
2094 1629 2160 1683 de
2193 1637 2372 1683 mente
2401 1627 2549 1681 avari
2599 1628 2846 1697 procedit
2879 1627 3171 1698 cupiditas,
3208 1644 3327 1698 qua:
3355 1629 3510 1685 radix

1919 1727 2005 1776 est
2039 1719 2282 1775 omnium
2337 1717 2626 1783 malorum,
2672 1725 2730 1773 et
2774 1718 3045 1773 neminem
3079 1733 3216 1790 pene
3267 1720 3510 1789 quietum

302 1809 514 1866 Fistula
540 1820 624 1866 est
644 1811 938 1883 suggestio,
982 1819 1044 1867 ut
1103 1812 1158 1866 in
1206 1811 1427 1869 Daniele
1456 1832 1469 1868 :
1500 1832 1519 1866 ‹
1558 1813 1694 1870 Cum
1721 1831 1818 1871 au-
1846 1807 1894 1868 Β
1923 1826 2042 1867 εεεε
2089 1811 2239 1865 sinit.
2294 1809 2402 1864 Per
2449 1809 2620 1878 fontes
2665 1808 3072 1879 praedicatores,
3128 1818 3187 1864 ut
3221 1809 3274 1864 in
3322 1809 3459 1865 Isaia
3493 1829 3506 1864 :

215 1901 440 1958 .dieritis
489 1901 724 1956 sonitum
775 1901 988 1968 ﬁstulae,
1042 1902 1263 1958 adorate
1288 1911 1521 1960 statuam
1545 1905 1587 1970 ⁸;
1627 1923 1646 1956 ι
1673 1905 1819 1975 quod

225 1993 449 2063 reprobi
482 1993 699 2048 diabolo
728 1993 796 2048 ad
849 1993 966 2063 ejus
996 1995 1397 2065 suggestionem
1449 1999 1815 2054 consentiunt.

221 2082 335 2138 Per
361 2081 614 2152 ﬁstulam,
642 2082 807 2138 verba
857 2098 1148 2153 pravorum
1176 2086 1480 2154 hominum,
1504 2097 1564 2143 ut
1595 2089 1648 2144 in
1676 2087 1778 2145 Job
1801 2108 1816 2147 :

233 2194 252 2226 ι
285 2173 419 2230 Ossa
462 2174 578 2244 ejus
621 2173 766 2228 velut
813 2172 1006 2228 ﬁstulae
1057 2175 1182 2229 aeris
1208 2175 1261 2242 ⁶;
1294 2195 1312 2227 ι
1349 2177 1494 2246 quod
1524 2178 1689 2233 verba
1735 2194 1820 2235 se-

226 2263 474 2321 ductoria
507 2279 820 2337 pravorum,
860 2279 968 2336 quo
990 2263 1200 2322 dulcius
1243 2276 1458 2334 sonant,
1485 2283 1551 2324 eo
1579 2269 1820 2328 deterius

231 2356 538 2426 decipiunt.
1141 2360 1153 2377 ’

303 2445 530 2501 Fiscella
561 2457 646 2503 est
708 2449 862 2520 virgo
911 2449 1084 2504 Maria
1116 2469 1130 2504 :
1163 2452 1182 2473 ⁶
1216 2471 1233 2504 ι
1266 2450 1508 2523 Sumpsit
1561 2451 1820 2509 ﬁscellam

218 2541 245 2560 ⁴
270 2555 551 2610 cupream,
577 2550 631 2595 et
653 2542 834 2612 posuit
861 2541 1009 2598 intus
1036 2543 1361 2599 infantulum
1383 2546 1428 2612 ',
1466 2565 1484 2596 ι
1511 2547 1653 2618 quod
1679 2547 1822 2603 Deus

217 2626 392 2683 Pater
426 2627 588 2700 elegit
633 2630 899 2700 virginem
952 2631 1198 2701 Mariam,
1235 2640 1356 2704 q‘uae
1387 2635 1442 2689 in
1481 2650 1540 2692 se
1568 2637 1820 2707 concepit

226 2717 531 2775 Christum.

298 2806 514 2862 Folium
562 2818 645 2866 est
674 2812 896 2868 verbum
944 2813 1062 2880 Dei,
1092 2822 1154 2870 ut
1178 2814 1233 2870 in
1264 2815 1536 2873 Psalmis:
1584 2835 1602 2869 ι
1640 2817 1708 2871 Ει
1733 2816 1815 2872 fo-

213 2899 359 2954 lium
415 2900 533 2971 ejus
568 2916 694 2974 _non
745 2903 961 2960 deﬁciat
1004 2905 1047 2972 ⁸,
1084 2925 1104 2958 ι
1145 2907 1290 2976 quod
1342 2909 1569 2962 verbum
1615 2909 1710 2964 Dei
1759 2909 1815 2962 in

225 3001 488 3048 aeternum
506 3003 710 3050 manet.
742 2995 979 3065 Folium,
1003 2999 1118 3068 ipse
1139 3000 1320 3067 homo,
1340 3009 1399 3055 ut
1422 3001 1475 3055 in
1490 2999 1590 3056 Job
1610 3019 1654 3055 ει
1679 3002 1817 3057 Con-

224 3097 311 3140 tra
345 3085 556 3152 folium,
590 3085 735 3157 quod
779 3097 942 3144 vento
993 3090 1242 3160 rapitur’
1274 3111 1294 3146 ι
1335 3132 1351 3158 ,
1375 3091 1426 3148 id
1467 3100 1571 3159 est,
1623 3103 1812 3150 contra

1927 1921 1946 1954 ι
1991 1900 2265 1956 Haurietis
2311 1914 2482 1970 aquas
2533 1899 2587 1953 in
2616 1898 2814 1971 gaudio
2859 1899 2926 1954 de
2977 1897 3218 1954 fontibus
3267 1898 3512 1955 Salvato-

1921 1991 1998 2046 ris
2033 1991 2100 2056 ¹⁸,
2139 2009 2158 2042 ι
2196 1990 2248 2045 id
2274 1997 2378 2056 est,
2422 1989 2735 2060 percipletis
2784 1987 2948 2043 verba
2988 1989 3179 2044 salutis
3210 1990 3277 2045 de
3306 2005 3511 2060 praeco-

1920 2084 2082 2140 nibus
2123 2081 2392 2138 veritatis.
2428 2081 2534 2137 Per
2558 2082 2729 2152 fontes
2775 2082 3037 2137 doctrinae
3083 2082 3412 2153 spirituales,
3451 2091 3512 2137 ut

1920 2175 1975 2231 in
1997 2175 2228 2230 Psalmis
2255 2189 2271 2230 :
2306 2193 2325 2225 ι
2371 2174 2586 2229 Emittis
2615 2173 2796 2229 fontes
2845 2175 2900 2228 in
2940 2175 3274 2230 convallibus
3301 2175 3370 2240 “,
3403 2194 3422 2226 ι
3455 2175 3510 2228 id

1921 2275 2025 2333 εει,
2077 2265 2353 2322 doctrinas
2411 2265 2722 2335 spirituales
2768 2265 2964 2321 tribuis
3029 2264 3342 2321 humilibus.
3405 2264 3512 2319 Per

1920 2356 2089 2426 fontes
2114 2372 2284 2412 sacra:
2315 2355 2632 2426 Scripturae,
2686 2363 2747 2409 ut
2777 2357 2830 2410 in
2857 2355 3088 2411 Psalmis
3121 2373 3134 2409 :
3171 2374 3190 2406 ι
3224 2355 3283 2409 In
3311 2355 3504 2409 Eccle-

1918 2449 2015 2504 siis
2043 2450 2060 2469 '
2086 2449 2438 2504 benedicetur
2476 2448 2573 2502 tibi
2605 2449 2670 2503 de
2699 2447 2937 2503 fontibus
2969 2448 3136 2504 Israel
3166 2449 3229 2512 ",
3267 2467 3285 2499 ι
3321 2448 3375 2502 id
3403 2455 3505 2512 est,

1918 2540 2053 2595 nihil
2087 2540 2392 2612 praedicetis
2421 2540 2477 2594 in
2503 2539 2770 2608 Ecclesia,
2803 2542 2906 2596 nisi
2949 2541 3016 2596 de
3051 2541 3350 2612 Scripturis
3380 2557 3508 2597 san-

1917 2639 2126 2685 ctorum
2145 2631 2386 2686 Patrum.
2415 2631 2517 2686 Per
2542 2632 2711 2700 fontes
2730 2633 2868 2688 dona
2888 2633 3116 2687 interna:
3135 2633 3344 2704 gratiae,
3371 2643 3429 2688 ut
3452 2632 3508 2689 in

1917 2721 2196 2777 Parabolis
2228 2740 2242 2775 :
2282 2742 2299 2774 ι
2335 2723 2659 2777 Deriventur
2687 2723 2864 2779 fontes
2893 2724 2971 2778 tui
2999 2723 3069 2790 “,
3104 2744 3123 2777 ι
3157 2724 3212 2780 id
3235 2733 3340 2789 est,
3365 2725 3509 2780 dona

1918 2811 2244 2882 spiritualia.
2275 2828 2395 2882 quae
2445 2814 2756 2883 percepisti,
2805 2813 2954 2870 foras
2993 2815 3062 2868 ad
3090 2814 3508 2870 aediﬁcationem

1917 2905 2290 2975 proximorum
2313 2905 2558 2960 ostende.
2583 2905 2688 2959 Per
2714 2905 2883 2975 fontes
2903 2915 3150 2976 peccata,
3175 2907 3307 2960 utin
3333 2905 3503 2963 Osea:

1923 3011 1942 3044 ι
1986 2993 2260 3049 Desolabit
2285 2995 2426 3049 Deus
2453 2993 2633 3050 fontes
2657 2994 2772 3063 ejus
2799 2996 2867 3062 ",
2922 3015 2940 3048 ι
2974 2997 3119 3066 quod
3151 2997 3291 3050 Deus
3317 3012 3370 3050 ιιι
3398 2996 3508 3051 ele-

1917 3086 2019 3141 ctis
2049 3086 2162 3164 suis
2194 3095 2435 3156 peccata,
2469 3086 2666 3156 quibus
2715 3101 2810 3142 eos
2837 3087 3023 3142 hostes
3053 3089 3070 3108 ⁴
3103 3087 3376 3152 tenebant,
3405 3087 3504 3143 de-

213 3176 524 3242 hominem,
573 3156 663 3247 qui
689 3185 838 3232 motu
891 3156 1204 3235 tentationis
1257 3156 1484 3252 rapitur.
1520 3156 1810 3248 t—Folium,
1842 3156 1887 3218 (ί
1921 3178 2102 3234 struit.

214 3268 576 3335 .instabilitas,
627 3269 770 3325 utin
819 3270 954 3326 lsaia
992 3289 1005 3326 :
1041 3292 1060 3324 ι
1104 3273 1412 3330 Cecidimus
1440 3275 1595 3346 quasi
1623 3273 1815 3331 folium

222 3361 463 3416 universi
491 3361 552 3427 ‘°,
595 3381 613 3414 ι
639 3361 695 3416 id
719 3369 828 3430 est,
861 3370 923 3418 ιιι
943 3363 1143 3419 inﬁrmi
1169 3373 1224 3419 et
1247 3365 1529 3421 instabiles
1552 3367 1815 3437 prostrati

212 3465 288 3505 ἐυ
297 3467 417 3505 mus
424 3489 439 3505 ο

295 3538 426 3595 Flos
449 3549 534 3597 est
563 3540 835 3610 Christus,
863 3551 923 3599 ut
951 3545 1005 3600 in
1031 3545 1258 3604 Cantico
1290 3567 1302 3602 :
1337 3568 1356 3600 ι
1393 3549 1506 3620 Ego
1537 3549 1636 3605 llos
1665 3565 1814 3605 cam-

213 3635 274 3706 pi
308 3635 372 3701 “,
409 3655 428 3688 ι
465 3636 517 3690 id
545 3645 649 3704 est,
676 3652 776 3708 ego
803 3653 921 3693 sum
952 3639 1122 3710 gloria
1155 3641 1432 3698 Ecclesiae.
1464 3641 1616 3708 Flos,
1648 3643 1814 3698 decor

217 3725 431 3790 mundi,
465 3734 525 3780 ut
549 3726 602 3780 in
627 3727 765 3782 libro
798 3727 1089 3800 Sapientiae
1127 3749 1140 3785 :
1193 3751 1212 3784 ι
1249 3731 1364 3786 Non
1397 3742 1686 3804 praetereat
1712 3750 1812 3792 nos

215 3813 320 3870 llos
370 3816 628 3886 temporis
681 3818 743 3882 ",
777 3837 795 3869 ›
829 3819 883 3873 id
927 3828 1030 3881 est,
1080 3836 1187 3876 non
1232 3822 1553 3892 abjiciamus
1593 3839 1624 3877 a
1656 3825 1811 3879 nobis

218 3908 472 3964 decorem
505 3909 706 3964 saeculi.
762 3908 911 3977 Flos,
962 3913 1266 3968 teneritudo
1313 3915 1500 3984 primae
1527 3917 1722 3981 aetatis,
1753 3925 1813 3971 ut

216 3998 276 4052 in
297 3996 400 4055 Job
427 4017 440 4053 :
474 4019 491 4050 ι
523 3999 625 4067 Qui
679 4003 833 4072 quasi
882 4001 981 4059 llos
1029 4004 1306 4074 egreditur
1335 4005 1403 4071 ⁸³,
1435 4025 1454 4057 ι
1503 4015 1638 4072 ειε.,
1668 4009 1811 4078 quod

215 4089 397 4159 prima
445 4099 577 4145 aetas
629 4092 864 4148 hominis
898 4094 964 4148 ad
995 4094 1166 4150 instar
1214 4095 1324 4151 folii
1358 4095 1509 4152 ﬂoris
1555 4097 1806 4168 erumpit.

216 4178 351 4252 Flos
385 4183 787 4253 hypocritarum
835 4185 974 4251 laus,
1013 4194 1075 4240 ut
1116 4187 1170 4241 in
1217 4185 1318 4242 Job
1352 4206 1365 4243 :
1405 4205 1424 4238 ι
1469 4187 1610 4243 Cum
1633 4188 1812 4245 adhuc

216 4273 293 4328 sit
319 4274 371 4327 in
395 4272 545 4340 llore,
575 4285 788 4330 arescet
814 4275 877 4343 ",
913 4297 930 4329 ι
967 4279 1110 4347 quod
1142 4279 1426 4336 simulator
1451 4281 1616 4336 etiam
1637 4297 1810 4352 quan-

214 4364 399 4434 doque
432 4365 487 4418 in
521 4365 632 4435 ipsa
661 4365 819 4421 laude
857 4366 1058 4422 deﬁcit.
1087 4367 1240 4432 Flos,
1271 4371 1483 4426 initium
1527 4372 1654 4426 boni
1680 4387 1810 4442 ope-

215 4455 320 4520 ris,
351 4464 410 4509 ut
431 4455 482 4510 in
511 4454 612 4511 Job
637 4475 650 4509 :
683 4476 700 4506 ι
731 4456 983 4512 Laedetur
1011 4460 1167 4528 quasi
1198 4462 1374 4527 vinea,
1403 4462 1454 4516 in
1479 4463 1654 4532 primo
1674 4461 1807 4518 ﬂore

212 4546 412 4601 botrus
436 4545 553 4614 ejus
582 4587 597 4612 ,
635 4547 707 4599 ⁷⁸»
740 4550 882 4618 quod
912 4550 1192 4620 hypocrita
1239 4552 1294 4605 in
1342 4552 1656 4622 primordiis
1680 4554 1806 4608 boni

215 4637 400 4706 operis
424 4651 521 4706 per
550 4638 842 4692 humanam
878 4639 1088 4694 laudem
1118 4643 1501 4712 corrumpitur.
1527 4641 1630 4698 Per
1649 4645 1807 4713 ﬂores

215 4728 394 4781 teneri
435 4729 638 4798 quique
679 4738 734 4785 et
763 4731 1102 4800 insipientes,
1132 4740 1191 4786 ut
1221 4732 1273 4786 in
1303 4732 1528 4788 Cantico
1553 4726 1572 4786 ἑ
1603 4753 1620 4785 ι
1653 4733 1806 4789 Fulci

213 4836 308 4874 me
333 4818 646 4887 ﬂoribus“,
701 4841 719 4873 ι
775 4822 920 4892 quod
973 4822 1096 4877 inde
1148 4824 1574 4878 consolationem
1626 4826 1805 4880 anima

213 4909 394 4964 ﬁdelis
424 4911 637 4980 accipit,
669 4911 813 4981 quod
845 4911 936 4965 alii
964 4913 1031 4966 ad
1056 4913 1222 4966 Deum
1247 4923 1658 4969 convertuntur.

291 4997 436 5052 Fons
462 5009 544 5054 est
578 5000 844 5066 Christus,
868 5011 927 5056 ut
959 5003 1011 5056 in
1037 5003 1299 5058 Zacharia
1334 5023 1347 5060 :
1386 5025 1404 5056 ι
1442 5005 1588 5061 Fons
1613 5015 1807 5077 patens

213 5091 412 5144 domus
469 5089 639 5144 David
675 5091 741 5156 ⁸⁷,
785 5113 804 5144 ι
835 5092 886 5146 id
917 5103 1019 5160 est,
1059 5093 1309 5151 Christus
1350 5097 1416 5151 de
1449 5098 1605 5154 domo
1638 5100 1805 5154 David

212 5182 551 5237 incarnatus.
590 5181 756 5250 Fons,
788 5193 990 5239 aeterna
1021 5187 1333 5254 beatitudo,
1363 5197 1422 5244 ut
1456 5189 1509 5243 in
1532 5189 1760 5246 Psalmis
1790 5209 1803 5246 :

217 5290 241 5324 ί
275 5273 432 5328 Aoud
456 5283 506 5328 te
534 5277 624 5330 est‘
648 5273 767 5331 fons
796 5277 920 5331 vitae
943 5276 1008 5343 ³⁸,
1047 5297 1064 5330 ι
1094 5279 1237 5349 quod
1263 5295 1387 5334 cum
1424 5281 1532 5336 Deo
1553 5291 1635 5337 est
1655 5291 1806 5337 teter-

291 5451 534 5528 {Ezeeh
569 5469 611 5518 l,
631 5454 780 5528 25‘.)
806 5453 942 5528 Gen.
969 5471 1004 5520 ι,
1038 5457 1122 5511 Η.
1159 5457 1180 5489 ³
1209 5457 1346 5512 Gen.
1374 5476 1411 5524 ι,
1451 5459 1504 5514 6.
1535 5460 1556 5491 ⁸
1587 5461 1730 5516 Psal.
1760 5477 1808 5518 Cl

1917 5462 1984 5518 {6.
2016 5463 2036 5494 '
2064 5462 2201 5518 Dan.
2235 5479 2320 5528 ιιι,
2343 5464 2394 5518 5.
2425 5465 2445 5495 ⁸
2467 5463 2586 5518 Joh.
2617 5481 2705 5528 ιιι,
2741 5466 2826 5520 15.
2860 5467 2880 5496 ⁷
2917 5466 3086 5520 Exol.
3116 5483 3174 5523 ιι.
3202 5467 3255 5520 5.

1839 4502 1888 4563 D

1988 3278 2254 3336 Foramen
2283 3289 2368 3336 est
2399 3279 2646 3352 angustia
2691 3281 2981 3351 passionis,
3013 3297 3110 3352 per
3142 3296 3307 3352 quam
3336 3297 3502 3335 came-

1915 3369 1998 3425 lus
2035 3379 2281 3436 vocatur,
2312 3372 2403 3441 qui
2451 3380 2510 3425 ut
2537 3381 2758 3441 peccata
2809 3382 2995 3427 nostra
3029 3373 3255 3436 tolleret,
3307 3381 3500 3444 sponte

1915 3477 1975 3517 se
2005 3461 2312 3516 humiliavit
2332 3462 2397 3526 ⁷⁸,
2425 3460 2639 3517 facilius
2668 3463 2872 3518 intrare
2903 3465 3098 3533 potuit,
3126 3466 3193 3519 ad
3223 3465 3501 3520 ctelestem

1914 3553 2329 3618 beatitudinem,
2383 3568 2544 3622 quam
2583 3554 2766 3608 mundi
2805 3563 3076 3610 amatores
3127 3555 3194 3609 ad
3239 3555 3498 3610 Ecclesiae

1914 3663 2025 3702 suae
2061 3647 2374 3702 societatem
2425 3649 2751 3719 pertingere.
2794 3648 3084 3715 Foramen,
3111 3650 3323 3705 interna
3356 3667 3504 3706 com-

1911 3736 2154 3804 punctio,
2187 3744 2246 3790 ut
2271 3735 2326 3789 in
2357 3735 2585 3791 Cantico
2617 3755 2630 3790 :
2667 3757 2685 3788 ι
2723 3737 2963 3793 Dilectus
3016 3754 3170 3794 meus
3207 3741 3355 3794 misit
3384 3757 3500 3794 ma-

1914 3841 2042 3878 num
2075 3841 2228 3880 suam
2278 3841 2374 3896 per
2425 3826 2687 3881 foramem
2717 3825 2784 3891 ”,
2840 3847 2858 3878 ›
2893 3830 3035 3897 quod
3065 3829 3351 3898 inspiravit
3373 3832 3505 3886 mibi

1913 3917 2283 3984 operationem
2333 3932 2486 3970 suam
2533 3932 2630 3986 per
2683 3917 2953 3972 occultam
3005 3921 3497 3990 compnnctioncm.

1920 4021 1938 4055 ι
1977 4004 2044 4056 Ει
2080 4015 2271 4058 venter
2327 4021 2480 4060 meus
2532 4006 2811 4061 intremuit
2863 4008 2930 4062 ad
2973 4017 3174 4062 tactum
3226 4008 3343 4078 ejus
3370 4009 3437 4075 ³⁸,
3476 4029 3495 4061 ι

1913 4095 2056 4164 quod
2084 4111 2180 4150 cor
2206 4111 2382 4150 meum
2415 4110 2511 4166 per
2539 4096 2682 4151 illius
2733 4097 3145 4166 inspirationem
3177 4100 3414 4169 expavit,
3438 4115 3496 4154 se

1913 4199 2020 4239 non
2052 4183 2245 4241 fecisse
2273 4187 2556 4256 proximis,
2586 4185 2728 4256 quod
2759 4187 2900 4243 Deus
2952 4188 3080 4244 fecit
3114 4205 3212 4259 pro
3241 4190 3499 4255 inimicis,

1913 4277 2056 4348 quod
2103 4292 2227 4331 cum
2277 4277 2416 4331 Deus
2467 4287 2630 4343 esset,
2662 4294 2760 4348 pro
2794 4279 2968 4334 salute
3003 4279 3284 4333 hominum
3329 4278 3506 4333 factus

1912 4379 1997 4424 est
2028 4371 2208 4426 homo.
2239 4368 2527 4437 Foramen,
2557 4385 2709 4426 mens
2731 4386 2920 4440 prava,
2951 4379 3012 4425 ut
3040 4372 3092 4425 in
3123 4371 3259 4426 Isaia
3293 4389 3306 4425 :
3346 4390 3364 4422 ι
3404 4370 3505 4426 Su-

1913 4475 2010 4528 per
2032 4459 2277 4514 foramen
2309 4461 2552 4530 aspidum
2579 4477 2794 4515 manmu
2821 4477 2974 4516 suam
3005 4463 3183 4516 mittet
3211 4461 3276 4526 “,
3311 4481 3329 4512 ι
3362 4462 3503 4530 quod

1914 4553 2056 4608 Deus
2085 4553 2160 4607 illi
2192 4570 2576 4624 nonnunquam
2603 4555 2768 4610 menti
2801 4556 3031 4625 gratiam
3065 4571 3217 4608 suam
3245 4553 3499 4621 infundit,

1913 4643 1969 4698 in
2021 4659 2126 4714 qua
2176 4647 2326 4714 prius
2378 4644 2626 4700 diabolus
2683 4645 3028 4698 inhabitavit.
3083 4643 3187 4697 Per
3239 4645 3500 4714 foramen,

1911 4737 2052 4792 dona
2104 4737 2427 4807 spiritualia,
2461 4746 2521 4791 ut
2567 4739 2620 4791 in
2650 4736 2970 4792 Ezechiele:
3009 4755 3026 4788 ι
3065 4737 3352 4790 Foramina
3410 4742 3500 4790 tua

1912 4829 1967 4884 in
2002 4831 2106 4894 die,
2155 4847 2258 4900 qua
2290 4831 2541 4884 conditus
2598 4846 2682 4895 es,
2712 4838 3014 4900 prmparata
3069 4838 3194 4883 sunt
3241 4829 3336 4883 tibi
3371 4829 3435 4893 ³³,
3477 4849 3494 4880 ι

1910 4921 2054 4991 quod
2093 4930 2337 4990 apostata
2371 4920 2594 4990 angelus
2625 4921 2676 4973 in
2713 4921 2889 4989 prima
2921 4919 3168 4974 claritate
3204 4936 3298 4974 sua
3326 4920 3500 4990 prima

1911 5011 2049 5065 dona
2086 5011 2391 5080 spiritualia
2434 5012 2692 5080 percepit.
2728 5009 2857 5064 ltem
2886 5025 2982 5080 per
3011 5011 3274 5079 foramina
3307 5011 3502 5064 intelli-

1912 5111 2114 5173 guntur
2173 5102 2397 5156 Christi.
2435 5143 2447 5156 .
2481 5141 2537 5168 .,
2600 5103 2811 5156 dicente
2875 5117 3076 5171 sponso
3129 5103 3181 5157 in
3233 5101 3497 5157 Cantico:

1917 5213 1935 5246 ι
1970 5193 2164 5264 Surge,
2192 5194 2366 5247 amica
2394 5208 2534 5258 mea,
2565 5208 2760 5263 sponsa
2797 5207 2936 5258 mea,
2982 5202 3036 5247 et
3073 5194 3216 5262 veni,
3251 5192 3499 5248 columba

1912 5299 2055 5343 mea.
2102 5284 2157 5338 in
2204 5283 2564 5339 foraminibus
2614 5284 2886 5352 petrae”;
2918 5301 2936 5335 ι
2973 5304 2990 5336 ι
3035 5300 3214 5354 surge,
3253 5305 3270 5336 ›
3302 5285 3497 5354 inquit,

3354 5464 3496 5519 l’sat.

210 5535 256 5604 ι,
278 5521 370 5604 ἑ)
397 5520 498 5604 μοι)
522 5525 777 5604 xttl,_2§.
824 5527 864 5604 ⁷ο
894 5526 1258 5604 lsa._nxlv,_6.
1298 5531 1338 5560 “
1364 5520 1521 5604 Cant.
1566 5547 1627 5604 tt,
1649 5533 1707 5604 ι.
1744 5533 1787 5564 ⁷³

1917 5550 1953 5588 ).
1983 5550 2046 5599 ιι,
2079 5535 2130 5588 7.
2177 5534 2218 5565 ⁷³
2246 5520 2347 5587 Job
2377 5551 2490 5597 xw,
2519 5535 2571 5588 2.
2606 5536 2648 5566 ⁸⁸
2677 5520 2795 5590 job.
2829 5552 2945 5597 vm,
2973 5537 3057 5590 1‘2.
3080 5537 3121 5566 ’⁵
3143 5520 3262 5590 Job.
3293 5552 3377 5595 xv,
3405 5535 3495 5589 55.

213 5592 259 5622 ³⁸
275 5591 684 5670 Capt.mtl,__5._"
714 5595 985 5670 Zachhttt.
1013 5599 1058 5670 ⁷⁷
1080 5591 1221 5670 Psal.
1253 5616 1415 5662 xxxv,
1453 5602 1535 5654 10.
1565 5591 1789 5658 "'Cant.

1937 5591 2092 5657 125"
2115 5604 2247 5659 Ibid.
2275 5621 2320 5658 υ.
2357 5606 2442 5659 15.
2475 5591 2518 5637 ίι
2545 5605 2698 5660 Joan.
2732 5623 2804 5670 ιν,
2832 5608 2886 5661 6.
2920 5591 2964 5636 ίε
2994 5607 3127 5660 Gen.
3155 5623 3215 5669 ιι,
3243 5607 3292 5659 6.
3325 5591 3496 5660 “lsa.

209 5677 314 5742 _xu,
346 5663 401 5716 3.
436 5663 480 5692 ”
524 5663 663 5742 Ρειιιἒ
694 5681 831 5742 cur,”
853 5666 938 5720 10.
973 5669 1018 5700 ⁷⁵
1046 5669 1188 5742 l’sal.
1213 5686 1381 5742 vau,
1417 5670 1508 5742 27.
1545 5671 1590 5702 "
1618 5671 1778 5728 Prov.
1805 5691 1814 5711 ι

1927 5674 1978 5727 6.
2019 5676 2063 5706 ³⁷
2092 5673 2219 5730 Οεε.
2255 5691 2374 5739 12:",
2405 5676 2491 5730 l5.
2526 5677 2571 5706 ’κ
2595 5663 2923 5738 Μειιιιιίχιε,
2952 5676 3062 5741 2i;
3116 5663 3275 5731 Marc.
3310 5675 3495 5742 x,25;

206 5730 345 5788 Luc.
399 5748 562 5796 xvnl,
592 5735 685 5790 25.
719 5736 764 5767 ’³
792 5738 948 5794 Cant.
981 5756 1030 5806 v,
1061 5740 1114 5796 4.
1150 5741 1193 5773 ³⁷
1241 5730 1378 5798 Ibid.
1414 5741 1456 5772 ³¹
1493 5742 1594 5799 lsa.
1632 5761 1706 5812 ιιι,
1733 5745 1785 5799 8.

1917 5745 2104 5801 Ezech.
2142 5759 2332 5812 xxvm,
2363 5730 2449 5803 l5.
2495 5747 2539 5778 ³³
2567 5730 2816 5814 (Σειιιζιι,
2849 5730 3043 5814 13,14.
