  <div class='ocr_page' id='page_1' title='image "/cluster/home/n/w/nwhite01/storage/ocr_20150623/112/hvd.32044015685407/471.png"; bbox 0 0 3972 6336; ppageno 0'>
   <div class='ocr_carea' id='block_1_1' title="bbox 531 309 691 384">
    <p class='ocr_par' dir='ltr' id='par_1_1' title="bbox 531 309 691 384">
     <span class='ocr_line' id='line_1_1' title="bbox 531 309 691 384; baseline -0.006 -20"><span class='ocrx_word' id='word_1_1' title='bbox 531 381 534 384; x_wconf 16' lang='grc'><strong>,</strong></span> <span class='ocrx_word' id='word_1_2' title='bbox 591 309 691 364; x_wconf 71' lang='lat'><strong>951</strong></span> 
     </span>
    </p>
   </div>
   <div class='ocr_carea' id='block_1_2' title="bbox 1260 302 3684 382">
    <p class='ocr_par' dir='ltr' id='par_1_2' title="bbox 1260 302 3684 382">
     <span class='ocr_line' id='line_1_2' title="bbox 1260 302 3684 382; baseline -0.001 -21"><span class='ocrx_word' id='word_1_3' title='bbox 1260 309 1319 361; x_wconf 83' lang='grc' dir='ltr'><strong>Β.</strong></span> <span class='ocrx_word' id='word_1_4' title='bbox 1361 305 1614 361; x_wconf 78' lang='lat' dir='ltr'><strong>RABANI</strong></span> <span class='ocrx_word' id='word_1_5' title='bbox 1649 304 1868 362; x_wconf 82' lang='lat' dir='ltr'><strong>MAURI</strong></span> <span class='ocrx_word' id='word_1_6' title='bbox 1901 302 2218 359; x_wconf 82' lang='lat' dir='ltr'><strong>ARCIIIEP.</strong></span> <span class='ocrx_word' id='word_1_7' title='bbox 2261 303 2569 361; x_wconf 83' lang='lat' dir='ltr'><strong>MOGUNT.</strong></span> <span class='ocrx_word' id='word_1_8' title='bbox 2611 305 2894 362; x_wconf 82' lang='lat' dir='ltr'><strong>OPERUM</strong></span> <span class='ocrx_word' id='word_1_9' title='bbox 2927 305 3100 363; x_wconf 83' lang='lat' dir='ltr'><strong>PARS</strong></span> <span class='ocrx_word' id='word_1_10' title='bbox 3138 307 3214 362; x_wconf 92' lang='lat' dir='ltr'><strong>III.</strong></span> <span class='ocrx_word' id='word_1_11' title='bbox 3616 325 3684 382; x_wconf 54' lang='lat'><strong>932</strong></span> 
     </span>
    </p>
   </div>
   <div class='ocr_carea' id='block_1_3' title="bbox 592 413 3684 492">
    <p class='ocr_par' dir='ltr' id='par_1_3' title="bbox 592 413 3684 492">
     <span class='ocr_line' id='line_1_3' title="bbox 592 413 3684 492; baseline 0.003 -16"><span class='ocrx_word' id='word_1_12' title='bbox 592 438 627 476; x_wconf 86' lang='lat' dir='ltr'><strong>a</strong></span> <span class='ocrx_word' id='word_1_13' title='bbox 663 421 843 491; x_wconf 89' lang='lat' dir='ltr'><strong>quiete</strong></span> <span class='ocrx_word' id='word_1_14' title='bbox 891 419 1382 492; x_wconf 74' lang='lat' dir='ltr'><strong>contemplationis,</strong></span> <span class='ocrx_word' id='word_1_15' title='bbox 1435 437 1456 471; x_wconf 88' lang='grc'><strong>‹</strong></span> <span class='ocrx_word' id='word_1_16' title='bbox 1514 418 1689 472; x_wconf 89' lang='lat' dir='ltr'><strong>amica</strong></span> <span class='ocrx_word' id='word_1_17' title='bbox 1740 429 1882 480; x_wconf 90' lang='lat' dir='ltr'><strong>mea,</strong></span> <span class='ocrx_word' id='word_1_18' title='bbox 1942 435 1961 468; x_wconf 75' lang='grc' dir='ltr'><strong>ι</strong></span> <span class='ocrx_word' id='word_1_19' title='bbox 2003 429 2164 483; x_wconf 90' lang='lat' dir='ltr'><strong>quam</strong></span> <span class='ocrx_word' id='word_1_20' title='bbox 2193 417 2240 475; x_wconf 83' lang='grc' dir='ltr'><strong>Λ</strong></span> <span class='ocrx_word' id='word_1_21' title='bbox 2267 415 2408 482; x_wconf 91' lang='lat' dir='ltr'><strong>quod</strong></span> <span class='ocrx_word' id='word_1_22' title='bbox 2437 429 2534 483; x_wconf 91' lang='lat' dir='ltr'><strong>per</strong></span> <span class='ocrx_word' id='word_1_23' title='bbox 2584 414 2944 468; x_wconf 73' lang='lat' dir='ltr'><strong>humilitatem</strong></span> <span class='ocrx_word' id='word_1_24' title='bbox 2985 413 3257 481; x_wconf 70' lang='lat' dir='ltr'><strong>patientiae,</strong></span> <span class='ocrx_word' id='word_1_25' title='bbox 3291 431 3427 486; x_wconf 89' lang='lat' dir='ltr'><strong>quam</strong></span> <span class='ocrx_word' id='word_1_26' title='bbox 3451 436 3560 478; x_wconf 89' lang='lat' dir='ltr'><strong>nunc</strong></span> <span class='ocrx_word' id='word_1_27' title='bbox 3581 427 3684 485; x_wconf 83' lang='lat' dir='ltr'><strong>electi</strong></span> 
     </span>
    </p>
   </div>
   <div class='ocr_carea' id='block_1_4' title="bbox 594 505 2167 581">
    <p class='ocr_par' dir='ltr' id='par_1_4' title="bbox 594 505 2167 581">
     <span class='ocr_line' id='line_1_4' title="bbox 594 505 2167 581; baseline -0.006 -13"><span class='ocrx_word' id='word_1_28' title='bbox 594 527 764 581; x_wconf 85' lang='lat' dir='ltr'><strong>usque</strong></span> <span class='ocrx_word' id='word_1_29' title='bbox 789 511 855 566; x_wconf 91' lang='lat' dir='ltr'><strong>ad</strong></span> <span class='ocrx_word' id='word_1_30' title='bbox 877 519 1104 566; x_wconf 90' lang='lat' dir='ltr'><strong>mortem</strong></span> <span class='ocrx_word' id='word_1_31' title='bbox 1124 511 1305 573; x_wconf 79' lang='lat' dir='ltr'><strong>dilexi,</strong></span> <span class='ocrx_word' id='word_1_32' title='bbox 1332 528 1352 560; x_wconf 69' lang='grc' dir='ltr'><strong>ι</strong></span> <span class='ocrx_word' id='word_1_33' title='bbox 1382 523 1578 579; x_wconf 90' lang='lat' dir='ltr'><strong>sponsa</strong></span> <span class='ocrx_word' id='word_1_34' title='bbox 1602 522 1742 572; x_wconf 88' lang='lat' dir='ltr'><strong>mea,</strong></span> <span class='ocrx_word' id='word_1_35' title='bbox 1774 525 1792 557; x_wconf 79' lang='grc' dir='ltr'><strong>ι</strong></span> <span class='ocrx_word' id='word_1_36' title='bbox 1823 507 2002 560; x_wconf 73' lang='lat' dir='ltr'><strong>‘tanta</strong></span> <span class='ocrx_word' id='word_1_37' title='bbox 2033 505 2087 559; x_wconf 93' lang='lat' dir='ltr'><strong>in</strong></span> <span class='ocrx_word' id='word_1_38' title='bbox 2115 513 2167 558; x_wconf 89' lang='lat' dir='ltr'><strong>te</strong></span> 
     </span>
    </p>
   </div>
   <div class='ocr_carea' id='block_1_5' title="bbox 591 596 2166 671">
    <p class='ocr_par' dir='ltr' id='par_1_5' title="bbox 591 596 2166 671">
     <span class='ocr_line' id='line_1_5' title="bbox 591 596 2166 671; baseline -0.006 -13"><span class='ocrx_word' id='word_1_39' title='bbox 591 602 817 666; x_wconf 87' lang='lat' dir='ltr'><strong>contuli,</strong></span> <span class='ocrx_word' id='word_1_40' title='bbox 847 621 866 652; x_wconf 85' lang='grc'><strong><em>‹</em></strong></span> <span class='ocrx_word' id='word_1_41' title='bbox 888 611 941 657; x_wconf 93' lang='lat' dir='ltr'><strong>et</strong></span> <span class='ocrx_word' id='word_1_42' title='bbox 955 602 1074 657; x_wconf 91' lang='lat' dir='ltr'><strong>veni</strong></span> <span class='ocrx_word' id='word_1_43' title='bbox 1097 620 1114 653; x_wconf 80' lang='grc' dir='ltr'><strong>ι</strong></span> <span class='ocrx_word' id='word_1_44' title='bbox 1139 603 1204 656; x_wconf 86' lang='lat' dir='ltr'><strong>ad</strong></span> <span class='ocrx_word' id='word_1_45' title='bbox 1218 601 1634 671; x_wconf 66' lang='lat' dir='ltr'><strong>praedicandum,</strong></span> <span class='ocrx_word' id='word_1_46' title='bbox 1659 599 1712 652; x_wconf 91' lang='lat' dir='ltr'><strong>id</strong></span> <span class='ocrx_word' id='word_1_47' title='bbox 1727 606 1828 661; x_wconf 91' lang='lat' dir='ltr'><strong>est,</strong></span> <span class='ocrx_word' id='word_1_48' title='bbox 1853 599 1918 652; x_wconf 86' lang='lat' dir='ltr'><strong>ad</strong></span> <span class='ocrx_word' id='word_1_49' title='bbox 1935 596 2166 650; x_wconf 77' lang='lat' dir='ltr'><strong>ofﬁcium</strong></span> 
     </span>
    </p>
   </div>
   <div class='ocr_carea' id='block_1_6' title="bbox 592 689 2158 762">
    <p class='ocr_par' dir='ltr' id='par_1_6' title="bbox 592 689 2158 762">
     <span class='ocr_line' id='line_1_6' title="bbox 592 689 2158 762; baseline -0.003 -19"><span class='ocrx_word' id='word_1_50' title='bbox 592 691 942 762; x_wconf 73' lang='lat' dir='ltr'><strong>praedicandi.</strong></span> <span class='ocrx_word' id='word_1_51' title='bbox 983 711 1000 742; x_wconf 72' lang='grc' dir='ltr'><strong>ι</strong></span> <span class='ocrx_word' id='word_1_52' title='bbox 1031 690 1288 746; x_wconf 89' lang='lat' dir='ltr'><strong>Columba</strong></span> <span class='ocrx_word' id='word_1_53' title='bbox 1318 705 1436 744; x_wconf 90' lang='lat' dir='ltr'><strong>mea</strong></span> <span class='ocrx_word' id='word_1_54' title='bbox 1467 691 1518 743; x_wconf 92' lang='lat' dir='ltr'><strong>in</strong></span> <span class='ocrx_word' id='word_1_55' title='bbox 1545 689 1898 744; x_wconf 83' lang='lat' dir='ltr'><strong>foraminibus</strong></span> <span class='ocrx_word' id='word_1_56' title='bbox 1919 696 2102 758; x_wconf 78' lang='lat' dir='ltr'><strong>petrae,</strong></span> <span class='ocrx_word' id='word_1_57' title='bbox 2141 706 2158 739; x_wconf 79' lang='grc' dir='ltr'><strong>ι</strong></span> 
     </span>
    </p>
   </div>
   <div class='ocr_carea' id='block_1_7' title="bbox 594 777 2162 849">
    <p class='ocr_par' dir='ltr' id='par_1_7' title="bbox 594 777 2162 849">
     <span class='ocr_line' id='line_1_7' title="bbox 594 777 2162 849; baseline -0.001 -17"><span class='ocrx_word' id='word_1_58' title='bbox 594 779 898 842; x_wconf 83' lang='lat' dir='ltr'><strong>nidificans,</strong></span> <span class='ocrx_word' id='word_1_59' title='bbox 949 780 1203 849; x_wconf 87' lang='lat' dir='ltr'><strong>et-pullos</strong></span> <span class='ocrx_word' id='word_1_60' title='bbox 1238 780 1369 833; x_wconf 91' lang='lat' dir='ltr'><strong>mihi</strong></span> <span class='ocrx_word' id='word_1_61' title='bbox 1399 779 1587 834; x_wconf 89' lang='lat' dir='ltr'><strong>fovens</strong></span> <span class='ocrx_word' id='word_1_62' title='bbox 1638 780 1713 833; x_wconf 92' lang='lat' dir='ltr'><strong>in.</strong></span> <span class='ocrx_word' id='word_1_63' title='bbox 1749 819 1762 832; x_wconf 96' lang='lat'><strong>.</strong></span> <span class='ocrx_word' id='word_1_64' title='bbox 1791 818 1805 832; x_wconf 93' lang='lat'><strong>.</strong></span> <span class='ocrx_word' id='word_1_65' title='bbox 1841 819 1853 832; x_wconf 95' lang='lat'><strong>.</strong></span> <span class='ocrx_word' id='word_1_66' title='bbox 1894 818 1909 832; x_wconf 93' lang='lat'><strong>.</strong></span> <span class='ocrx_word' id='word_1_67' title='bbox 1939 777 2162 832; x_wconf 83' lang='lat' dir='ltr'><strong>Christi.</strong></span> 
     </span>
    </p>
   </div>
   <div class='ocr_carea' id='block_1_8' title="bbox 667 867 2161 938">
    <p class='ocr_par' dir='ltr' id='par_1_8' title="bbox 667 867 2161 938">
     <span class='ocr_line' id='line_1_8' title="bbox 667 867 2161 938; baseline 0.001 -18"><span class='ocrx_word' id='word_1_68' title='bbox 667 867 898 938; x_wconf 87' lang='lat' dir='ltr'><strong>Forceps</strong></span> <span class='ocrx_word' id='word_1_69' title='bbox 953 878 1038 924; x_wconf 89' lang='lat' dir='ltr'><strong>est</strong></span> <span class='ocrx_word' id='word_1_70' title='bbox 1085 869 1335 924; x_wconf 81' lang='lat' dir='ltr'><strong>Christus</strong></span> <span class='ocrx_word' id='word_1_71' title='bbox 1386 885 1509 922; x_wconf 93' lang='lat' dir='ltr'><strong>cum</strong></span> <span class='ocrx_word' id='word_1_72' title='bbox 1564 869 1746 932; x_wconf 84' lang='lat' dir='ltr'><strong>Patre,</strong></span> <span class='ocrx_word' id='word_1_73' title='bbox 1799 877 1858 922; x_wconf 90' lang='lat' dir='ltr'><strong>ut</strong></span> <span class='ocrx_word' id='word_1_74' title='bbox 1893 870 1945 922; x_wconf 92' lang='lat' dir='ltr'><strong>in</strong></span> <span class='ocrx_word' id='word_1_75' title='bbox 1983 869 2161 922; x_wconf 89' lang='lat' dir='ltr'><strong>Isaia:</strong></span> 
     </span>
    </p>
   </div>
   <div class='ocr_carea' id='block_1_9' title="bbox 599 955 2167 1027">
    <p class='ocr_par' dir='ltr' id='par_1_9' title="bbox 599 955 2167 1027">
     <span class='ocr_line' id='line_1_9' title="bbox 599 955 2167 1027; baseline 0.004 -22"><span class='ocrx_word' id='word_1_76' title='bbox 599 975 620 1005; x_wconf 72' lang='grc' dir='ltr'><strong>ι</strong></span> <span class='ocrx_word' id='word_1_77' title='bbox 650 955 897 1012; x_wconf 86' lang='lat' dir='ltr'><strong>Calculus</strong></span> <span class='ocrx_word' id='word_1_78' title='bbox 939 972 1099 1026; x_wconf 87' lang='lat' dir='ltr'><strong>quem</strong></span> <span class='ocrx_word' id='word_1_79' title='bbox 1141 957 1343 1026; x_wconf 82' lang='lat' dir='ltr'><strong>forcipe</strong></span> <span class='ocrx_word' id='word_1_80' title='bbox 1375 957 1572 1012; x_wconf 89' lang='lat' dir='ltr'><strong>tulerat</strong></span> <span class='ocrx_word' id='word_1_81' title='bbox 1619 960 1684 1012; x_wconf 88' lang='lat' dir='ltr'><strong>de</strong></span> <span class='ocrx_word' id='word_1_82' title='bbox 1715 958 1870 1012; x_wconf 86' lang='lat' dir='ltr'><strong>altari</strong></span> <span class='ocrx_word' id='word_1_83' title='bbox 1901 962 1940 1022; x_wconf 75' lang='grc'><strong>³,</strong></span> <span class='ocrx_word' id='word_1_84' title='bbox 1973 978 1990 1010; x_wconf 76' lang='grc' dir='ltr'><strong>ι</strong></span> <span class='ocrx_word' id='word_1_85' title='bbox 2024 958 2167 1027; x_wconf 91' lang='lat' dir='ltr'><strong>quod</strong></span> 
     </span>
    </p>
   </div>
   <div class='ocr_carea' id='block_1_10' title="bbox 594 1047 2164 1117">
    <p class='ocr_par' dir='ltr' id='par_1_10' title="bbox 594 1047 2164 1117">
     <span class='ocr_line' id='line_1_10' title="bbox 594 1047 2164 1117; baseline 0.001 -17"><span class='ocrx_word' id='word_1_86' title='bbox 594 1061 693 1115; x_wconf 88' lang='lat' dir='ltr'><strong>per</strong></span> <span class='ocrx_word' id='word_1_87' title='bbox 724 1047 1107 1116; x_wconf 71' lang='lat' dir='ltr'><strong>mqualitatem,</strong></span> <span class='ocrx_word' id='word_1_88' title='bbox 1158 1064 1411 1117; x_wconf 89' lang='lat' dir='ltr'><strong>quacum</strong></span> <span class='ocrx_word' id='word_1_89' title='bbox 1459 1047 1619 1102; x_wconf 88' lang='lat' dir='ltr'><strong>Patre</strong></span> <span class='ocrx_word' id='word_1_90' title='bbox 1665 1065 1804 1103; x_wconf 91' lang='lat' dir='ltr'><strong>unus</strong></span> <span class='ocrx_word' id='word_1_91' title='bbox 1849 1057 1934 1104; x_wconf 90' lang='lat' dir='ltr'><strong>est</strong></span> <span class='ocrx_word' id='word_1_92' title='bbox 1975 1049 2164 1113; x_wconf 87' lang='lat' dir='ltr'><strong>Filius,</strong></span> 
     </span>
    </p>
   </div>
   <div class='ocr_carea' id='block_1_11' title="bbox 597 1137 2165 1208">
    <p class='ocr_par' dir='ltr' id='par_1_11' title="bbox 597 1137 2165 1208">
     <span class='ocr_line' id='line_1_11' title="bbox 597 1137 2165 1208; baseline 0.001 -16"><span class='ocrx_word' id='word_1_93' title='bbox 597 1137 831 1192; x_wconf 77' lang='lat' dir='ltr'><strong>Verbum</strong></span> <span class='ocrx_word' id='word_1_94' title='bbox 880 1138 1122 1192; x_wconf 83' lang='lat' dir='ltr'><strong>veritatis</strong></span> <span class='ocrx_word' id='word_1_95' title='bbox 1171 1154 1200 1192; x_wconf 93' lang='lat' dir='ltr'><strong>a</strong></span> <span class='ocrx_word' id='word_1_96' title='bbox 1232 1139 1392 1193; x_wconf 84' lang='lat' dir='ltr'><strong>Patre</strong></span> <span class='ocrx_word' id='word_1_97' title='bbox 1445 1139 1656 1200; x_wconf 88' lang='lat' dir='ltr'><strong>detulit,</strong></span> <span class='ocrx_word' id='word_1_98' title='bbox 1707 1155 1812 1208; x_wconf 90' lang='lat' dir='ltr'><strong>quo</strong></span> <span class='ocrx_word' id='word_1_99' title='bbox 1855 1139 2165 1208; x_wconf 88' lang='lat' dir='ltr'><strong>discipulos,</strong></span> 
     </span>
    </p>
   </div>
   <div class='ocr_carea' id='block_1_12' title="bbox 595 1225 2168 1298">
    <p class='ocr_par' dir='ltr' id='par_1_12' title="bbox 595 1225 2168 1298">
     <span class='ocr_line' id='line_1_12' title="bbox 595 1225 2168 1298; baseline 0.003 -21"><span class='ocrx_word' id='word_1_100' title='bbox 595 1239 730 1292; x_wconf 90' lang='lat' dir='ltr'><strong>quos</strong></span> <span class='ocrx_word' id='word_1_101' title='bbox 758 1225 903 1279; x_wconf 90' lang='lat' dir='ltr'><strong>misit</strong></span> <span class='ocrx_word' id='word_1_102' title='bbox 923 1225 979 1280; x_wconf 91' lang='lat' dir='ltr'><strong>in</strong></span> <span class='ocrx_word' id='word_1_103' title='bbox 1005 1227 1286 1289; x_wconf 90' lang='lat' dir='ltr'><strong>mundum,</strong></span> <span class='ocrx_word' id='word_1_104' title='bbox 1329 1228 1598 1296; x_wconf 81' lang='lat' dir='ltr'><strong>purgavit.</strong></span> <span class='ocrx_word' id='word_1_105' title='bbox 1629 1227 1734 1282; x_wconf 89' lang='lat' dir='ltr'><strong>Per</strong></span> <span class='ocrx_word' id='word_1_106' title='bbox 1759 1229 2029 1298; x_wconf 79' lang='lat' dir='ltr'><strong>forcipem,</strong></span> <span class='ocrx_word' id='word_1_107' title='bbox 2061 1229 2168 1282; x_wconf 91' lang='lat' dir='ltr'><strong>duo</strong></span> 
     </span>
    </p>
   </div>
   <div class='ocr_carea' id='block_1_13' title="bbox 596 1311 2168 1379">
    <p class='ocr_par' dir='ltr' id='par_1_13' title="bbox 596 1311 2168 1379">
     <span class='ocr_line' id='line_1_13' title="bbox 596 1311 2168 1379; baseline 0.003 -14"><span class='ocrx_word' id='word_1_108' title='bbox 596 1311 960 1379; x_wconf 88' lang='lat' dir='ltr'><strong>Testamenta,</strong></span> <span class='ocrx_word' id='word_1_109' title='bbox 991 1315 1131 1369; x_wconf 90' lang='lat' dir='ltr'><strong>utin</strong></span> <span class='ocrx_word' id='word_1_110' title='bbox 1178 1315 1364 1368; x_wconf 81' lang='lat' dir='ltr'><strong>Exodo</strong></span> <span class='ocrx_word' id='word_1_111' title='bbox 1398 1333 1410 1368; x_wconf 94' lang='lat'><strong>:</strong></span> <span class='ocrx_word' id='word_1_112' title='bbox 1449 1334 1467 1366; x_wconf 88' lang='grc'><strong><em>‹</em></strong></span> <span class='ocrx_word' id='word_1_113' title='bbox 1500 1315 1690 1371; x_wconf 85' lang='lat' dir='ltr'><strong>Facies</strong></span> <span class='ocrx_word' id='word_1_114' title='bbox 1741 1317 1795 1370; x_wconf 89' lang='lat' dir='ltr'><strong>in</strong></span> <span class='ocrx_word' id='word_1_115' title='bbox 1847 1333 1947 1371; x_wconf 91' lang='lat' dir='ltr'><strong>usu</strong></span> <span class='ocrx_word' id='word_1_116' title='bbox 1983 1317 2168 1372; x_wconf 89' lang='lat' dir='ltr'><strong>altaris</strong></span> 
     </span>
    </p>
   </div>
   <div class='ocr_carea' id='block_1_14' title="bbox 595 1398 2166 1472">
    <p class='ocr_par' dir='ltr' id='par_1_14' title="bbox 595 1398 2166 1472">
     <span class='ocr_line' id='line_1_14' title="bbox 595 1398 2166 1472; baseline 0.006 -19"><span class='ocrx_word' id='word_1_117' title='bbox 595 1398 797 1456; x_wconf 88' lang='lat' dir='ltr'><strong>lebetes</strong></span> <span class='ocrx_word' id='word_1_118' title='bbox 851 1412 906 1457; x_wconf 91' lang='lat' dir='ltr'><strong>et</strong></span> <span class='ocrx_word' id='word_1_119' title='bbox 963 1402 1191 1472; x_wconf 81' lang='lat' dir='ltr'><strong>forcipes</strong></span> <span class='ocrx_word' id='word_1_120' title='bbox 1218 1405 1266 1467; x_wconf 79' lang='lat'><strong>’,</strong></span> <span class='ocrx_word' id='word_1_121' title='bbox 1301 1423 1319 1455; x_wconf 78' lang='grc' dir='ltr'><strong>ι</strong></span> <span class='ocrx_word' id='word_1_122' title='bbox 1352 1407 1369 1424; x_wconf 79' lang='grc'><strong><em>⁶</em></strong></span> <span class='ocrx_word' id='word_1_123' title='bbox 1400 1405 1542 1459; x_wconf 89' lang='lat' dir='ltr'><strong>Deus</strong></span> <span class='ocrx_word' id='word_1_124' title='bbox 1588 1407 1656 1460; x_wconf 90' lang='lat' dir='ltr'><strong>ad</strong></span> <span class='ocrx_word' id='word_1_125' title='bbox 1697 1408 1992 1462; x_wconf 87' lang='lat' dir='ltr'><strong>ornandam</strong></span> <span class='ocrx_word' id='word_1_126' title='bbox 2037 1423 2166 1462; x_wconf 86' lang='lat' dir='ltr'><strong>san—</strong></span> 
     </span>
    </p>
   </div>
   <div class='ocr_carea' id='block_1_15' title="bbox 593 1493 2164 1551">
    <p class='ocr_par' dir='ltr' id='par_1_15' title="bbox 593 1493 2164 1551">
     <span class='ocr_line' id='line_1_15' title="bbox 593 1493 2164 1551; baseline 0.001 -4"><span class='ocrx_word' id='word_1_127' title='bbox 593 1500 740 1547; x_wconf 91' lang='lat' dir='ltr'><strong>ctam</strong></span> <span class='ocrx_word' id='word_1_128' title='bbox 762 1493 1054 1548; x_wconf 88' lang='lat' dir='ltr'><strong>Ecclesiam</strong></span> <span class='ocrx_word' id='word_1_129' title='bbox 1083 1495 1332 1550; x_wconf 89' lang='lat' dir='ltr'><strong>doctores</strong></span> <span class='ocrx_word' id='word_1_130' title='bbox 1353 1503 1407 1549; x_wconf 90' lang='lat' dir='ltr'><strong>et</strong></span> <span class='ocrx_word' id='word_1_131' title='bbox 1428 1493 1534 1548; x_wconf 92' lang='lat' dir='ltr'><strong>duo</strong></span> <span class='ocrx_word' id='word_1_132' title='bbox 1547 1495 1890 1550; x_wconf 86' lang='lat' dir='ltr'><strong>Testamenta</strong></span> <span class='ocrx_word' id='word_1_133' title='bbox 1915 1495 2164 1551; x_wconf 89' lang='lat' dir='ltr'><strong>instituit.</strong></span> 
     </span>
    </p>
   </div>
   <div class='ocr_carea' id='block_1_16' title="bbox 665 1581 2166 1648">
    <p class='ocr_par' dir='ltr' id='par_1_16' title="bbox 665 1581 2166 1648">
     <span class='ocr_line' id='line_1_16' title="bbox 665 1581 2166 1648; baseline 0.005 -13"><span class='ocrx_word' id='word_1_134' title='bbox 665 1581 847 1637; x_wconf 86' lang='lat' dir='ltr'><strong>Fortis</strong></span> <span class='ocrx_word' id='word_1_135' title='bbox 868 1593 952 1639; x_wconf 91' lang='lat' dir='ltr'><strong>est</strong></span> <span class='ocrx_word' id='word_1_136' title='bbox 983 1583 1261 1648; x_wconf 88' lang='lat' dir='ltr'><strong>Christus,</strong></span> <span class='ocrx_word' id='word_1_137' title='bbox 1312 1594 1370 1639; x_wconf 90' lang='lat' dir='ltr'><strong>ut</strong></span> <span class='ocrx_word' id='word_1_138' title='bbox 1397 1587 1452 1640; x_wconf 92' lang='lat' dir='ltr'><strong>in</strong></span> <span class='ocrx_word' id='word_1_139' title='bbox 1479 1586 1618 1639; x_wconf 90' lang='lat' dir='ltr'><strong>Isaia</strong></span> <span class='ocrx_word' id='word_1_140' title='bbox 1649 1603 1660 1639; x_wconf 94' lang='lat'><strong>:</strong></span> <span class='ocrx_word' id='word_1_141' title='bbox 1697 1605 1716 1637; x_wconf 75' lang='grc' dir='ltr'><strong>ι</strong></span> <span class='ocrx_word' id='word_1_142' title='bbox 1753 1587 2044 1642; x_wconf 81' lang='lat' dir='ltr'><strong>Vocabitur</strong></span> <span class='ocrx_word' id='word_1_143' title='bbox 2067 1603 2166 1642; x_wconf 91' lang='lat' dir='ltr'><strong>no-</strong></span> 
     </span>
    </p>
   </div>
   <div class='ocr_carea' id='block_1_17' title="bbox 592 1671 2164 1743">
    <p class='ocr_par' dir='ltr' id='par_1_17' title="bbox 592 1671 2164 1743">
     <span class='ocr_line' id='line_1_17' title="bbox 592 1671 2164 1743; baseline 0.002 -16"><span class='ocrx_word' id='word_1_144' title='bbox 592 1687 715 1727; x_wconf 90' lang='lat' dir='ltr'><strong>men</strong></span> <span class='ocrx_word' id='word_1_145' title='bbox 750 1671 866 1740; x_wconf 88' lang='lat' dir='ltr'><strong>ejus</strong></span> <span class='ocrx_word' id='word_1_146' title='bbox 917 1689 1106 1728; x_wconf 79' lang='lat' dir='ltr'><strong>FORTIS</strong></span> <span class='ocrx_word' id='word_1_147' title='bbox 1146 1675 1188 1739; x_wconf 82' lang='grc'><strong>³,</strong></span> <span class='ocrx_word' id='word_1_148' title='bbox 1229 1693 1246 1725; x_wconf 79' lang='grc' dir='ltr'><strong>ι</strong></span> <span class='ocrx_word' id='word_1_149' title='bbox 1287 1675 1432 1743; x_wconf 93' lang='lat' dir='ltr'><strong>quod</strong></span> <span class='ocrx_word' id='word_1_150' title='bbox 1470 1675 1742 1730; x_wconf 90' lang='lat' dir='ltr'><strong>diabolum</strong></span> <span class='ocrx_word' id='word_1_151' title='bbox 1777 1677 1926 1730; x_wconf 85' lang='lat' dir='ltr'><strong>vicit.</strong></span> <span class='ocrx_word' id='word_1_152' title='bbox 1962 1675 2164 1742; x_wconf 78' lang='lat' dir='ltr'><strong>Fortis,</strong></span> 
     </span>
    </p>
   </div>
   <div class='ocr_carea' id='block_1_18' title="bbox 2267 499 3684 571">
    <p class='ocr_par' dir='ltr' id='par_1_18' title="bbox 2267 499 3684 571">
     <span class='ocr_line' id='line_1_18' title="bbox 2267 499 3684 571; baseline 0.011 -17"><span class='ocrx_word' id='word_1_153' title='bbox 2267 510 2540 563; x_wconf 81' lang='lat' dir='ltr'><strong>exercent,</strong></span> <span class='ocrx_word' id='word_1_154' title='bbox 2569 516 2601 554; x_wconf 89' lang='lat' dir='ltr'><strong>a</strong></span> <span class='ocrx_word' id='word_1_155' title='bbox 2624 501 2850 555; x_wconf 88' lang='lat' dir='ltr'><strong>terribili</strong></span> <span class='ocrx_word' id='word_1_156' title='bbox 2894 499 3095 568; x_wconf 91' lang='lat' dir='ltr'><strong>judicio</strong></span> <span class='ocrx_word' id='word_1_157' title='bbox 3123 507 3423 571; x_wconf 88' lang='lat' dir='ltr'><strong>postmodum</strong></span> <span class='ocrx_word' id='word_1_158' title='bbox 3448 509 3684 570; x_wconf 82' lang='lat' dir='ltr'><strong>absconden-</strong></span> 
     </span>
    </p>
   </div>
   <div class='ocr_carea' id='block_1_19' title="bbox 2268 589 3684 659">
    <p class='ocr_par' dir='ltr' id='par_1_19' title="bbox 2268 589 3684 659">
     <span class='ocr_line' id='line_1_19' title="bbox 2268 589 3684 659; baseline 0.008 -15"><span class='ocrx_word' id='word_1_159' title='bbox 2268 599 2374 644; x_wconf 90' lang='lat' dir='ltr'><strong>tur.</strong></span> <span class='ocrx_word' id='word_1_160' title='bbox 2405 589 2600 656; x_wconf 81' lang='lat' dir='ltr'><strong>Fossa,</strong></span> <span class='ocrx_word' id='word_1_161' title='bbox 2652 592 2921 659; x_wconf 88' lang='lat' dir='ltr'><strong>cupiditas</strong></span> <span class='ocrx_word' id='word_1_162' title='bbox 2951 600 3178 656; x_wconf 89' lang='lat' dir='ltr'><strong>terrena,</strong></span> <span class='ocrx_word' id='word_1_163' title='bbox 3221 602 3274 648; x_wconf 91' lang='lat' dir='ltr'><strong>ut</strong></span> <span class='ocrx_word' id='word_1_164' title='bbox 3311 597 3359 650; x_wconf 94' lang='lat' dir='ltr'><strong>in</strong></span> <span class='ocrx_word' id='word_1_165' title='bbox 3391 597 3554 654; x_wconf 80' lang='lat' dir='ltr'><strong>Iosue:</strong></span> <span class='ocrx_word' id='word_1_166' title='bbox 3579 621 3593 653; x_wconf 80' lang='grc' dir='ltr'><strong>ι</strong></span> <span class='ocrx_word' id='word_1_167' title='bbox 3619 606 3684 659; x_wconf 71' lang='lat' dir='ltr'><strong>Ar-</strong></span> 
     </span>
    </p>
   </div>
   <div class='ocr_carea' id='block_1_20' title="bbox 2265 681 3688 760">
    <p class='ocr_par' dir='ltr' id='par_1_20' title="bbox 2265 681 3688 760">
     <span class='ocr_line' id='line_1_20' title="bbox 2265 681 3688 760; baseline 0.006 -27"><span class='ocrx_word' id='word_1_168' title='bbox 2265 689 2482 749; x_wconf 88' lang='lat' dir='ltr'><strong>gentum</strong></span> <span class='ocrx_word' id='word_1_169' title='bbox 2509 681 2654 734; x_wconf 91' lang='lat' dir='ltr'><strong>fossa</strong></span> <span class='ocrx_word' id='word_1_170' title='bbox 2679 682 2842 735; x_wconf 90' lang='lat' dir='ltr'><strong>humo</strong></span> <span class='ocrx_word' id='word_1_171' title='bbox 2873 683 2889 701; x_wconf 85' lang='lat'><strong><em>‘</em></strong></span> <span class='ocrx_word' id='word_1_172' title='bbox 2929 683 3108 750; x_wconf 88' lang='lat' dir='ltr'><strong>aperui</strong></span> <span class='ocrx_word' id='word_1_173' title='bbox 3147 682 3208 746; x_wconf 85' lang='lat'><strong>&quot;,</strong></span> <span class='ocrx_word' id='word_1_174' title='bbox 3251 702 3267 734; x_wconf 77' lang='grc' dir='ltr'><strong>ι</strong></span> <span class='ocrx_word' id='word_1_175' title='bbox 3305 687 3428 753; x_wconf 88' lang='lat' dir='ltr'><strong>quod</strong></span> <span class='ocrx_word' id='word_1_176' title='bbox 3450 691 3565 756; x_wconf 79' lang='lat' dir='ltr'><strong>pravi</strong></span> <span class='ocrx_word' id='word_1_177' title='bbox 3585 693 3688 760; x_wconf 76' lang='lat' dir='ltr'><strong>quili-</strong></span> 
     </span>
    </p>
   </div>
   <div class='ocr_carea' id='block_1_21' title="bbox 2264 769 3690 842">
    <p class='ocr_par' dir='ltr' id='par_1_21' title="bbox 2264 769 3690 842">
     <span class='ocr_line' id='line_1_21' title="bbox 2264 769 3690 842; baseline 0.007 -20"><span class='ocrx_word' id='word_1_178' title='bbox 2264 769 2354 824; x_wconf 89' lang='lat' dir='ltr'><strong>bet</strong></span> <span class='ocrx_word' id='word_1_179' title='bbox 2387 769 2552 824; x_wconf 88' lang='lat' dir='ltr'><strong>divini</strong></span> <span class='ocrx_word' id='word_1_180' title='bbox 2605 771 2802 839; x_wconf 84' lang='lat' dir='ltr'><strong>eloquii</strong></span> <span class='ocrx_word' id='word_1_181' title='bbox 2854 771 3151 825; x_wconf 87' lang='lat' dir='ltr'><strong>claritatem</strong></span> <span class='ocrx_word' id='word_1_182' title='bbox 3197 772 3247 826; x_wconf 91' lang='lat' dir='ltr'><strong>in</strong></span> <span class='ocrx_word' id='word_1_183' title='bbox 3291 774 3589 842; x_wconf 79' lang='lat' dir='ltr'><strong>p‘rolunditate</strong></span> <span class='ocrx_word' id='word_1_184' title='bbox 3622 791 3690 837; x_wconf 80' lang='lat' dir='ltr'><strong>ter-</strong></span> 
     </span>
    </p>
   </div>
   <div class='ocr_carea' id='block_1_22' title="bbox 2266 862 3121 932">
    <p class='ocr_par' dir='ltr' id='par_1_22' title="bbox 2266 862 3121 932">
     <span class='ocr_line' id='line_1_22' title="bbox 2266 862 3121 932; baseline 0 -17"><span class='ocrx_word' id='word_1_185' title='bbox 2266 875 2409 915; x_wconf 75' lang='lat' dir='ltr'><strong>rena:</strong></span> <span class='ocrx_word' id='word_1_186' title='bbox 2444 863 2751 932; x_wconf 85' lang='lat' dir='ltr'><strong>cupiditatis</strong></span> <span class='ocrx_word' id='word_1_187' title='bbox 2772 862 3121 917; x_wconf 88' lang='lat' dir='ltr'><strong>abscondunt.</strong></span> 
     </span>
    </p>
   </div>
   <div class='ocr_carea' id='block_1_23' title="bbox 2336 951 3690 1022">
    <p class='ocr_par' dir='ltr' id='par_1_23' title="bbox 2336 951 3690 1022">
     <span class='ocr_line' id='line_1_23' title="bbox 2336 951 3690 1022; baseline 0.009 -18"><span class='ocrx_word' id='word_1_188' title='bbox 2336 951 2530 1015; x_wconf 82' lang='lat' dir='ltr'><strong>Faveo,</strong></span> <span class='ocrx_word' id='word_1_189' title='bbox 2563 953 2766 1006; x_wconf 88' lang='lat' dir='ltr'><strong>malitia</strong></span> <span class='ocrx_word' id='word_1_190' title='bbox 2795 953 3143 1022; x_wconf 83' lang='lat' dir='ltr'><strong>deceptionis,</strong></span> <span class='ocrx_word' id='word_1_191' title='bbox 3173 961 3228 1006; x_wconf 89' lang='lat' dir='ltr'><strong>ut</strong></span> <span class='ocrx_word' id='word_1_192' title='bbox 3255 953 3303 1007; x_wconf 92' lang='lat' dir='ltr'><strong>in</strong></span> <span class='ocrx_word' id='word_1_193' title='bbox 3331 954 3518 1012; x_wconf 82' lang='lat' dir='ltr'><strong>Psalmis</strong></span> <span class='ocrx_word' id='word_1_194' title='bbox 3541 960 3690 1016; x_wconf 74' lang='lat' dir='ltr'><strong>:ilnci-</strong></span> 
     </span>
    </p>
   </div>
   <div class='ocr_carea' id='block_1_24' title="bbox 2267 1041 3693 1110">
    <p class='ocr_par' dir='ltr' id='par_1_24' title="bbox 2267 1041 3693 1110">
     <span class='ocr_line' id='line_1_24' title="bbox 2267 1041 3693 1110; baseline 0.005 -15"><span class='ocrx_word' id='word_1_195' title='bbox 2267 1041 2344 1096; x_wconf 90' lang='lat' dir='ltr'><strong>dit</strong></span> <span class='ocrx_word' id='word_1_196' title='bbox 2368 1042 2418 1094; x_wconf 93' lang='lat' dir='ltr'><strong>in</strong></span> <span class='ocrx_word' id='word_1_197' title='bbox 2447 1042 2655 1094; x_wconf 88' lang='lat' dir='ltr'><strong>foveam</strong></span> <span class='ocrx_word' id='word_1_198' title='bbox 2677 1057 2836 1110; x_wconf 86' lang='lat' dir='ltr'><strong>quam</strong></span> <span class='ocrx_word' id='word_1_199' title='bbox 2869 1041 2994 1096; x_wconf 81' lang='lat' dir='ltr'><strong>feeit</strong></span> <span class='ocrx_word' id='word_1_200' title='bbox 3021 1041 3086 1106; x_wconf 74' lang='grc'><strong>³⁸,</strong></span> <span class='ocrx_word' id='word_1_201' title='bbox 3116 1062 3132 1092; x_wconf 80' lang='grc' dir='ltr'><strong>ι</strong></span> <span class='ocrx_word' id='word_1_202' title='bbox 3157 1043 3306 1110; x_wconf 92' lang='lat' dir='ltr'><strong>quod,</strong></span> <span class='ocrx_word' id='word_1_203' title='bbox 3335 1044 3442 1096; x_wconf 92' lang='lat' dir='ltr'><strong>dum</strong></span> <span class='ocrx_word' id='word_1_204' title='bbox 3469 1046 3592 1100; x_wconf 88' lang='lat' dir='ltr'><strong>alium</strong></span> <span class='ocrx_word' id='word_1_205' title='bbox 3610 1063 3693 1102; x_wconf 82' lang='lat' dir='ltr'><strong>non-</strong></span> 
     </span>
    </p>
   </div>
   <div class='ocr_carea' id='block_1_25' title="bbox 2267 1133 3694 1202">
    <p class='ocr_par' dir='ltr' id='par_1_25' title="bbox 2267 1133 3694 1202">
     <span class='ocr_line' id='line_1_25' title="bbox 2267 1133 3694 1202; baseline 0.006 -16"><span class='ocrx_word' id='word_1_206' title='bbox 2267 1148 2539 1201; x_wconf 86' lang='lat' dir='ltr'><strong>nunquam</strong></span> <span class='ocrx_word' id='word_1_207' title='bbox 2569 1148 2768 1202; x_wconf 91' lang='lat' dir='ltr'><strong>pravus</strong></span> <span class='ocrx_word' id='word_1_208' title='bbox 2808 1133 3035 1202; x_wconf 90' lang='lat' dir='ltr'><strong>quilibet</strong></span> <span class='ocrx_word' id='word_1_209' title='bbox 3075 1135 3306 1202; x_wconf 85' lang='lat' dir='ltr'><strong>decipere</strong></span> <span class='ocrx_word' id='word_1_210' title='bbox 3332 1136 3531 1202; x_wconf 88' lang='lat' dir='ltr'><strong>molitur,</strong></span> <span class='ocrx_word' id='word_1_211' title='bbox 3565 1151 3694 1194; x_wconf 82' lang='lat' dir='ltr'><strong>semet-</strong></span> 
     </span>
    </p>
   </div>
   <div class='ocr_carea' id='block_1_26' title="bbox 2268 1220 3695 1291">
    <p class='ocr_par' dir='ltr' id='par_1_26' title="bbox 2268 1220 3695 1291">
     <span class='ocr_line' id='line_1_26' title="bbox 2268 1220 3695 1291; baseline 0.006 -17"><span class='ocrx_word' id='word_1_212' title='bbox 2268 1220 2440 1289; x_wconf 86' lang='lat' dir='ltr'><strong>ipsum</strong></span> <span class='ocrx_word' id='word_1_213' title='bbox 2470 1222 2686 1290; x_wconf 89' lang='lat' dir='ltr'><strong>decipit.</strong></span> <span class='ocrx_word' id='word_1_214' title='bbox 2738 1220 2934 1285; x_wconf 80' lang='lat' dir='ltr'><strong>Fovea,</strong></span> <span class='ocrx_word' id='word_1_215' title='bbox 2985 1223 3172 1276; x_wconf 80' lang='lat' dir='ltr'><strong>vitium</strong></span> <span class='ocrx_word' id='word_1_216' title='bbox 3221 1225 3556 1291; x_wconf 71' lang='lat' dir='ltr'><strong>excusationis,</strong></span> <span class='ocrx_word' id='word_1_217' title='bbox 3589 1237 3631 1282; x_wconf 84' lang='lat' dir='ltr'><strong>ut</strong></span> <span class='ocrx_word' id='word_1_218' title='bbox 3661 1230 3695 1283; x_wconf 83' lang='lat' dir='ltr'><strong>in</strong></span> 
     </span>
    </p>
   </div>
   <div class='ocr_carea' id='block_1_27' title="bbox 2266 1310 3694 1388">
    <p class='ocr_par' dir='ltr' id='par_1_27' title="bbox 2266 1310 3694 1388">
     <span class='ocr_line' id='line_1_27' title="bbox 2266 1310 3694 1388; baseline 0.005 -23"><span class='ocrx_word' id='word_1_219' title='bbox 2266 1311 2443 1365; x_wconf 89' lang='lat' dir='ltr'><strong>Isaia:</strong></span> <span class='ocrx_word' id='word_1_220' title='bbox 2483 1330 2500 1361; x_wconf 74' lang='grc' dir='ltr'><strong>ι</strong></span> <span class='ocrx_word' id='word_1_221' title='bbox 2544 1310 2619 1366; x_wconf 86' lang='lat' dir='ltr'><strong>lbi</strong></span> <span class='ocrx_word' id='word_1_222' title='bbox 2679 1313 2869 1366; x_wconf 87' lang='lat' dir='ltr'><strong>habuit</strong></span> <span class='ocrx_word' id='word_1_223' title='bbox 2910 1314 2924 1332; x_wconf 89' lang='lat'><strong><em>‘</em></strong></span> <span class='ocrx_word' id='word_1_224' title='bbox 2974 1313 3182 1367; x_wconf 89' lang='lat' dir='ltr'><strong>foveam</strong></span> <span class='ocrx_word' id='word_1_225' title='bbox 3235 1315 3413 1369; x_wconf 87' lang='lat' dir='ltr'><strong>ericius</strong></span> <span class='ocrx_word' id='word_1_226' title='bbox 3449 1317 3511 1382; x_wconf 84' lang='lat'><strong>&quot;;</strong></span> <span class='ocrx_word' id='word_1_227' title='bbox 3553 1319 3694 1388; x_wconf 72' lang='lat' dir='ltr'><strong>iquad,</strong></span> 
     </span>
    </p>
   </div>
   <div class='ocr_carea' id='block_1_28' title="bbox 2268 1401 3698 1474">
    <p class='ocr_par' dir='ltr' id='par_1_28' title="bbox 2268 1401 3698 1474">
     <span class='ocr_line' id='line_1_28' title="bbox 2268 1401 3698 1474; baseline 0.006 -21"><span class='ocrx_word' id='word_1_228' title='bbox 2268 1401 2481 1470; x_wconf 91' lang='lat' dir='ltr'><strong>quando</strong></span> <span class='ocrx_word' id='word_1_229' title='bbox 2504 1401 2768 1472; x_wconf 89' lang='lat' dir='ltr'><strong>superbus</strong></span> <span class='ocrx_word' id='word_1_230' title='bbox 2797 1403 2862 1457; x_wconf 92' lang='lat' dir='ltr'><strong>de</strong></span> <span class='ocrx_word' id='word_1_231' title='bbox 2907 1413 3130 1472; x_wconf 90' lang='lat' dir='ltr'><strong>peccato</strong></span> <span class='ocrx_word' id='word_1_232' title='bbox 3169 1420 3260 1459; x_wconf 91' lang='lat' dir='ltr'><strong>suo</strong></span> <span class='ocrx_word' id='word_1_233' title='bbox 3291 1405 3553 1474; x_wconf 85' lang='lat' dir='ltr'><strong>corripitur,</strong></span> <span class='ocrx_word' id='word_1_234' title='bbox 3583 1409 3630 1462; x_wconf 86' lang='lat' dir='ltr'><strong>ad</strong></span> <span class='ocrx_word' id='word_1_235' title='bbox 3651 1417 3698 1462; x_wconf 78' lang='lat' dir='ltr'><strong>te-</strong></span> 
     </span>
    </p>
   </div>
   <div class='ocr_carea' id='block_1_29' title="bbox 2267 1492 3698 1566">
    <p class='ocr_par' dir='ltr' id='par_1_29' title="bbox 2267 1492 3698 1566">
     <span class='ocr_line' id='line_1_29' title="bbox 2267 1492 3698 1566; baseline 0.004 -22"><span class='ocrx_word' id='word_1_236' title='bbox 2267 1492 2464 1546; x_wconf 86' lang='lat' dir='ltr'><strong>nebras</strong></span> <span class='ocrx_word' id='word_1_237' title='bbox 2486 1493 2853 1548; x_wconf 83' lang='lat' dir='ltr'><strong>excusationis</strong></span> <span class='ocrx_word' id='word_1_238' title='bbox 2878 1493 3138 1564; x_wconf 74' lang='lat' dir='ltr'><strong>confugit.</strong></span> <span class='ocrx_word' id='word_1_239' title='bbox 3192 1493 3374 1561; x_wconf 81' lang='lat' dir='ltr'><strong>Faveo,</strong></span> <span class='ocrx_word' id='word_1_240' title='bbox 3414 1499 3618 1566; x_wconf 87' lang='lat' dir='ltr'><strong>cupiditas</strong></span> <span class='ocrx_word' id='word_1_241' title='bbox 3633 1508 3698 1552; x_wconf 83' lang='lat' dir='ltr'><strong>ter-</strong></span> 
     </span>
    </p>
   </div>
   <div class='ocr_carea' id='block_1_30' title="bbox 2269 1582 3699 1659">
    <p class='ocr_par' dir='ltr' id='par_1_30' title="bbox 2269 1582 3699 1659">
     <span class='ocr_line' id='line_1_30' title="bbox 2269 1582 3699 1659; baseline 0.007 -23"><span class='ocrx_word' id='word_1_242' title='bbox 2269 1597 2422 1648; x_wconf 88' lang='lat' dir='ltr'><strong>rena,</strong></span> <span class='ocrx_word' id='word_1_243' title='bbox 2472 1592 2533 1637; x_wconf 91' lang='lat' dir='ltr'><strong>ut</strong></span> <span class='ocrx_word' id='word_1_244' title='bbox 2579 1587 2633 1638; x_wconf 91' lang='lat' dir='ltr'><strong>in</strong></span> <span class='ocrx_word' id='word_1_245' title='bbox 2671 1582 2771 1638; x_wconf 83' lang='lat' dir='ltr'><strong>Job</strong></span> <span class='ocrx_word' id='word_1_246' title='bbox 2803 1603 2815 1638; x_wconf 94' lang='lat'><strong>:</strong></span> <span class='ocrx_word' id='word_1_247' title='bbox 2851 1603 2869 1634; x_wconf 85' lang='grc'><strong><em>‹</em></strong></span> <span class='ocrx_word' id='word_1_248' title='bbox 2901 1584 3092 1640; x_wconf 87' lang='lat' dir='ltr'><strong>Facies</strong></span> <span class='ocrx_word' id='word_1_249' title='bbox 3129 1600 3308 1640; x_wconf 90' lang='lat' dir='ltr'><strong>eorum</strong></span> <span class='ocrx_word' id='word_1_250' title='bbox 3347 1587 3552 1659; x_wconf 78' lang='lat' dir='ltr'><strong>demerge</strong></span> <span class='ocrx_word' id='word_1_251' title='bbox 3585 1591 3622 1644; x_wconf 91' lang='lat' dir='ltr'><strong>in</strong></span> <span class='ocrx_word' id='word_1_252' title='bbox 3652 1593 3699 1647; x_wconf 85' lang='lat' dir='ltr'><strong>fo-</strong></span> 
     </span>
    </p>
   </div>
   <div class='ocr_carea' id='block_1_31' title="bbox 2267 1673 3700 1743">
    <p class='ocr_par' dir='ltr' id='par_1_31' title="bbox 2267 1673 3700 1743">
     <span class='ocr_line' id='line_1_31' title="bbox 2267 1673 3700 1743; baseline 0.006 -19"><span class='ocrx_word' id='word_1_253' title='bbox 2267 1686 2424 1726; x_wconf 89' lang='lat' dir='ltr'><strong>veam</strong></span> <span class='ocrx_word' id='word_1_254' title='bbox 2451 1673 2517 1738; x_wconf 82' lang='grc'><strong>²⁰,</strong></span> <span class='ocrx_word' id='word_1_255' title='bbox 2547 1691 2566 1724; x_wconf 74' lang='grc' dir='ltr'><strong>ι</strong></span> <span class='ocrx_word' id='word_1_256' title='bbox 2589 1673 2732 1742; x_wconf 91' lang='lat' dir='ltr'><strong>quod</strong></span> <span class='ocrx_word' id='word_1_257' title='bbox 2757 1674 2968 1743; x_wconf 88' lang='lat' dir='ltr'><strong>reprobi</strong></span> <span class='ocrx_word' id='word_1_258' title='bbox 2988 1689 3201 1729; x_wconf 88' lang='lat' dir='ltr'><strong>omnem</strong></span> <span class='ocrx_word' id='word_1_259' title='bbox 3221 1690 3362 1729; x_wconf 88' lang='lat' dir='ltr'><strong>suum</strong></span> <span class='ocrx_word' id='word_1_260' title='bbox 3379 1676 3579 1732; x_wconf 87' lang='lat' dir='ltr'><strong>intuitum</strong></span> <span class='ocrx_word' id='word_1_261' title='bbox 3589 1680 3700 1734; x_wconf 77' lang='lat' dir='ltr'><strong>adm-</strong></span> 
     </span>
    </p>
   </div>
   <div class='ocr_carea' id='block_1_32' title="bbox 593 1750 2162 1835">
    <p class='ocr_par' dir='ltr' id='par_1_32' title="bbox 593 1763 2162 1835">
     <span class='ocr_line' id='line_1_32' title="bbox 593 1763 2162 1835; baseline 0.003 -19"><span class='ocrx_word' id='word_1_262' title='bbox 593 1763 854 1826; x_wconf 86' lang='lat' dir='ltr'><strong>diabolus,</strong></span> <span class='ocrx_word' id='word_1_263' title='bbox 887 1772 948 1818; x_wconf 89' lang='lat' dir='ltr'><strong>ut</strong></span> <span class='ocrx_word' id='word_1_264' title='bbox 971 1765 1024 1818; x_wconf 90' lang='lat' dir='ltr'><strong>in</strong></span> <span class='ocrx_word' id='word_1_265' title='bbox 1049 1765 1340 1835; x_wconf 88' lang='lat' dir='ltr'><strong>Evangelia</strong></span> <span class='ocrx_word' id='word_1_266' title='bbox 1367 1783 1381 1818; x_wconf 92' lang='lat'><strong>:</strong></span> <span class='ocrx_word' id='word_1_267' title='bbox 1429 1785 1446 1815; x_wconf 76' lang='grc' dir='ltr'><strong>ι</strong></span> <span class='ocrx_word' id='word_1_268' title='bbox 1467 1766 1604 1819; x_wconf 90' lang='lat' dir='ltr'><strong>Dum</strong></span> <span class='ocrx_word' id='word_1_269' title='bbox 1633 1765 1787 1821; x_wconf 85' lang='lat' dir='ltr'><strong>fortis</strong></span> <span class='ocrx_word' id='word_1_270' title='bbox 1811 1775 2054 1822; x_wconf 87' lang='lat' dir='ltr'><strong>armatus</strong></span> <span class='ocrx_word' id='word_1_271' title='bbox 2074 1783 2162 1822; x_wconf 94' lang='lat' dir='ltr'><strong>cu-</strong></span> 
     </span>
    </p>
   </div>
   <div class='ocr_carea' id='block_1_33' title="bbox 2223 1750 3699 1835">
    <p class='ocr_par' dir='ltr' id='par_1_33' title="bbox 2223 1751 3699 1832">
     <span class='ocr_line' id='line_1_33' title="bbox 2223 1751 3699 1832; baseline 0.01 -24"><span class='ocrx_word' id='word_1_272' title='bbox 2223 1751 2242 1808; x_wconf 77' lang='grc' dir='ltr'><strong>ι</strong></span> <span class='ocrx_word' id='word_1_273' title='bbox 2267 1760 2548 1829; x_wconf 88' lang='lat' dir='ltr'><strong>piditatem</strong></span> <span class='ocrx_word' id='word_1_274' title='bbox 2574 1770 2844 1816; x_wconf 87' lang='lat' dir='ltr'><strong>terrenam</strong></span> <span class='ocrx_word' id='word_1_275' title='bbox 2893 1762 3189 1817; x_wconf 76' lang='lat' dir='ltr'><strong>inflectunt.</strong></span> <span class='ocrx_word' id='word_1_276' title='bbox 3237 1769 3414 1830; x_wconf 68' lang='lat' dir='ltr'><strong>rauca,</strong></span> <span class='ocrx_word' id='word_1_277' title='bbox 3440 1767 3455 1786; x_wconf 84' lang='lat'><strong><em>‘</em></strong></span> <span class='ocrx_word' id='word_1_278' title='bbox 3565 1771 3699 1832; x_wconf 86' lang='lat' dir='ltr'><strong>mortis,</strong></span> 
     </span>
    </p>
   </div>
   <div class='ocr_carea' id='block_1_34' title="bbox 593 1855 2169 1928">
    <p class='ocr_par' dir='ltr' id='par_1_34' title="bbox 593 1855 2169 1928">
     <span class='ocr_line' id='line_1_34' title="bbox 593 1855 2169 1928; baseline 0.002 -20"><span class='ocrx_word' id='word_1_279' title='bbox 593 1855 757 1909; x_wconf 86' lang='lat' dir='ltr'><strong>stodit</strong></span> <span class='ocrx_word' id='word_1_280' title='bbox 813 1855 1092 1912; x_wconf 83' lang='lat' dir='ltr'><strong>atriasua</strong></span> <span class='ocrx_word' id='word_1_281' title='bbox 1118 1858 1162 1922; x_wconf 67' lang='grc'><strong>⁸,</strong></span> <span class='ocrx_word' id='word_1_282' title='bbox 1197 1876 1215 1907; x_wconf 73' lang='grc' dir='ltr'><strong>ι</strong></span> <span class='ocrx_word' id='word_1_283' title='bbox 1259 1856 1314 1910; x_wconf 91' lang='lat' dir='ltr'><strong>id</strong></span> <span class='ocrx_word' id='word_1_284' title='bbox 1342 1865 1448 1921; x_wconf 89' lang='lat' dir='ltr'><strong>est,</strong></span> <span class='ocrx_word' id='word_1_285' title='bbox 1485 1857 1610 1911; x_wconf 91' lang='lat' dir='ltr'><strong>dum</strong></span> <span class='ocrx_word' id='word_1_286' title='bbox 1634 1857 1881 1913; x_wconf 89' lang='lat' dir='ltr'><strong>diabolus</strong></span> <span class='ocrx_word' id='word_1_287' title='bbox 1929 1857 2169 1928; x_wconf 89' lang='lat' dir='ltr'><strong>possidet</strong></span> 
     </span>
    </p>
   </div>
   <div class='ocr_carea' id='block_1_35' title="bbox 591 1945 2169 2015">
    <p class='ocr_par' dir='ltr' id='par_1_35' title="bbox 591 1945 2169 2015">
     <span class='ocr_line' id='line_1_35' title="bbox 591 1945 2169 2015; baseline 0.003 -15"><span class='ocrx_word' id='word_1_288' title='bbox 591 1946 868 2000; x_wconf 85' lang='lat' dir='ltr'><strong>mundum.</strong></span> <span class='ocrx_word' id='word_1_289' title='bbox 898 1947 1002 2001; x_wconf 91' lang='lat' dir='ltr'><strong>Per</strong></span> <span class='ocrx_word' id='word_1_290' title='bbox 1026 1946 1187 2015; x_wconf 76' lang='lat' dir='ltr'><strong>fortes</strong></span> <span class='ocrx_word' id='word_1_291' title='bbox 1219 1945 1410 2013; x_wconf 83' lang='lat' dir='ltr'><strong>Judaei,</strong></span> <span class='ocrx_word' id='word_1_292' title='bbox 1457 1957 1518 2002; x_wconf 91' lang='lat' dir='ltr'><strong>ut</strong></span> <span class='ocrx_word' id='word_1_293' title='bbox 1545 1949 1597 2002; x_wconf 91' lang='lat' dir='ltr'><strong>in</strong></span> <span class='ocrx_word' id='word_1_294' title='bbox 1643 1948 1913 2004; x_wconf 86' lang='lat' dir='ltr'><strong>Psalmis:</strong></span> <span class='ocrx_word' id='word_1_295' title='bbox 1951 1968 1970 2001; x_wconf 85' lang='grc'><em>‹</em></span> <span class='ocrx_word' id='word_1_296' title='bbox 1999 1949 2169 2004; x_wconf 87' lang='lat' dir='ltr'><strong>Irrue-</strong></span> 
     </span>
    </p>
   </div>
   <div class='ocr_carea' id='block_1_36' title="bbox 590 2035 2170 2105">
    <p class='ocr_par' dir='ltr' id='par_1_36' title="bbox 590 2035 2170 2105">
     <span class='ocr_line' id='line_1_36' title="bbox 590 2035 2170 2105; baseline 0.004 -15"><span class='ocrx_word' id='word_1_297' title='bbox 590 2043 720 2090; x_wconf 85' lang='lat' dir='ltr'><strong>runt</strong></span> <span class='ocrx_word' id='word_1_298' title='bbox 749 2035 804 2090; x_wconf 90' lang='lat' dir='ltr'><strong>in</strong></span> <span class='ocrx_word' id='word_1_299' title='bbox 830 2051 917 2093; x_wconf 87' lang='lat' dir='ltr'><strong>me</strong></span> <span class='ocrx_word' id='word_1_300' title='bbox 963 2037 1131 2092; x_wconf 77' lang='lat' dir='ltr'><strong>fortes</strong></span> <span class='ocrx_word' id='word_1_301' title='bbox 1159 2039 1200 2104; x_wconf 81' lang='grc'><strong>⁵,</strong></span> <span class='ocrx_word' id='word_1_302' title='bbox 1236 2058 1254 2090; x_wconf 71' lang='grc' dir='ltr'><strong>ι</strong></span> <span class='ocrx_word' id='word_1_303' title='bbox 1289 2039 1342 2094; x_wconf 91' lang='lat' dir='ltr'><strong>id</strong></span> <span class='ocrx_word' id='word_1_304' title='bbox 1378 2048 1484 2105; x_wconf 92' lang='lat' dir='ltr'><strong>est,</strong></span> <span class='ocrx_word' id='word_1_305' title='bbox 1529 2040 1820 2094; x_wconf 72' lang='lat' dir='ltr'><strong>saevierunt</strong></span> <span class='ocrx_word' id='word_1_306' title='bbox 1865 2049 2052 2096; x_wconf 89' lang='lat' dir='ltr'><strong>contra</strong></span> <span class='ocrx_word' id='word_1_307' title='bbox 2081 2056 2170 2097; x_wconf 91' lang='lat' dir='ltr'><strong>me</strong></span> 
     </span>
    </p>
   </div>
   <div class='ocr_carea' id='block_1_37' title="bbox 588 2125 2168 2198">
    <p class='ocr_par' dir='ltr' id='par_1_37' title="bbox 588 2125 2168 2198">
     <span class='ocr_line' id='line_1_37' title="bbox 588 2125 2168 2198; baseline 0.005 -16"><span class='ocrx_word' id='word_1_308' title='bbox 588 2125 779 2182; x_wconf 66' lang='lat' dir='ltr'><strong>Judaei.</strong></span> <span class='ocrx_word' id='word_1_309' title='bbox 809 2126 912 2182; x_wconf 88' lang='lat' dir='ltr'><strong>Per</strong></span> <span class='ocrx_word' id='word_1_310' title='bbox 947 2128 1106 2198; x_wconf 78' lang='lat' dir='ltr'><strong>{artes</strong></span> <span class='ocrx_word' id='word_1_311' title='bbox 1131 2129 1420 2195; x_wconf 67' lang='lat' dir='ltr'><strong>daamones,</strong></span> <span class='ocrx_word' id='word_1_312' title='bbox 1451 2138 1512 2184; x_wconf 91' lang='lat' dir='ltr'><strong>ut</strong></span> <span class='ocrx_word' id='word_1_313' title='bbox 1541 2130 1594 2184; x_wconf 91' lang='lat' dir='ltr'><strong>in</strong></span> <span class='ocrx_word' id='word_1_314' title='bbox 1624 2131 1854 2186; x_wconf 89' lang='lat' dir='ltr'><strong>Psalmis</strong></span> <span class='ocrx_word' id='word_1_315' title='bbox 1879 2150 1893 2187; x_wconf 92' lang='lat'><strong>:</strong></span> <span class='ocrx_word' id='word_1_316' title='bbox 1931 2152 1949 2185; x_wconf 75' lang='grc' dir='ltr'><strong>ι</strong></span> <span class='ocrx_word' id='word_1_317' title='bbox 1978 2133 2168 2190; x_wconf 87' lang='lat' dir='ltr'><strong>Fortes</strong></span> 
     </span>
    </p>
   </div>
   <div class='ocr_carea' id='block_1_38' title="bbox 585 2215 2169 2288">
    <p class='ocr_par' dir='ltr' id='par_1_38' title="bbox 585 2215 2169 2288">
     <span class='ocr_line' id='line_1_38' title="bbox 585 2215 2169 2288; baseline 0.008 -20"><span class='ocrx_word' id='word_1_318' title='bbox 585 2215 920 2285; x_wconf 84' lang='lat' dir='ltr'><strong>quaesierunt</strong></span> <span class='ocrx_word' id='word_1_319' title='bbox 945 2218 1181 2272; x_wconf 88' lang='lat' dir='ltr'><strong>animam</strong></span> <span class='ocrx_word' id='word_1_320' title='bbox 1224 2235 1402 2274; x_wconf 88' lang='lat' dir='ltr'><strong>meam</strong></span> <span class='ocrx_word' id='word_1_321' title='bbox 1431 2220 1476 2285; x_wconf 83' lang='lat'><strong>°,</strong></span> <span class='ocrx_word' id='word_1_322' title='bbox 1511 2239 1530 2272; x_wconf 77' lang='grc' dir='ltr'><strong>ι</strong></span> <span class='ocrx_word' id='word_1_323' title='bbox 1562 2220 1616 2276; x_wconf 91' lang='lat' dir='ltr'><strong>id</strong></span> <span class='ocrx_word' id='word_1_324' title='bbox 1643 2231 1748 2288; x_wconf 90' lang='lat' dir='ltr'><strong>est,</strong></span> <span class='ocrx_word' id='word_1_325' title='bbox 1775 2223 2049 2280; x_wconf 64' lang='lat' dir='ltr'><strong>daemones</strong></span> <span class='ocrx_word' id='word_1_326' title='bbox 2078 2225 2169 2280; x_wconf 85' lang='lat' dir='ltr'><strong>de-</strong></span> 
     </span>
    </p>
   </div>
   <div class='ocr_carea' id='block_1_39' title="bbox 593 2307 1692 2381">
    <p class='ocr_par' dir='ltr' id='par_1_39' title="bbox 593 2307 1692 2381">
     <span class='ocr_line' id='line_1_39' title="bbox 593 2307 1692 2381; baseline 0.004 -19"><span class='ocrx_word' id='word_1_327' title='bbox 593 2307 971 2362; x_wconf 79' lang='lat' dir='ltr'><strong>sideraverunt</strong></span> <span class='ocrx_word' id='word_1_328' title='bbox 1007 2310 1242 2364; x_wconf 91' lang='lat' dir='ltr'><strong>animam</strong></span> <span class='ocrx_word' id='word_1_329' title='bbox 1271 2325 1445 2364; x_wconf 90' lang='lat' dir='ltr'><strong>meam</strong></span> <span class='ocrx_word' id='word_1_330' title='bbox 1475 2327 1692 2381; x_wconf 91' lang='lat' dir='ltr'><strong>capere.</strong></span> 
     </span>
    </p>
   </div>
   <div class='ocr_carea' id='block_1_40' title="bbox 663 2396 2169 2466">
    <p class='ocr_par' dir='ltr' id='par_1_40' title="bbox 663 2396 2169 2466">
     <span class='ocr_line' id='line_1_40' title="bbox 663 2396 2169 2466; baseline 0.008 -17"><span class='ocrx_word' id='word_1_331' title='bbox 663 2396 944 2452; x_wconf 80' lang='lat' dir='ltr'><strong>Fortitudo</strong></span> <span class='ocrx_word' id='word_1_332' title='bbox 967 2407 1053 2454; x_wconf 90' lang='lat' dir='ltr'><strong>est</strong></span> <span class='ocrx_word' id='word_1_333' title='bbox 1078 2400 1134 2453; x_wconf 88' lang='lat' dir='ltr'><strong>in</strong></span> <span class='ocrx_word' id='word_1_334' title='bbox 1158 2401 1321 2466; x_wconf 91' lang='lat' dir='ltr'><strong>bono,</strong></span> <span class='ocrx_word' id='word_1_335' title='bbox 1348 2408 1409 2454; x_wconf 89' lang='lat' dir='ltr'><strong>ut</strong></span> <span class='ocrx_word' id='word_1_336' title='bbox 1436 2401 1490 2455; x_wconf 91' lang='lat' dir='ltr'><strong>in</strong></span> <span class='ocrx_word' id='word_1_337' title='bbox 1539 2401 1805 2456; x_wconf 89' lang='lat' dir='ltr'><strong>Psalmis:</strong></span> <span class='ocrx_word' id='word_1_338' title='bbox 1853 2422 1872 2454; x_wconf 85' lang='grc'><strong><em>‹</em></strong></span> <span class='ocrx_word' id='word_1_339' title='bbox 1908 2403 2169 2461; x_wconf 86' lang='lat' dir='ltr'><strong>Dominus</strong></span> 
     </span>
    </p>
   </div>
   <div class='ocr_carea' id='block_1_41' title="bbox 589 2485 2167 2560">
    <p class='ocr_par' dir='ltr' id='par_1_41' title="bbox 589 2485 2167 2560">
     <span class='ocr_line' id='line_1_41' title="bbox 589 2485 2167 2560; baseline 0.006 -19"><span class='ocrx_word' id='word_1_340' title='bbox 589 2485 852 2543; x_wconf 87' lang='lat' dir='ltr'><strong>fortitudo</strong></span> <span class='ocrx_word' id='word_1_341' title='bbox 897 2488 1070 2559; x_wconf 89' lang='lat' dir='ltr'><strong>plebis</strong></span> <span class='ocrx_word' id='word_1_342' title='bbox 1104 2505 1215 2544; x_wconf 71' lang='lat' dir='ltr'><strong>sua:</strong></span> <span class='ocrx_word' id='word_1_343' title='bbox 1242 2491 1283 2554; x_wconf 83' lang='grc'><strong>⁷,</strong></span> <span class='ocrx_word' id='word_1_344' title='bbox 1314 2509 1334 2543; x_wconf 72' lang='grc' dir='ltr'><strong>ι</strong></span> <span class='ocrx_word' id='word_1_345' title='bbox 1369 2491 1514 2560; x_wconf 90' lang='lat' dir='ltr'><strong>quod</strong></span> <span class='ocrx_word' id='word_1_346' title='bbox 1549 2491 1690 2547; x_wconf 92' lang='lat' dir='ltr'><strong>Deus</strong></span> <span class='ocrx_word' id='word_1_347' title='bbox 1713 2492 1914 2550; x_wconf 90' lang='lat' dir='ltr'><strong>electos</strong></span> <span class='ocrx_word' id='word_1_348' title='bbox 1939 2509 2066 2550; x_wconf 91' lang='lat' dir='ltr'><strong>suos</strong></span> <span class='ocrx_word' id='word_1_349' title='bbox 2098 2495 2167 2552; x_wconf 87' lang='lat' dir='ltr'><strong>ad</strong></span> 
     </span>
    </p>
   </div>
   <div class='ocr_carea' id='block_1_42' title="bbox 586 2579 2168 2653">
    <p class='ocr_par' dir='ltr' id='par_1_42' title="bbox 586 2579 2168 2653">
     <span class='ocr_line' id='line_1_42' title="bbox 586 2579 2168 2653; baseline 0.004 -19"><span class='ocrx_word' id='word_1_350' title='bbox 586 2579 951 2649; x_wconf 86' lang='lat' dir='ltr'><strong>superandum</strong></span> <span class='ocrx_word' id='word_1_351' title='bbox 979 2581 1250 2636; x_wconf 88' lang='lat' dir='ltr'><strong>diabolum</strong></span> <span class='ocrx_word' id='word_1_352' title='bbox 1286 2579 1455 2638; x_wconf 87' lang='lat' dir='ltr'><strong>fortes</strong></span> <span class='ocrx_word' id='word_1_353' title='bbox 1483 2582 1610 2638; x_wconf 88' lang='lat' dir='ltr'><strong>fecit</strong></span> <span class='ocrx_word' id='word_1_354' title='bbox 1633 2584 2004 2653; x_wconf 85' lang='lat' dir='ltr'><strong>spiritualiter.</strong></span> <span class='ocrx_word' id='word_1_355' title='bbox 2035 2584 2168 2639; x_wconf 87' lang='lat' dir='ltr'><strong>Far-</strong></span> 
     </span>
    </p>
   </div>
   <div class='ocr_carea' id='block_1_43' title="bbox 587 2668 2167 2745">
    <p class='ocr_par' dir='ltr' id='par_1_43' title="bbox 587 2668 2167 2745">
     <span class='ocr_line' id='line_1_43' title="bbox 587 2668 2167 2745; baseline 0.006 -23"><span class='ocrx_word' id='word_1_356' title='bbox 587 2669 656 2723; x_wconf 91' lang='lat' dir='ltr'><strong>tis</strong></span> <span class='ocrx_word' id='word_1_357' title='bbox 682 2668 739 2723; x_wconf 90' lang='lat' dir='ltr'><strong>in</strong></span> <span class='ocrx_word' id='word_1_358' title='bbox 767 2668 932 2735; x_wconf 88' lang='lat' dir='ltr'><strong>malo,</strong></span> <span class='ocrx_word' id='word_1_359' title='bbox 967 2676 1028 2724; x_wconf 90' lang='lat' dir='ltr'><strong>ut</strong></span> <span class='ocrx_word' id='word_1_360' title='bbox 1056 2670 1112 2724; x_wconf 91' lang='lat' dir='ltr'><strong>in</strong></span> <span class='ocrx_word' id='word_1_361' title='bbox 1162 2669 1264 2728; x_wconf 83' lang='lat' dir='ltr'><strong>Job</strong></span> <span class='ocrx_word' id='word_1_362' title='bbox 1297 2689 1310 2726; x_wconf 89' lang='lat'><strong>:</strong></span> <span class='ocrx_word' id='word_1_363' title='bbox 1347 2689 1368 2723; x_wconf 75' lang='grc' dir='ltr'><strong>ι</strong></span> <span class='ocrx_word' id='word_1_364' title='bbox 1422 2672 1482 2727; x_wconf 89' lang='lat' dir='ltr'><strong>In</strong></span> <span class='ocrx_word' id='word_1_365' title='bbox 1527 2673 1666 2728; x_wconf 89' lang='lat' dir='ltr'><strong>collo</strong></span> <span class='ocrx_word' id='word_1_366' title='bbox 1715 2674 1832 2745; x_wconf 86' lang='lat' dir='ltr'><strong>ejus</strong></span> <span class='ocrx_word' id='word_1_367' title='bbox 1867 2675 2167 2732; x_wconf 90' lang='lat' dir='ltr'><strong>morabitur</strong></span> 
     </span>
    </p>
   </div>
   <div class='ocr_carea' id='block_1_44' title="bbox 587 2756 2166 2828">
    <p class='ocr_par' dir='ltr' id='par_1_44' title="bbox 587 2756 2166 2828">
     <span class='ocr_line' id='line_1_44' title="bbox 587 2756 2166 2828; baseline 0.006 -17"><span class='ocrx_word' id='word_1_368' title='bbox 587 2756 848 2814; x_wconf 85' lang='lat' dir='ltr'><strong>fortitudo</strong></span> <span class='ocrx_word' id='word_1_369' title='bbox 881 2757 926 2826; x_wconf 84' lang='grc'><strong>⁸,</strong></span> <span class='ocrx_word' id='word_1_370' title='bbox 960 2777 980 2812; x_wconf 74' lang='grc' dir='ltr'><strong>ι</strong></span> <span class='ocrx_word' id='word_1_371' title='bbox 1019 2758 1162 2828; x_wconf 91' lang='lat' dir='ltr'><strong>quod</strong></span> <span class='ocrx_word' id='word_1_372' title='bbox 1207 2759 1264 2814; x_wconf 92' lang='lat' dir='ltr'><strong>in</strong></span> <span class='ocrx_word' id='word_1_373' title='bbox 1302 2761 1562 2818; x_wconf 87' lang='lat' dir='ltr'><strong>membris</strong></span> <span class='ocrx_word' id='word_1_374' title='bbox 1610 2762 1810 2820; x_wconf 89' lang='lat' dir='ltr'><strong>diaboli</strong></span> <span class='ocrx_word' id='word_1_375' title='bbox 1858 2764 2166 2820; x_wconf 88' lang='lat' dir='ltr'><strong>damnabile</strong></span> 
     </span>
    </p>
   </div>
   <div class='ocr_carea' id='block_1_45' title="bbox 588 2848 888 2904">
    <p class='ocr_par' dir='ltr' id='par_1_45' title="bbox 588 2848 888 2904">
     <span class='ocr_line' id='line_1_45' title="bbox 588 2848 888 2904; baseline -0.003 -1"><span class='ocrx_word' id='word_1_376' title='bbox 588 2848 757 2903; x_wconf 89' lang='lat' dir='ltr'><strong>robur</strong></span> <span class='ocrx_word' id='word_1_377' title='bbox 782 2857 888 2904; x_wconf 90' lang='lat' dir='ltr'><strong>est.</strong></span> 
     </span>
    </p>
   </div>
   <div class='ocr_carea' id='block_1_46' title="bbox 657 2936 2159 3012">
    <p class='ocr_par' dir='ltr' id='par_1_46' title="bbox 657 2936 2159 3012">
     <span class='ocr_line' id='line_1_46' title="bbox 657 2936 2159 3012; baseline 0.007 -22"><span class='ocrx_word' id='word_1_378' title='bbox 657 2936 832 2992; x_wconf 88' lang='lat' dir='ltr'><strong>Frons</strong></span> <span class='ocrx_word' id='word_1_379' title='bbox 874 2945 958 2993; x_wconf 90' lang='lat' dir='ltr'><strong>est</strong></span> <span class='ocrx_word' id='word_1_380' title='bbox 1007 2954 1164 2995; x_wconf 91' lang='lat' dir='ltr'><strong>mens</strong></span> <span class='ocrx_word' id='word_1_381' title='bbox 1208 2939 1497 3009; x_wconf 85' lang='lat' dir='ltr'><strong>cujuslibet</strong></span> <span class='ocrx_word' id='word_1_382' title='bbox 1537 2941 1696 3012; x_wconf 93' lang='lat' dir='ltr'><strong>justi,</strong></span> <span class='ocrx_word' id='word_1_383' title='bbox 1738 2951 1798 2998; x_wconf 90' lang='lat' dir='ltr'><strong>ut</strong></span> <span class='ocrx_word' id='word_1_384' title='bbox 1849 2945 1903 2999; x_wconf 90' lang='lat' dir='ltr'><strong>in</strong></span> <span class='ocrx_word' id='word_1_385' title='bbox 1931 2945 2159 3002; x_wconf 80' lang='lat' dir='ltr'><strong>Exodo:</strong></span> 
     </span>
    </p>
   </div>
   <div class='ocr_carea' id='block_1_47' title="bbox 590 3027 2161 3102">
    <p class='ocr_par' dir='ltr' id='par_1_47' title="bbox 590 3027 2161 3102">
     <span class='ocr_line' id='line_1_47' title="bbox 590 3027 2161 3102; baseline 0.006 -23"><span class='ocrx_word' id='word_1_386' title='bbox 590 3045 613 3079; x_wconf 81' lang='grc'><em>‹</em></span> <span class='ocrx_word' id='word_1_387' title='bbox 651 3027 767 3082; x_wconf 87' lang='lat' dir='ltr'><strong>Erit</strong></span> <span class='ocrx_word' id='word_1_388' title='bbox 793 3035 973 3081; x_wconf 91' lang='lat' dir='ltr'><strong>autem</strong></span> <span class='ocrx_word' id='word_1_389' title='bbox 1012 3043 1228 3099; x_wconf 88' lang='lat' dir='ltr'><strong>semper</strong></span> <span class='ocrx_word' id='word_1_390' title='bbox 1256 3029 1456 3084; x_wconf 90' lang='lat' dir='ltr'><strong>lamina</strong></span> <span class='ocrx_word' id='word_1_391' title='bbox 1483 3030 1538 3084; x_wconf 90' lang='lat' dir='ltr'><strong>in</strong></span> <span class='ocrx_word' id='word_1_392' title='bbox 1589 3029 1729 3086; x_wconf 90' lang='lat' dir='ltr'><strong>forte</strong></span> <span class='ocrx_word' id='word_1_393' title='bbox 1757 3029 1874 3099; x_wconf 93' lang='lat' dir='ltr'><strong>ejus</strong></span> <span class='ocrx_word' id='word_1_394' title='bbox 1893 3032 1935 3096; x_wconf 67' lang='lat'><strong>9,</strong></span> <span class='ocrx_word' id='word_1_395' title='bbox 1967 3052 1986 3085; x_wconf 75' lang='grc' dir='ltr'><strong>ι</strong></span> <span class='ocrx_word' id='word_1_396' title='bbox 2017 3033 2161 3102; x_wconf 88' lang='lat' dir='ltr'><strong>quod</strong></span> 
     </span>
    </p>
   </div>
   <div class='ocr_carea' id='block_1_48' title="bbox 586 3120 2161 3180">
    <p class='ocr_par' dir='ltr' id='par_1_48' title="bbox 586 3120 2161 3180">
     <span class='ocr_line' id='line_1_48' title="bbox 586 3120 2161 3180; baseline 0.004 -6"><span class='ocrx_word' id='word_1_397' title='bbox 586 3120 640 3174; x_wconf 91' lang='lat' dir='ltr'><strong>in</strong></span> <span class='ocrx_word' id='word_1_398' title='bbox 664 3129 843 3174; x_wconf 89' lang='lat' dir='ltr'><strong>mente</strong></span> <span class='ocrx_word' id='word_1_399' title='bbox 871 3121 975 3175; x_wconf 91' lang='lat' dir='ltr'><strong>viri</strong></span> <span class='ocrx_word' id='word_1_400' title='bbox 1008 3121 1184 3176; x_wconf 91' lang='lat' dir='ltr'><strong>sancti</strong></span> <span class='ocrx_word' id='word_1_401' title='bbox 1214 3121 1478 3176; x_wconf 88' lang='lat' dir='ltr'><strong>memoria</strong></span> <span class='ocrx_word' id='word_1_402' title='bbox 1504 3137 1625 3177; x_wconf 90' lang='lat' dir='ltr'><strong>esse</strong></span> <span class='ocrx_word' id='word_1_403' title='bbox 1671 3123 1830 3178; x_wconf 92' lang='lat' dir='ltr'><strong>debet</strong></span> <span class='ocrx_word' id='word_1_404' title='bbox 1869 3124 2161 3180; x_wconf 73' lang='lat' dir='ltr'><strong>Dominica:</strong></span> 
     </span>
    </p>
   </div>
   <div class='ocr_carea' id='block_1_49' title="bbox 586 3209 2165 3281">
    <p class='ocr_par' dir='ltr' id='par_1_49' title="bbox 586 3209 2165 3281">
     <span class='ocr_line' id='line_1_49' title="bbox 586 3209 2165 3281; baseline 0.003 -17"><span class='ocrx_word' id='word_1_405' title='bbox 586 3211 854 3280; x_wconf 88' lang='lat' dir='ltr'><strong>passionis</strong></span> <span class='ocrx_word' id='word_1_406' title='bbox 883 3225 1116 3281; x_wconf 89' lang='lat' dir='ltr'><strong>semper.</strong></span> <span class='ocrx_word' id='word_1_407' title='bbox 1152 3209 1347 3277; x_wconf 81' lang='lat' dir='ltr'><strong>Frons,</strong></span> <span class='ocrx_word' id='word_1_408' title='bbox 1374 3210 1705 3280; x_wconf 87' lang='lat' dir='ltr'><strong>impudentia</strong></span> <span class='ocrx_word' id='word_1_409' title='bbox 1733 3213 1912 3268; x_wconf 91' lang='lat' dir='ltr'><strong>carnis</strong></span> <span class='ocrx_word' id='word_1_410' title='bbox 1932 3213 2018 3268; x_wconf 85' lang='lat' dir='ltr'><strong>vel</strong></span> <span class='ocrx_word' id='word_1_411' title='bbox 2047 3230 2165 3270; x_wconf 89' lang='lat' dir='ltr'><strong>cor-</strong></span> 
     </span>
    </p>
   </div>
   <div class='ocr_carea' id='block_1_50' title="bbox 589 3301 2164 3367">
    <p class='ocr_par' dir='ltr' id='par_1_50' title="bbox 589 3301 2164 3367">
     <span class='ocr_line' id='line_1_50' title="bbox 589 3301 2164 3367; baseline 0.002 -11"><span class='ocrx_word' id='word_1_412' title='bbox 589 3303 691 3367; x_wconf 90' lang='lat' dir='ltr'><strong>dis,</strong></span> <span class='ocrx_word' id='word_1_413' title='bbox 714 3312 774 3356; x_wconf 94' lang='lat' dir='ltr'><strong>ut</strong></span> <span class='ocrx_word' id='word_1_414' title='bbox 819 3303 874 3357; x_wconf 90' lang='lat' dir='ltr'><strong>in</strong></span> <span class='ocrx_word' id='word_1_415' title='bbox 900 3301 1224 3357; x_wconf 88' lang='lat' dir='ltr'><strong>Ezechiele:</strong></span> <span class='ocrx_word' id='word_1_416' title='bbox 1258 3319 1278 3352; x_wconf 80' lang='grc'><strong>(</strong></span> <span class='ocrx_word' id='word_1_417' title='bbox 1335 3301 1536 3356; x_wconf 91' lang='lat' dir='ltr'><strong>Domus</strong></span> <span class='ocrx_word' id='word_1_418' title='bbox 1568 3301 1733 3356; x_wconf 87' lang='lat' dir='ltr'><strong>Israel</strong></span> <span class='ocrx_word' id='word_1_419' title='bbox 1773 3304 1956 3357; x_wconf 89' lang='lat' dir='ltr'><strong>attrita</strong></span> <span class='ocrx_word' id='word_1_420' title='bbox 1986 3303 2164 3360; x_wconf 89' lang='lat' dir='ltr'><strong>fronte</strong></span> 
     </span>
    </p>
   </div>
   <div class='ocr_carea' id='block_1_51' title="bbox 583 3391 2164 3465">
    <p class='ocr_par' dir='ltr' id='par_1_51' title="bbox 583 3391 2164 3465">
     <span class='ocr_line' id='line_1_51' title="bbox 583 3391 2164 3465; baseline 0.003 -18"><span class='ocrx_word' id='word_1_421' title='bbox 583 3403 672 3448; x_wconf 90' lang='lat' dir='ltr'><strong>est</strong></span> <span class='ocrx_word' id='word_1_422' title='bbox 695 3393 761 3458; x_wconf 74' lang='grc' dir='ltr'><strong>ιο,</strong></span> <span class='ocrx_word' id='word_1_423' title='bbox 796 3412 814 3444; x_wconf 77' lang='grc' dir='ltr'><strong>ι</strong></span> <span class='ocrx_word' id='word_1_424' title='bbox 852 3393 994 3463; x_wconf 87' lang='lat' dir='ltr'><strong>quod</strong></span> <span class='ocrx_word' id='word_1_425' title='bbox 1042 3391 1197 3462; x_wconf 88' lang='lat' dir='ltr'><strong>pravi</strong></span> <span class='ocrx_word' id='word_1_426' title='bbox 1247 3391 1476 3461; x_wconf 89' lang='lat' dir='ltr'><strong>quilibet</strong></span> <span class='ocrx_word' id='word_1_427' title='bbox 1515 3408 1613 3464; x_wconf 87' lang='lat' dir='ltr'><strong>per</strong></span> <span class='ocrx_word' id='word_1_428' title='bbox 1661 3393 1840 3449; x_wconf 88' lang='lat' dir='ltr'><strong>cordis</strong></span> <span class='ocrx_word' id='word_1_429' title='bbox 1887 3396 2164 3465; x_wconf 86' lang='lat' dir='ltr'><strong>impuden-</strong></span> 
     </span>
    </p>
   </div>
   <div class='ocr_carea' id='block_1_52' title="bbox 589 3483 1049 3538">
    <p class='ocr_par' dir='ltr' id='par_1_52' title="bbox 589 3483 1049 3538">
     <span class='ocr_line' id='line_1_52' title="bbox 589 3483 1049 3538; baseline 0.002 -2"><span class='ocrx_word' id='word_1_430' title='bbox 589 3485 721 3536; x_wconf 85' lang='lat' dir='ltr'><strong>tiam</strong></span> <span class='ocrx_word' id='word_1_431' title='bbox 745 3483 873 3538; x_wconf 91' lang='lat' dir='ltr'><strong>dicti</strong></span> <span class='ocrx_word' id='word_1_432' title='bbox 904 3492 1049 3538; x_wconf 90' lang='lat' dir='ltr'><strong>sunt.</strong></span> 
     </span>
    </p>
   </div>
   <div class='ocr_carea' id='block_1_53' title="bbox 661 3573 2162 3649">
    <p class='ocr_par' dir='ltr' id='par_1_53' title="bbox 661 3573 2162 3649">
     <span class='ocr_line' id='line_1_53' title="bbox 661 3573 2162 3649; baseline 0.007 -23"><span class='ocrx_word' id='word_1_433' title='bbox 661 3573 879 3628; x_wconf 72' lang='lat' dir='ltr'><strong>Fornax</strong></span> <span class='ocrx_word' id='word_1_434' title='bbox 903 3583 988 3629; x_wconf 88' lang='lat' dir='ltr'><strong>est</strong></span> <span class='ocrx_word' id='word_1_435' title='bbox 1022 3574 1412 3640; x_wconf 83' lang='lat' dir='ltr'><strong>Antichristus,</strong></span> <span class='ocrx_word' id='word_1_436' title='bbox 1440 3583 1501 3630; x_wconf 89' lang='lat' dir='ltr'><strong>ut</strong></span> <span class='ocrx_word' id='word_1_437' title='bbox 1527 3577 1581 3631; x_wconf 92' lang='lat' dir='ltr'><strong>in</strong></span> <span class='ocrx_word' id='word_1_438' title='bbox 1601 3576 1921 3649; x_wconf 82' lang='lat' dir='ltr'><strong>Apocalypsi</strong></span> <span class='ocrx_word' id='word_1_439' title='bbox 1949 3597 1961 3633; x_wconf 95' lang='lat'><strong>:</strong></span> <span class='ocrx_word' id='word_1_440' title='bbox 1997 3600 2015 3632; x_wconf 84' lang='grc'><strong><em>‹</em></strong></span> <span class='ocrx_word' id='word_1_441' title='bbox 2046 3580 2162 3636; x_wconf 90' lang='lat' dir='ltr'><strong>Sic-</strong></span> 
     </span>
    </p>
   </div>
   <div class='ocr_carea' id='block_1_54' title="bbox 587 3664 2162 3737">
    <p class='ocr_par' dir='ltr' id='par_1_54' title="bbox 587 3664 2162 3737">
     <span class='ocr_line' id='line_1_54' title="bbox 587 3664 2162 3737; baseline 0.006 -21"><span class='ocrx_word' id='word_1_442' title='bbox 587 3673 650 3719; x_wconf 90' lang='lat' dir='ltr'><strong>ut</strong></span> <span class='ocrx_word' id='word_1_443' title='bbox 677 3664 855 3720; x_wconf 87' lang='lat' dir='ltr'><strong>fumus</strong></span> <span class='ocrx_word' id='word_1_444' title='bbox 880 3665 1116 3722; x_wconf 84' lang='lat' dir='ltr'><strong>fornacis</strong></span> <span class='ocrx_word' id='word_1_445' title='bbox 1143 3682 1350 3737; x_wconf 84' lang='lat' dir='ltr'><strong>magnae</strong></span> <span class='ocrx_word' id='word_1_446' title='bbox 1386 3668 1451 3732; x_wconf 83' lang='lat'><strong>“,</strong></span> <span class='ocrx_word' id='word_1_447' title='bbox 1485 3687 1503 3718; x_wconf 81' lang='grc'><strong>»</strong></span> <span class='ocrx_word' id='word_1_448' title='bbox 1536 3667 1589 3720; x_wconf 89' lang='lat' dir='ltr'><strong>id</strong></span> <span class='ocrx_word' id='word_1_449' title='bbox 1635 3676 1738 3732; x_wconf 92' lang='lat' dir='ltr'><strong>est,</strong></span> <span class='ocrx_word' id='word_1_450' title='bbox 1768 3669 2012 3723; x_wconf 87' lang='lat' dir='ltr'><strong>doctrina</strong></span> <span class='ocrx_word' id='word_1_451' title='bbox 2035 3670 2162 3726; x_wconf 90' lang='lat' dir='ltr'><strong>elati</strong></span> 
     </span>
    </p>
   </div>
   <div class='ocr_carea' id='block_1_55' title="bbox 586 3753 2158 3826">
    <p class='ocr_par' dir='ltr' id='par_1_55' title="bbox 586 3753 2158 3826">
     <span class='ocr_line' id='line_1_55' title="bbox 586 3753 2158 3826; baseline 0.004 -18"><span class='ocrx_word' id='word_1_452' title='bbox 586 3753 923 3820; x_wconf 79' lang='lat' dir='ltr'><strong>Antichristi,</strong></span> <span class='ocrx_word' id='word_1_453' title='bbox 973 3757 1064 3826; x_wconf 91' lang='lat' dir='ltr'><strong>qui</strong></span> <span class='ocrx_word' id='word_1_454' title='bbox 1099 3756 1311 3812; x_wconf 79' lang='lat' dir='ltr'><strong>*bonos</strong></span> <span class='ocrx_word' id='word_1_455' title='bbox 1360 3757 1605 3826; x_wconf 88' lang='lat' dir='ltr'><strong>probat:</strong></span> <span class='ocrx_word' id='word_1_456' title='bbox 1652 3758 1822 3812; x_wconf 88' lang='lat' dir='ltr'><strong>malos</strong></span> <span class='ocrx_word' id='word_1_457' title='bbox 1873 3760 2158 3814; x_wconf 88' lang='lat' dir='ltr'><strong>incinerat.</strong></span> 
     </span>
    </p>
   </div>
   <div class='ocr_carea' id='block_1_56' title="bbox 591 3835 2162 3920">
    <p class='ocr_par' dir='ltr' id='par_1_56' title="bbox 591 3835 2162 3920">
     <span class='ocr_line' id='line_1_56' title="bbox 591 3835 2162 3920; baseline 0.005 -21"><span class='ocrx_word' id='word_1_458' title='bbox 591 3835 833 3914; x_wconf 75' lang='lat' dir='ltr'><strong>Fornax,</strong></span> <span class='ocrx_word' id='word_1_459' title='bbox 867 3850 1164 3915; x_wconf 90' lang='lat' dir='ltr'><strong>tribulatio,</strong></span> <span class='ocrx_word' id='word_1_460' title='bbox 1213 3860 1272 3904; x_wconf 90' lang='lat' dir='ltr'><strong>ut</strong></span> <span class='ocrx_word' id='word_1_461' title='bbox 1320 3851 1376 3904; x_wconf 91' lang='lat' dir='ltr'><strong>in</strong></span> <span class='ocrx_word' id='word_1_462' title='bbox 1407 3851 1546 3906; x_wconf 86' lang='lat' dir='ltr'><strong>libro</strong></span> <span class='ocrx_word' id='word_1_463' title='bbox 1595 3849 1921 3920; x_wconf 55' lang='lat' dir='ltr'><strong>Sapientiam</strong></span> <span class='ocrx_word' id='word_1_464' title='bbox 1959 3871 1978 3903; x_wconf 74' lang='grc' dir='ltr'><strong>ι</strong></span> <span class='ocrx_word' id='word_1_465' title='bbox 2023 3853 2162 3907; x_wconf 87' lang='lat' dir='ltr'><strong>Tan-</strong></span> 
     </span>
    </p>
   </div>
   <div class='ocr_carea' id='block_1_57' title="bbox 584 3939 2163 4012">
    <p class='ocr_par' dir='ltr' id='par_1_57' title="bbox 584 3939 2163 4012">
     <span class='ocr_line' id='line_1_57' title="bbox 584 3939 2163 4012; baseline 0.005 -21"><span class='ocrx_word' id='word_1_466' title='bbox 584 3954 748 4008; x_wconf 89' lang='lat' dir='ltr'><strong>quam</strong></span> <span class='ocrx_word' id='word_1_467' title='bbox 773 3954 964 3993; x_wconf 91' lang='lat' dir='ltr'><strong>aurum</strong></span> <span class='ocrx_word' id='word_1_468' title='bbox 992 3941 1045 3994; x_wconf 91' lang='lat' dir='ltr'><strong>in</strong></span> <span class='ocrx_word' id='word_1_469' title='bbox 1079 3939 1300 3996; x_wconf 85' lang='lat' dir='ltr'><strong>fornace</strong></span> <span class='ocrx_word' id='word_1_470' title='bbox 1343 3942 1593 4010; x_wconf 86' lang='lat' dir='ltr'><strong>probavit</strong></span> <span class='ocrx_word' id='word_1_471' title='bbox 1634 3958 1728 3996; x_wconf 91' lang='lat' dir='ltr'><strong>eos</strong></span> <span class='ocrx_word' id='word_1_472' title='bbox 1760 3945 1826 4009; x_wconf 76' lang='grc' dir='ltr'><strong>η,</strong></span> <span class='ocrx_word' id='word_1_473' title='bbox 1863 3963 1882 3996; x_wconf 75' lang='grc' dir='ltr'><strong>ι</strong></span> <span class='ocrx_word' id='word_1_474' title='bbox 1911 3945 2054 4012; x_wconf 91' lang='lat' dir='ltr'><strong>quod</strong></span> <span class='ocrx_word' id='word_1_475' title='bbox 2081 3949 2163 3999; x_wconf 90' lang='lat' dir='ltr'><strong>vi-</strong></span> 
     </span>
    </p>
   </div>
   <div class='ocr_carea' id='block_1_58' title="bbox 586 4031 2159 4100">
    <p class='ocr_par' dir='ltr' id='par_1_58' title="bbox 586 4031 2159 4100">
     <span class='ocr_line' id='line_1_58' title="bbox 586 4031 2159 4100; baseline 0.006 -20"><span class='ocrx_word' id='word_1_476' title='bbox 586 4043 676 4082; x_wconf 89' lang='lat' dir='ltr'><strong>ros</strong></span> <span class='ocrx_word' id='word_1_477' title='bbox 697 4037 911 4096; x_wconf 87' lang='lat' dir='ltr'><strong>sanctos</strong></span> <span class='ocrx_word' id='word_1_478' title='bbox 936 4031 1212 4083; x_wconf 82' lang='lat' dir='ltr'><strong>examinat</strong></span> <span class='ocrx_word' id='word_1_479' title='bbox 1241 4031 1382 4085; x_wconf 90' lang='lat' dir='ltr'><strong>Deus</strong></span> <span class='ocrx_word' id='word_1_480' title='bbox 1426 4032 1479 4084; x_wconf 91' lang='lat' dir='ltr'><strong>in</strong></span> <span class='ocrx_word' id='word_1_481' title='bbox 1522 4031 1886 4088; x_wconf 88' lang='lat' dir='ltr'><strong>tribulatione.</strong></span> <span class='ocrx_word' id='word_1_482' title='bbox 1923 4032 2159 4100; x_wconf 76' lang='lat' dir='ltr'><strong>Fornax,</strong></span> 
     </span>
    </p>
   </div>
   <div class='ocr_carea' id='block_1_59' title="bbox 585 4120 2160 4191">
    <p class='ocr_par' dir='ltr' id='par_1_59' title="bbox 585 4120 2160 4191">
     <span class='ocr_line' id='line_1_59' title="bbox 585 4120 2160 4191; baseline 0.005 -19"><span class='ocrx_word' id='word_1_483' title='bbox 585 4120 750 4174; x_wconf 86' lang='lat' dir='ltr'><strong>ardor</strong></span> <span class='ocrx_word' id='word_1_484' title='bbox 776 4122 1225 4189; x_wconf 81' lang='lat' dir='ltr'><strong>concupiscentiae</strong></span> <span class='ocrx_word' id='word_1_485' title='bbox 1253 4120 1595 4185; x_wconf 88' lang='lat' dir='ltr'><strong>carnalis,.ut</strong></span> <span class='ocrx_word' id='word_1_486' title='bbox 1622 4122 1673 4176; x_wconf 90' lang='lat' dir='ltr'><strong>in</strong></span> <span class='ocrx_word' id='word_1_487' title='bbox 1706 4122 1886 4191; x_wconf 81' lang='lat' dir='ltr'><strong>Lege:</strong></span> <span class='ocrx_word' id='word_1_488' title='bbox 1925 4142 1942 4173; x_wconf 84' lang='grc'>‹</span> <span class='ocrx_word' id='word_1_489' title='bbox 1986 4124 2160 4180; x_wconf 81' lang='lat' dir='ltr'><strong>Eduxi</strong></span> 
     </span>
    </p>
   </div>
   <div class='ocr_carea' id='block_1_60' title="bbox 584 4211 2162 4284">
    <p class='ocr_par' dir='ltr' id='par_1_60' title="bbox 584 4211 2162 4284">
     <span class='ocr_line' id='line_1_60' title="bbox 584 4211 2162 4284; baseline 0.008 -22"><span class='ocrx_word' id='word_1_490' title='bbox 584 4225 682 4264; x_wconf 87' lang='lat' dir='ltr'><strong>vos</strong></span> <span class='ocrx_word' id='word_1_491' title='bbox 718 4211 786 4265; x_wconf 91' lang='lat' dir='ltr'><strong>de</strong></span> <span class='ocrx_word' id='word_1_492' title='bbox 812 4211 1060 4282; x_wconf 63' lang='lat' dir='ltr'><strong>Egypto,</strong></span> <span class='ocrx_word' id='word_1_493' title='bbox 1113 4213 1179 4267; x_wconf 88' lang='lat' dir='ltr'><strong>de</strong></span> <span class='ocrx_word' id='word_1_494' title='bbox 1227 4211 1448 4267; x_wconf 89' lang='lat' dir='ltr'><strong>fornace</strong></span> <span class='ocrx_word' id='word_1_495' title='bbox 1491 4211 1665 4268; x_wconf 89' lang='lat' dir='ltr'><strong>ferrea</strong></span> <span class='ocrx_word' id='word_1_496' title='bbox 1698 4215 1762 4280; x_wconf 85' lang='grc'><strong>¹³,</strong></span> <span class='ocrx_word' id='word_1_497' title='bbox 1795 4234 1812 4266; x_wconf 77' lang='grc' dir='ltr'><strong>ι</strong></span> <span class='ocrx_word' id='word_1_498' title='bbox 1847 4218 1988 4284; x_wconf 90' lang='lat' dir='ltr'><strong>quod</strong></span> <span class='ocrx_word' id='word_1_499' title='bbox 2021 4218 2162 4275; x_wconf 90' lang='lat' dir='ltr'><strong>Deus</strong></span> 
     </span>
    </p>
   </div>
   <div class='ocr_carea' id='block_1_61' title="bbox 583 4300 2161 4373">
    <p class='ocr_par' dir='ltr' id='par_1_61' title="bbox 583 4300 2161 4373">
     <span class='ocr_line' id='line_1_61' title="bbox 583 4300 2161 4373; baseline 0.006 -19"><span class='ocrx_word' id='word_1_500' title='bbox 583 4300 784 4355; x_wconf 87' lang='lat' dir='ltr'><strong>electos</strong></span> <span class='ocrx_word' id='word_1_501' title='bbox 834 4317 960 4356; x_wconf 91' lang='lat' dir='ltr'><strong>suos</strong></span> <span class='ocrx_word' id='word_1_502' title='bbox 1012 4311 1068 4356; x_wconf 88' lang='lat' dir='ltr'><strong>et</strong></span> <span class='ocrx_word' id='word_1_503' title='bbox 1121 4303 1187 4356; x_wconf 91' lang='lat' dir='ltr'><strong>de</strong></span> <span class='ocrx_word' id='word_1_504' title='bbox 1217 4303 1457 4358; x_wconf 88' lang='lat' dir='ltr'><strong>tenebris</strong></span> <span class='ocrx_word' id='word_1_505' title='bbox 1506 4303 1848 4373; x_wconf 63' lang='lat' dir='ltr'><strong>ignorantiae,</strong></span> <span class='ocrx_word' id='word_1_506' title='bbox 1905 4309 2161 4364; x_wconf 83' lang='lat' dir='ltr'><strong>et‘diris</strong></span> 
     </span>
    </p>
   </div>
   <div class='ocr_carea' id='block_1_62' title="bbox 582 4391 1862 4463">
    <p class='ocr_par' dir='ltr' id='par_1_62' title="bbox 582 4391 1862 4463">
     <span class='ocr_line' id='line_1_62' title="bbox 582 4391 1862 4463; baseline 0.005 -19"><span class='ocrx_word' id='word_1_507' title='bbox 582 4391 816 4446; x_wconf 88' lang='lat' dir='ltr'><strong>carnalis</strong></span> <span class='ocrx_word' id='word_1_508' title='bbox 844 4394 1291 4463; x_wconf 74' lang='lat' dir='ltr'><strong>concupiscentia:</strong></span> <span class='ocrx_word' id='word_1_509' title='bbox 1322 4394 1588 4449; x_wconf 87' lang='lat' dir='ltr'><strong>incendiis</strong></span> <span class='ocrx_word' id='word_1_510' title='bbox 1617 4397 1630 4416; x_wconf 81' lang='lat'><strong><em>‘</em></strong></span> <span class='ocrx_word' id='word_1_511' title='bbox 1661 4396 1862 4451; x_wconf 89' lang='lat' dir='ltr'><strong>educit.</strong></span> 
     </span>
    </p>
   </div>
   <div class='ocr_carea' id='block_1_63' title="bbox 653 4480 2154 4549">
    <p class='ocr_par' dir='ltr' id='par_1_63' title="bbox 653 4480 2154 4549">
     <span class='ocr_line' id='line_1_63' title="bbox 653 4480 2154 4549; baseline 0.008 -16"><span class='ocrx_word' id='word_1_512' title='bbox 653 4480 825 4536; x_wconf 80' lang='lat' dir='ltr'><strong>Fossa</strong></span> <span class='ocrx_word' id='word_1_513' title='bbox 876 4491 959 4537; x_wconf 90' lang='lat' dir='ltr'><strong>est</strong></span> <span class='ocrx_word' id='word_1_514' title='bbox 998 4484 1295 4549; x_wconf 91' lang='lat' dir='ltr'><strong>humilitas,</strong></span> <span class='ocrx_word' id='word_1_515' title='bbox 1323 4494 1382 4538; x_wconf 90' lang='lat' dir='ltr'><strong>ut</strong></span> <span class='ocrx_word' id='word_1_516' title='bbox 1413 4485 1466 4538; x_wconf 90' lang='lat' dir='ltr'><strong>in</strong></span> <span class='ocrx_word' id='word_1_517' title='bbox 1505 4486 1827 4541; x_wconf 86' lang='lat' dir='ltr'><strong>Ezechiele:</strong></span> <span class='ocrx_word' id='word_1_518' title='bbox 1859 4507 1877 4537; x_wconf 85' lang='grc'><strong><em>‹</em></strong></span> <span class='ocrx_word' id='word_1_519' title='bbox 1910 4488 2077 4544; x_wconf 84' lang='lat' dir='ltr'><strong>Fossa</strong></span> <span class='ocrx_word' id='word_1_520' title='bbox 2099 4491 2154 4544; x_wconf 91' lang='lat' dir='ltr'><strong>in</strong></span> 
     </span>
    </p>
   </div>
   <div class='ocr_carea' id='block_1_64' title="bbox 579 4572 2156 4643">
    <p class='ocr_par' dir='ltr' id='par_1_64' title="bbox 579 4572 2156 4643">
     <span class='ocr_line' id='line_1_64' title="bbox 579 4572 2156 4643; baseline 0.006 -16"><span class='ocrx_word' id='word_1_521' title='bbox 579 4573 736 4628; x_wconf 87' lang='lat' dir='ltr'><strong>altari</strong></span> <span class='ocrx_word' id='word_1_522' title='bbox 768 4572 859 4627; x_wconf 87' lang='lat' dir='ltr'><strong>fiat</strong></span> <span class='ocrx_word' id='word_1_523' title='bbox 887 4572 953 4639; x_wconf 62' lang='grc' dir='ltr'><strong>ιδ,</strong></span> <span class='ocrx_word' id='word_1_524' title='bbox 990 4593 1008 4624; x_wconf 79' lang='grc' dir='ltr'><strong>ι</strong></span> <span class='ocrx_word' id='word_1_525' title='bbox 1044 4576 1186 4643; x_wconf 88' lang='lat' dir='ltr'><strong>quod</strong></span> <span class='ocrx_word' id='word_1_526' title='bbox 1206 4583 1266 4628; x_wconf 92' lang='lat' dir='ltr'><strong>ut</strong></span> <span class='ocrx_word' id='word_1_527' title='bbox 1299 4575 1508 4629; x_wconf 87' lang='lat' dir='ltr'><strong>interna</strong></span> <span class='ocrx_word' id='word_1_528' title='bbox 1537 4577 1590 4629; x_wconf 92' lang='lat' dir='ltr'><strong>in</strong></span> <span class='ocrx_word' id='word_1_529' title='bbox 1623 4591 1681 4630; x_wconf 89' lang='lat' dir='ltr'><strong>se</strong></span> <span class='ocrx_word' id='word_1_530' title='bbox 1710 4577 1850 4631; x_wconf 89' lang='lat' dir='ltr'><strong>bona</strong></span> <span class='ocrx_word' id='word_1_531' title='bbox 1878 4594 2031 4634; x_wconf 91' lang='lat' dir='ltr'><strong>mens</strong></span> <span class='ocrx_word' id='word_1_532' title='bbox 2059 4597 2156 4636; x_wconf 89' lang='lat' dir='ltr'><strong>no-</strong></span> 
     </span>
    </p>
   </div>
   <div class='ocr_carea' id='block_1_65' title="bbox 579 4665 2153 4733">
    <p class='ocr_par' dir='ltr' id='par_1_65' title="bbox 579 4665 2153 4733">
     <span class='ocr_line' id='line_1_65' title="bbox 579 4665 2153 4733; baseline 0.006 -16"><span class='ocrx_word' id='word_1_533' title='bbox 579 4673 690 4718; x_wconf 87' lang='lat' dir='ltr'><strong>stra</strong></span> <span class='ocrx_word' id='word_1_534' title='bbox 738 4671 1040 4728; x_wconf 89' lang='lat' dir='ltr'><strong>conservet,</strong></span> <span class='ocrx_word' id='word_1_535' title='bbox 1091 4672 1306 4733; x_wconf 88' lang='lat' dir='ltr'><strong>oportet</strong></span> <span class='ocrx_word' id='word_1_536' title='bbox 1354 4675 1414 4718; x_wconf 93' lang='lat' dir='ltr'><strong>ut</strong></span> <span class='ocrx_word' id='word_1_537' title='bbox 1443 4669 1460 4684; x_wconf 84' lang='lat'><strong>&#39;</strong></span> <span class='ocrx_word' id='word_1_538' title='bbox 1514 4665 1841 4721; x_wconf 87' lang='lat' dir='ltr'><strong>humilitatis</strong></span> <span class='ocrx_word' id='word_1_539' title='bbox 1896 4670 2153 4726; x_wconf 89' lang='lat' dir='ltr'><strong>virtutem</strong></span> 
     </span>
    </p>
   </div>
   <div class='ocr_carea' id='block_1_66' title="bbox 578 4753 2153 4825">
    <p class='ocr_par' dir='ltr' id='par_1_66' title="bbox 578 4753 2153 4825">
     <span class='ocr_line' id='line_1_66' title="bbox 578 4753 2153 4825; baseline 0.007 -17"><span class='ocrx_word' id='word_1_540' title='bbox 578 4769 685 4808; x_wconf 88' lang='lat' dir='ltr'><strong>non</strong></span> <span class='ocrx_word' id='word_1_541' title='bbox 715 4754 1002 4824; x_wconf 89' lang='lat' dir='ltr'><strong>relinquat.</strong></span> <span class='ocrx_word' id='word_1_542' title='bbox 1033 4753 1226 4825; x_wconf 81' lang='lat' dir='ltr'><strong>Fossa,</strong></span> <span class='ocrx_word' id='word_1_543' title='bbox 1259 4757 1520 4810; x_wconf 91' lang='lat' dir='ltr'><strong>memoria</strong></span> <span class='ocrx_word' id='word_1_544' title='bbox 1551 4758 1805 4824; x_wconf 89' lang='lat' dir='ltr'><strong>hominis,</strong></span> <span class='ocrx_word' id='word_1_545' title='bbox 1839 4769 1899 4814; x_wconf 90' lang='lat' dir='ltr'><strong>ut</strong></span> <span class='ocrx_word' id='word_1_546' title='bbox 1925 4761 1976 4815; x_wconf 91' lang='lat' dir='ltr'><strong>in</strong></span> <span class='ocrx_word' id='word_1_547' title='bbox 2002 4762 2153 4819; x_wconf 91' lang='lat' dir='ltr'><strong>libris</strong></span> 
     </span>
    </p>
   </div>
   <div class='ocr_carea' id='block_1_67' title="bbox 578 4847 2145 4926">
    <p class='ocr_par' dir='ltr' id='par_1_67' title="bbox 578 4847 2145 4926">
     <span class='ocr_line' id='line_1_67' title="bbox 578 4847 2145 4926; baseline 0.007 -25"><span class='ocrx_word' id='word_1_548' title='bbox 578 4847 832 4918; x_wconf 78' lang='lat' dir='ltr'><strong>Regum:</strong></span> <span class='ocrx_word' id='word_1_549' title='bbox 872 4869 890 4901; x_wconf 73' lang='grc' dir='ltr'><strong>ι</strong></span> <span class='ocrx_word' id='word_1_550' title='bbox 924 4851 990 4906; x_wconf 85' lang='grc' dir='ltr'><strong>Ει</strong></span> <span class='ocrx_word' id='word_1_551' title='bbox 1050 4851 1192 4906; x_wconf 91' lang='lat' dir='ltr'><strong>fossa</strong></span> <span class='ocrx_word' id='word_1_552' title='bbox 1229 4855 1575 4922; x_wconf 65' lang='lat' dir='ltr'><strong>aquaaductus</strong></span> <span class='ocrx_word' id='word_1_553' title='bbox 1627 4856 1826 4926; x_wconf 91' lang='lat' dir='ltr'><strong>repleta</strong></span> <span class='ocrx_word' id='word_1_554' title='bbox 1884 4867 1969 4913; x_wconf 87' lang='lat' dir='ltr'><strong>est</strong></span> <span class='ocrx_word' id='word_1_555' title='bbox 2015 4861 2081 4926; x_wconf 79' lang='grc'><strong>¹⁸,</strong></span> <span class='ocrx_word' id='word_1_556' title='bbox 2127 4880 2145 4912; x_wconf 72' lang='grc' dir='ltr'><strong>ι</strong></span> 
     </span>
    </p>
   </div>
   <div class='ocr_carea' id='block_1_68' title="bbox 578 4943 2154 5018">
    <p class='ocr_par' dir='ltr' id='par_1_68' title="bbox 578 4943 2154 5018">
     <span class='ocr_line' id='line_1_68' title="bbox 578 4943 2154 5018; baseline 0.008 -24"><span class='ocrx_word' id='word_1_557' title='bbox 578 4943 722 5011; x_wconf 82' lang='lat' dir='ltr'><strong>quod</strong></span> <span class='ocrx_word' id='word_1_558' title='bbox 749 4953 968 4999; x_wconf 91' lang='lat' dir='ltr'><strong>sanctus</strong></span> <span class='ocrx_word' id='word_1_559' title='bbox 997 4946 1224 5016; x_wconf 89' lang='lat' dir='ltr'><strong>quilibet</strong></span> <span class='ocrx_word' id='word_1_560' title='bbox 1249 4948 1476 5002; x_wconf 89' lang='lat' dir='ltr'><strong>humore</strong></span> <span class='ocrx_word' id='word_1_561' title='bbox 1502 4949 1689 5017; x_wconf 71' lang='lat' dir='ltr'><strong>gratia:</strong></span> <span class='ocrx_word' id='word_1_562' title='bbox 1711 4950 2007 5018; x_wconf 90' lang='lat' dir='ltr'><strong>spiritualis</strong></span> <span class='ocrx_word' id='word_1_563' title='bbox 2037 4968 2154 5006; x_wconf 85' lang='lat' dir='ltr'><strong>me—</strong></span> 
     </span>
    </p>
   </div>
   <div class='ocr_carea' id='block_1_69' title="bbox 582 5033 2159 5112">
    <p class='ocr_par' dir='ltr' id='par_1_69' title="bbox 582 5033 2159 5112">
     <span class='ocr_line' id='line_1_69' title="bbox 582 5033 2159 5112; baseline 0.007 -27"><span class='ocrx_word' id='word_1_564' title='bbox 582 5033 810 5086; x_wconf 88' lang='lat' dir='ltr'><strong>moriam</strong></span> <span class='ocrx_word' id='word_1_565' title='bbox 845 5050 996 5088; x_wconf 90' lang='lat' dir='ltr'><strong>suam</strong></span> <span class='ocrx_word' id='word_1_566' title='bbox 1030 5036 1303 5106; x_wconf 88' lang='lat' dir='ltr'><strong>impletam</strong></span> <span class='ocrx_word' id='word_1_567' title='bbox 1329 5039 1511 5093; x_wconf 89' lang='lat' dir='ltr'><strong>habet.</strong></span> <span class='ocrx_word' id='word_1_568' title='bbox 1545 5037 1736 5105; x_wconf 83' lang='lat' dir='ltr'><strong>Fossa,</strong></span> <span class='ocrx_word' id='word_1_569' title='bbox 1763 5041 1936 5094; x_wconf 85' lang='lat' dir='ltr'><strong>virtus</strong></span> <span class='ocrx_word' id='word_1_570' title='bbox 1955 5043 2159 5112; x_wconf 88' lang='lat' dir='ltr'><strong>patien-</strong></span> 
     </span>
    </p>
   </div>
   <div class='ocr_carea' id='block_1_70' title="bbox 578 5123 2147 5197">
    <p class='ocr_par' dir='ltr' id='par_1_70' title="bbox 578 5123 2147 5197">
     <span class='ocr_line' id='line_1_70' title="bbox 578 5123 2147 5197; baseline 0.005 -21"><span class='ocrx_word' id='word_1_571' title='bbox 578 5123 688 5189; x_wconf 66' lang='lat' dir='ltr'><strong>tiae,</strong></span> <span class='ocrx_word' id='word_1_572' title='bbox 712 5133 771 5179; x_wconf 93' lang='grc' dir='ltr'><strong>ιιι</strong></span> <span class='ocrx_word' id='word_1_573' title='bbox 806 5125 861 5180; x_wconf 90' lang='lat' dir='ltr'><strong>in</strong></span> <span class='ocrx_word' id='word_1_574' title='bbox 899 5126 1034 5181; x_wconf 89' lang='lat' dir='ltr'><strong>Isaia</strong></span> <span class='ocrx_word' id='word_1_575' title='bbox 1063 5144 1074 5179; x_wconf 94' lang='lat'><strong>:</strong></span> <span class='ocrx_word' id='word_1_576' title='bbox 1113 5144 1132 5177; x_wconf 73' lang='grc' dir='ltr'><strong>ι</strong></span> <span class='ocrx_word' id='word_1_577' title='bbox 1184 5127 1530 5183; x_wconf 82' lang='lat' dir='ltr'><strong>Abseondere</strong></span> <span class='ocrx_word' id='word_1_578' title='bbox 1559 5130 1612 5183; x_wconf 94' lang='lat' dir='ltr'><strong>in</strong></span> <span class='ocrx_word' id='word_1_579' title='bbox 1646 5129 1789 5185; x_wconf 88' lang='lat' dir='ltr'><strong>fossa</strong></span> <span class='ocrx_word' id='word_1_580' title='bbox 1829 5131 1996 5186; x_wconf 93' lang='lat' dir='ltr'><strong>humo</strong></span> <span class='ocrx_word' id='word_1_581' title='bbox 2027 5131 2089 5197; x_wconf 75' lang='lat'><strong>&quot;,</strong></span> <span class='ocrx_word' id='word_1_582' title='bbox 2129 5152 2147 5184; x_wconf 72' lang='grc' dir='ltr'><strong>ι</strong></span> 
     </span>
    </p>
   </div>
   <div class='ocr_carea' id='block_1_71' title="bbox 2267 1849 3701 1914">
    <p class='ocr_par' dir='ltr' id='par_1_71' title="bbox 2267 1849 3701 1914">
     <span class='ocr_line' id='line_1_71' title="bbox 2267 1849 3701 1914; baseline 0.008 -11"><span class='ocrx_word' id='word_1_583' title='bbox 2267 1849 2405 1904; x_wconf 90' lang='lat' dir='ltr'><strong>utin</strong></span> <span class='ocrx_word' id='word_1_584' title='bbox 2431 1849 2706 1905; x_wconf 62' lang='lat' dir='ltr'><strong>Psalmis:</strong></span> <span class='ocrx_word' id='word_1_585' title='bbox 2742 1870 2762 1902; x_wconf 90' lang='grc'><strong>‹</strong></span> <span class='ocrx_word' id='word_1_586' title='bbox 2810 1851 3089 1907; x_wconf 87' lang='lat' dir='ltr'><strong>Foderunt</strong></span> <span class='ocrx_word' id='word_1_587' title='bbox 3117 1862 3238 1910; x_wconf 88' lang='lat' dir='ltr'><strong>ante</strong></span> <span class='ocrx_word' id='word_1_588' title='bbox 3278 1855 3452 1911; x_wconf 82' lang='lat' dir='ltr'><strong>faciem</strong></span> <span class='ocrx_word' id='word_1_589' title='bbox 3497 1873 3624 1914; x_wconf 80' lang='lat' dir='ltr'><strong>meam</strong></span> <span class='ocrx_word' id='word_1_590' title='bbox 3654 1859 3701 1914; x_wconf 85' lang='lat' dir='ltr'><strong>io-</strong></span> 
     </span>
    </p>
   </div>
   <div class='ocr_carea' id='block_1_72' title="bbox 2265 1942 3702 2020">
    <p class='ocr_par' dir='ltr' id='par_1_72' title="bbox 2265 1942 3702 2020">
     <span class='ocr_line' id='line_1_72' title="bbox 2265 1942 3702 2020; baseline 0.006 -25"><span class='ocrx_word' id='word_1_591' title='bbox 2265 1955 2444 2008; x_wconf 89' lang='lat' dir='ltr'><strong>veam,</strong></span> <span class='ocrx_word' id='word_1_592' title='bbox 2476 1951 2532 1996; x_wconf 91' lang='lat' dir='ltr'><strong>et</strong></span> <span class='ocrx_word' id='word_1_593' title='bbox 2561 1942 2866 1997; x_wconf 90' lang='lat' dir='ltr'><strong>inciderunt</strong></span> <span class='ocrx_word' id='word_1_594' title='bbox 2893 1943 2960 2009; x_wconf 67' lang='grc' dir='ltr'><strong>υ,</strong></span> <span class='ocrx_word' id='word_1_595' title='bbox 2996 1963 3014 1995; x_wconf 77' lang='grc' dir='ltr'><strong>ι</strong></span> <span class='ocrx_word' id='word_1_596' title='bbox 3049 1945 3104 2000; x_wconf 93' lang='lat' dir='ltr'><strong>id</strong></span> <span class='ocrx_word' id='word_1_597' title='bbox 3129 1954 3226 2012; x_wconf 88' lang='lat' dir='ltr'><strong>est,</strong></span> <span class='ocrx_word' id='word_1_598' title='bbox 3259 1947 3530 2002; x_wconf 88' lang='lat' dir='ltr'><strong>occiderunt</strong></span> <span class='ocrx_word' id='word_1_599' title='bbox 3573 1950 3702 2020; x_wconf 64' lang='lat' dir='ltr'><strong>seipse:</strong></span> 
     </span>
    </p>
   </div>
   <div class='ocr_carea' id='block_1_73' title="bbox 2266 2031 3704 2104">
    <p class='ocr_par' dir='ltr' id='par_1_73' title="bbox 2266 2031 3704 2104">
     <span class='ocr_line' id='line_1_73' title="bbox 2266 2031 3704 2104; baseline 0.003 -17"><span class='ocrx_word' id='word_1_600' title='bbox 2266 2031 2324 2087; x_wconf 91' lang='lat' dir='ltr'><strong>in</strong></span> <span class='ocrx_word' id='word_1_601' title='bbox 2350 2047 2414 2088; x_wconf 91' lang='lat' dir='ltr'><strong>eo</strong></span> <span class='ocrx_word' id='word_1_602' title='bbox 2433 2031 2582 2101; x_wconf 88' lang='lat' dir='ltr'><strong>quod</strong></span> <span class='ocrx_word' id='word_1_603' title='bbox 2619 2041 2946 2103; x_wconf 82' lang='lat' dir='ltr'><strong>putaverunt</strong></span> <span class='ocrx_word' id='word_1_604' title='bbox 2983 2035 3229 2090; x_wconf 90' lang='lat' dir='ltr'><strong>occidere</strong></span> <span class='ocrx_word' id='word_1_605' title='bbox 3273 2052 3369 2092; x_wconf 91' lang='lat' dir='ltr'><strong>me.</strong></span> <span class='ocrx_word' id='word_1_606' title='bbox 3408 2035 3567 2104; x_wconf 79' lang='lat' dir='ltr'><strong>Fam,</strong></span> <span class='ocrx_word' id='word_1_607' title='bbox 3604 2038 3704 2093; x_wconf 85' lang='lat' dir='ltr'><strong>infer-</strong></span> 
     </span>
    </p>
   </div>
   <div class='ocr_carea' id='block_1_74' title="bbox 2265 2122 3706 2195">
    <p class='ocr_par' dir='ltr' id='par_1_74' title="bbox 2265 2122 3706 2195">
     <span class='ocr_line' id='line_1_74' title="bbox 2265 2122 3706 2195; baseline 0.006 -19"><span class='ocrx_word' id='word_1_608' title='bbox 2265 2137 2388 2186; x_wconf 90' lang='lat' dir='ltr'><strong>nus,</strong></span> <span class='ocrx_word' id='word_1_609' title='bbox 2415 2130 2476 2176; x_wconf 90' lang='lat' dir='ltr'><strong>ut</strong></span> <span class='ocrx_word' id='word_1_610' title='bbox 2497 2123 2552 2176; x_wconf 93' lang='lat' dir='ltr'><strong>in</strong></span> <span class='ocrx_word' id='word_1_611' title='bbox 2581 2122 2734 2178; x_wconf 88' lang='lat' dir='ltr'><strong>libris</strong></span> <span class='ocrx_word' id='word_1_612' title='bbox 2759 2123 2966 2195; x_wconf 83' lang='lat' dir='ltr'><strong>Regum</strong></span> <span class='ocrx_word' id='word_1_613' title='bbox 2993 2143 3009 2179; x_wconf 89' lang='lat'><strong>:</strong></span> <span class='ocrx_word' id='word_1_614' title='bbox 3041 2145 3060 2177; x_wconf 75' lang='grc' dir='ltr'><strong>ι</strong></span> <span class='ocrx_word' id='word_1_615' title='bbox 3081 2126 3420 2194; x_wconf 85' lang='lat' dir='ltr'><strong>.Projecerunt</strong></span> <span class='ocrx_word' id='word_1_616' title='bbox 3459 2145 3556 2184; x_wconf 85' lang='lat' dir='ltr'><strong>eum</strong></span> <span class='ocrx_word' id='word_1_617' title='bbox 3596 2131 3632 2183; x_wconf 90' lang='lat' dir='ltr'><strong>in</strong></span> <span class='ocrx_word' id='word_1_618' title='bbox 3657 2129 3706 2184; x_wconf 87' lang='lat' dir='ltr'><strong>lo-</strong></span> 
     </span>
    </p>
   </div>
   <div class='ocr_carea' id='block_1_75' title="bbox 2264 2207 3706 2288">
    <p class='ocr_par' dir='ltr' id='par_1_75' title="bbox 2264 2207 3706 2288">
     <span class='ocr_line' id='line_1_75' title="bbox 2264 2207 3706 2288; baseline 0.003 -21"><span class='ocrx_word' id='word_1_619' title='bbox 2264 2227 2421 2268; x_wconf 89' lang='lat' dir='ltr'><strong>veam</strong></span> <span class='ocrx_word' id='word_1_620' title='bbox 2461 2213 2721 2284; x_wconf 77' lang='lat' dir='ltr'><strong>grandem</strong></span> <span class='ocrx_word' id='word_1_621' title='bbox 2753 2216 2820 2281; x_wconf 82' lang='grc'><strong>²²,</strong></span> <span class='ocrx_word' id='word_1_622' title='bbox 2851 2236 2871 2268; x_wconf 72' lang='grc' dir='ltr'><strong>ι</strong></span> <span class='ocrx_word' id='word_1_623' title='bbox 2916 2217 3060 2286; x_wconf 92' lang='lat' dir='ltr'><strong>quod</strong></span> <span class='ocrx_word' id='word_1_624' title='bbox 3088 2207 3268 2272; x_wconf 88' lang='lat' dir='ltr'><strong>mundi</strong></span> <span class='ocrx_word' id='word_1_625' title='bbox 3301 2218 3444 2288; x_wconf 90' lang='lat' dir='ltr'><strong>hujus</strong></span> <span class='ocrx_word' id='word_1_626' title='bbox 3465 2219 3706 2274; x_wconf 81' lang='lat' dir='ltr'><strong>amatoresin</strong></span> 
     </span>
    </p>
   </div>
   <div class='ocr_carea' id='block_1_76' title="bbox 2264 2307 3261 2379">
    <p class='ocr_par' dir='ltr' id='par_1_76' title="bbox 2264 2307 3261 2379">
     <span class='ocr_line' id='line_1_76' title="bbox 2264 2307 3261 2379; baseline -0.002 -17"><span class='ocrx_word' id='word_1_627' title='bbox 2264 2316 2487 2379; x_wconf 87' lang='lat' dir='ltr'><strong>puteum</strong></span> <span class='ocrx_word' id='word_1_628' title='bbox 2508 2308 2895 2378; x_wconf 81' lang='lat' dir='ltr'><strong>demerguntur</strong></span> <span class='ocrx_word' id='word_1_629' title='bbox 2921 2307 3261 2362; x_wconf 90' lang='lat' dir='ltr'><strong>infernalem.</strong></span> 
     </span>
    </p>
   </div>
   <div class='ocr_carea' id='block_1_77' title="bbox 2339 2398 3705 2471">
    <p class='ocr_par' dir='ltr' id='par_1_77' title="bbox 2339 2398 3705 2471">
     <span class='ocr_line' id='line_1_77' title="bbox 2339 2398 3705 2471; baseline -0.003 -18"><span class='ocrx_word' id='word_1_630' title='bbox 2339 2399 2516 2466; x_wconf 81' lang='lat' dir='ltr'><strong>Finis,</strong></span> <span class='ocrx_word' id='word_1_631' title='bbox 2549 2401 2812 2471; x_wconf 89' lang='lat' dir='ltr'><strong>accipitur</strong></span> <span class='ocrx_word' id='word_1_632' title='bbox 2857 2415 2958 2470; x_wconf 90' lang='lat' dir='ltr'><strong>pro</strong></span> <span class='ocrx_word' id='word_1_633' title='bbox 2995 2410 3380 2464; x_wconf 87' lang='lat' dir='ltr'><strong>consummato,</strong></span> <span class='ocrx_word' id='word_1_634' title='bbox 3408 2414 3511 2454; x_wconf 89' lang='lat' dir='ltr'><strong>cum</strong></span> <span class='ocrx_word' id='word_1_635' title='bbox 3543 2398 3705 2453; x_wconf 85' lang='lat' dir='ltr'><strong>dicitur:</strong></span> 
     </span>
    </p>
   </div>
   <div class='ocr_carea' id='block_1_78' title="bbox 2271 2487 3708 2560">
    <p class='ocr_par' dir='ltr' id='par_1_78' title="bbox 2271 2487 3708 2560">
     <span class='ocr_line' id='line_1_78' title="bbox 2271 2487 3708 2560; baseline -0.003 -17"><span class='ocrx_word' id='word_1_636' title='bbox 2271 2508 2292 2542; x_wconf 70' lang='grc' dir='ltr'><strong>ι</strong></span> <span class='ocrx_word' id='word_1_637' title='bbox 2324 2488 2506 2544; x_wconf 89' lang='lat' dir='ltr'><strong>Finita</strong></span> <span class='ocrx_word' id='word_1_638' title='bbox 2553 2497 2637 2544; x_wconf 89' lang='lat' dir='ltr'><strong>est</strong></span> <span class='ocrx_word' id='word_1_639' title='bbox 2689 2487 2818 2543; x_wconf 91' lang='lat' dir='ltr'><strong>tela.</strong></span> <span class='ocrx_word' id='word_1_640' title='bbox 2871 2508 2890 2541; x_wconf 79' lang='grc' dir='ltr'><strong>ι</strong></span> <span class='ocrx_word' id='word_1_641' title='bbox 2944 2487 3124 2554; x_wconf 82' lang='lat' dir='ltr'><strong>Finis,</strong></span> <span class='ocrx_word' id='word_1_642' title='bbox 3173 2503 3270 2560; x_wconf 87' lang='lat' dir='ltr'><strong>pro</strong></span> <span class='ocrx_word' id='word_1_643' title='bbox 3324 2495 3601 2557; x_wconf 83' lang='lat' dir='ltr'><strong>consumpto,</strong></span> <span class='ocrx_word' id='word_1_644' title='bbox 3635 2500 3708 2539; x_wconf 83' lang='lat' dir='ltr'><strong>cum</strong></span> 
     </span>
    </p>
   </div>
   <div class='ocr_carea' id='block_1_79' title="bbox 2266 2573 3709 2641">
    <p class='ocr_par' dir='ltr' id='par_1_79' title="bbox 2266 2573 3709 2641">
     <span class='ocr_line' id='line_1_79' title="bbox 2266 2573 3709 2641; baseline -0.006 -6"><span class='ocrx_word' id='word_1_645' title='bbox 2266 2580 2462 2636; x_wconf 87' lang='lat' dir='ltr'><strong>dicitur</strong></span> <span class='ocrx_word' id='word_1_646' title='bbox 2489 2597 2503 2632; x_wconf 92' lang='lat'><strong>:</strong></span> <span class='ocrx_word' id='word_1_647' title='bbox 2530 2577 2742 2634; x_wconf 83' lang='lat' dir='ltr'><strong>Finitus</strong></span> <span class='ocrx_word' id='word_1_648' title='bbox 2770 2588 2844 2634; x_wconf 84' lang='lat' dir='ltr'><strong>est</strong></span> <span class='ocrx_word' id='word_1_649' title='bbox 2873 2578 3036 2634; x_wconf 82' lang='lat' dir='ltr'><strong>cibus.</strong></span> <span class='ocrx_word' id='word_1_650' title='bbox 3061 2579 3238 2634; x_wconf 80' lang='lat' dir='ltr'><strong>Aliter</strong></span> <span class='ocrx_word' id='word_1_651' title='bbox 3261 2578 3394 2633; x_wconf 90' lang='lat' dir='ltr'><strong>enim</strong></span> <span class='ocrx_word' id='word_1_652' title='bbox 3417 2577 3610 2638; x_wconf 86' lang='lat' dir='ltr'><strong>dicimus,</strong></span> <span class='ocrx_word' id='word_1_653' title='bbox 3636 2573 3709 2641; x_wconf 70' lang='lat' dir='ltr'><strong>ﬁni-</strong></span> 
     </span>
    </p>
   </div>
   <div class='ocr_carea' id='block_1_80' title="bbox 2263 2665 3710 2743">
    <p class='ocr_par' dir='ltr' id='par_1_80' title="bbox 2263 2665 3710 2743">
     <span class='ocr_line' id='line_1_80' title="bbox 2263 2665 3710 2743; baseline -0.003 -15"><span class='ocrx_word' id='word_1_654' title='bbox 2263 2685 2373 2730; x_wconf 85' lang='lat' dir='ltr'><strong>tam</strong></span> <span class='ocrx_word' id='word_1_655' title='bbox 2401 2674 2580 2740; x_wconf 87' lang='lat' dir='ltr'><strong>telam,</strong></span> <span class='ocrx_word' id='word_1_656' title='bbox 2635 2689 2756 2743; x_wconf 69' lang='lat' dir='ltr'><strong>qure</strong></span> <span class='ocrx_word' id='word_1_657' title='bbox 2803 2674 3032 2734; x_wconf 79' lang='lat' dir='ltr'><strong>texitur.</strong></span> <span class='ocrx_word' id='word_1_658' title='bbox 3059 2673 3222 2730; x_wconf 88' lang='lat' dir='ltr'><strong>aliter</strong></span> <span class='ocrx_word' id='word_1_659' title='bbox 3267 2673 3455 2742; x_wconf 80' lang='lat' dir='ltr'><strong>ﬁnitum</strong></span> <span class='ocrx_word' id='word_1_660' title='bbox 3476 2670 3621 2733; x_wconf 84' lang='lat' dir='ltr'><strong>cibum,</strong></span> <span class='ocrx_word' id='word_1_661' title='bbox 3655 2665 3710 2736; x_wconf 81' lang='lat' dir='ltr'><strong>qui</strong></span> 
     </span>
    </p>
   </div>
   <div class='ocr_carea' id='block_1_81' title="bbox 2264 2757 3708 2831">
    <p class='ocr_par' dir='ltr' id='par_1_81' title="bbox 2264 2757 3708 2831">
     <span class='ocr_line' id='line_1_81' title="bbox 2264 2757 3708 2831; baseline -0.009 -9"><span class='ocrx_word' id='word_1_662' title='bbox 2264 2766 2586 2824; x_wconf 89' lang='lat' dir='ltr'><strong>comeditnr.</strong></span> <span class='ocrx_word' id='word_1_663' title='bbox 2643 2763 2818 2830; x_wconf 84' lang='lat' dir='ltr'><strong>Finis,</strong></span> <span class='ocrx_word' id='word_1_664' title='bbox 2866 2765 3144 2831; x_wconf 86' lang='lat' dir='ltr'><strong>Christus,</strong></span> <span class='ocrx_word' id='word_1_665' title='bbox 3194 2773 3253 2820; x_wconf 89' lang='lat' dir='ltr'><strong>ut</strong></span> <span class='ocrx_word' id='word_1_666' title='bbox 3291 2765 3342 2818; x_wconf 90' lang='lat' dir='ltr'><strong>in</strong></span> <span class='ocrx_word' id='word_1_667' title='bbox 3367 2757 3708 2818; x_wconf 73' lang='lat' dir='ltr'><strong>Psalmisztl’a-</strong></span> 
     </span>
    </p>
   </div>
   <div class='ocr_carea' id='block_1_82' title="bbox 2265 2849 3713 2927">
    <p class='ocr_par' dir='ltr' id='par_1_82' title="bbox 2265 2849 3713 2927">
     <span class='ocr_line' id='line_1_82' title="bbox 2265 2849 3713 2927; baseline -0.007 -15"><span class='ocrx_word' id='word_1_668' title='bbox 2265 2857 2454 2914; x_wconf 89' lang='lat' dir='ltr'><strong>tientia</strong></span> <span class='ocrx_word' id='word_1_669' title='bbox 2504 2872 2800 2927; x_wconf 87' lang='lat' dir='ltr'><strong>pauperqu</strong></span> <span class='ocrx_word' id='word_1_670' title='bbox 2856 2873 2966 2912; x_wconf 89' lang='lat' dir='ltr'><strong>non</strong></span> <span class='ocrx_word' id='word_1_671' title='bbox 3017 2858 3222 2926; x_wconf 87' lang='lat' dir='ltr'><strong>peribit</strong></span> <span class='ocrx_word' id='word_1_672' title='bbox 3267 2857 3319 2912; x_wconf 92' lang='lat' dir='ltr'><strong>in</strong></span> <span class='ocrx_word' id='word_1_673' title='bbox 3347 2856 3486 2912; x_wconf 87' lang='lat' dir='ltr'><strong>linem</strong></span> <span class='ocrx_word' id='word_1_674' title='bbox 3515 2849 3713 2920; x_wconf 73' lang='lat' dir='ltr'><strong>&quot;,ispud</strong></span> 
     </span>
    </p>
   </div>
   <div class='ocr_carea' id='block_1_83' title="bbox 2261 2941 3712 3020">
    <p class='ocr_par' dir='ltr' id='par_1_83' title="bbox 2261 2941 3712 3020">
     <span class='ocr_line' id='line_1_83' title="bbox 2261 2941 3712 3020; baseline -0.008 -15"><span class='ocrx_word' id='word_1_675' title='bbox 2261 2948 2536 3005; x_wconf 89' lang='lat' dir='ltr'><strong>Christum</strong></span> <span class='ocrx_word' id='word_1_676' title='bbox 2565 2949 2822 3020; x_wconf 89' lang='lat' dir='ltr'><strong>patientia</strong></span> <span class='ocrx_word' id='word_1_677' title='bbox 2848 2949 3026 3020; x_wconf 90' lang='lat' dir='ltr'><strong>perire</strong></span> <span class='ocrx_word' id='word_1_678' title='bbox 3047 2965 3158 3004; x_wconf 91' lang='lat' dir='ltr'><strong>non</strong></span> <span class='ocrx_word' id='word_1_679' title='bbox 3188 2949 3394 3020; x_wconf 87' lang='lat' dir='ltr'><strong>poterit,</strong></span> <span class='ocrx_word' id='word_1_680' title='bbox 3422 2945 3614 3017; x_wconf 84' lang='lat' dir='ltr'><strong>quamvis</strong></span> <span class='ocrx_word' id='word_1_681' title='bbox 3626 2941 3712 3011; x_wconf 82' lang='lat' dir='ltr'><strong>apud</strong></span> 
     </span>
    </p>
   </div>
   <div class='ocr_carea' id='block_1_84' title="bbox 2262 3029 3714 3110">
    <p class='ocr_par' dir='ltr' id='par_1_84' title="bbox 2262 3029 3714 3110">
     <span class='ocr_line' id='line_1_84' title="bbox 2262 3029 3714 3110; baseline -0.01 -13"><span class='ocrx_word' id='word_1_682' title='bbox 2262 3041 2433 3097; x_wconf 88' lang='lat' dir='ltr'><strong>elatos</strong></span> <span class='ocrx_word' id='word_1_683' title='bbox 2483 3048 2688 3110; x_wconf 87' lang='lat' dir='ltr'><strong>pereat.</strong></span> <span class='ocrx_word' id='word_1_684' title='bbox 2725 3038 2898 3106; x_wconf 86' lang='lat' dir='ltr'><strong>Finis,</strong></span> <span class='ocrx_word' id='word_1_685' title='bbox 2951 3039 3219 3109; x_wconf 87' lang='lat' dir='ltr'><strong>impletio,</strong></span> <span class='ocrx_word' id='word_1_686' title='bbox 3246 3048 3305 3094; x_wconf 92' lang='lat' dir='ltr'><strong>ut</strong></span> <span class='ocrx_word' id='word_1_687' title='bbox 3331 3039 3381 3094; x_wconf 88' lang='lat' dir='ltr'><strong>in</strong></span> <span class='ocrx_word' id='word_1_688' title='bbox 3426 3035 3593 3092; x_wconf 88' lang='lat' dir='ltr'><strong>Paulo:</strong></span> <span class='ocrx_word' id='word_1_689' title='bbox 3619 3052 3633 3084; x_wconf 82' lang='lat' dir='ltr'><strong>t</strong></span> <span class='ocrx_word' id='word_1_690' title='bbox 3660 3029 3714 3084; x_wconf 77' lang='lat' dir='ltr'><strong>Fi-</strong></span> 
     </span>
    </p>
   </div>
   <div class='ocr_carea' id='block_1_85' title="bbox 2266 3121 3712 3205">
    <p class='ocr_par' dir='ltr' id='par_1_85' title="bbox 2266 3121 3712 3205">
     <span class='ocr_line' id='line_1_85' title="bbox 2266 3121 3712 3205; baseline -0.011 -15"><span class='ocrx_word' id='word_1_691' title='bbox 2266 3134 2352 3190; x_wconf 89' lang='lat' dir='ltr'><strong>nis</strong></span> <span class='ocrx_word' id='word_1_692' title='bbox 2380 3134 2513 3205; x_wconf 82' lang='lat' dir='ltr'><strong>legis</strong></span> <span class='ocrx_word' id='word_1_693' title='bbox 2541 3132 2788 3188; x_wconf 86' lang='lat' dir='ltr'><strong>Christus</strong></span> <span class='ocrx_word' id='word_1_694' title='bbox 2827 3131 2896 3197; x_wconf 74' lang='lat'><strong>“,</strong></span> <span class='ocrx_word' id='word_1_695' title='bbox 2941 3151 2960 3184; x_wconf 75' lang='grc' dir='ltr'><strong>ι</strong></span> <span class='ocrx_word' id='word_1_696' title='bbox 2995 3134 3144 3202; x_wconf 90' lang='lat' dir='ltr'><strong>quod</strong></span> <span class='ocrx_word' id='word_1_697' title='bbox 3173 3133 3316 3188; x_wconf 88' lang='lat' dir='ltr'><strong>venit</strong></span> <span class='ocrx_word' id='word_1_698' title='bbox 3345 3146 3442 3186; x_wconf 90' lang='lat' dir='ltr'><strong>non</strong></span> <span class='ocrx_word' id='word_1_699' title='bbox 3482 3129 3614 3197; x_wconf 83' lang='lat' dir='ltr'><strong>legem</strong></span> <span class='ocrx_word' id='word_1_700' title='bbox 3647 3121 3712 3176; x_wconf 83' lang='lat' dir='ltr'><strong>sol-</strong></span> 
     </span>
    </p>
   </div>
   <div class='ocr_carea' id='block_1_86' title="bbox 2263 3213 3713 3294">
    <p class='ocr_par' dir='ltr' id='par_1_86' title="bbox 2263 3213 3713 3294">
     <span class='ocr_line' id='line_1_86' title="bbox 2263 3213 3713 3294; baseline -0.01 -14"><span class='ocrx_word' id='word_1_701' title='bbox 2263 3239 2416 3290; x_wconf 89' lang='lat' dir='ltr'><strong>vere,</strong></span> <span class='ocrx_word' id='word_1_702' title='bbox 2453 3225 2547 3280; x_wconf 88' lang='lat' dir='ltr'><strong>sed</strong></span> <span class='ocrx_word' id='word_1_703' title='bbox 2603 3223 2917 3294; x_wconf 86' lang='lat' dir='ltr'><strong>adimplere.</strong></span> <span class='ocrx_word' id='word_1_704' title='bbox 2977 3222 3161 3290; x_wconf 86' lang='lat' dir='ltr'><strong>Finis,</strong></span> <span class='ocrx_word' id='word_1_705' title='bbox 3210 3238 3353 3278; x_wconf 90' lang='lat' dir='ltr'><strong>mors</strong></span> <span class='ocrx_word' id='word_1_706' title='bbox 3395 3220 3562 3283; x_wconf 86' lang='lat' dir='ltr'><strong>carnis,</strong></span> <span class='ocrx_word' id='word_1_707' title='bbox 3609 3213 3713 3270; x_wconf 86' lang='lat' dir='ltr'><strong>utin</strong></span> 
     </span>
    </p>
   </div>
   <div class='ocr_carea' id='block_1_87' title="bbox 2263 3300 3713 3388">
    <p class='ocr_par' dir='ltr' id='par_1_87' title="bbox 2263 3300 3713 3388">
     <span class='ocr_line' id='line_1_87' title="bbox 2263 3300 3713 3388; baseline -0.007 -16"><span class='ocrx_word' id='word_1_708' title='bbox 2263 3316 2595 3388; x_wconf 84' lang='lat' dir='ltr'><strong>Evangelia:</strong></span> <span class='ocrx_word' id='word_1_709' title='bbox 2636 3335 2655 3367; x_wconf 76' lang='grc' dir='ltr'><strong>ι</strong></span> <span class='ocrx_word' id='word_1_710' title='bbox 2709 3315 2892 3384; x_wconf 87' lang='lat' dir='ltr'><strong>Usque</strong></span> <span class='ocrx_word' id='word_1_711' title='bbox 2941 3315 2998 3369; x_wconf 92' lang='lat' dir='ltr'><strong>in</strong></span> <span class='ocrx_word' id='word_1_712' title='bbox 3035 3313 3205 3370; x_wconf 84' lang='lat' dir='ltr'><strong>ﬁnem</strong></span> <span class='ocrx_word' id='word_1_713' title='bbox 3245 3314 3422 3369; x_wconf 81' lang='lat' dir='ltr'><strong>dilexit</strong></span> <span class='ocrx_word' id='word_1_714' title='bbox 3466 3325 3542 3367; x_wconf 88' lang='lat' dir='ltr'><strong>eos</strong></span> <span class='ocrx_word' id='word_1_715' title='bbox 3576 3300 3713 3370; x_wconf 67' lang='lat' dir='ltr'><strong>&quot;,tid</strong></span> 
     </span>
    </p>
   </div>
   <div class='ocr_carea' id='block_1_88' title="bbox 2263 3395 3715 3475">
    <p class='ocr_par' dir='ltr' id='par_1_88' title="bbox 2263 3395 3715 3475">
     <span class='ocr_line' id='line_1_88' title="bbox 2263 3395 3715 3475; baseline -0.012 -11"><span class='ocrx_word' id='word_1_716' title='bbox 2263 3417 2370 3474; x_wconf 90' lang='lat' dir='ltr'><strong>est,</strong></span> <span class='ocrx_word' id='word_1_717' title='bbox 2393 3409 2528 3462; x_wconf 87' lang='lat' dir='ltr'><strong>adeo</strong></span> <span class='ocrx_word' id='word_1_718' title='bbox 2555 3407 2768 3472; x_wconf 79' lang='lat' dir='ltr'><strong>dilexit,</strong></span> <span class='ocrx_word' id='word_1_719' title='bbox 2787 3417 2849 3460; x_wconf 82' lang='lat' dir='ltr'><strong>nt</strong></span> <span class='ocrx_word' id='word_1_720' title='bbox 2874 3422 2974 3475; x_wconf 88' lang='lat' dir='ltr'><strong>pro</strong></span> <span class='ocrx_word' id='word_1_721' title='bbox 3020 3407 3104 3462; x_wconf 81' lang='lat' dir='ltr'><strong>eis</strong></span> <span class='ocrx_word' id='word_1_722' title='bbox 3132 3415 3440 3462; x_wconf 76' lang='lat' dir='ltr'><strong>moreretur.</strong></span> <span class='ocrx_word' id='word_1_723' title='bbox 3486 3400 3619 3464; x_wconf 79' lang='lat' dir='ltr'><strong>Finis,</strong></span> <span class='ocrx_word' id='word_1_724' title='bbox 3649 3395 3715 3447; x_wconf 72' lang='lat' dir='ltr'><strong>vita</strong></span> 
     </span>
    </p>
   </div>
   <div class='ocr_carea' id='block_1_89' title="bbox 2260 3485 3716 3560">
    <p class='ocr_par' dir='ltr' id='par_1_89' title="bbox 2260 3485 3716 3560">
     <span class='ocr_line' id='line_1_89' title="bbox 2260 3485 3716 3560; baseline -0.005 -8"><span class='ocrx_word' id='word_1_725' title='bbox 2260 3506 2485 3560; x_wconf 73' lang='lat' dir='ltr'><strong>mterna,</strong></span> <span class='ocrx_word' id='word_1_726' title='bbox 2528 3504 2588 3550; x_wconf 90' lang='lat' dir='ltr'><strong>ut</strong></span> <span class='ocrx_word' id='word_1_727' title='bbox 2633 3496 2688 3550; x_wconf 93' lang='lat' dir='ltr'><strong>in</strong></span> <span class='ocrx_word' id='word_1_728' title='bbox 2739 3494 2967 3550; x_wconf 89' lang='lat' dir='ltr'><strong>Psalmis</strong></span> <span class='ocrx_word' id='word_1_729' title='bbox 3019 3513 3032 3549; x_wconf 92' lang='lat'><strong>:</strong></span> <span class='ocrx_word' id='word_1_730' title='bbox 3077 3515 3097 3546; x_wconf 72' lang='grc' dir='ltr'><strong>ι</strong></span> <span class='ocrx_word' id='word_1_731' title='bbox 3159 3496 3350 3550; x_wconf 81' lang='lat' dir='ltr'><strong>Notum</strong></span> <span class='ocrx_word' id='word_1_732' title='bbox 3401 3493 3478 3548; x_wconf 79' lang='lat' dir='ltr'><strong>fac</strong></span> <span class='ocrx_word' id='word_1_733' title='bbox 3505 3489 3624 3552; x_wconf 70' lang='lat' dir='ltr'><strong>mihi.</strong></span> <span class='ocrx_word' id='word_1_734' title='bbox 3653 3485 3716 3540; x_wconf 76' lang='lat' dir='ltr'><strong>DD-</strong></span> 
     </span>
    </p>
   </div>
   <div class='ocr_carea' id='block_1_90' title="bbox 2263 3579 3715 3651">
    <p class='ocr_par' dir='ltr' id='par_1_90' title="bbox 2263 3579 3715 3651">
     <span class='ocr_line' id='line_1_90' title="bbox 2263 3579 3715 3651; baseline -0.006 -10"><span class='ocrx_word' id='word_1_735' title='bbox 2263 3588 2431 3651; x_wconf 90' lang='lat' dir='ltr'><strong>mine,</strong></span> <span class='ocrx_word' id='word_1_736' title='bbox 2464 3585 2624 3640; x_wconf 89' lang='lat' dir='ltr'><strong>finem</strong></span> <span class='ocrx_word' id='word_1_737' title='bbox 2655 3601 2832 3640; x_wconf 88' lang='lat' dir='ltr'><strong>meum</strong></span> <span class='ocrx_word' id='word_1_738' title='bbox 2856 3585 2922 3651; x_wconf 74' lang='grc'><strong>’⁵,</strong></span> <span class='ocrx_word' id='word_1_739' title='bbox 2985 3606 3004 3638; x_wconf 76' lang='grc' dir='ltr'><strong>ι</strong></span> <span class='ocrx_word' id='word_1_740' title='bbox 3068 3585 3126 3640; x_wconf 88' lang='lat' dir='ltr'><strong>id</strong></span> <span class='ocrx_word' id='word_1_741' title='bbox 3146 3595 3249 3651; x_wconf 88' lang='lat' dir='ltr'><strong>est,</strong></span> <span class='ocrx_word' id='word_1_742' title='bbox 3279 3583 3478 3639; x_wconf 84' lang='lat' dir='ltr'><strong>notiﬁea</strong></span> <span class='ocrx_word' id='word_1_743' title='bbox 3509 3579 3610 3635; x_wconf 87' lang='lat' dir='ltr'><strong>mihi</strong></span> <span class='ocrx_word' id='word_1_744' title='bbox 3638 3589 3715 3646; x_wconf 71' lang='lat' dir='ltr'><strong>gnt-</strong></span> 
     </span>
    </p>
   </div>
   <div class='ocr_carea' id='block_1_91' title="bbox 2264 3673 3754 3747">
    <p class='ocr_par' dir='ltr' id='par_1_91' title="bbox 2264 3673 3754 3747">
     <span class='ocr_line' id='line_1_91' title="bbox 2264 3673 3754 3747; baseline -0.009 -13"><span class='ocrx_word' id='word_1_745' title='bbox 2264 3679 2411 3734; x_wconf 92' lang='lat' dir='ltr'><strong>dium</strong></span> <span class='ocrx_word' id='word_1_746' title='bbox 2440 3689 2724 3743; x_wconf 60' lang='lat' dir='ltr'><strong>aeternum,</strong></span> <span class='ocrx_word' id='word_1_747' title='bbox 2753 3678 2820 3732; x_wconf 90' lang='lat' dir='ltr'><strong>de</strong></span> <span class='ocrx_word' id='word_1_748' title='bbox 2865 3693 2972 3747; x_wconf 91' lang='lat' dir='ltr'><strong>quo</strong></span> <span class='ocrx_word' id='word_1_749' title='bbox 3015 3679 3218 3732; x_wconf 91' lang='lat' dir='ltr'><strong>dicitur</strong></span> <span class='ocrx_word' id='word_1_750' title='bbox 3270 3695 3282 3730; x_wconf 92' lang='lat'><strong>:</strong></span> <span class='ocrx_word' id='word_1_751' title='bbox 3335 3695 3351 3728; x_wconf 81' lang='grc' dir='ltr'><strong>ι</strong></span> <span class='ocrx_word' id='word_1_752' title='bbox 3407 3676 3531 3730; x_wconf 85' lang='lat' dir='ltr'><strong>Intra</strong></span> <span class='ocrx_word' id='word_1_753' title='bbox 3574 3673 3612 3725; x_wconf 92' lang='lat' dir='ltr'><strong>in</strong></span> <span class='ocrx_word' id='word_1_754' title='bbox 3644 3682 3717 3738; x_wconf 65' lang='grc' dir='ltr'><strong>ειυ-</strong></span> <span class='ocrx_word' id='word_1_755' title='bbox 3752 3698 3754 3700; x_wconf 62' lang='grc' dir='ltr'><strong><em>τ</em></strong></span> 
     </span>
    </p>
   </div>
   <div class='ocr_carea' id='block_1_92' title="bbox 2265 3755 3716 3826">
    <p class='ocr_par' dir='ltr' id='par_1_92' title="bbox 2265 3755 3716 3826">
     <span class='ocr_line' id='line_1_92' title="bbox 2265 3755 3716 3826; baseline -0.008 -1"><span class='ocrx_word' id='word_1_756' title='bbox 2265 3771 2409 3825; x_wconf 90' lang='lat' dir='ltr'><strong>dium</strong></span> <span class='ocrx_word' id='word_1_757' title='bbox 2445 3770 2658 3824; x_wconf 89' lang='lat' dir='ltr'><strong>Domini</strong></span> <span class='ocrx_word' id='word_1_758' title='bbox 2707 3771 2784 3824; x_wconf 86' lang='lat' dir='ltr'><strong>tui</strong></span> <span class='ocrx_word' id='word_1_759' title='bbox 2813 3770 2880 3822; x_wconf 73' lang='grc'><strong>’⁷.</strong></span> <span class='ocrx_word' id='word_1_760' title='bbox 2920 3789 2938 3820; x_wconf 77' lang='grc' dir='ltr'><strong>ι</strong></span> <span class='ocrx_word' id='word_1_761' title='bbox 2974 3770 3056 3824; x_wconf 88' lang='lat' dir='ltr'><strong>Ad</strong></span> <span class='ocrx_word' id='word_1_762' title='bbox 3091 3771 3199 3824; x_wconf 88' lang='lat' dir='ltr'><strong>hoc</strong></span> <span class='ocrx_word' id='word_1_763' title='bbox 3221 3769 3352 3824; x_wconf 86' lang='lat' dir='ltr'><strong>mihi</strong></span> <span class='ocrx_word' id='word_1_764' title='bbox 3386 3765 3586 3826; x_wconf 82' lang='lat' dir='ltr'><strong>notiﬁca,</strong></span> <span class='ocrx_word' id='word_1_765' title='bbox 3618 3769 3658 3814; x_wconf 86' lang='lat' dir='ltr'><strong>ut</strong></span> <span class='ocrx_word' id='word_1_766' title='bbox 3685 3755 3716 3810; x_wconf 75' lang='lat' dir='ltr'><strong>id</strong></span> 
     </span>
    </p>
   </div>
   <div class='ocr_carea' id='block_1_93' title="bbox 2263 3857 3719 3931">
    <p class='ocr_par' dir='ltr' id='par_1_93' title="bbox 2263 3857 3719 3931">
     <span class='ocr_line' id='line_1_93' title="bbox 2263 3857 3719 3931; baseline -0.008 -14"><span class='ocrx_word' id='word_1_767' title='bbox 2263 3861 2607 3931; x_wconf 82' lang='lat' dir='ltr'><strong>intelligendo</strong></span> <span class='ocrx_word' id='word_1_768' title='bbox 2637 3869 2898 3930; x_wconf 90' lang='lat' dir='ltr'><strong>quantum</strong></span> <span class='ocrx_word' id='word_1_769' title='bbox 2949 3861 3040 3925; x_wconf 91' lang='lat' dir='ltr'><strong>sit,</strong></span> <span class='ocrx_word' id='word_1_770' title='bbox 3075 3876 3241 3931; x_wconf 89' lang='lat' dir='ltr'><strong>super</strong></span> <span class='ocrx_word' id='word_1_771' title='bbox 3279 3862 3446 3915; x_wconf 87' lang='lat' dir='ltr'><strong>omnia</strong></span> <span class='ocrx_word' id='word_1_772' title='bbox 3484 3857 3659 3923; x_wconf 76' lang='lat' dir='ltr'><strong>diligam,</strong></span> <span class='ocrx_word' id='word_1_773' title='bbox 3687 3857 3719 3901; x_wconf 77' lang='lat' dir='ltr'><strong>et</strong></span> 
     </span>
    </p>
   </div>
   <div class='ocr_carea' id='block_1_94' title="bbox 2264 3940 3717 4021">
    <p class='ocr_par' dir='ltr' id='par_1_94' title="bbox 2264 3940 3717 4021">
     <span class='ocr_line' id='line_1_94' title="bbox 2264 3940 3717 4021; baseline -0.01 -14"><span class='ocrx_word' id='word_1_774' title='bbox 2264 3953 2536 4021; x_wconf 86' lang='lat' dir='ltr'><strong>diligendo</strong></span> <span class='ocrx_word' id='word_1_775' title='bbox 2561 3952 2627 4006; x_wconf 89' lang='lat' dir='ltr'><strong>ad</strong></span> <span class='ocrx_word' id='word_1_776' title='bbox 2675 3951 2727 4006; x_wconf 90' lang='lat' dir='ltr'><strong>id</strong></span> <span class='ocrx_word' id='word_1_777' title='bbox 2759 3951 3088 4021; x_wconf 88' lang='lat' dir='ltr'><strong>perveniam.</strong></span> <span class='ocrx_word' id='word_1_778' title='bbox 3145 3957 3158 3969; x_wconf 92' lang='lat'>&#39;</span> <span class='ocrx_word' id='word_1_779' title='bbox 3220 3950 3411 4015; x_wconf 78' lang='lat' dir='ltr'><strong>Faveo,</strong></span> <span class='ocrx_word' id='word_1_780' title='bbox 3437 3940 3717 4002; x_wconf 68' lang='lat' dir='ltr'><strong>aeternusinle-</strong></span> 
     </span>
    </p>
   </div>
   <div class='ocr_carea' id='block_1_95' title="bbox 2265 4031 3720 4106">
    <p class='ocr_par' dir='ltr' id='par_1_95' title="bbox 2265 4031 3720 4106">
     <span class='ocr_line' id='line_1_95' title="bbox 2265 4031 3720 4106; baseline -0.01 -10"><span class='ocrx_word' id='word_1_781' title='bbox 2265 4044 2422 4106; x_wconf 86' lang='lat' dir='ltr'><strong>ritus,</strong></span> <span class='ocrx_word' id='word_1_782' title='bbox 2461 4049 2522 4094; x_wconf 90' lang='lat' dir='ltr'><strong>ut</strong></span> <span class='ocrx_word' id='word_1_783' title='bbox 2542 4041 2594 4094; x_wconf 84' lang='lat' dir='ltr'><strong>in</strong></span> <span class='ocrx_word' id='word_1_784' title='bbox 2623 4040 2852 4095; x_wconf 88' lang='lat' dir='ltr'><strong>Psalmis</strong></span> <span class='ocrx_word' id='word_1_785' title='bbox 2880 4057 2894 4092; x_wconf 87' lang='lat'><strong>:</strong></span> <span class='ocrx_word' id='word_1_786' title='bbox 2932 4060 2949 4090; x_wconf 75' lang='grc' dir='ltr'><strong>ι</strong></span> <span class='ocrx_word' id='word_1_787' title='bbox 2978 4041 3046 4094; x_wconf 89' lang='lat' dir='ltr'><strong>Et</strong></span> <span class='ocrx_word' id='word_1_788' title='bbox 3073 4039 3342 4094; x_wconf 85' lang='lat' dir='ltr'><strong>laborabit</strong></span> <span class='ocrx_word' id='word_1_789' title='bbox 3365 4055 3416 4093; x_wconf 90' lang='grc' dir='ltr'><strong>ιιι</strong></span> <span class='ocrx_word' id='word_1_790' title='bbox 3462 4031 3720 4090; x_wconf 65' lang='lat' dir='ltr'><strong>aeternumet</strong></span> 
     </span>
    </p>
   </div>
   <div class='ocr_carea' id='block_1_96' title="bbox 2263 4120 3718 4197">
    <p class='ocr_par' dir='ltr' id='par_1_96' title="bbox 2263 4120 3718 4197">
     <span class='ocr_line' id='line_1_96' title="bbox 2263 4120 3718 4197; baseline -0.007 -11"><span class='ocrx_word' id='word_1_791' title='bbox 2263 4133 2408 4186; x_wconf 87' lang='lat' dir='ltr'><strong>vivet</strong></span> <span class='ocrx_word' id='word_1_792' title='bbox 2431 4132 2608 4185; x_wconf 90' lang='lat' dir='ltr'><strong>adhuc</strong></span> <span class='ocrx_word' id='word_1_793' title='bbox 2638 4132 2689 4184; x_wconf 93' lang='lat' dir='ltr'><strong>in</strong></span> <span class='ocrx_word' id='word_1_794' title='bbox 2724 4130 2887 4185; x_wconf 86' lang='lat' dir='ltr'><strong>finem</strong></span> <span class='ocrx_word' id='word_1_795' title='bbox 2937 4132 3002 4196; x_wconf 69' lang='grc'><strong>’⁸,</strong></span> <span class='ocrx_word' id='word_1_796' title='bbox 3039 4151 3056 4182; x_wconf 78' lang='grc' dir='ltr'><strong>ι</strong></span> <span class='ocrx_word' id='word_1_797' title='bbox 3105 4132 3159 4186; x_wconf 90' lang='lat' dir='ltr'><strong>id</strong></span> <span class='ocrx_word' id='word_1_798' title='bbox 3189 4140 3294 4196; x_wconf 87' lang='lat' dir='ltr'><strong>est,</strong></span> <span class='ocrx_word' id='word_1_799' title='bbox 3325 4141 3515 4197; x_wconf 80' lang='lat' dir='ltr'><strong>semper</strong></span> <span class='ocrx_word' id='word_1_800' title='bbox 3535 4120 3718 4193; x_wconf 56' lang='lat' dir='ltr'><strong>punietur,</strong></span> 
     </span>
    </p>
   </div>
   <div class='ocr_carea' id='block_1_97' title="bbox 2264 4214 3720 4279">
    <p class='ocr_par' dir='ltr' id='par_1_97' title="bbox 2264 4214 3720 4279">
     <span class='ocr_line' id='line_1_97' title="bbox 2264 4214 3720 4279; baseline -0.01 -1"><span class='ocrx_word' id='word_1_801' title='bbox 2264 4231 2317 4279; x_wconf 91' lang='lat' dir='ltr'><strong>et</strong></span> <span class='ocrx_word' id='word_1_802' title='bbox 2362 4223 2416 4275; x_wconf 93' lang='lat' dir='ltr'><strong>in</strong></span> <span class='ocrx_word' id='word_1_803' title='bbox 2443 4230 2644 4275; x_wconf 81' lang='lat' dir='ltr'><strong>:eterno</strong></span> <span class='ocrx_word' id='word_1_804' title='bbox 2668 4221 2890 4274; x_wconf 86' lang='lat' dir='ltr'><strong>interitu</strong></span> <span class='ocrx_word' id='word_1_805' title='bbox 2915 4221 3194 4276; x_wconf 90' lang='lat' dir='ltr'><strong>subsistet.</strong></span> <span class='ocrx_word' id='word_1_806' title='bbox 3237 4220 3382 4275; x_wconf 88' lang='lat' dir='ltr'><strong>Licet</strong></span> <span class='ocrx_word' id='word_1_807' title='bbox 3406 4219 3529 4272; x_wconf 89' lang='lat' dir='ltr'><strong>enim</strong></span> <span class='ocrx_word' id='word_1_808' title='bbox 3548 4214 3591 4266; x_wconf 88' lang='lat' dir='ltr'><strong>in</strong></span> <span class='ocrx_word' id='word_1_809' title='bbox 3622 4215 3720 4260; x_wconf 71' lang='lat' dir='ltr'><strong>aeter-</strong></span> 
     </span>
    </p>
   </div>
   <div class='ocr_carea' id='block_1_98' title="bbox 2263 4305 3718 4382">
    <p class='ocr_par' dir='ltr' id='par_1_98' title="bbox 2263 4305 3718 4382">
     <span class='ocr_line' id='line_1_98' title="bbox 2263 4305 3718 4382; baseline -0.011 -14"><span class='ocrx_word' id='word_1_810' title='bbox 2263 4315 2348 4368; x_wconf 88' lang='lat' dir='ltr'><strong>nis</strong></span> <span class='ocrx_word' id='word_1_811' title='bbox 2374 4314 2550 4382; x_wconf 86' lang='lat' dir='ltr'><strong>poenis</strong></span> <span class='ocrx_word' id='word_1_812' title='bbox 2575 4312 2813 4375; x_wconf 87' lang='lat' dir='ltr'><strong>laboret;</strong></span> <span class='ocrx_word' id='word_1_813' title='bbox 2839 4327 3114 4380; x_wconf 89' lang='lat' dir='ltr'><strong>nunquam</strong></span> <span class='ocrx_word' id='word_1_814' title='bbox 3155 4323 3331 4365; x_wconf 89' lang='lat' dir='ltr'><strong>tamen</strong></span> <span class='ocrx_word' id='word_1_815' title='bbox 3373 4305 3561 4364; x_wconf 91' lang='lat' dir='ltr'><strong>omnino</strong></span> <span class='ocrx_word' id='word_1_816' title='bbox 3595 4306 3718 4382; x_wconf 50' lang='lat' dir='ltr'><strong>coni}:</strong></span> 
     </span>
    </p>
   </div>
   <div class='ocr_carea' id='block_1_99' title="bbox 2183 4377 3721 4498">
    <p class='ocr_par' dir='ltr' id='par_1_99' title="bbox 2183 4377 3721 4498">
     <span class='ocr_line' id='line_1_99' title="bbox 2183 4377 3721 4498; baseline -0.008 -40"><span class='ocrx_word' id='word_1_817' title='bbox 2183 4438 2237 4498; x_wconf 70' lang='grc' dir='ltr'>Β</span> <span class='ocrx_word' id='word_1_818' title='bbox 2263 4377 2459 4464; x_wconf 78' lang='lat' dir='ltr'><strong>metur,</strong></span> <span class='ocrx_word' id='word_1_819' title='bbox 2489 4401 2631 4472; x_wconf 85' lang='lat' dir='ltr'><strong>quod</strong></span> <span class='ocrx_word' id='word_1_820' title='bbox 2657 4402 2798 4454; x_wconf 87' lang='lat' dir='ltr'><strong>vivet</strong></span> <span class='ocrx_word' id='word_1_821' title='bbox 2827 4377 3007 4454; x_wconf 77' lang='lat' dir='ltr'><strong>adhuc</strong></span> <span class='ocrx_word' id='word_1_822' title='bbox 3049 4401 3101 4453; x_wconf 89' lang='lat' dir='ltr'><strong>in</strong></span> <span class='ocrx_word' id='word_1_823' title='bbox 3133 4401 3320 4454; x_wconf 85' lang='lat' dir='ltr'><strong>labore</strong></span> <span class='ocrx_word' id='word_1_824' title='bbox 3345 4407 3396 4453; x_wconf 87' lang='lat' dir='ltr'><strong>et</strong></span> <span class='ocrx_word' id='word_1_825' title='bbox 3439 4397 3488 4450; x_wconf 92' lang='lat' dir='ltr'><strong>in</strong></span> <span class='ocrx_word' id='word_1_826' title='bbox 3519 4377 3721 4498; x_wconf 47' lang='grc' dir='ltr'><strong>ρωηίεἰὲ</strong></span> 
     </span>
    </p>
   </div>
   <div class='ocr_carea' id='block_1_100' title="bbox 2262 4472 3722 4561">
    <p class='ocr_par' dir='ltr' id='par_1_100' title="bbox 2262 4472 3722 4561">
     <span class='ocr_line' id='line_1_100' title="bbox 2262 4472 3722 4561; baseline -0.016 -15"><span class='ocrx_word' id='word_1_827' title='bbox 2262 4492 2432 4561; x_wconf 86' lang='lat' dir='ltr'><strong>quid?</strong></span> <span class='ocrx_word' id='word_1_828' title='bbox 2463 4508 2567 4545; x_wconf 91' lang='lat' dir='ltr'><strong>non</strong></span> <span class='ocrx_word' id='word_1_829' title='bbox 2600 4501 2658 4544; x_wconf 90' lang='lat' dir='ltr'><strong>ut</strong></span> <span class='ocrx_word' id='word_1_830' title='bbox 2681 4507 2748 4544; x_wconf 79' lang='lat' dir='ltr'><strong>ex</strong></span> <span class='ocrx_word' id='word_1_831' title='bbox 2775 4491 2908 4554; x_wconf 87' lang='lat' dir='ltr'><strong>vita,</strong></span> <span class='ocrx_word' id='word_1_832' title='bbox 2961 4490 3214 4560; x_wconf 83' lang='lat' dir='ltr'><strong>gaudeat,</strong></span> <span class='ocrx_word' id='word_1_833' title='bbox 3259 4490 3352 4543; x_wconf 91' lang='lat' dir='ltr'><strong>sed</strong></span> <span class='ocrx_word' id='word_1_834' title='bbox 3403 4493 3457 4540; x_wconf 87' lang='lat' dir='ltr'><strong>ut</strong></span> <span class='ocrx_word' id='word_1_835' title='bbox 3494 4472 3722 4536; x_wconf 63' lang='lat' dir='ltr'><strong>interualla!</strong></span> 
     </span>
    </p>
   </div>
   <div class='ocr_carea' id='block_1_101' title="bbox 2263 4562 3724 4650">
    <p class='ocr_par' dir='ltr' id='par_1_101' title="bbox 2263 4562 3724 4650">
     <span class='ocr_line' id='line_1_101' title="bbox 2263 4562 3724 4650; baseline -0.009 -13"><span class='ocrx_word' id='word_1_836' title='bbox 2263 4584 2510 4637; x_wconf 88' lang='lat' dir='ltr'><strong>intereat.</strong></span> <span class='ocrx_word' id='word_1_837' title='bbox 2545 4579 2722 4644; x_wconf 87' lang='lat' dir='ltr'><strong>Finis,</strong></span> <span class='ocrx_word' id='word_1_838' title='bbox 2768 4581 3016 4650; x_wconf 84' lang='lat' dir='ltr'><strong>gentiles,</strong></span> <span class='ocrx_word' id='word_1_839' title='bbox 3069 4590 3130 4634; x_wconf 90' lang='lat' dir='ltr'><strong>ut</strong></span> <span class='ocrx_word' id='word_1_840' title='bbox 3186 4581 3240 4634; x_wconf 92' lang='lat' dir='ltr'><strong>in</strong></span> <span class='ocrx_word' id='word_1_841' title='bbox 3276 4576 3489 4634; x_wconf 90' lang='lat' dir='ltr'><strong>Psalmis</strong></span> <span class='ocrx_word' id='word_1_842' title='bbox 3538 4589 3550 4625; x_wconf 90' lang='lat'><strong>:</strong></span> <span class='ocrx_word' id='word_1_843' title='bbox 3592 4562 3724 4620; x_wconf 63' lang='grc' dir='ltr'><strong>«θεαί</strong></span> 
     </span>
    </p>
   </div>
   <div class='ocr_carea' id='block_1_102' title="bbox 2261 4662 3722 4754">
    <p class='ocr_par' dir='ltr' id='par_1_102' title="bbox 2261 4662 3722 4754">
     <span class='ocr_line' id='line_1_102' title="bbox 2261 4662 3722 4754; baseline -0.011 -26"><span class='ocrx_word' id='word_1_844' title='bbox 2261 4673 2622 4728; x_wconf 90' lang='lat' dir='ltr'><strong>dominabitur</strong></span> <span class='ocrx_word' id='word_1_845' title='bbox 2648 4670 2812 4724; x_wconf 87' lang='lat' dir='ltr'><strong>Jacob</strong></span> <span class='ocrx_word' id='word_1_846' title='bbox 2839 4679 2894 4723; x_wconf 90' lang='lat' dir='ltr'><strong>et</strong></span> <span class='ocrx_word' id='word_1_847' title='bbox 2920 4670 3104 4724; x_wconf 79' lang='lat' dir='ltr'><strong>finium</strong></span> <span class='ocrx_word' id='word_1_848' title='bbox 3132 4679 3292 4724; x_wconf 70' lang='lat' dir='ltr'><strong>terra:</strong></span> <span class='ocrx_word' id='word_1_849' title='bbox 3323 4668 3384 4732; x_wconf 77' lang='lat'><strong>”,</strong></span> <span class='ocrx_word' id='word_1_850' title='bbox 3441 4686 3458 4717; x_wconf 84' lang='grc'>›</span> <span class='ocrx_word' id='word_1_851' title='bbox 3493 4662 3538 4716; x_wconf 90' lang='lat' dir='ltr'><strong>id</strong></span> <span class='ocrx_word' id='word_1_852' title='bbox 3565 4662 3722 4754; x_wconf 31' lang='lat' dir='ltr'><strong>est-{loti</strong></span> 
     </span>
    </p>
   </div>
   <div class='ocr_carea' id='block_1_103' title="bbox 2259 4748 3724 4833">
    <p class='ocr_par' dir='ltr' id='par_1_103' title="bbox 2259 4748 3724 4833">
     <span class='ocr_line' id='line_1_103' title="bbox 2259 4748 3724 4833; baseline -0.015 -12"><span class='ocrx_word' id='word_1_853' title='bbox 2259 4767 2431 4821; x_wconf 88' lang='lat' dir='ltr'><strong>solum</strong></span> <span class='ocrx_word' id='word_1_854' title='bbox 2460 4765 2682 4819; x_wconf 75' lang='lat' dir='ltr'><strong>Iudaico</strong></span> <span class='ocrx_word' id='word_1_855' title='bbox 2732 4764 2968 4833; x_wconf 87' lang='lat' dir='ltr'><strong>populo:</strong></span> <span class='ocrx_word' id='word_1_856' title='bbox 3025 4763 3120 4819; x_wconf 88' lang='lat' dir='ltr'><strong>sed</strong></span> <span class='ocrx_word' id='word_1_857' title='bbox 3152 4773 3208 4818; x_wconf 88' lang='lat' dir='ltr'><strong>et</strong></span> <span class='ocrx_word' id='word_1_858' title='bbox 3239 4764 3291 4817; x_wconf 88' lang='lat' dir='ltr'><strong>in</strong></span> <span class='ocrx_word' id='word_1_859' title='bbox 3337 4757 3507 4833; x_wconf 81' lang='lat' dir='ltr'><strong>gentili</strong></span> <span class='ocrx_word' id='word_1_860' title='bbox 3549 4748 3724 4821; x_wconf 75' lang='lat' dir='ltr'><strong>judicium</strong></span> 
     </span>
    </p>
   </div>
   <div class='ocr_carea' id='block_1_104' title="bbox 2260 4835 3726 4924">
    <p class='ocr_par' dir='ltr' id='par_1_104' title="bbox 2260 4835 3726 4924">
     <span class='ocr_line' id='line_1_104' title="bbox 2260 4835 3726 4924; baseline -0.011 -12"><span class='ocrx_word' id='word_1_861' title='bbox 2260 4873 2414 4912; x_wconf 88' lang='lat' dir='ltr'><strong>suum</strong></span> <span class='ocrx_word' id='word_1_862' title='bbox 2440 4856 2730 4910; x_wconf 85' lang='lat' dir='ltr'><strong>exercebit.</strong></span> <span class='ocrx_word' id='word_1_863' title='bbox 2785 4856 2887 4909; x_wconf 83' lang='lat' dir='ltr'><strong>Per</strong></span> <span class='ocrx_word' id='word_1_864' title='bbox 2905 4857 3084 4924; x_wconf 83' lang='lat' dir='ltr'><strong>ﬁnem,</strong></span> <span class='ocrx_word' id='word_1_865' title='bbox 3111 4855 3336 4908; x_wconf 73' lang='lat' dir='ltr'><strong>interna:</strong></span> <span class='ocrx_word' id='word_1_866' title='bbox 3355 4845 3661 4924; x_wconf 40' lang='lat' dir='ltr'><strong>cogitationes!</strong></span> <span class='ocrx_word' id='word_1_867' title='bbox 3690 4835 3726 4882; x_wconf 71' lang='grc' dir='ltr'><strong>πί</strong></span> 
     </span>
    </p>
   </div>
   <div class='ocr_carea' id='block_1_105' title="bbox 2257 4922 3725 5013">
    <p class='ocr_par' dir='ltr' id='par_1_105' title="bbox 2257 4922 3725 5013">
     <span class='ocr_line' id='line_1_105' title="bbox 2257 4922 3725 5013; baseline -0.01 -11"><span class='ocrx_word' id='word_1_868' title='bbox 2257 4950 2312 5003; x_wconf 92' lang='lat' dir='ltr'><strong>in</strong></span> <span class='ocrx_word' id='word_1_869' title='bbox 2337 4947 2616 5002; x_wconf 89' lang='lat' dir='ltr'><strong>Psalmis:</strong></span> <span class='ocrx_word' id='word_1_870' title='bbox 2676 4965 2694 4996; x_wconf 83' lang='grc'><strong><em>‹</em></strong></span> <span class='ocrx_word' id='word_1_871' title='bbox 2728 4947 2788 5001; x_wconf 89' lang='lat' dir='ltr'><strong>In</strong></span> <span class='ocrx_word' id='word_1_872' title='bbox 2843 4962 3013 5000; x_wconf 89' lang='lat' dir='ltr'><strong>manu</strong></span> <span class='ocrx_word' id='word_1_873' title='bbox 3083 4944 3199 5013; x_wconf 89' lang='lat' dir='ltr'><strong>ejus</strong></span> <span class='ocrx_word' id='word_1_874' title='bbox 3264 4950 3386 4998; x_wconf 91' lang='lat' dir='ltr'><strong>sunt</strong></span> <span class='ocrx_word' id='word_1_875' title='bbox 3440 4945 3597 4993; x_wconf 82' lang='lat' dir='ltr'><strong>omnes</strong></span> <span class='ocrx_word' id='word_1_876' title='bbox 3643 4922 3725 4977; x_wconf 55' lang='lat' dir='ltr'><strong>ﬁnes</strong></span> 
     </span>
    </p>
   </div>
   <div class='ocr_carea' id='block_1_106' title="bbox 2259 5019 3726 5106">
    <p class='ocr_par' dir='ltr' id='par_1_106' title="bbox 2259 5019 3726 5106">
     <span class='ocr_line' id='line_1_106' title="bbox 2259 5019 3726 5106; baseline -0.008 -13"><span class='ocrx_word' id='word_1_877' title='bbox 2259 5049 2416 5094; x_wconf 73' lang='lat' dir='ltr'><strong>terra:</strong></span> <span class='ocrx_word' id='word_1_878' title='bbox 2447 5039 2514 5103; x_wconf 84' lang='grc' dir='ltr'><strong>³ο,</strong></span> <span class='ocrx_word' id='word_1_879' title='bbox 2550 5058 2568 5089; x_wconf 72' lang='grc' dir='ltr'><strong>ι</strong></span> <span class='ocrx_word' id='word_1_880' title='bbox 2606 5036 2658 5090; x_wconf 93' lang='lat' dir='ltr'><strong>id</strong></span> <span class='ocrx_word' id='word_1_881' title='bbox 2703 5045 2808 5102; x_wconf 88' lang='lat' dir='ltr'><strong>est,</strong></span> <span class='ocrx_word' id='word_1_882' title='bbox 2843 5037 2895 5090; x_wconf 93' lang='lat' dir='ltr'><strong>in</strong></span> <span class='ocrx_word' id='word_1_883' title='bbox 2925 5046 3191 5106; x_wconf 80' lang='lat' dir='ltr'><strong>potestate</strong></span> <span class='ocrx_word' id='word_1_884' title='bbox 3233 5035 3347 5104; x_wconf 92' lang='lat' dir='ltr'><strong>ejus</strong></span> <span class='ocrx_word' id='word_1_885' title='bbox 3397 5039 3493 5092; x_wconf 85' lang='lat' dir='ltr'><strong>est,</strong></span> <span class='ocrx_word' id='word_1_886' title='bbox 3529 5019 3726 5104; x_wconf 57' lang='lat' dir='ltr'><strong>dispone&quot;e</strong></span> 
     </span>
    </p>
   </div>
   <div class='ocr_carea' id='block_1_107' title="bbox 2258 5110 3726 5196">
    <p class='ocr_par' dir='ltr' id='par_1_107' title="bbox 2258 5110 3726 5196">
     <span class='ocr_line' id='line_1_107' title="bbox 2258 5110 3726 5196; baseline -0.003 -12"><span class='ocrx_word' id='word_1_887' title='bbox 2258 5145 2446 5184; x_wconf 91' lang='lat' dir='ltr'><strong>omnes</strong></span> <span class='ocrx_word' id='word_1_888' title='bbox 2476 5129 2718 5184; x_wconf 89' lang='lat' dir='ltr'><strong>internas</strong></span> <span class='ocrx_word' id='word_1_889' title='bbox 2743 5127 3101 5196; x_wconf 82' lang='lat' dir='ltr'><strong>cogitationes</strong></span> <span class='ocrx_word' id='word_1_890' title='bbox 3127 5126 3342 5180; x_wconf 65' lang='lat' dir='ltr'><strong>animat.</strong></span> <span class='ocrx_word' id='word_1_891' title='bbox 3389 5118 3545 5180; x_wconf 68' lang='lat' dir='ltr'><strong>Finis.</strong></span> <span class='ocrx_word' id='word_1_892' title='bbox 3586 5110 3726 5164; x_wconf 51' lang='grc' dir='ltr'><strong>πιεῖν</strong></span> 
     </span>
    </p>
   </div>
   <div class='ocr_carea' id='block_1_108' title="bbox 653 5339 3729 5461">
    <p class='ocr_par' dir='ltr' id='par_1_108' title="bbox 653 5339 3729 5461">
     <span class='ocr_line' id='line_1_108' title="bbox 653 5339 3729 5435; baseline -0.004 -13"><span class='ocrx_word' id='word_1_893' title='bbox 653 5369 792 5423; x_wconf 85' lang='lat' dir='ltr'><strong>&#39;Isa.</strong></span> <span class='ocrx_word' id='word_1_894' title='bbox 824 5386 897 5433; x_wconf 83' lang='lat' dir='ltr'><strong>vt,</strong></span> <span class='ocrx_word' id='word_1_895' title='bbox 924 5370 1003 5424; x_wconf 79' lang='lat'><strong>6.‘</strong></span> <span class='ocrx_word' id='word_1_896' title='bbox 1026 5371 1194 5424; x_wconf 80' lang='lat' dir='ltr'><strong>Exod.</strong></span> <span class='ocrx_word' id='word_1_897' title='bbox 1227 5385 1393 5432; x_wconf 77' lang='lat' dir='ltr'><strong>xxv&quot;,</strong></span> <span class='ocrx_word' id='word_1_898' title='bbox 1426 5370 1479 5423; x_wconf 81' lang='lat'><strong>5.</strong></span> <span class='ocrx_word' id='word_1_899' title='bbox 1505 5369 1638 5422; x_wconf 76' lang='lat' dir='ltr'><strong>alsa.</strong></span> <span class='ocrx_word' id='word_1_900' title='bbox 1678 5387 1754 5435; x_wconf 81' lang='lat' dir='ltr'><strong>1x,</strong></span> <span class='ocrx_word' id='word_1_901' title='bbox 1786 5371 1836 5425; x_wconf 87' lang='lat'><strong>6.</strong></span> <span class='ocrx_word' id='word_1_902' title='bbox 1863 5371 1882 5400; x_wconf 68' lang='grc' dir='ltr'><strong>ἰ</strong></span> <span class='ocrx_word' id='word_1_903' title='bbox 1912 5371 2042 5425; x_wconf 87' lang='lat' dir='ltr'><strong>Luc.</strong></span> <span class='ocrx_word' id='word_1_904' title='bbox 2071 5386 2146 5432; x_wconf 82' lang='lat' dir='ltr'><strong>xt,</strong></span> <span class='ocrx_word' id='word_1_905' title='bbox 2181 5369 2266 5424; x_wconf 69' lang='lat'><strong>12.</strong></span> <span class='ocrx_word' id='word_1_906' title='bbox 2301 5371 2321 5401; x_wconf 81' lang='grc'><strong>⁵</strong></span> <span class='ocrx_word' id='word_1_907' title='bbox 2347 5369 2487 5423; x_wconf 87' lang='lat' dir='ltr'><strong>Psal.</strong></span> <span class='ocrx_word' id='word_1_908' title='bbox 2521 5385 2605 5432; x_wconf 81' lang='lat' dir='ltr'><strong>Lv,</strong></span> <span class='ocrx_word' id='word_1_909' title='bbox 2633 5369 2687 5422; x_wconf 68' lang='grc'><strong>4.</strong></span> <span class='ocrx_word' id='word_1_910' title='bbox 2728 5369 2749 5401; x_wconf 80' lang='grc'><strong>⁶</strong></span> <span class='ocrx_word' id='word_1_911' title='bbox 2778 5369 2920 5425; x_wconf 74' lang='lat' dir='ltr'><strong>Psal.</strong></span> <span class='ocrx_word' id='word_1_912' title='bbox 2949 5387 3066 5432; x_wconf 86' lang='lat' dir='ltr'><strong>LIII,</strong></span> <span class='ocrx_word' id='word_1_913' title='bbox 3089 5370 3138 5424; x_wconf 78' lang='lat'><strong>5.</strong></span> <span class='ocrx_word' id='word_1_914' title='bbox 3159 5370 3180 5402; x_wconf 83' lang='grc' dir='ltr'>τ</span> <span class='ocrx_word' id='word_1_915' title='bbox 3207 5367 3347 5422; x_wconf 87' lang='lat' dir='ltr'><strong>Psal.</strong></span> <span class='ocrx_word' id='word_1_916' title='bbox 3376 5375 3543 5420; x_wconf 84' lang='lat' dir='ltr'><strong>xxvm,</strong></span> <span class='ocrx_word' id='word_1_917' title='bbox 3564 5353 3604 5410; x_wconf 85' lang='lat'><strong>8.</strong></span> <span class='ocrx_word' id='word_1_918' title='bbox 3631 5339 3729 5396; x_wconf 61' lang='grc' dir='ltr'><strong>ἰὼ</strong></span> 
     </span>
     <span class='ocr_line' id='line_1_109' title="bbox 653 5411 3728 5461; baseline 0 0"><span class='ocrx_word' id='word_1_919' title='bbox 653 5457 664 5461; x_wconf 92' lang='grc'><strong>-</strong></span> <span class='ocrx_word' id='word_1_920' title='bbox 737 5441 794 5461; x_wconf 72' lang='grc' dir='ltr'><strong>ιη</strong></span> <span class='ocrx_word' id='word_1_921' title='bbox 856 5441 877 5461; x_wconf 72' lang='grc' dir='ltr'><strong>ι</strong></span> <span class='ocrx_word' id='word_1_922' title='bbox 913 5441 1018 5461; x_wconf 70' lang='grc' dir='ltr'><strong>η..-</strong></span> <span class='ocrx_word' id='word_1_923' title='bbox 1045 5441 1057 5461; x_wconf 88' lang='grc' dir='ltr'><strong>ι</strong></span> <span class='ocrx_word' id='word_1_924' title='bbox 1133 5456 1298 5461; x_wconf 84' lang='lat'><strong>___-_-___</strong></span> <span class='ocrx_word' id='word_1_925' title='bbox 1390 5441 1454 5461; x_wconf 74' lang='lat' dir='ltr'><strong>v-n</strong></span> <span class='ocrx_word' id='word_1_926' title='bbox 1523 5441 1563 5461; x_wconf 72' lang='grc' dir='ltr'><strong>ιιι</strong></span> <span class='ocrx_word' id='word_1_927' title='bbox 1594 5441 1759 5461; x_wconf 46' lang='grc' dir='ltr'><strong>εκ.--»</strong></span> <span class='ocrx_word' id='word_1_928' title='bbox 1839 5456 1894 5461; x_wconf 89' lang='grc'><strong>---</strong></span> <span class='ocrx_word' id='word_1_929' title='bbox 1947 5443 1975 5461; x_wconf 75' lang='grc' dir='ltr'><strong>-ν</strong></span> <span class='ocrx_word' id='word_1_930' title='bbox 2041 5442 2078 5461; x_wconf 76' lang='grc' dir='ltr'>η</span> <span class='ocrx_word' id='word_1_931' title='bbox 2119 5441 2250 5461; x_wconf 59' lang='grc' dir='ltr'><strong>ιη--</strong></span> <span class='ocrx_word' id='word_1_932' title='bbox 2321 5456 2374 5461; x_wconf 85' lang='lat'><strong>___</strong></span> <span class='ocrx_word' id='word_1_933' title='bbox 2429 5440 2463 5461; x_wconf 70' lang='grc' dir='ltr'>ο</span> <span class='ocrx_word' id='word_1_934' title='bbox 2527 5441 2568 5461; x_wconf 76' lang='grc' dir='ltr'>η</span> <span class='ocrx_word' id='word_1_935' title='bbox 2608 5439 2709 5461; x_wconf 63' lang='grc' dir='ltr'><strong>ο-..</strong></span> <span class='ocrx_word' id='word_1_936' title='bbox 2781 5457 2839 5461; x_wconf 84' lang='lat'><strong>___</strong></span> <span class='ocrx_word' id='word_1_937' title='bbox 2917 5442 2947 5461; x_wconf 71' lang='grc' dir='ltr'>η</span> <span class='ocrx_word' id='word_1_938' title='bbox 3013 5443 3055 5461; x_wconf 79' lang='grc' dir='ltr'><strong><em>η</em></strong></span> <span class='ocrx_word' id='word_1_939' title='bbox 3089 5441 3216 5461; x_wconf 60' lang='grc' dir='ltr'><strong>ειη--.</strong></span> <span class='ocrx_word' id='word_1_940' title='bbox 3287 5453 3338 5461; x_wconf 89' lang='grc'><strong>--.</strong></span> <span class='ocrx_word' id='word_1_941' title='bbox 3403 5434 3468 5461; x_wconf 78' lang='lat' dir='ltr'><strong>an</strong></span> <span class='ocrx_word' id='word_1_942' title='bbox 3543 5427 3577 5458; x_wconf 71' lang='grc' dir='ltr'><strong>ιδ</strong></span> <span class='ocrx_word' id='word_1_943' title='bbox 3597 5411 3728 5461; x_wconf 60' lang='lat' dir='ltr'><strong>[leth-</strong></span> 
     </span>
    </p>
   </div>
   <div class='ocr_carea' id='block_1_109' title="bbox 573 5421 2162 5528">
    <p class='ocr_par' dir='ltr' id='par_1_109' title="bbox 573 5421 2162 5528">
     <span class='ocr_line' id='line_1_110' title="bbox 573 5421 2162 5528; baseline 0 -34"><span class='ocrx_word' id='word_1_944' title='bbox 573 5457 696 5502; x_wconf 67' lang='grc' dir='ltr'><strong>χιι,</strong></span> <span class='ocrx_word' id='word_1_945' title='bbox 733 5441 825 5528; x_wconf 48' lang='lat' dir='ltr'><strong>lli;</strong></span> <span class='ocrx_word' id='word_1_946' title='bbox 856 5421 1102 5528; x_wconf 45' lang='lat' dir='ltr'><strong>&#39;:&#39;Ei.t&#39;od;‘</strong></span> <span class='ocrx_word' id='word_1_947' title='bbox 1133 5456 1298 5493; x_wconf 84' lang='lat' dir='ltr'><strong>xxvm</strong></span> <span class='ocrx_word' id='word_1_948' title='bbox 1327 5481 1341 5503; x_wconf 92' lang='lat'><strong>,</strong></span> <span class='ocrx_word' id='word_1_949' title='bbox 1383 5421 1477 5528; x_wconf 37' lang='grc' dir='ltr'><strong>’ὅνδε</strong></span> <span class='ocrx_word' id='word_1_950' title='bbox 1592 5421 1787 5528; x_wconf 72' lang='lat' dir='ltr'><strong>Ezech.</strong></span> <span class='ocrx_word' id='word_1_951' title='bbox 1829 5456 1918 5528; x_wconf 47' lang='lat' dir='ltr'><strong>‘Il‘l,</strong></span> <span class='ocrx_word' id='word_1_952' title='bbox 1940 5442 2082 5528; x_wconf 35' lang='lat'><strong>‘71.!“</strong></span> <span class='ocrx_word' id='word_1_953' title='bbox 2107 5441 2162 5509; x_wconf 77' lang='lat' dir='ltr'><strong>Al</strong></span> 
     </span>
    </p>
   </div>
   <div class='ocr_carea' id='block_1_110' title="bbox 2223 5421 3728 5528">
    <p class='ocr_par' dir='ltr' id='par_1_110' title="bbox 2223 5421 3728 5528">
     <span class='ocr_line' id='line_1_111' title="bbox 2223 5421 3728 5528; baseline -0.001 0"><span class='ocrx_word' id='word_1_954' title='bbox 2223 5421 2734 5528; x_wconf 51' lang='lat' dir='ltr'><strong>3;..t5‘4.?-..&quot;.&#39;S“P-</strong></span> <span class='ocrx_word' id='word_1_955' title='bbox 2779 5421 3066 5528; x_wconf 57' lang='grc' dir='ltr'><strong>ξιὶίῖξῗῖί</strong></span> <span class='ocrx_word' id='word_1_956' title='bbox 3085 5421 3382 5528; x_wconf 55' lang='grc' dir='ltr'><strong>θείημιϊιε</strong></span> <span class='ocrx_word' id='word_1_957' title='bbox 3403 5434 3492 5528; x_wconf 61' lang='grc' dir='ltr'><strong>είέι</strong></span> <span class='ocrx_word' id='word_1_958' title='bbox 3527 5421 3728 5528; x_wconf 42' lang='grc' dir='ltr'><strong>εἴ,ζὲῗῖ</strong></span> 
     </span>
    </p>
   </div>
   <div class='ocr_carea' id='block_1_111' title="bbox 577 5494 2162 5600">
    <p class='ocr_par' dir='ltr' id='par_1_111' title="bbox 577 5494 2162 5600">
     <span class='ocr_line' id='line_1_112' title="bbox 577 5494 2162 5578; baseline 0.001 -16"><span class='ocrx_word' id='word_1_959' title='bbox 577 5494 728 5570; x_wconf 62' lang='lat' dir='ltr'><strong>xuii,</strong></span> <span class='ocrx_word' id='word_1_960' title='bbox 763 5510 846 5562; x_wconf 79' lang='lat'><strong>13.</strong></span> <span class='ocrx_word' id='word_1_961' title='bbox 881 5511 923 5541; x_wconf 75' lang='grc'><strong><em>⁸⁵</em></strong></span> <span class='ocrx_word' id='word_1_962' title='bbox 961 5510 1026 5562; x_wconf 90' lang='grc' dir='ltr'><strong>ιιι</strong></span> <span class='ocrx_word' id='word_1_963' title='bbox 1063 5511 1196 5578; x_wconf 81' lang='lat' dir='ltr'><strong>Reg.</strong></span> <span class='ocrx_word' id='word_1_964' title='bbox 1225 5494 1376 5572; x_wconf 68' lang='lat' dir='ltr'><strong>xviii,</strong></span> <span class='ocrx_word' id='word_1_965' title='bbox 1409 5510 1498 5563; x_wconf 72' lang='grc'><strong>55.</strong></span> <span class='ocrx_word' id='word_1_966' title='bbox 1527 5510 1568 5540; x_wconf 81' lang='grc'>¹⁶</span> <span class='ocrx_word' id='word_1_967' title='bbox 1592 5511 1690 5564; x_wconf 90' lang='lat' dir='ltr'><strong>lsa.</strong></span> <span class='ocrx_word' id='word_1_968' title='bbox 1725 5526 1785 5572; x_wconf 92' lang='grc' dir='ltr'><strong>ιι,</strong></span> <span class='ocrx_word' id='word_1_969' title='bbox 1825 5494 1979 5563; x_wconf 38' lang='lat'><strong>10..”</strong></span> <span class='ocrx_word' id='word_1_970' title='bbox 2003 5494 2162 5566; x_wconf 65' lang='lat' dir='ltr'><strong>Jos.v</strong></span> 
     </span>
     <span class='ocr_line' id='line_1_113' title="bbox 577 5579 2150 5600; baseline 0 0"><span class='ocrx_word' id='word_1_971' title='bbox 577 5581 614 5600; x_wconf 85' lang='lat' dir='ltr'><strong>II</strong></span> <span class='ocrx_word' id='word_1_972' title='bbox 664 5579 780 5600; x_wconf 83' lang='lat' dir='ltr'><strong>n-__|</strong></span> <span class='ocrx_word' id='word_1_973' title='bbox 847 5595 929 5600; x_wconf 81' lang='lat'><strong>-___</strong></span> <span class='ocrx_word' id='word_1_974' title='bbox 981 5581 1012 5600; x_wconf 69' lang='grc' dir='ltr'><strong>ιη</strong></span> <span class='ocrx_word' id='word_1_975' title='bbox 1062 5582 1106 5600; x_wconf 69' lang='grc' dir='ltr'><strong>σε</strong></span> <span class='ocrx_word' id='word_1_976' title='bbox 1133 5579 1168 5600; x_wconf 89' lang='grc' dir='ltr'><strong>ΙΙ</strong></span> <span class='ocrx_word' id='word_1_977' title='bbox 1196 5580 1306 5600; x_wconf 64' lang='grc' dir='ltr'><strong>Ιὶ-..</strong></span> <span class='ocrx_word' id='word_1_978' title='bbox 1363 5599 1374 5600; x_wconf 32' lang='grc' dir='ltr'><em>κ</em></span> <span class='ocrx_word' id='word_1_979' title='bbox 1399 5597 1487 5600; x_wconf 38' lang='lat'><strong>4.--,</strong></span> <span class='ocrx_word' id='word_1_980' title='bbox 1546 5581 1605 5600; x_wconf 81' lang='grc' dir='ltr'><strong>ι-ιι</strong></span> <span class='ocrx_word' id='word_1_981' title='bbox 1687 5581 1731 5600; x_wconf 68' lang='grc' dir='ltr'>η</span> <span class='ocrx_word' id='word_1_982' title='bbox 1769 5580 1885 5600; x_wconf 78' lang='lat' dir='ltr'><strong>n.__|</strong></span> <span class='ocrx_word' id='word_1_983' title='bbox 1959 5597 2009 5600; x_wconf 61' lang='lat'><strong>__,</strong></span> <span class='ocrx_word' id='word_1_984' title='bbox 2091 5582 2150 5600; x_wconf 83' lang='lat' dir='ltr'><strong>In</strong></span> 
     </span>
    </p>
   </div>
   <div class='ocr_carea' id='block_1_112' title="bbox 2223 5494 3729 5600">
    <p class='ocr_par' dir='ltr' id='par_1_112' title="bbox 2223 5494 3729 5600">
     <span class='ocr_line' id='line_1_114' title="bbox 2223 5494 3729 5600; baseline -0.001 0"><span class='ocrx_word' id='word_1_985' title='bbox 2223 5511 2348 5600; x_wconf 54' lang='grc' dir='ltr'><strong>ςέἓς</strong></span> <span class='ocrx_word' id='word_1_986' title='bbox 2476 5509 2622 5600; x_wconf 42' lang='lat' dir='ltr'><strong>Pi“;</strong></span> <span class='ocrx_word' id='word_1_987' title='bbox 2652 5494 2748 5600; x_wconf 68' lang='lat'><strong>&quot;&quot;1;</strong></span> <span class='ocrx_word' id='word_1_988' title='bbox 2777 5494 3084 5600; x_wconf 44' lang='grc' dir='ltr'><strong>Ξδίμί⁹¹⁵ἶ¹ς</strong></span> <span class='ocrx_word' id='word_1_989' title='bbox 3115 5505 3418 5600; x_wconf 57' lang='grc' dir='ltr'><strong>λξκιῖνιέῗὲι</strong></span> <span class='ocrx_word' id='word_1_990' title='bbox 3451 5494 3729 5600; x_wconf 55' lang='grc' dir='ltr'><strong>’ἶῖίὶῖἶξῒίἓῖ</strong></span> 
     </span>
    </p>
   </div>
   <div class='ocr_carea' id='block_1_113' title="bbox 573 5572 2162 5646">
    <p class='ocr_par' dir='ltr' id='par_1_113' title="bbox 573 5572 2162 5646">
     <span class='ocr_line' id='line_1_115' title="bbox 573 5572 2162 5646; baseline 0.003 -16"><span class='ocrx_word' id='word_1_991' title='bbox 573 5581 617 5612; x_wconf 80' lang='grc'><strong>³¹</strong></span> <span class='ocrx_word' id='word_1_992' title='bbox 664 5579 803 5631; x_wconf 88' lang='lat' dir='ltr'><strong>Psal.</strong></span> <span class='ocrx_word' id='word_1_993' title='bbox 847 5595 952 5643; x_wconf 84' lang='lat' dir='ltr'><strong>Lvt,</strong></span> <span class='ocrx_word' id='word_1_994' title='bbox 981 5581 1034 5632; x_wconf 88' lang='lat'><strong>7.</strong></span> <span class='ocrx_word' id='word_1_995' title='bbox 1062 5572 1325 5646; x_wconf 78' lang='lat' dir='ltr'><strong>&quot;Illleg.</strong></span> <span class='ocrx_word' id='word_1_996' title='bbox 1361 5597 1508 5640; x_wconf 77' lang='lat' dir='ltr'><strong>xvtn,</strong></span> <span class='ocrx_word' id='word_1_997' title='bbox 1541 5581 1626 5634; x_wconf 80' lang='grc' dir='ltr'><strong>Π.</strong></span> <span class='ocrx_word' id='word_1_998' title='bbox 1687 5581 1732 5610; x_wconf 78' lang='grc'><strong>’³</strong></span> <span class='ocrx_word' id='word_1_999' title='bbox 1769 5580 1908 5634; x_wconf 85' lang='lat' dir='ltr'><strong>Psal.</strong></span> <span class='ocrx_word' id='word_1_1000' title='bbox 1959 5597 2035 5642; x_wconf 73' lang='lat' dir='ltr'><strong>Ix,</strong></span> <span class='ocrx_word' id='word_1_1001' title='bbox 2086 5582 2162 5634; x_wconf 86' lang='lat' dir='ltr'><strong>l9.</strong></span> 
     </span>
    </p>
   </div>
   <div class='ocr_carea' id='block_1_114' title="bbox 2223 5572 3730 5646">
    <p class='ocr_par' dir='ltr' id='par_1_114' title="bbox 2223 5572 3730 5644">
     <span class='ocr_line' id='line_1_116' title="bbox 2223 5572 3730 5644; baseline -0.017 -9"><span class='ocrx_word' id='word_1_1002' title='bbox 2223 5582 2267 5611; x_wconf 49' lang='grc' dir='ltr'><strong>’δ</strong></span> <span class='ocrx_word' id='word_1_1003' title='bbox 2298 5581 2455 5635; x_wconf 86' lang='lat' dir='ltr'><strong>Rom.</strong></span> <span class='ocrx_word' id='word_1_1004' title='bbox 2503 5595 2560 5640; x_wconf 79' lang='lat' dir='ltr'><strong>x,</strong></span> <span class='ocrx_word' id='word_1_1005' title='bbox 2597 5580 2651 5632; x_wconf 66' lang='grc' dir='ltr'><strong>εί.</strong></span> <span class='ocrx_word' id='word_1_1006' title='bbox 2700 5581 2746 5612; x_wconf 74' lang='grc'><strong>’⁸</strong></span> <span class='ocrx_word' id='word_1_1007' title='bbox 2773 5580 2927 5636; x_wconf 86' lang='lat' dir='ltr'><strong>Joan.</strong></span> <span class='ocrx_word' id='word_1_1008' title='bbox 2978 5598 3093 5644; x_wconf 72' lang='lat' dir='ltr'><strong>mu,</strong></span> <span class='ocrx_word' id='word_1_1009' title='bbox 3149 5580 3199 5632; x_wconf 87' lang='lat' dir='ltr'><strong>l.</strong></span> <span class='ocrx_word' id='word_1_1010' title='bbox 3236 5580 3280 5608; x_wconf 76' lang='lat'><strong>&#39;°</strong></span> <span class='ocrx_word' id='word_1_1011' title='bbox 3305 5573 3440 5630; x_wconf 83' lang='lat' dir='ltr'><strong>Psal.</strong></span> <span class='ocrx_word' id='word_1_1012' title='bbox 3495 5572 3670 5622; x_wconf 72' lang='lat' dir='ltr'><strong>xxxvut,</strong></span> <span class='ocrx_word' id='word_1_1013' title='bbox 3698 5572 3730 5600; x_wconf 74' lang='grc' dir='ltr'><strong>υ·</strong></span> 
     </span>
    </p>
   </div>
   <div class='ocr_carea' id='block_1_115' title="bbox 572 5645 2894 5718">
    <p class='ocr_par' dir='ltr' id='par_1_115' title="bbox 572 5645 2894 5718">
     <span class='ocr_line' id='line_1_117' title="bbox 572 5645 2894 5718; baseline 0.001 -13"><span class='ocrx_word' id='word_1_1014' title='bbox 572 5651 614 5680; x_wconf 81' lang='grc'><strong>’⁷</strong></span> <span class='ocrx_word' id='word_1_1015' title='bbox 638 5649 828 5706; x_wconf 79' lang='lat' dir='ltr'><strong>Matth.</strong></span> <span class='ocrx_word' id='word_1_1016' title='bbox 853 5665 976 5702; x_wconf 77' lang='lat' dir='ltr'><strong>xxv.</strong></span> <span class='ocrx_word' id='word_1_1017' title='bbox 1021 5650 1111 5714; x_wconf 54' lang='lat' dir='ltr'><strong>ﬁl,</strong></span> <span class='ocrx_word' id='word_1_1018' title='bbox 1145 5645 1232 5702; x_wconf 79' lang='lat'><strong>‘23.</strong></span> <span class='ocrx_word' id='word_1_1019' title='bbox 1279 5645 1326 5682; x_wconf 63' lang='grc' dir='ltr'><strong><em>η</em></strong></span> <span class='ocrx_word' id='word_1_1020' title='bbox 1358 5651 1498 5704; x_wconf 91' lang='lat' dir='ltr'><strong>Psal.</strong></span> <span class='ocrx_word' id='word_1_1021' title='bbox 1549 5667 1732 5717; x_wconf 76' lang='lat' dir='ltr'><strong>xm&#39;ut,</strong></span> <span class='ocrx_word' id='word_1_1022' title='bbox 1774 5652 1827 5705; x_wconf 86' lang='lat'><strong>9.</strong></span> <span class='ocrx_word' id='word_1_1023' title='bbox 1856 5651 1898 5682; x_wconf 77' lang='grc'>³³</span> <span class='ocrx_word' id='word_1_1024' title='bbox 1935 5650 2076 5705; x_wconf 85' lang='lat' dir='ltr'><strong>Psal.</strong></span> <span class='ocrx_word' id='word_1_1025' title='bbox 2106 5667 2254 5718; x_wconf 70' lang='lat' dir='ltr'><strong>tvm,</strong></span> <span class='ocrx_word' id='word_1_1026' title='bbox 2287 5651 2372 5705; x_wconf 73' lang='grc' dir='ltr'><strong>Η.</strong></span> <span class='ocrx_word' id='word_1_1027' title='bbox 2432 5651 2474 5682; x_wconf 79' lang='grc' dir='ltr'><strong>³ο</strong></span> <span class='ocrx_word' id='word_1_1028' title='bbox 2499 5649 2638 5704; x_wconf 76' lang='lat' dir='ltr'><strong>I’sal.</strong></span> <span class='ocrx_word' id='word_1_1029' title='bbox 2667 5667 2808 5717; x_wconf 83' lang='lat' dir='ltr'><strong>xcw,</strong></span> <span class='ocrx_word' id='word_1_1030' title='bbox 2840 5651 2894 5708; x_wconf 77' lang='grc'><strong>4.</strong></span> 
     </span>
    </p>
   </div>
  </div>
