3972 6336
247 350 342 409 955

1188 343 1604 403 ALLEGORUE
1641 342 1710 398 IN
1748 341 2023 400 SACRAM
2059 342 2523 401 εοιιιρτυιυιιι.

3373 350 3477 409 954

245 466 340 525 tas,
365 466 429 515 ιιι
452 456 507 515 in
533 455 762 513 Psalmis
793 472 808 511 :
841 474 861 508 ι
894 454 1012 511 Νοιι
1047 454 1103 510 in
1134 454 1295 512 linem
1329 457 1528 513 oblivio
1554 456 1660 511 erit
1683 469 1810 525 pau-
1832 462 1885 522 Α
1910 455 2048 512 stola
2093 457 2275 515 dicens
2308 474 2321 510 :
2361 474 2380 506 ι
2415 456 2642 513 Mundus
2667 459 2864 515 transit
2888 474 3014 515 cum
3041 461 3480 533 concupiscentia

243 548 381 620 peris
420 548 461 615 ί,
498 563 518 599 ι
546 547 598 602 id
648 554 757 612 est,
796 544 851 601 in
886 553 1147 601 :eternum
1194 545 1451 601 humilem
1490 561 1597 603 non
1618 544 1810 601 oblivi—

243 647 417 697 scetur
444 639 603 695 Deus.
630 637 732 694 Per
747 637 909 708 ﬁnem
939 639 1260 694 extremitas
1291 639 1462 705 orbis,
1490 646 1552 693 ut
1579 639 1637 693 in
1682 653 1813 694 cans

244 731 346 788 tica
393 729 602 786 Annae:
651 747 671 782 ι
722 726 1277 800 Dominusjudicabit
1320 730 1454 785 ﬁnes
1504 737 1663 784 terra:
1695 730 1740 794 ²,
1786 748 1805 782 ι

242 821 381 893 quod
404 820 699 876 secundum
725 817 799 883 id,
830 819 975 890 quod
1003 818 1059 874 in
1103 818 1396 876 novissimo
1440 820 1602 876 homo
1650 817 1815 875 fuerit

245 911 508 975 inventus,
533 908 884 980 iudicabitur.
1138 958 1143 963 .

310 998 463 1070 Fuga
491 1008 576 1055 est
609 1000 772 1056 timor
811 1000 996 1066 caedis,
1046 1007 1107 1057 ut
1155 1000 1211 1056 in
1261 984 1551 1058 Psalmis':
1600 1020 1620 1054 ι
1648 1001 1817 1057 Periit

244 1087 363 1159 fuga
394 1104 425 1143 a
474 1103 561 1144 me
602 1089 649 1156 ³,
685 1107 706 1143 ι
736 1088 790 1144 id
839 1098 943 1156 est,
982 1105 1089 1149 non
1141 1099 1349 1146 tantum
1396 1092 1649 1147 exhorrui
1692 1107 1818 1163 pas-

246 1179 471 1246 sionem,
499 1186 561 1233 ut
580 1188 811 1236 mortem
843 1180 1027 1237 subire
1068 1195 1403 1239 recusarem.
1441 1181 1615 1254 Fuga,
1668 1183 1817 1240 defe-

246 1274 383 1335 ctus,
422 1275 484 1323 ut
534 1268 591 1323 in
637 1268 916 1325 Psalmis:
968 1288 988 1321 ι
1044 1270 1300 1327 Odientes
1352 1287 1477 1327 eum
1516 1273 1571 1327 in
1634 1271 1815 1344 fugam

247 1366 558 1414 convertam
592 1358 638 1425 ⁸,
673 1379 693 1412 ι
746 1360 890 1430 quod
911 1360 1006 1430 qui
1027 1360 1302 1417 Christum
1332 1378 1441 1418 non
1468 1362 1720 1435 diligunt,
1750 1362 1818 1419 ad

247 1446 513 1504 defectum
534 1448 899 1506 damnabilem
922 1449 1167 1506 tendunt.

319 1534 521 1609 Fulgor
542 1545 627 1592 est
654 1539 931 1596 renovatio
964 1541 1182 1608 mentis,
1223 1550 1285 1597 ut
1330 1543 1387 1598 in
1415 1542 1519 1599 Job
1550 1561 1564 1598 :
1597 1561 1615 1596 ι
1651 1542 1821 1611 Quasi

247 1626 578 1684 meridianus
601 1627 778 1701 fulgor
798 1638 1085 1703 consurget
1141 1631 1239 1687 tibi
1290 1632 1358 1688 ad
1400 1647 1686 1703 vesperam
1718 1634 1760 1700 ',
1794 1653 1815 1687 ι

248 1717 388 1788 quod
416 1718 499 1774 vir
530 1726 772 1786 sanctus,
801 1720 1017 1792 quando
1050 1729 1309 1790 tentatur,
1349 1722 1405 1778 in
1448 1730 1630 1780 mente
1662 1736 1822 1779 reno-

249 1817 423 1865 vatur.

319 1897 530 1971 Fulgur
555 1908 641 1957 est
677 1900 1026 1958 comminatio
1073 1911 1440 1973 peccatorum,
1472 1911 1536 1959 ut
1585 1904 1640 1960 in
1682 1903 1822 1962 Eze-

246 1988 417 2047 chiele
454 2006 468 2041 :
503 2008 522 2042 ι
569 1991 636 2046 Ει
659 1990 727 2047 de
753 1990 877 2065 igne
901 1990 1081 2064 fulgur
1124 1992 1408 2065 egrediens
1448 1992 1493 2061 ⁸,
1524 2011 1543 2045 ι
1577 1993 1722 2064 quod
1757 1993 1827 2049 de

248 2079 452 2152 Spiritu
515 2088 707 2138 sancta
763 2082 821 2139 in
864 2082 953 2138 die
1006 2083 1422 2154 prmdicatorum
1473 2085 1825 2142 comminatio

246 2173 492 2246 procedit
508 2182 877 2245 peccatorum.
903 2172 1131 2247 Fulgur,
1160 2183 1340 2231 terror
1384 2175 1614 2244 timoris,
1661 2183 1723 2232 ut
1769 2176 1825 2232 in

248 2268 539 2340 Evangelia
570 2284 584 2321 :
634 2286 653 2320 ι
710 2267 845 2323 Erat
884 2276 1066 2323 autem
1112 2276 1365 2339 aspectus
1404 2268 1521 2340 ejus
1551 2268 1693 2326 sicut
1722 2267 1827 2324 ful-

248 2377 351 2433 gur
371 2360 416 2427 ',
452 2377 472 2412 ι
504 2359 648 2432 quod
690 2358 952 2416 Dominus
985 2361 1052 2416 ad
1064 2358 1328 2429 judicium
1363 2360 1588 2418 veniens
1623 2376 1723 2433 per
1746 2360 1828 2418 di-

249 2451 593 2508 stinctionem
616 2450 876 2523 reprohas
897 2459 1086 2507 terret.
1102 2450 1211 2517 Per
1221 2450 1402 2523 fulgur
1420 2452 1826 2523 praedicatores,

248 2549 315 2598 ιιι
338 2542 394 2597 in
422 2539 561 2597 Job:
607 2558 626 2594 ι
658 2538 909 2610 Nunquid
937 2539 1104 2595 mittit
1140 2538 1377 2612 fulgura,
1416 2548 1472 2597 et
1516 2540 1673 2597 ibunt
1707 2541 1768 2596 εἳ
1800 2560 1822 2596 ι

252 2630 399 2702 quod
426 2629 569 2685 Deus
610 2627 993 2699 praedicatores
1023 2629 1271 2684 veritatis
1297 2628 1354 2684 in
1394 2631 1654 2686 mundum
1708 2631 1831 2686 uni-

252 2734 474 2776 versum
498 2718 668 2784 misit,
703 2725 759 2774 et
785 2716 861 2773 illi
885 2716 1116 2788 profecti
1135 2718 1567 2789 praedicaverunt
1608 2719 1826 2791 ubique.

252 2807 522 2882 Fulgura,
550 2806 837 2875 miracula,
858 2817 920 2863 ut
939 2807 997 2881 in
1022 2806 1252 2863 Psalmis
1282 2823 1296 2860 :
1327 2824 1347 2859 ι
1378 2806 1614 2879 Fulgura
1642 2808 1699 2864 in
1718 2808 1834 2879 plu-

253 2902 398 2958 viam
414 2900 541 2956 fecit
550 2899 595 2967 ³,
615 2919 634 2953 ι
654 2899 798 2972 quod
817 2899 969 2971 prius
979 2912 1144 2971 quam
1166 2898 1309 2956 Deus
1321 2897 1596 2970 discipulis
1608 2900 1834 2957 verbum

252 2990 658 3063 pradicationis
681 2989 977 3058 commisit,
1004 2997 1061 3046 et
1086 2989 1348 3046 miracula
1382 2989 1613 3047 faciendi
1633 2990 1715 3047 eis
1741 3005 1836 3063 pa-

253 3091 512 3141 testatem
543 3083 711 3140 dedit.
760 3081 1013 3139 Fulmina
1033 3091 1162 3140 sunt
1186 3082 1468 3141 sententia:
1489 3083 1666 3140 ultimi
1689 3084 1836 3156 judi-

1908 547 2027 617 ejus
2066 547 2129 603 “.
2165 568 2185 601 ι
2212 548 2513 619 Euphrates
2550 559 2760 604 vorator
2784 552 3190 623 interpretatur,
3233 562 3290 610 et
3318 571 3480 611 mun-

1910 639 2011 693 dus
2037 637 2139 692 iste
2174 637 2228 692 in
2279 651 2337 694 se
2365 646 2556 693 cuncta
2582 641 2874 707 consumit,
2916 650 2972 697 et
2994 643 3234 714 quotidie
3281 646 3350 702 ad
3388 630 3483 702 de-

1909 727 2112 784 fectum
2139 728 2328 784 tendit.
2359 727 2608 795 Flumen,
2639 739 2827 786 sancta
2854 731 3114 798 Ecclesia,
3146 742 3205 788 ut
3230 735 3286 789 in
3332 734 3484 791 Psal-

1911 820 2053 875 mis:
2089 836 2107 870 ι
2143 818 2365 874 Flumen
2389 819 2486 874 Dei
2540 820 2802 890 repletum
2829 832 2917 878 est
2964 825 3118 893 aquis
3147 825 3211 889 ³⁷,
3244 843 3263 878 ι
3297 826 3350 881 id
3377 834 3480 894 est,

1914 914 2101 963 sancta
2129 906 2372 963 Ecclesia
2395 907 2596 978 repleta
2617 917 2701 964 est
2745 910 3114 990 spiritualibus
3141 912 3317 968 donis.
3350 914 3485 969 Flu-

1914 1012 2053 1063 men,
2085 1011 2241 1052 sacra
2275 995 2574 1067 Scriptura,
2602 1008 2663 1054 ιιι
2696 999 2751 1054 in
2775 999 2912 1055 Job:
2962 1019 2981 1054 ι
3014 1001 3131 1057 Νοιι
3167 1004 3388 1059 videant
3414 1006 3487 1061 ri-

1915 1087 2068 1143 vulos
2108 1084 2344 1143 ﬂuminis
2372 1088 2438 1151 ³⁸,
2483 1106 2503 1139 ι
2558 1090 2614 1145 id
2660 1096 2766 1156 est,
2814 1107 2921 1149 non
2970 1092 3235 1165 intelligat
3272 1102 3489 1151 senten-

1914 1179 2021 1235 tias
2047 1193 2215 1235 sacrte
2243 1177 2553 1249 Scripturaa.
2584 1178 2686 1236 Per
2704 1183 2898 1251 ﬂumen
2921 1185 3060 1239 dona
3087 1184 3323 1255 Spiritus
3362 1201 3488 1243 san-

1917 1269 2010 1335 cti,
2068 1276 2130 1325 ut
2178 1269 2236 1324 in
2280 1268 2619 1340 Evangelia:
2658 1288 2678 1322 ι
2738 1271 2985 1329 Flumina
3033 1274 3100 1330 de
3141 1284 3332 1331 ventre
3374 1276 3492 1346 ejus

1917 1360 2088 1416 ﬂuent
2126 1375 2281 1430 aqua:
2307 1361 2444 1417 vivae
2466 1360 2534 1427 ³⁸,
2571 1380 2591 1413 ι
2619 1363 2759 1431 quod
2781 1363 2846 1419 de
2868 1374 3047 1421 mente
3067 1366 3339 1422 credentis
3384 1367 3495 1436 spi-

1919 1451 2134 1508 ritualia
2161 1451 2443 1508 cacumina
2467 1454 2786 1523 procedunt,
2811 1462 2872 1510 ut
2908 1456 2998 1511 alii
3026 1458 3361 1514 imhuantur.
3391 1458 3495 1514 Per

1919 1543 2142 1614 [lumina
2170 1541 2486 1608 Christiani,
2513 1543 2652 1598 utin
2681 1541 2911 1601 Psalmis
2940 1563 2954 1600 :
2984 1565 3003 1599 ι
3049 1547 3298 1603 Flumina
3344 1548 3496 1619 plau-

1922 1632 2051 1689 dent
2071 1648 2231 1688 manu
2267 1631 2427 1688 simul
2447 1633 2516 1698 ’°,
2556 1651 2576 1685 ι
2624 1632 2680 1687 id
2703 1642 2807 1700 est,
2847 1635 3141 1693 Christiani
3169 1638 3499 1693 unanimiter

1921 1728 1979 1777 et
2004 1721 2297 1793 gaudenter
2319 1720 2477 1777 bonis
2504 1722 2758 1792 operibus
2816 1724 3164 1782 insudabunt.
3240 1725 3344 1781 Per
3395 1729 3500 1798 ﬂu-

1845 1807 1894 1869 B
1920 1812 2084 1878 mina,
2112 1810 2516 1881 praedicatores,
2540 1818 2599 1866 ut
2628 1811 2684 1866 in
2708 1812 3035 1870 Ecclesiaste
3067 1831 3081 1869 :
3123 1832 3144 1866 ι
3187 1814 3271 1870 Ad
3291 1815 3491 1883 locum,

1920 1900 2014 1957 ubi
2039 1907 2237 1957 exeunt
2256 1898 2497 1966 ﬂumina,
2528 1908 2885 1968 revertentur,
2903 1903 3173 1960 ut-iterum
3196 1902 3365 1959 ﬂuant
3378 1905 3449 1971 “,
3467 1923 3488 1957 ι

1923 1991 2064 2064 quod
2089 1991 2472 2062 praedicatores
2522 1992 2717 2057 sancti,
2770 2008 3008 2061 omnem,
3060 2011 3225 2066 quam
3265 1996 3494 2063 habent,

1923 2086 2266 2144 sanctitatem
2303 2086 2418 2143 Dea
2466 2086 2768 2153 ascribunt,
2799 2088 2941 2145 utin
2966 2088 3157 2144 eadem
3206 2090 3501 2145 sanctitate

1924 2176 2218 2247 persistere
2246 2177 2474 2247 possint.
2511 2175 2614 2233 Per
2640 2179 2863 2248 ﬂumina
2914 2177 3106 2245 Judaei,
3151 2190 3215 2237 ιιι
3246 2181 3303 2237 in
3353 2181 3507 2237 Psal-

1881 2267 2070 2326 .mis:
2115 2285 2134 2320 ι
2181 2267 2542 2324 Elevaverunt
2584 2266 2804 2324 ﬂumina
2850 2268 3047 2327 ﬂuctus
3085 2285 3215 2327 suos
3265 2272 3336 2338 “,
3374 2290 3394 2324 ι
3450 2271 3507 2327 id

1923 2368 2029 2425 est,
2048 2357 2219 2414 Judaei
2265 2368 2558 2417 erexerunt
2612 2361 3068 2420 contradictiones
3087 2378 3236 2420 suas.
3263 2360 3369 2419 Per
3398 2367 3507 2435 ﬂu—

1926 2447 2070 2503 mina
2100 2447 2352 2519 gentiles,
2404 2455 2467 2503 ut
2502 2447 2559 2504 in
2606 2447 2836 2506 Psalmis
2872 2467 2888 2505 :
2924 2470 2944 2503 ι
2987 2451 3057 2507 Ει
3084 2453 3139 2508 in
3193 2451 3507 2511 ﬂuminibus

1928 2536 2208 2594 dexteram
2231 2537 2349 2608 ejus
2380 2538 2449 2605 ”,
2498 2558 2516 2591 ι
2561 2539 2615 2594 id
2646 2548 2753 2607 cst,
2810 2540 2865 2596 in
2918 2542 3169 2613 gentibus
3206 2545 3510 2616 potentiam

1928 2627 2066 2699 ejus.
2090 2629 2194 2685 Per
2213 2631 2409 2701 ﬂumen
2439 2632 2658 2702 superbi
2689 2633 2939 2691 doctores
2964 2634 3120 2707 legis,
3151 2645 3212 2693 ut
3262 2639 3317 2694 in
3353 2637 3510 2695 Psal-

1931 2721 2036 2776 mis
2064 2739 2077 2774 :
2112 2738 2131 2772 ι
2169 2719 2356 2777 Posuit
2375 2720 2598 2778 ﬂumina
2629 2722 2685 2779 in
2707 2724 2982 2781 desertum
3004 2728 3073 2793 “,
3134 2747 3153 2780 ι
3183 2728 3237 2785 id
3266 2737 3369 2797 est,
3399 2730 3514 2785 ela-

1932 2814 2019 2864 tos
2038 2807 2173 2880 legis
2201 2808 2452 2865 doctores
2496 2808 2751 2866 deseruit.
2803 2811 2911 2868 Per
2935 2802 3165 2884 ﬂumina
3193 2818 3510 2874 transitoria

1933 2897 2097 2970 hujus
2143 2898 2353 2966 mundi,
2402 2898 2539 2954 utin
2575 2899 2842 2956 Psalmis:
2875 2920 2895 2954 ι
2925 2902 3115 2974 ξὸιιρει·
3149 2903 3370 2963 ﬂumina
3410 2907 3516 2963 Ba-

1933 2994 2150 3067 bylonis
2172 2994 2241 3061 ³³,
2279 3013 2300 3048 ι
2334 2994 2388 3051 id
2409 3003 2512 3060 est,
2543 2993 2824 3052 humiliter
2850 2998 3161 3055 transitoria
3188 3000 3350 3071 hujus
3371 3016 3516 3072 pra:-

1938 3084 2109 3140 sentis
2135 3081 2468 3141 confusionis
2508 3084 2695 3141 subter
2735 3100 2836 3141 nos
2868 3086 3256 3158 depressimus.
3288 3089 3395 3146 Per
3411 3091 3516 3161 ﬂu-

253 3176 347 3241 cii,
402 3185 464 3232 ut
510 3176 567 3233 in
613 3172 750 3231 Job:
783 3192 805 3227 ι
840 3174 1018 3247 Mittet
1057 3183 1247 3231 contra
1281 3189 1407 3231 eum
1454 3175 1683 3232 fulmina
1713 3177 1777 3244 ⁸⁸³,
1813 3196 1833 3231 ι
1867 3167 1912 3232 G
1942 3173 2088 3229 mina
2118 3174 2498 3241 'tentationes,
2548 3180 2610 3229 ut
2662 3174 2717 3229 in
2761 3173 2988 3232 Cantica
3020 3194 3034 3230 :
3074 3194 3095 3228 ι
3127 3176 3239 3234 Nec
3293 3177 3516 3236 ﬂumina

253 3266 405 3337 quod
463 3280 681 3338 gravem
726 3266 785 3322 in
826 3264 1028 3335 judicio
1089 3265 1207 3335 ejus
1258 3274 1449 3323 contra
1483 3266 1752 3323 diabolum
1782 3267 1840 3324 in

253 3359 521 3416 membris
559 3360 677 3417 suis
723 3358 967 3432 proferet
1013 3360 1339 3418 sententiam
1384 3375 1558 3427 suam,
1603 3360 1837 3417 dicens:

260 3466 284 3501 ι
316 3450 416 3515 Ite,
444 3448 737 3521 maledicti,
762 3450 817 3506 in
850 3451 1033 3523 ignem
1077 3461 1362 3518 aeternum,
1396 3449 1490 3521 qui
1521 3457 1742 3520 paratus
1756 3455 1841 3505 est

255 3540 479 3597 diabolo
501 3550 557 3597 et
575 3541 779 3614 angelis
805 3542 922 3613 ejus
955 3541 1021 3596 υ.
1055 3559 1075 3594 ι
1546 3563 1555 3572 ο

332 3632 563 3689 Flumen
607 3645 690 3691 est
742 3633 980 3705 Spiritus
1039 3642 1282 3703 sanctus,
1337 3641 1400 3690 ut
1450 3634 1508 3691 in
1562 3633 1838 3690 Psalmis:

262 3746 287 3780 ι
318 3726 584 3782 Fluminis
630 3726 866 3797 impetus
920 3725 1160 3782 laetificat
1209 3726 1486 3781 civitatem
1541 3724 1638 3781 Dei
1687 3725 1765 3792 ης
1817 3741 1836 3775 ι

252 3818 275 3840 ³
328 3816 566 3888 Spiritus
606 3818 779 3874 sancti
806 3818 981 3889 gratia
1011 3817 1309 3874 laetificabit
1326 3817 1585 3889 populum
1626 3816 1694 3872 ad
1720 3816 1843 3887 jure

253 3909 550 3966 vivendum
572 3919 977 3982 congregatum.
1007 3908 1257 3976 Flumen,
1307 3924 1478 3981 genus
1519 3909 1839 3976 humanum,

252 4010 325 4058 ut
366 4001 425 4056 in
484 4001 769 4058 Ezechiele
816 4018 830 4054 :
899 4018 919 4053 ι
986 4000 1045 4056 In
1088 4001 1268 4056 medio
1322 4001 1663 4072 captivorum
1683 3998 1843 4069 juxta

258 4094 279 4115 ‘
329 4092 554 4148 ﬂuvium
609 4091 824 4149 Chobar
872 4092 940 4160 ",
972 4110 991 4145 ι
1038 4091 1182 4162 quod
1225 4090 1474 4146 Christus
1506 4091 1576 4147 ad
1617 4091 1845 4147 miseros

254 4182 512 4241 homines
564 4184 733 4249 venit,
774 4182 870 4254 qui
929 4183 985 4238 in
1056 4182 1410 4238 universitate
1471 4182 1688 4253 generis
1759 4180 1846 4237 sui

256 4275 422 4345 culpa
449 4274 608 4330 simul
635 4283 690 4329 et
748 4288 908 4344 paena
955 4274 1166 4344 gravati
1220 4282 1397 4329 erant.
1443 4273 1652 4329 Chobar
1699 4273 1846 4329 enim

254 4367 494 4437 gravitas
517 4365 922 4436 interpretatur.
938 4362 1183 4429 Flumen,
1210 4364 1544 4420 instabilitas
1560 4363 1720 4434 hujus
1742 4380 1849 4420 sae-

258 4453 401 4519 culi,
457 4462 518 4508 ut
556 4454 611 4508 in
656 4452 889 4508 Psalmis
940 4471 953 4507 :
1015 4470 1035 4504 ι
1074 4452 1133 4506 ln
1186 4453 1405 4508 ﬂumine
1442 4454 1848 4524 pertransibunt

1940 3267 2172 3322 obruent
2217 3281 2337 3322 eam
2391 3266 2466 3335 ²⁶;
2500 3286 2521 3320 ι
2561 3266 2704 3337 quod
2745 3282 2931 3324 veram
2983 3270 3041 3325 in
3096 3279 3285 3329 sancta
3334 3280 3517 3329 mente

1941 3356 2258 3413 charitatem
2286 3357 2611 3413 tentationes
2640 3358 2984 3431 exstinguere
3008 3370 3115 3416 non
3145 3369 3392 3432 possunt.
3416 3361 3521 3418 Per
3584 3409 3589 3413 .

1940 3448 2162 3517 ﬂumina
2224 3447 2454 3503 crimina
2501 3447 2878 3518 reproborum,
2938 3455 2999 3503 ut
3033 3449 3089 3504 in
3134 3449 3273 3505 lsaia
3324 3467 3339 3505 :
3376 3452 3516 3508 «Vae

1942 3546 2101 3593 terrae
2145 3537 2354 3592 alarum
2407 3537 2675 3609 cymbala,
2750 3552 2870 3609 quae
2910 3546 2995 3594 est
3078 3549 3228 3597 trans
3297 3539 3521 3599 ﬂumina

1942 3624 2234 3698 Ethiopiae
2276 3627 2343 3695 ",
2379 3648 2398 3681 ι
2427 3627 2481 3683 id
2506 3636 2609 3695 est,
2649 3626 2969 3685 maledictus
2998 3629 3068 3686 sit
3091 3631 3377 3701 superbus,
3410 3633 3522 3688 An-

1944 3718 2247 3785 tichristus,
2287 3718 2379 3790 qui
2422 3719 2475 3774 in
2519 3720 2796 3790 peccando
2839 3721 3105 3790 pessimos
3136 3721 3369 3779 excedit.
3418 3721 3523 3778 Per

1941 3811 2164 3881 ﬂumina
2196 3810 2594 3875 tribulationes,
2617 3820 2677 3866 ut
2706 3812 2761 3867 in
2810 3811 3137 3883 Evangelia:
3194 3832 3213 3867 ι
3248 3812 3527 3870 Venerunt

1944 3901 2167 3956 ﬂumina
2194 3910 2249 3956 et
2278 3902 2617 3973 impegcrunt
2644 3917 2805 3971 super
2842 3904 3058 3958 domum
3088 3902 3234 3957 illam
3265 3923 3285 3957 ι
3311 3911 3420 3959 etc.
3455 3904 3522 3971 ⁸⁸,

1947 3989 2269 4046 aﬂluxerunt
2316 3990 2746 4061 persecutiones,
2784 3986 2839 4045 et
2870 4001 3255 4062 percusserunt
3287 4000 3525 4051 mentem

1946 4081 2262 4137 humanam.
3403 4068 3410 4074 ’

2019 4169 2241 4226 Flavius
2272 4178 2359 4226 est
2387 4170 2716 4226 abundantia
2768 4170 2995 4227 interna:
3026 4170 3357 4238 refectionis,
3388 4171 3528 4235 utin

1947 4262 2266 4334 Apocalypsi
2294 4280 2306 4315 :
2337 4280 2356 4312 ι
2386 4259 2634 4317 Ostendit
2655 4261 2787 4316 mihi
2826 4260 3048 4317 ﬂuvium
3070 4277 3225 4332 aqua:
3244 4264 3382 4318 vivae
3402 4262 3473 4327 ”,
3502 4282 3522 4315 ι

1950 4352 2005 4409 id
2035 4361 2137 4419 est,
2178 4352 2441 4407 revelavit
2490 4351 2700 4422 copiam
2742 4361 2959 4408 aeternae
3020 4351 3349 4408 refectionis.
3400 4348 3532 4406 Flu-

1950 4446 2086 4511 uius,
2134 4444 2244 4498 vita
2292 4442 2590 4510 saecularis,
2646 4452 2708 4497 ut
2760 4443 2812 4498 in
2844 4441 2988 4497 Joh:
3029 4462 3048 4494 ι
3080 4441 3530 4497 Absorhebitllu-

258 4544 407 4615 pede
435 4544 499 4609 “,
529 4563 549 4596 ι
579 4546 597 4564 ’
634 4559 730 4615 per
755 4544 1047 4607 levitatem,
1083 4542 1267 4598 mundi
1296 4544 1467 4598 sancti
1494 4545 1559 4599 ad
1587 4545 1846 4600 stabilita-
1882 4524 1928 4582 ί)
1953 4537 2118 4602 vium.
2169 4545 2225 4593 et
2274 4550 2382 4591 non
2435 4534 2720 4590 mirabitur
2744 4534 2812 4601 ³ο,
2849 4556 2867 4588 ι
2903 4535 3045 4606 quod
3070 4549 3169 4605 pro
3199 4549 3393 4604 magno
3417 4534 3533 4591 dia-

258 4648 379 4695 tem
414 4639 689 4705 festinant,
746 4638 889 4710 quod
940 4638 1133 4703 sancti,
1173 4641 1192 4658 ‘
1223 4638 1365 4708 quod
1420 4638 1545 4693 licet
1596 4639 1648 4693 in
1690 4636 1850 4706 hujus

1951 4628 2106 4685 holus
2157 4643 2263 4683 non
2312 4628 2495 4694 habet,
2531 4626 2674 4697 quod
2722 4628 2823 4682 sibi
2866 4627 3151 4682 saeculares
3201 4626 3527 4697 incorporat.

258 4729 454 4787 saeculi
499 4730 904 4786 immortalitate
927 4737 981 4784 et
1008 4729 1448 4800 concupiscentia
1492 4736 1639 4795 sunt,
1690 4727 1832 4783 facili

1953 4719 2199 4786 Flavius,
2235 4720 2483 4775 ultimum
2515 4734 2767 4785 examen,
2796 4720 2935 4774 utin
2966 4718 3185 4774 Daniele
3214 4737 3226 4772 :
3267 4736 3285 4769 ι
3312 4718 3533 4775 Flavius

258 4829 454 4875 tamen
508 4821 576 4875 ad
645 4819 1105 4875 immortalitatem
1178 4821 1518 4890 pervenient.
1597 4817 1844 4885 Flumen,

262 4910 507 4966 mundus
535 4911 658 4977 iste,
687 4919 748 4966 ut
774 4911 827 4965 in
856 4909 1175 4981 Apocalypsi
1206 4927 1218 4963 :
1254 4929 1272 4961 ι
1316 4908 1383 4963 Ει
1404 4918 1591 4965 sextus
1623 4910 1851 4980 angelus

258 4998 463 5056 effudit
494 5001 732 5071 phialam
769 5017 924 5057 suam
980 5001 1033 5055 in
1091 5000 1286 5056 ﬂumen
1334 5002 1353 5021 ⁴
1409 5001 1537 5057 illud
1576 5018 1849 5074 magnum,

1953 4809 2140 4881 igneus
2186 4810 2512 4881 rapidusque
2569 4808 2946 4880 egrediebatur
2987 4824 3017 4862 a
3054 4808 3189 4863 facie
3236 4807 3351 4876 ejus
3397 4808 3467 4873 η,
3506 4828 3525 4860 ι

1954 4900 2097 4972 quod
2132 4905 2149 4921 '
2177 4901 2512 4956 destructum
2562 4898 2690 4955 illud
2721 4914 2946 4955 examen
2991 4899 3252 4969 reprolios
3274 4899 3338 4954 ad
3378 4907 3535 4955 atter-

1953 5011 2082 5049 num
2113 4994 2575 5064 rapietardorem.
2626 4992 2729 5047 Per
2779 4992 2995 5062 ﬂuvium
3036 4992 3199 5047 verba
3252 4994 3536 5064 propheta-

257 5090 624 5160 Euphratem,
654 5100 707 5147 et
734 5091 959 5147 siccavit
987 5106 1155 5160 aquas
1182 5090 1298 5160 ejus
1337 5091 1404 5158 ³⁵,
1448 5112 1467 5145 ›
1501 5092 1627 5147 dum
1673 5107 1852 5161 prwco
1954 5102 2097 5152 rum,
2122 5094 2181 5139 ιιι
2212 5086 2264 5139 in
2291 5082 2390 5139 Joh
2422 5102 2434 5137 :
2476 5101 2494 5134 ι
2546 5082 2817 5138 Profunda
2844 5098 3056 5153 quoque
3079 5082 3358 5138 ﬂuviorum
3381 5098 3537 5137 scru-

260 5180 521 5236 veritatis
545 5184 563 5201 ⁹
592 5181 1033 5251 prmdicationcm
1080 5196 1231 5236 suam
1259 5190 1384 5238 tunc
1410 5183 1667 5237 mundum
1694 5185 1712 5202 '
1752 5182 1857 5237 cri-

261 5271 370 5344 git,
401 5280 456 5325 ει
480 5271 809 5327 amucnliam
838 5272 956 5343 ejus
975 5271 1281 5328 siccandam
1304 5273 1544 5342 praedicit
1568 5290 1689 5328 cum
1714 5272 1854 5343 Apo-

347 5402 367 5432 ¹
410 5399 551 5472 Psal.
597 5418 688 5467 ιιι,
735 5403 821 5458 19.
871 5403 890 5433 ⁸
939 5402 961 5457 l
1012 5402 1144 5472 Reg.
1197 5418 1267 5467 ιι,
1326 5402 1413 5457 10.
1456 5403 1477 5434 ³
1522 5404 1662 5459 Psal.
1722 5419 1882 5465 cxu,

1957 5185 2099 5232 tatus
2130 5185 2214 5230 est
2236 5176 2315 5241 δ’,
2353 5193 2372 5225 ι
2404 5174 2455 5229 id
2501 5183 2611 5239 est,
2648 5179 2664 5193 ‘
2713 5189 2811 5243 per
2856 5175 3212 5230 obscuritates
3250 5174 3533 5228 verborum

1957 5267 2396 5339 propheticarum
2454 5266 2684 5321 rimatus
2729 5274 2830 5320 est.
2865 5263 2965 5320 Per
3000 5268 3219 5336 ﬂuvium
3270 5265 3533 5335 sapientia

1934 5403 1987 5457 5.
2027 5401 2067 5481 ξ
2102 5400 2245 5481 Psal.
2292 5416 2577 5481 Lxxxvyt,
2632 5400 2721 5455 2i.
2760 5396 3031 5481 110k“:
3061 5402 3148 5481 17.
3199 5400 3221 5432 ⁸
3256 5400 3535 5481 Ezcch._l,

232 5471 363 5525 «£5.
393 5472 416 5502 ⁷
458 5471 644 5527 Matth.
682 5488 875 5535 xxvm,
900 5474 956 5529 ‘5.
995 5473 1016 5506 ⁸
1041 5468 1142 5527 ,Ιοίι
1174 5488 1401 5536 xxxvm,
1431 5474 1518 5527 35.
1554 5474 1576 5505 θ
1606 5475 1750 5528 Psal.
1775 5490 1832 5529 cx

1930 5489 1994 5535 rv,
2027 5472 2104 5537 7;
2158 5470 2268 5526 Jer.
2327 5487 2384 5534 χ,
2435 5471 2499 5525 lli
2525 5480 2578 5526 et
2622 5488 2692 5535 LI,
2752 5470 2838 5525 16.
2900 5470 2941 5501 ³ο
2993 5468 3092 5525 Job
3142 5485 3385 5533 xxxvm,

266 5542 318 5573 “
354 5540 547 5596 Matth.
578 5557 707 5606 xxv,
737 5542 828 5597 41.
864 5544 905 5575 ³³
942 5542 1082 5598 Psal.
1114 5559 1248 5603 XLV.
1277 5543 1330 5597 5.
1367 5543 1411 5574 ⁸⁸
1454 5544 1652 5600 Ezcclt.
1677 5560 1714 5609 ι,
1751 5545 1803 5598 5.

1930 5542 2042 5597 ’sal.
2069 5558 2190 5607 ων,
2221 5542 2273 5595 6.
2299 5541 2341 5572 ¹⁶
2366 5542 2531 5610 Apoc.
2568 5557 2674 5604 va,
2704 5541 2786 5596 12.
2820 5540 2863 5572 “
2890 5538 3083 5595 lJoan.
3116 5557 3176 5604 ιι,
3206 5541 3295 5595 17.
3328 5540 3367 5570 ¹¹¹
3390 5538 3535 5593 Psal.

263 5624 430 5675 thv,
484 5611 569 5665 10.
603 5612 645 5646 ιδ
670 5612 772 5668 Job
797 5630 892 5678 xx,
925 5612 1010 5667 l7.
1040 5612 1081 5643 ¹⁹
1103 5612 1259 5668 Joan.
1294 5630 1386 5678 vn,
1420 5614 1508 5669 58.
1546 5615 1590 5645 ²⁰
1626 5614 1767 5668 Psal.
1804 5630 1832 5667 ιι

1930 5630 1967 5676 ι,
2006 5612 2059 5666 3.
2086 5614 2128 5644 ¹¹
2154 5611 2278 5667 Eccl
2332 5628 2369 5676 ι,
2396 5611 2447 5663 7.
2481 5612 2524 5642 ¹¹
2560 5610 2699 5667 Psal.
2730 5627 2858 5671 xcn,
2893 5611 2944 5664 5.
2981 5611 3027 5642 ’⁸
3078 5610 3222 5665 Psal.
3273 5623 3537 5675 Lxxxvm,

261 5681 446 5752 26._"f
470 5680 612 5736 Psal.
633 5698 739 5751 ενι,
768 5683 856 5737 '55.
882 5684 929 5716 ³⁵
947 5683 1087 5739 Psal.
1123 5699 1343 5748 cxxxvt,
1374 5686 1425 5739 1.
1456 5685 1501 5715 ²⁶
1525 5684 1678 5739 Cant.
1711 5701 1828 5751 vm,

1938 5686 1981 5716 ’⁷
2007 5682 2105 5739 lsa.
2132 5698 2285 5752 xvnt,
2311 5683 2362 5736 1.
2389 5681 2436 5712 ’⁸
2462 5680 2651 5737 Matth.
2690 5698 2785 5749 vn,
2810 5681 2881 5737 25
2922 5681 3012 5735 27.
3046 5679 3092 5710 ’⁸
3120 5683 3288 5750 Apoc.
3319 5695 3456 5746 xxn,
3486 5679 3535 5733 1.

264 5749 324 5786 ⁸⁸
364 5750 489 5809 Job.
518 5767 615 5823 ιι,
646 5749 732 5811 l8.
766 5755 808 5787 ”
845 5754 979 5810 Dan.
1007 5770 1103 5822 vn,
1158 5755 1240 5810 l0.
1272 5755 1315 5786 ³³
1345 5755 1446 5811 Joh
1480 5770 1671 5824 xxvm,
1702 5756 1785 5810 ll.
