3972 6336
261 454 350 512 957

1189 446 1606 507 ALLEcoma:
1643 447 1710 502 IN
1752 446 2027 506 saanu
2063 401 2528 506 Scruprunau.

3380 450 3485 509 938

259 561 510 620 severanti
532 559 638 616 ﬁne
663 557 915 630 adimple.
958 555 1065 613 Per
1105 557 1390 628 funiculos,
1429 557 1812 614 delectationes
1837 560 1890 621 Α
1913 558 2059 628 quod
2107 557 2189 614 illi
2209 559 2478 630 geminam
2531 556 2856 613 charitatem
2899 513 3218 627 adimplere.
3241 560 3486 628 student,

259 671 440 727 pravae,
475 662 537 709 ut
571 653 628 708 in
665 651 802 708 Isaia
831 669 845 706 :
895 669 915 703 ‹
951 651 1066 718 Vae,
1107 651 1199 721 qui
1229 650 1446 706 trahitis
1469 649 1812 719 iniquitatem

257 748 304 808 in
345 744 597 800 funiculis
625 741 885 798 vanitatis
918 742 960 808 ¹,
991 745 1010 762 '
1048 761 1068 795 ι
1115 757 1194 798 va:
1222 743 1402 808 vobis,
1443 740 1534 812 qui
1562 753 1815 811 perseve—

255 844 424 892 ranter
445 833 669 906 diligitis
703 832 1043 904 iniquitatem
1069 833 1124 887 in
1151 831 1595 888 delectationibus
1607 829 1810 901 pravis.

323 927 430 982 Fur
457 934 545 983 est
571 927 912 992 haereticus,
937 934 998 980 ut
1024 924 1080 981 in
1121 924 1411 996 Evangelia
1443 942 1456 978 :
1495 943 1514 976 ι
1549 923 1662 979 Fur
1705 940 1814 980 non

254 1019 405 1082 venit,
431 1017 538 1073 nisi
578 1025 642 1072 ut
664 1016 873 1072 furetur
910 1023 967 1072 et
995 1021 1196 1071 mactet
1227 1022 1284 1070 et
1308 1015 1502 1086 perdat
1532 1015 1577 1081 ’,
1616 1035 1637 1068 ι
1670 1015 1816 1086 quod

257 1109 532 1166 hareticus
559 1109 628 1164 ad
663 1108 771 1164 hoc
813 1107 1016 1164 insistit
1048 1115 1111 1162 ut
1137 1105 1382 1162 seducat.
1413 1102 1552 1172 Fur,
1590 1105 1818 1175 quilibet

252 1199 481 1256 occultus
525 1197 799 1264 inimicus,
846 1207 907 1253 ut
947 1198 1004 1252 in
1028 1195 1132 1254 Job
1173 1210 1190 1251 :
1223 1215 1243 1248 ‹
1298 1195 1404 1251 Ρει·
1442 1202 1658 1252 noctem
1683 1210 1818 1252 vero

253 1292 347 1348 erit
369 1289 524 1362 quasi
572 1288 661 1344 fur
687 1289 732 1356 ⁸,
767 1308 787 1342 ι
822 1287 877 1344 id
915 1296 1020 1355 est,
1050 1303 1120 1344 ex
1160 1287 1454 1360 improviso
1506 1288 1562 1342 in
1603 1287 1818 1344 occulto

252 1380 522 1437 conabitur
539 1393 757 1436 nocere.
783 1378 888 1434 Per
936 1378 1080 1448 fures
1127 1379 1350 1449 spiritus
1377 1377 1622 1449 maligni,
1664 1386 1727 1432 ut
1761 1377 1818 1432 in

252 1472 535 1542 Evangelio
569 1488 583 1525 :
621 1490 640 1524 ι
677 1470 782 1528 Ubi
835 1470 988 1526 fures
1013 1485 1124 1527 non
1169 1469 1450 1536 effodiunt,
1495 1484 1594 1526 nec
1633 1468 1816 1526 furan-

250 1563 395 1628 tur‘,
429 1581 447 1613 ι
497 1561 640 1632 quod
666 1559 863 1631 gaudia
896 1559 1140 1616 caelestia
1189 1559 1418 1630 spiritus
1468 1558 1691 1630 maligni
1713 1572 1820 1615 nec

249 1656 319 1722 vi,
343 1670 440 1712 nec
466 1653 656 1710 fraude
708 1653 1093 1724 civibusbonis
1121 1651 1336 1708 auferre
1361 1659 1611 1722 possunt.

315 1745 506 1818 Frigus
537 1753 620 1803 est
640 1744 962 1810 adversitas,
986 1750 1050 1798 ut
1089 1743 1146 1798 in
1172 1741 1454 1799 Parabolis
1483 1760 1497 1796 :
1535 1761 1553 1793 ‹
1591 1739 1822 1812 Propter

249 1841 410 1911 frigus
437 1839 590 1911 piger
614 1852 774 1894 arare
818 1836 995 1894 noluit
1015 1837 1056 1902 ',
1091 1855 1112 1888 ι
1155 1835 1302 1908 quod
1356 1834 1623 1906 reprobus
1667 1833 1823 1904 quili-

1915 649 2007 719 qui
2036 663 2106 704 ne
2145 648 2360 704 aeternis
2389 647 2626 719 praemiis
2674 656 2917 714 careant,
2951 647 3227 704 insistunt.
3257 648 3492 708 Fructus

1911 740 2132 797 nomine
2179 755 2330 796 mors
2373 749 2574 796 teterna
2617 740 2971 812 signiﬁcatur,
3027 755 3148 813 quae
3194 743 3490 815 improprie

1913 831 2116 900 fructus
2140 829 2364 897 dicitur,
2398 849 2418 883 ι
2446 845 2607 902 quem
2641 849 2692 897 ›,
2720 830 2898 902 inquit
2931 831 3244 903 Apostolus,
3308 853 3328 888 ι
3375 835 3491 891 fru-

1915 929 2061 978 ctum
2086 921 2374 989 habuistis,
2423 923 2477 978 in
2521 923 2717 994 quibus
2751 939 2898 980 nunc
2940 925 3306 982 erubescitis:
3357 942 3489 982 nam

1915 1011 2040 1068 finis
2073 1012 2288 1068 illorum
2319 1029 2470 1069 mors
2495 1022 2580 1070 est
2607 1013 2672 1068 ".
2725 1033 2746 1069 ›
3111 1053 3114 1056 ~
3445 1063 3454 1082 ,

1986 1101 2355 1169 Frumentum,
2387 1102 2656 1172 Christus,
2683 1106 2812 1160 utin
2827 1105 3148 1176 Evangelio:
3182 1124 3201 1158 ι
3231 1105 3346 1162 Nisi
3372 1122 3499 1178 gra-

1915 1211 2046 1251 num
2071 1193 2326 1252 frumenti
2350 1206 2621 1252 mortuum
2642 1194 2907 1264 fuerit“,t
2922 1199 3065 1268 quod
3076 1197 3347 1262 Christus,
3372 1199 3499 1254 dum

1917 1296 2096 1342 morte
2122 1288 2302 1343 carnis
2323 1288 2379 1342 in
2392 1295 2595 1343 terram
2608 1287 3001 1355 cecidit,totum
3025 1289 3282 1345 mundum
3317 1288 3502 1343 multi-

1917 1378 2043 1448 plici
2064 1394 2240 1436 messe
2259 1379 2502 1449 replevit.
2517 1377 2882 1444 Frumentum,
2906 1379 3132 1450 quilibet
3149 1379 3352 1448 justus,
3365 1387 3426 1433 ut
3445 1379 3503 1433 in

1919 1467 2050 1526 Job:
2073 1487 2093 1520 ε
2113 1469 2471 1526 Frumentum
2490 1471 2765 1526 desiderat
2787 1472 2958 1526 nubes
2979 1471 3047 1538 ",
3075 1489 3095 1524 ι
3124 1471 3177 1526 id
3199 1480 3301 1536 est,
3323 1471 3504 1541 justus

1921 1561 2147 1631 quilibet
2172 1561 2580 1633 praedicatores.
2611 1561 2984 1630 Frumentum,
3037 1577 3174 1634 opus
3197 1563 3502 1634 spirituale,

1919 1666 1981 1709 ut
2024 1653 2082 1708 in
2099 1651 2199 1710 Job
2229 1671 2244 1708 :
2279 1671 2298 1706 ι
2321 1654 2429 1710 Pro
2453 1655 2724 1711 frumento
2743 1655 2952 1711 oriatur
2973 1642 3106 1712 mihi
3133 1656 3360 1712 tribulus
3381 1655 3448 1723 ’°,
3475 1675 3496 1708 ι

1922 1745 1977 1801 id
2003 1753 2110 1810 est,
2157 1745 2204 1800 si
2249 1744 2525 1802 fructuose
2559 1746 2817 1802 Ecclesiae
2853 1762 2960 1802 non
3003 1745 3202 1818 profui,
3247 1755 3304 1803 et
3357 1761 3498 1818 Opus

1923 1835 2204 1906 spirituale
2257 1838 2503 1907 perdam,
2560 1846 2617 1894 et
2663 1847 2946 1909 peccatum
2996 1839 3293 1895 incurram.
3355 1838 3500 1894 Fru-

247 1934 334 1989 bet
381 1941 603 2004 propter
667 1929 1014 2001 adversitatis
1074 1927 1354 1993 duritiam,
1397 1926 1646 1982 laborare
1715 1941 1816 1997 pro
1841 1919 1891 1981 B
1916 1935 2169 1993 mentum,
2235 1925 2517 1998 Scriptura
2591 1943 2770 1996 sacra,
2813 1937 2875 1984 ut
2931 1929 2987 1984 in
3041 1928 3269 1984 Psalmis
3310 1946 3324 1982 :
3369 1949 3387 1980 ‹
3420 1930 3504 1984 Ex

247 2031 440 2078 acterna
466 2023 720 2077 mercede
740 2017 1062 2076 contemnit.
1103 2015 1322 2088 Frigus,
1353 2015 1621 2086 asperitas
1647 2014 1822 2070 ultimi

242 2112 445 2184 iudicii,
475 2112 610 2167 utin
656 2109 892 2166 Psalmis
921 2125 936 2162 :
972 2127 992 2160 ι
1021 2108 1164 2164 Ante
1190 2107 1388 2164 faciem
1434 2105 1655 2178 frigoris
1707 2104 1824 2174 ejus

247 2204 362 2273 quis
389 2200 761 2258 sustinebit‘?
816 2219 836 2252 i
892 2199 1038 2271 quod
1082 2206 1378 2272 apparente
1401 2197 1594 2255 ultimo
1613 2197 1823 2268 judicio

246 2297 401 2352 etiam
439 2293 600 2352 electi
642 2293 972 2350 tremebunt.

315 2384 542 2440 Fructus
572 2387 592 2407 ‘
648 2383 1012 2456 appellatione
1069 2383 1361 2454 aliquando
1399 2383 1850 2452 Antichristum,.

252 2476 537 2547 aliquando
548 2475 990 2547 Redemptorem,
1020 2475 1312 2546 aliquando
1328 2475 1528 2532 bonam
1551 2477 1825 2546 operatio-

245 2585 364 2625 nem
391 2569 658 2640 designat,
710 2562 856 2640 quod
887 2583 1000 2625 uno
1043 2570 1290 2642 exemplo
1321 2570 1542 2641 probari
1576 2569 1777 2640 poterit
1805 2587 1819 2624 :

251 2683 270 2714 ε
317 2662 484 2717 Terra
513 2661 661 2716 dedit
681 2659 918 2716 fructum
947 2676 1107 2716 suum
1127 2662 1149 2694 '
1185 2678 1198 2713 :
1235 2679 1253 2713 ι
1287 2663 1306 2683 '
1328 2661 1482 2732 virgo
1522 2660 1691 2715 Maria
1729 2675 1824 2730 pe-

243 2754 382 2824 perit
419 2751 714 2817 Christum,
737 2765 867 2807 caro
888 2749 1092 2807 Christi
1113 2751 1342 2808 contulit
1368 2751 1570 2808 mundo
1606 2751 1821 2807 redem-

243 2847 504 2916 ptionem,
528 2851 584 2900 et
607 2844 770 2899 homo
791 2857 890 2914 per
923 2842 1244 2914 sanguinem
1269 2842 1472 2899 Christi
1511 2843 1824 2912 redemptus

243 2936 464 3006 protulit
500 2936 642 2992 bona
671 2949 838 3005 opera
887 2934 1216 2990 naturaliter
1251 2933 1356 2990 sibi
1383 2946 1647 3006 congrua.
1678 2932 1824 2988 Fru-

245 3036 378 3092 ctus,
427 3041 624 3096 corpus
698 3025 902 3082 Christi
959 3043 972 3079 :
1046 3033 1108 3080 ut
1165 3025 1223 3080 in
1278 3023 1505 3082 Cantico
1568 3041 1638 3082 ex
1691 3039 1826 3082 voce

246 3133 457 3188 sponsae
486 3118 684 3173 dicitur
715 3135 728 3172 :
761 3135 780 3169 ι
811 3115 924 3173 Sub
944 3117 1136 3172 umbra
1161 3117 1329 3182 illius,
1359 3133 1522 3188 quem
1549 3118 1826 3180 desidera-

1921 2011 2100 2089 adipe'
2123 2018 2380 2075 frumenti
2423 2019 2586 2075 satiat
2624 2029 2678 2076 te
2710 2020 2778 2086 ”,
2818 2041 2838 2074 ›
2875 2021 2929 2076 id
2961 2028 3066 2086 est,
3114 2021 3384 2090 spirituali
3423 2020 3509 2075 in-

1921 2111 2216 2183 telligentia
2239 2127 2409 2167 sacrae
2438 2110 2734 2184 Scriptura:
2759 2112 2989 2168 'refecit
3021 2121 3095 2167 te.
3128 2109 3504 2177 Frumentum,

1920 2203 2174 2270 virtutes,
2231 2213 2292 2258 ut
2341 2203 2396 2258 in
2448 2203 2588 2260 libro
2636 2201 2886 2259 Judicum
2933 2221 2946 2257 :
3003 2206 3023 2225 ⁶
3071 2222 3091 2258 ι
3149 2204 3268 2261 lero
3321 2213 3507 2258 autem

1918 2293 2258 2352 frumentum
2311 2296 2554 2351 excussit
2585 2311 2617 2350 a
2662 2296 2834 2366 paleis
2865 2296 2937 2362 ”,
2974 2314 2994 2347 ι
3026 2295 3082 2350 id
3129 2303 3236 2362 est,
3289 2303 3514 2351 sanctus

1919 2389 2171 2460 quilibet,
2220 2388 2454 2444 virtutes
2504 2387 2696 2444 dividit
2729 2403 2762 2442 a
2807 2387 2958 2443 vitiis
3005 2401 3066 2442 se
3095 2404 3111 2444 :
3143 2388 3161 2407 ⁶
3190 2386 3282 2457 qui
3328 2400 3451 2442 cum
3482 2399 3516 2438 a

1920 2482 2092 2553 paleis
2115 2482 2451 2538 frumentum
2479 2488 2779 2547 excuteret,
2801 2480 3040 2553 Angelus
3070 2479 3228 2544 vidit,
3259 2479 3327 2534 ad
3357 2478 3515 2548 cujus

1920 2573 2208 2644 imperium
2235 2573 2482 2645 protinus
2507 2571 2724 2628 haedum
2762 2571 2928 2636 coxit,
2964 2584 3160 2626 carnes
3200 2583 3366 2640 supra
3411 2581 3512 2638 pe-

1923 2677 2068 2724 tram
2110 2667 2312 2738 posuit,
2358 2664 2555 2737 jusque
2604 2665 2853 2722 carnium
2895 2664 3130 2734 desuper
3172 2662 3330 2730 fudit,
3396 2675 3520 2731 quae

1923 2759 2161 2832 Angelus
2191 2759 2343 2830 virga
2371 2757 2570 2824 tetigit,
2601 2770 2777 2826 eaque
2821 2755 2964 2824 ignis
3021 2755 3207 2810 exiens
3233 2753 3300 2808 de
3337 2761 3515 2823 petra,

1923 2849 2281 2920 consumpsit.
2341 2846 2698 2903 Frumentum
2753 2853 3029 2911 excutere,
3079 2851 3165 2898 est
3205 2843 3436 2896 virtutes
3479 2855 3512 2895 a

1921 2944 2072 3000 vitiis
2093 2957 2399 3000 secernere.
2415 2940 2532 2996 Hoc
2543 2939 2827 3012 agentibus
2841 2936 3064 3010 angelus
3077 2942 3320 3006 apparet,
3339 2933 3391 2988 id
3405 2940 3512 2996 est,

1927 3037 2073 3094 Deus
2103 3037 2334 3108 gratiam
2353 3034 2595 3098 exhibet,
2609 3032 2701 3102 qui
2727 3030 2941 3087 haedum
2969 3024 3517 3099 praecipitimmolari,

1926 3132 2032 3187 hoc
2083 3139 2188 3196 est,
2211 3135 2562 3198 peccatorem
2605 3139 2704 3195 per
2737 3119 3117 3195 pmnitentiam
3171 3116 3514 3174 mortiﬁcari.

244 3212 393 3276 bam,
436 3209 588 3266 sedi:
627 3229 646 3261 ι
687 3209 831 3280 quod
852 3209 1299 3280 subprotectione
1325 3209 1530 3266 Christi
1575 3211 1824 3282 requiem
1855 3273 1895 3290 Α
1927 3223 2134 3279 Games
2190 3221 2333 3276 haedi
2383 3233 2547 3290 supra
2588 3224 2799 3288 petram
2841 3227 3046 3286 ponere
3075 3215 3096 3234 ‘
3119 3210 3362 3268 carnalia
3392 3225 3520 3280 pec-

245 3301 428 3358 inVeﬂi
481 3318 496 3354 ε
532 3319 550 3352 ί
601 3301 670 3356 Et
695 3301 907 3356 fructus
961 3299 1077 3370 eius
1119 3300 1294 3356 ἀυῙθῘε
1319 3299 1523 3374 gutturi
1565 3273 1688 3359 me;
1713 3302 1758 3370 ⁸,
1796 3323 1817 3357 ³
1850 3273 1896 3336 C
2185 3273 2352 3384 opera
2386 3273 2472 3365 in‘
2500 3273 2704 3365 Christi
2759 3273 3162 3378 permutatione
3211 3273 3518 3372 disponere.

244 3395 391 3467 quod
426 3395 480 3450 in
515 3394 680 3451 corde
707 3393 826 3464 ejus
845 3395 1016 3450 vitam
1047 3393 1312 3466 intelligo,
1335 3396 1463 3450 dum
1496 3395 1660 3452 etiam
1690 3390 1825 3452 illud

1928 3404 2021 3461 Ius
2054 3405 2221 3460 ctiam
2247 3401 2495 3459 carnium
2517 3401 2750 3471 desuper
2768 3396 3018 3463 fundere,
3045 3403 3131 3452 est
3149 3394 3390 3451 carnalia
3427 3395 3522 3450 de-

245 3487 537 3543 visibiliter
559 3485 786 3558 accipio.
818 3483 1076 3552 Fructus,
1105 3501 1318 3542 merces
1350 3525 1366 3553 ,
1401 3494 1465 3541 ut
1503 3487 1558 3542 in
1589 3487 1830 3560 Evange-

247 3582 369 3636 lio:
405 3599 423 3632 ι
453 3579 631 3636 Arbor
678 3579 824 3635 bona
868 3577 999 3634 facit
1049 3577 1260 3635 fructus
1317 3578 1490 3635 bonos
1517 3578 1564 3645 ⁹,
1610 3599 1630 3632 ›
1683 3581 1829 3650 quod

245 3669 395 3725 actio
415 3670 556 3725 bona
581 3667 888 3725 mercedem
910 3674 1173 3723 meretur.
1198 3667 1333 3722 Item
1365 3686 1378 3722 :
1408 3687 1427 3719 ι
1455 3667 1562 3723 Aut
1579 3670 1827 3724 arborem

241 3763 469 3828 malam,
497 3769 551 3816 et
573 3759 810 3816 fructum
859 3759 978 3830 ejus
1019 3757 1222 3814 malum
1251 3759 1319 3825 “',
1355 3776 1375 3812 ι
1429 3774 1540 3814 non
1565 3762 1586 3781 ’
1614 3775 1715 3817 vos
1753 3760 1833 3814 fa-

243 3866 377 3908 cere
418 3849 619 3906 malum
671 3857 878 3915 monet,
925 3848 1021 3904 sed
1055 3863 1176 3919 qua:
1205 3847 1593 3905 ~malel'actores
1617 3865 1831 3906 merces

243 3950 494 4008 maneat,
525 3941 738 3998 edocet.
764 3938 1021 4006 Fructus,
1049 3939 1357 4010 exemplum
1397 3941 1620 4007 bonum,
1670 3949 1732 3996 ut
1776 3942 1830 3998 in

241 4034 530 4090 Psalmis:
565 4053 584 4086 ι
636 4033 715 4088 Ι)ε
770 4031 951 4088 fructu
999 4046 1226 4102 operum
1277 4039 1497 4087 tuorum
1545 4031 1834 4088 satiabitur

242 4136 403 4182 terra
437 4127 504 4192 “,
562 4144 582 4180 ι
616 4125 673 4181 id
710 4132 815 4191 est,
866 4124 934 4179 de
975 4123 1241 4194 exemplis
1288 4131 1606 4180 sanctorum
1658 4124 1834 4181 reﬁci-

245 4228 344 4272 tur
373 4216 598 4272 inferior
623 4215 804 4272 turba.
829 4212 1083 4279 Fructus,
1123 4212 1362 4284 iustitia,
1389 4224 1451 4271 ut
1500 4217 1555 4271 in
1599 4214 1836 4273 Parabo-

241 4308 319 4364 lis
352 4327 368 4362 :
409 4327 427 4361 t
475 4308 609 4363 Date
636 4307 687 4364 ei
733 4307 799 4363 de
834 4305 1012 4363 fructu
1039 4323 1297 4364 manuum
1340 4323 1562 4364 suarum
1601 4308 1669 4376 ¹’,
1725 4328 1745 4361 ι
1781 4307 1836 4365 id

243 4409 362 4465 est,
437 4404 782 4455 remunerate
833 4411 952 4452 eam
1006 4412 1105 4468 pro
1154 4397 1367 4468 iustitia
1415 4412 1642 4469 operum
1711 4411 1836 4453 suo-

244 4506 406 4546 rum.
440 4509 460 4542 »
495 4488 748 4554 Fructus,
775 4495 978 4544 aeterna
1019 4487 1320 4554 beatitudo,
1371 4496 1432 4543 ut
1480 4487 1536 4542 in
1570 4485 1831 4542 Cantico:

249 4602 275 4634 ι
311 4580 419 4636 Vir
447 4582 466 4601 "
495 4579 713 4636 afferret
735 4593 835 4651 pro
857 4578 1032 4634 fructu
1054 4579 1226 4634 vineae
1255 4578 1404 4634 mille
1429 4588 1714 4650 argenteos
1732 4579 1828 4646 ’³,ι

1927 3497 2126 3554 sideria
2190 3503 2414 3567 propter
2469 3491 2749 3548 Christum
2817 3489 3036 3560 penitus
3081 3487 3338 3558 abjicere.
3393 3483 3522 3540 Hcce

1928 3587 2152 3660 angelus
2193 3587 2346 3657 virga
2398 3581 2598 3654 tetigit,
2647 3596 2772 3637 cum
2805 3579 2988 3636 divina
3023 3579 3201 3634 virtus
3243 3575 3520 3648 pteniten-

1929 3678 2063 3732 tiam
2117 3669 2362 3731 nostram
2397 3681 2452 3728 et
2494 3672 2908 3728 conversionem
2954 3684 3064 3726 non
3122 3669 3344 3725 deserit.
3383 3667 3520 3720 Nam

1929 3767 2073 3839 ignis
2095 3765 2162 3821 de
2198 3773 2356 3836 petra
2383 3763 2574 3818 exiens
2597 3771 2655 3818 et
2677 3760 2766 3831 ius
2813 3759 3174 3831 consumpsit,
3231 3757 3372 3828 quod
3403 3771 3521 3812 sor-

1931 3858 2026 3913 des
2051 3855 2235 3926 operis
2277 3863 2334 3910 et
2382 3853 2739 3924 cogitationes
2777 3851 2994 3907 divinus
3039 3865 3194 3905 amor
3241 3850 3282 3919 -ι-
3321 3849 3512 3903 exivit.

1932 3947 2308 4012 Frumentum,
2339 3959 2521 4000 sermo
2569 3943 2852 4008 doctrinae,
2883 3951 2946 3997 ut
2971 3943 3028 3997 in
3064 3939 3261 3996 Genesi
3291 3957 3306 3997 :
3345 3957 3363 3990 ι
3417 3939 3518 3992 Βει

1931 4037 2034 4093 tibi
2083 4039 2227 4092 Deus
2249 4034 2639 4090 abundantiam
2687 4031 2946 4087 frumenti
2990 4030 3067 4098 ’³;
3107 4048 3127 4084 ι
3173 4029 3226 4084 id
3255 4038 3358 4094 est,
3389 4043 3520 4084 con-

1932 4131 2078 4186 ferat
2108 4128 2208 4183 tibi
2248 4127 2396 4183 Deus
2431 4125 2646 4198 copiam
2673 4125 2877 4194 eloquii
2905 4133 2962 4180 et
2989 4122 3248 4179 doctrina:
3269 4121 3522 4192 spiritua-

1935 4221 2023 4287 lis,
2053 4241 2072 4274 ι
2114 4220 2226 4276 vini
2261 4228 2318 4274 et
2356 4219 2483 4275 olei.
2525 4237 2543 4271 ›
2578 4216 2879 4283 Frumenti,
2930 4215 3182 4272 videlicet
3229 4223 3292 4270 ut
3326 4213 3520 4269 docea-

1935 4314 2014 4368 ris
2033 4321 2182 4368 recte
2213 4313 2268 4366 in
2284 4311 2486 4366 mundo
2515 4308 2852 4374 conversari,
2880 4308 2987 4363 vini
3013 4321 3168 4372 vero,
3199 4313 3262 4360 ut
3290 4306 3358 4360 ad
3386 4319 3520 4360 con-

1938 4412 2204 4474 temptum
2253 4402 2673 4458 Sadducaaorum
2723 4400 3028 4457 inebrieris.
3056 4397 3173 4454 Olci
3208 4406 3412 4460 autem,
3459 4403 3522 4449 ut

1939 4498 2009 4553 ad
2037 4496 2343 4566 amplexum
2383 4493 2568 4564 sponsi
2593 4493 2869 4548 alliciaris.
2911 4488 3037 4546 Haec
3066 4489 3324 4544 nimirum
3351 4487 3520 4541 abun-

1941 4589 2124 4645 dantia
2149 4588 2293 4642 unde
2319 4585 2585 4657 procedit,
2614 4583 2721 4638 nisi
2750 4584 2816 4639 de
2859 4595 2983 4636 rore
3019 4580 3141 4636 cmli
3193 4586 3248 4633 et
3297 4578 3521 4648 pingue-

241 4677 407 4747 quod
430 4676 522 4746 qui
552 4675 720 4730 animi
748 4681 832 4730 est
857 4672 1049 4740 virilis.
1091 4689 1190 4744 pro
1211 4674 1334 4730 coeli
1356 4674 1692 4730 beatitudine
1719 4691 1838 4730 om-
1863 4642 1918 4703 υ
1941 4678 2068 4735 dine
2100 4687 2278 4743 terrae,
2319 4642 2432 4732 ῖιοο
2458 4642 2583 4740 εει,
2602 4675 2669 4729 de
2691 4674 2866 4746 gratia
2908 4670 3133 4735 Christi,
3173 4676 3230 4724 et
3277 4642 3518 4722 τὲωῖιάί-

242 4767 349 4821 nia
375 4765 649 4820 mundana
675 4764 990 4820 contemnit.
1047 4763 1151 4820 Per
1197 4765 1429 4834 fructum
1469 4775 1671 4821 sanctae
1697 4781 1838 4836 prae-

242 4857 587 4924 dicationes,
615 4856 754 4911 utin
799 4854 1064 4910 Cantico:
1111 4872 1131 4906 ι
1182 4855 1249 4912 Ut
1281 4857 1592 4912 comederet
1629 4855 1838 4914 fructus

241 4955 266 4973 ⁶
289 4967 559 5024 agrorum
579 4951 659 5018 “;
699 4971 718 5004 ι
751 4950 808 5006 id
833 4955 939 5016 est,
967 4957 1028 5004 ut
1055 4949 1371 5007 reficeretur
1411 4967 1479 5007 ex
1501 4953 1840 5022 praedicatio-

235 5043 422 5099 nibus
471 5051 804 5099 sanctorum.
838 5037 946 5095 Per
996 5039 1201 5110 fructus
1245 5044 1473 5099 virtutes
1507 5043 1837 5115 spirituales,

233 5142 310 5190 ut
339 5135 400 5189 in
431 5132 698 5191 Cantico:
737 5151 756 5185 ι
794 5131 1099 5188 Ascendam
1127 5133 1184 5189 in
1232 5135 1489 5206 palmam,
1552 5145 1608 5192 et
1655 5152 1843 5209 appre-

233 5224 498 5282 hendam
518 5225 755 5284 fructum
799 5226 918 5297 ejus
941 5222 1008 5296 ¹⁸,
1041 5245 1061 5278 ι
1113 5234 1170 5282 ει
1217 5227 1398 5283 tollam
1451 5228 1652 5284 Christi
1719 5244 1843 5286 cru-

230 5330 403 5380 cem,
432 5324 490 5371 et
510 5316 789 5386 acquiram
818 5317 1152 5388 spirituales,
1197 5330 1319 5386 qua:
1373 5315 1427 5370 in
1457 5331 1522 5372 ea
1561 5325 1710 5386 sunt,
1730 5317 1843 5372 vir-

229 5417 424 5464 tutes.
456 5409 563 5464 Per
612 5409 840 5480 fructus,
890 5410 1116 5482 praemia
1157 5417 1387 5474 aeterna,
1408 5408 1548 5463 utin
1569 5407 1838 5466 Cantico:

233 5518 262 5554 ε
319 5501 561 5558 Ducenti
613 5502 721 5569 his,
769 5504 866 5575 qui
927 5502 1240 5560 custodiunt
1298 5501 1508 5558 fructus
1555 5501 1778 5572 ejus“;
1815 5521 1836 5554 i

1943 4779 2054 4826 tate
2085 4768 2364 4826 Ecclesiae.
2421 4765 2771 4821 Frumentum
2827 4771 2911 4819 est
2964 4763 3017 4817 in
3068 4758 3377 4817 Proverbiis
3403 4775 3419 4824 ;
3445 4759 3520 4813 ui-

1943 4877 2067 4917 num
2099 4860 2158 4914 in
2205 4857 2557 4922 Ecclesiaste,
2583 4854 2754 4909 oleum
2800 4853 2853 4908 in
2897 4851 3123 4908 Cantico
3157 4849 3516 4906 canticorum.

1942 4949 2314 5014 Frumentum,
2344 4945 2630 5011 delectatio
2651 4943 2854 5010 carnis,
2901 4949 2964 4998 ut
3013 4941 3070 4998 in
3098 4939 3327 4997 Psalmis
3357 4957 3375 4996 :
3422 4957 3441 4992 (
3475 4937 3523 4993 A

1941 5043 2122 5100 fructu
2134 5039 2413 5104 frumenti,
2427 5037 2540 5093 vini
2555 5045 2611 5092 et
2631 5035 2736 5092 olei
2753 5035 2836 5092 sui
2851 5032 3190 5104 multiplicati
3203 5039 3332 5088 sunt
3343 5030 3413 5098 ",
3432 5050 3452 5082 ι
3471 5030 3525 5086 id

1943 5143 2048 5199 est,
2076 5131 2439 5189 delectatione
2450 5127 2657 5184 carnali
2669 5126 2884 5196 reprobi
2897 5124 3090 5197 repleti
3101 5133 3228 5180 sunt
3243 5143 3256 5178 :
3273 5121 3518 5178 frumen-

1944 5233 2081 5290 tum,
2099 5224 2167 5279 ad
2181 5221 2458 5292 crapulam
2475 5236 2490 5286 ;
2510 5219 2720 5286 vinum,
2747 5219 2815 5274 ad
2843 5217 3198 5282 ebrietatem;
3231 5214 3430 5276 oleum,
3452 5211 3526 5265 ad

1947 5311 2274 5386 superfluam
2303 5310 2464 5382 hujus
2487 5311 2612 5366 vitae
2638 5309 2875 5380 pertinet
2885 5324 3094 5374 curam,
3117 5307 3184 5362 de
3207 5305 3402 5376 quibus
3415 5303 3522 5357 Do-

1947 5407 2128 5462 minus
2167 5405 2224 5460 in
2266 5401 2563 5472 Evangelia
2591 5417 2606 5455 :
2640 5419 2660 5453 ι
2686 5401 2984 5468 Attendite,
3013 5418 3033 5452 ι
3065 5397 3263 5469 inquit,
3289 5412 3309 5446 ί
3347 5392 3522 5457 vobis,

1949 5512 2016 5554 ne
2051 5503 2347 5570 graventur
2381 5492 2546 5550 corda
2574 5500 2758 5548 vestra
2809 5491 2866 5546 in
2893 5490 3114 5562 crapula
3139 5494 3197 5545 et
3226 5483 3488 5541 ebrietate
3507 5522 3521 5548 ,

319 5664 342 5696 ⁸
391 5664 498 5721 Isa.
521 5679 575 5730 v,
608 5663 694 5720 18.
730 5666 751 5697 ’
773 5664 931 5721 Joan.
958 5681 1018 5732 x,
1044 5664 1134 5721 10.
1172 5662 1195 5696 ⁸
1224 5661 1347 5720 Job.
1393 5676 1541 5732 xxiv,
1568 5660 1657 5717 ﬂ.
1691 5664 1714 5693 ⁸
1744 5660 1827 5717 Ma

1928 5701 1934 5714 ι
1983 5675 2060 5732 γε
2089 5657 2175 5732 19,
2200 5657 2291 5712 90-
2321 5655 2545 5732 “Prov;
2561 5671 2657 5722 xx,
2686 5655 2742 5711 4.
2770 5654 2793 5687 ⁸
2815 5652 2960 5732 Psal.
2993 5664 3193 5732 exivit,
3222 5647 3312 5732 l7.
3356 5647 3376 5679 "
3403 5644 3519 5732 Jac.

218 5749 288 5798 ν.
324 5717 756 5801 18ῗῖνοξιιῖιίίι,
779 5717 1132 5792 ’ἐῖῖήἐιὶιὶζ
1160 5717 1380 5799 νιίξὶτ.
1411 5717 1665 5788 “Matth.
1695 5749 1794 5798 xu,

1953 5731 1995 5762 “
2021 5717 2171 5801 Psal.
2197 5742 2315 5801 cur,
2341 5727 2410 5782 15
2444 5725 2486 5758 ’³
2511 5717 2673 5801 Prov.
2705 5724 2975 5801 ξιιμ-51.
3030 5721 3075 5753 ⁸³
3102 5718 3258 5801 Cant.
3289 5717 3519 5801 vita}

221 5786 288 5836 ἐἴ
321 5786 496 5860 eam.
521 5786 666 5870 ἶνζῙζ
688 5786 916 5863 fregi...
941 5786 1158 5871 "aiis.
1177 5786 1422 5860 “tam.
1453 5786 1580 5868 vui,
1597 5786 1827 5859 112.1571!

1931 5843 1944 5856 .
1972 5786 2050 5866 vr,
2079 5799 2170 5854 21.
2202 5798 2245 5830 ’⁸
2272 5786 2554 5871 Joan.__xit,
2590 5796 2679 5871 24.
2717 5795 2759 5828 ¹⁹
2800 5786 2900 5871 Iob
2945 5807 3151 5854 xxxvtt,
3185 5789 3272 5843 11.
3328 5789 3374 5819 ’⁰
3399 5786 3522 5842 Job.

215 5892 413 5945 xxxi,
438 5877 527 5932 40.
563 5868 606 5908 ’¹
639 5875 786 5933 Psal.
821 5894 1020 5943 cxcvu,
1048 5868 1137 5932 ﬂ.
1177 5877 1225 5908 ”
1254 5875 1377 5931 Jud.
1399 5891 1474 5941 vi,
1505 5875 1564 5930 11
1599 5884 1656 5931 ει
1676 5890 1826 5946 seqq.
1860 5873 1906 5905 ’³
1932 5872 2070 5928 Gen.
2100 5885 2270 5937 xxv“,
2310 5870 2402 5926 ‘28.
2435 5869 2481 5900 ”
2508 5868 2651 5923 Psal.
2687 5883 2742 5922 iv
2801 5868 2855 5922 8.

661 5969 938 6030 Pnnon.
973 5969 1174 6032 CXII.

3017 5957 3096 6017 30
