3972 6336
273 368 376 428 941
1233 366 1651 428 ΑιΙιΕϐΟῙΠᾹι
1688 366 1756 425 ΙΝ
1797 367 2075 425 SAGRAM
2112 368 2575 431 δσηιΡτυιιΑΜ.
3429 382 3534 442 942

268 486 377 546 mis
394 495 481 547 est
498 486 764 558 superior,
791 480 878 544 vel
899 486 969 544 ab
988 486 1058 543 iis
1076 496 1326 544 revocata
1350 488 1582 561 dignior,
1606 501 1708 543 nec
1725 492 1855 540 tunc
1878 487 1935 548 Α
1957 488 2235 546 tribulatio
2272 491 2587 563 temporalis
2613 509 2626 546 :
2651 497 2713 547 ut
2739 490 2795 548 in
2819 490 3109 565 Evangelio
3138 515 3150 552 :
3179 498 3221 568 -ι-
3246 514 3266 550 ι
3288 498 3355 554 Ει
3379 515 3533 557 suam

265 579 485 651 quidem
514 577 708 634 rationi
744 579 1123 651 comparanda.
1178 577 1292 635 Scit
1314 586 1368 635 et
1393 577 1489 635 Dei
1510 577 1695 642 Filius,
1726 592 1853 649 quo-
1956 581 2122 663 ipsius
2147 581 2766 655 animam'pertransibit
2808 586 3015 659 gladius
3052 590 3095 655 ',
3126 610 3145 642 ›
3196 590 3249 647 id
3287 602 3385 661 est,
3436 594 3533 650 tri-

265 671 429 726 modo
456 671 690 741 Spiritus
717 680 937 729 sanctus
971 687 1003 727 a
1042 672 1216 743 seipso
1241 672 1284 744 -ιι
1314 670 1557 729 diversus
1590 671 1685 737 sit,
1721 670 1850 727 dum

262 761 353 817 vel
377 761 433 818 in
465 763 633 819 Deum
660 763 853 833 inhiat,
882 765 969 821 vel
994 762 1219 821 inferius
1251 764 1493 823 caelestia
1522 763 1847 832 considerat,

258 851 348 907 vel
385 852 595 913 ratione
624 852 850 910 inferius
889 853 956 913 de
984 854 1269 913 mundanis
1304 862 1452 910 recte
1479 853 1699 927 agendis
1726 868 1852 925 per-

259 949 483 1009 tractat,
512 943 597 999 vel
620 946 889 1015 quomodo
917 945 1151 1002 sensuali
1162 954 1268 1002 tate
1299 956 1677 1014 secernuntur,
1698 947 1846 1014 dum,

257 1033 407 1105 quod
432 1049 492 1089 se
514 1033 569 1095 in
598 1034 823 1091 inferius
853 1042 965 1107 est,
1001 1037 1143 1111 quod
1178 1036 1233 1093 in
1259 1035 1381 1107 illa,
1414 1036 1577 1094 altius
1604 1042 1843 1111 superat.

257 1123 467 1182 Gladiis
506 1125 597 1182 alii
635 1137 1010 1201 persecutores
1046 1128 1319 1202 designari
1361 1126 1702 1187 manifestum
1739 1136 1842 1184 est.

254 1216 484 1291 Legitur
513 1219 659 1277 enim
697 1221 754 1277 in
788 1221 940 1281 libris
970 1221 1199 1294 Regum,
1232 1220 1465 1295 qualiter
1492 1221 1681 1290 David,
1711 1237 1848 1301 puer

255 1312 412 1370 rufus
443 1320 500 1370 et
525 1314 753 1387 pulcher
776 1326 1019 1393 aspectu,
1053 1332 1178 1375 cum
1212 1325 1461 1388 pasceret
1501 1332 1633 1373 oves
1674 1312 1845 1391 patris

252 1407 373 1473 sui,
419 1407 688 1479 processit
732 1417 974 1467 armatus
1003 1409 1172 1465 armis
1210 1408 1388 1465 Saulis
1415 1419 1604 1467 contra
1631 1407 1842 1466 Goliam

253 1495 632 1565 dimicaturus,
679 1498 875 1573 quibus
922 1502 1089 1556 armis
1123 1516 1245 1556 cum
1288 1498 1610 1571 intelligeret
1636 1515 1695 1557 se
1720 1515 1841 1579 gra-

250 1589 372 1644 vari
397 1589 578 1667 potius
609 1606 771 1663 quam
790 1588 992 1662 iuvari,
1022 1591 1271 1665 deposuit
1297 1608 1381 1657 ea,
1410 1599 1466 1647 et
1498 1590 1703 1663 eligens
1737 1586 1839 1651 sibi

248 1681 491 1753 quinque
533 1680 939 1754 limpidissimos
989 1684 1194 1755 lapides
1240 1682 1305 1740 de
1347 1678 1611 1750 ﬂumine,
1652 1697 1745 1738 eos
1782 1680 1837 1739 in

248 1792 406 1847 pera,
437 1776 573 1843 sive,
601 1784 662 1833 ut
691 1774 783 1845 alii
806 1776 1012 1845 dicunt,
1037 1779 1091 1833 in
1121 1792 1249 1835 vase
1281 1777 1474 1845 lacteo,
1510 1775 1759 1833 baculum
1783 1780 1839 1833 el

1950 672 2154 729 bulatio
2181 673 2350 746 ipsius
2384 677 2617 737 animam
2656 684 2802 734 tuam
2840 680 3123 739 cruciabit.
3173 681 3415 752 Gladius,
3450 702 3536 745 re-

1951 768 2265 841 pugnantia,
2302 776 2362 825 ut
2399 769 2454 825 in
2488 768 2716 831 Psalmis
2742 790 2755 833 :
2784 791 2803 823 ι
2829 769 3075 833 Gladium
3114 777 3536 848 evaginaveruut

1950 868 2263 929 peccatores
2308 856 2351 927 ³,
2380 880 2399 913 ι
2450 860 2507 916 id
2549 870 2669 930 est,
2716 866 3125 937 repugnantiam
3176 878 3536 931 exercuerunt

1948 951 2183 1023 reprobi.
2242 950 2481 1021 Gladius,
2510 956 2801 1027 separatio,
2826 965 2887 1011 ut
2912 957 2967 1011 in
2992 957 3281 1035 Evangelio
3312 978 3325 1014 :
3367 980 3387 1013 ‹
3414 960 3533 1018 Non

1948 1043 2072 1099 veni
2094 1058 2282 1114 pacem
2307 1046 2542 1110 mittere,
2564 1045 2657 1103 sed
2698 1048 2933 1123 gladium
2954 1048 2999 1117 ‘,
3030 1070 3050 1103 ι
3085 1052 3138 1108 id
3177 1061 3281 1121 est,
3315 1070 3532 1128 separa-

1950 1134 2168 1193 tionem.
2208 1136 2451 1207 Gladius,
2492 1143 2834 1212 persecutio,
2866 1151 2925 1199 ut
2963 1144 3017 1199 in
3047 1143 3318 1203 Psalmis:
3357 1168 3376 1203 ι
3399 1148 3531 1207 Scu-

1946 1232 2081 1295 tum,
2094 1228 2330 1301 gladium
2350 1240 2404 1289 et
2423 1230 2619 1291 bellum
2636 1232 2677 1301 ⁵,
2691 1253 2709 1286 ι
2732 1234 2786 1289 id
2806 1243 2909 1302 est,
2925 1234 3187 1293 Dominus
3206 1237 3274 1293 ab
3286 1237 3530 1299 Ecclesia

1944 1335 2045 1381 sua
2067 1328 2124 1378 et
2148 1321 2337 1381 vitium
2362 1320 2545 1379 aufert
2557 1326 2939 1393 excusationis,
2970 1336 3026 1383 et
3053 1328 3092 1400 -ζ-
3117 1345 3324 1385 armum
3350 1346 3533 1405 perse-

1942 1410 2204 1480 cutionis,
2239 1423 2295 1471 et
2338 1414 2735 1473 infestationem
2774 1418 2962 1479 hostis.
3001 1414 3243 1487 Gladius,
3270 1424 3530 1485 malitiam

1909 1525 1919 1547 ι
1943 1502 2161 1571 diaboli,
2185 1513 2245 1561 ut
2269 1505 2322 1561 in
2351 1502 2453 1563 Job
2482 1527 2495 1562 :
2534 1527 2553 1560 ‹
2582 1508 2685 1578 Qui
2709 1507 2840 1567 fecit
2855 1525 2998 1577 eum,
3024 1512 3279 1589 applicuit
3297 1514 3532 1586 gladium

1941 1596 2058 1671 eius
2080 1600 2123 1667 ⁸,
2150 1620 2171 1653 ι
2202 1603 2345 1673 quod
2379 1602 2545 1670 Deus,
2576 1605 2667 1675 qui
2694 1620 2816 1660 eum
2836 1607 3095 1679 condidit,
3121 1609 3238 1678 ejus
3268 1609 3529 1667 malitiam
3587 1645 3591 1648 ν

1940 1691 2290 1762 compescuit.
2342 1689 2603 1761 Gladius,
2648 1694 2871 1752 verbum
2915 1696 3315 1768 corruptionis,
3364 1708 3425 1756 ut
3476 1700 3530 1755 in

1939 1778 2081 1837 Isaia
2115 1801 2129 1837 :
2163 1802 2183 1835 ι
2212 1780 2435 1840 Gladius
2471 1785 2750 1841 devorabit
2779 1802 2878 1843 vos
2898 1786 2943 1853 ",
2972 1805 2994 1841 ι
3031 1788 3084 1842 id
3110 1796 3215 1854 est,
3258 1789 3533 1867 corruptio

246 1865 473 1924 fundam
509 1867 651 1935 tulit,
684 1877 741 1926 et
767 1869 846 1925 sic
880 1880 1071 1931 contra
1104 1870 1380 1931 inimicum
1413 1868 1699 1941 processit,
1731 1883 1839 1943 quo
1867 1852 1915 1918 Β
1941 1874 2244 1946 increpabit
2285 1892 2401 1935 vos.
2449 1872 2691 1936 Gladius.
2736 1852 2935 1934 sermo,
2958 1852 3327 1945 detractionis,
3376 1852 3439 1937 ul
3475 1881 3528 1937 in

246 1965 413 2021 unius
445 1964 642 2037 lapidis
681 1966 815 2035 ictu.
855 1976 1035 2027 rOtatu
1066 1967 1244 2024 fundae
1285 1966 1529 2040 proiecti,
1566 1969 1620 2025 in
1662 1966 1841 2023 fronte

245 2070 508 2130 percusso
533 2066 697 2131 atque
724 2057 956 2131 deiecto,
983 2058 1221 2131 gladium
1244 2059 1409 2127 illius,
1434 2059 1527 2133 qui
1550 2074 1839 2131 percussus

246 2148 525 2216 accubuit,
559 2150 975 2221 evaginavitque
1000 2160 1056 2206 et
1104 2158 1266 2222 caput
1308 2146 1425 2222 ejus
1460 2151 1758 2223 amputavit
1794 2150 1832 2204 ι.

244 2239 420 2297 David
445 2241 501 2299 in
526 2242 630 2297 hoc
658 2241 804 2299 facto
834 2242 1101 2317 significat
1146 2241 1441 2301 Ecclesium
1460 2282 1477 2309 ,
1523 2240 1679 2312 cujus
1718 2240 1838 2299 vul-

246 2339 364 2386 tum
415 2330 849 2403 deprecabuntur
901 2332 1105 2393 habere
1154 2347 1343 2389 omnes
1396 2332 1589 2389 divites
1640 2330 1831 2405 plebis.

245 2419 375 2479 Haec
402 2421 521 2479 rufa
544 2432 629 2479 est
654 2422 709 2478 in
739 2422 1089 2494 martyribus,
1130 2432 1185 2479 et
1220 2420 1457 2483 formosa
1494 2424 1547 2478 in
1582 2424 1832 2481 omnibus

242 2512 505 2569 membris
539 2513 670 2569 suis.
718 2510 941 2573 Juvenis
970 2521 1074 2580 est,
1104 2518 1328 2585 propter
1358 2514 1482 2571 vita:
1512 2514 1831 2584 novitatem,

241 2604 405 2663 altrix
434 2605 670 2663 ﬁdelium
697 2606 1003 2665 animarum
1031 2622 1130 2679 per
1153 2606 1826 2680 doctrinamfsalutatam.

241 2697 427 2755 Golias
460 2699 709 2758 diabolus
733 2707 837 2767 est,
868 2708 1059 2756 contra
1085 2714 1247 2770 quem
1272 2698 1547 2761 inimicum
1576 2700 1722 2757 ﬁdeli
1745 2700 1829 2757 dl-

239 2790 555 2847 micandum
600 2799 704 2855 est.
762 2788 963 2847 Contra
1015 2788 1159 2847 hunc
1206 2788 1450 2865 procedit
1516 2786 1585 2845 ad
1628 2788 1833 2849 bellum

239 2883 551 2953 quicunque
605 2881 880 2939 desiderat
930 2891 1277 2940 contemnere
1323 2882 1599 2940 saeculum.
1663 2882 1829 2938 Arma

240 2970 420 3033 Saulis
457 2973 702 3037 carnales
735 2983 861 3033 sunt
889 2974 1246 3033 observantia:
1279 2972 1448 3046 legis,
1489 2989 1608 3046 qua:
1632 3015 1648 3043 ,
1685 2973 1831 3045 quod

239 3064 517 3123 neminem
544 3062 865 3139 justilicant,
905 3081 1013 3123 non
1044 3066 1253 3143 juvant,
1295 3064 1391 3121 sed
1425 3072 1674 3121 onerant.
1720 3062 1826 3121 Ve-

238 3172 363 3212 rum
390 3152 757 3227 limpidissimi
783 3155 1010 3228 lapides,
1038 3154 1316 3227 purissimi
1355 3170 1546 3213 sensus
1589 3152 1645 3211 in
1682 3154 1821 3225 lege.

1938 1960 2168 2022 Psalmis
2199 1985 2213 2020 :
2251 1964 2503 2047 «Lingua
2535 1982 2717 2027 eorum
2746 1968 2953 2045 gladius
2991 1968 3035 2037 ⁸,
3070 1990 3089 2024 ι
3125 1966 3177 2025 id
3206 1979 3307 2036 est,
3350 1987 3531 2031 sermo

1936 2072 2125 2115 eorum
2151 2050 2393 2119 mordaci
2421 2060 2755 2116 detractione
2776 2059 2966 2133 plenus
2985 2069 3088 2121 est.
3136 2056 3380 2128 Gladius,
3406 2077 3531 2135 per.

1936 2150 2121 2211 suasio
2147 2165 2336 2220 prava,
2378 2159 2437 2206 ut
2482 2150 2539 2206 in
2583 2148 2859 2209 Psalmis:
2897 2171 2917 2205 ‹
2946 2148 3023 2209 De
3072 2151 3252 2227 gladio
3295 2150 3529 2225 maligno

1935 2245 2086 2316 eripe
2127 2260 2215 2300 me
2242 2244 2287 2311 ’,
2317 2264 2336 2297 ι
2365 2242 2420 2307 id
2444 2254 2548 2313 est,
2578 2246 2646 2307 de
2682 2244 2967 2307 mortifera
3002 2246 3356 2323 persuasione
3400 2262 3531 2304 erue

1934 2349 2043 2391 me.
2091 2332 2334 2401 Gladius,
2362 2350 2526 2399 mors,
2566 2343 2627 2391 ut
2660 2335 2715 2391 in
2744 2334 2940 2393 Genesi
2971 2354 2985 2391 :
3017 2354 3038 2388 ι
3060 2334 3182 2411 Ipse
3200 2336 3454 2409 portabat
3476 2337 3531 2393 in

1932 2424 2183 2483 manibus
2213 2427 2326 2481 suis
2365 2425 2603 2498 gladium
2628 2434 2684 2481 et
2709 2424 2886 2503 ignem
2930 2424 2995 2495 “,
3025 2446 3046 2482 ι
3092 2422 3235 2501 quod
3271 2429 3452 2505 passio
3475 2434 3535 2487 et

1932 2531 2082 2573 mors
2105 2514 2310 2575 Christi
2329 2516 2384 2573 in
2407 2524 2674 2587 potestate
2696 2526 2815 2572 erat
2832 2514 3032 2575 Patris.
3080 2514 3325 2584 Gladius,
3357 2516 3532 2577 vindi-

1933 2614 2042 2674 cta,
2067 2607 2210 2665 utin
2242 2606 2463 2667 cantico.
2480 2602 2883 2664 D‘euteronomii
2911 2623 2926 2662 :
2956 2628 2977 2662 ι
3001 2604 3227 2667 Gladius
3254 2625 3407 2667 meus
3441 2611 3535 2666 de-

1930 2697 2145 2757 vorabit
2165 2712 2357 2756 carnes
2380 2698 2446 2765 η,
2476 2719 2495 2752 ι
2524 2694 2581 2754 id
2603 2707 2709 2771 est,
2733 2698 2973 2757 vindicta
3000 2715 3122 2757 mea
3147 2702 3389 2759 destruet
3407 2717 3530 2758 car-

1931 2790 2106 2847 nales.
2159 2787 2403 2857 Gladius,
2442 2799 2749 2861 peccatum,
2774 2799 2835 2847 ut
2858 2790 2915 2847 in
2940 2790 3267 2849 Ezechiele:
3297 2812 3316 2845 ‹
3341 2790 3401 2849 Si
3445 2793 3530 2848 vi-
3622 2808 3625 2811 ·

1932 2879 2073 2937 derit
2096 2878 2333 2953 gladium
2352 2888 2407 2937 et
2432 2895 2538 2937 non
2561 2880 2805 2936 sonuerit
2825 2880 3052 2941 buccina
3076 2881 3144 2951 ι’,
3170 2900 3191 2934 ι
3220 2883 3363 2953 quod
3383 2882 3535 2941 dam-

1931 2970 2151 3033 natione
2181 2968 2374 3044 dignus
2402 2979 2488 3029 est
2510 2970 2550 3043 -Ι-
2572 2980 2845 3043 peccator,
2884 2973 2929 3029 si
2961 2989 2989 3028 a
3014 2973 3263 3031 doctrina
3288 2989 3533 3032 cessave-

1929 3061 2024 3129 rit,
2052 3061 2267 3134 quando
2286 3070 2571 3134 peccatum
2604 3079 2833 3135 regnare
2867 3062 2907 3136 -ι-
2938 3064 3090 3121 vidit.
3143 3062 3389 3135 Gladius,
3418 3066 3532 3123 An-

1930 3152 2233 3247 tichristus,
2266 3162 2337 3247 ut
2364 3154 2419 3209 in
2439 3150 2541 3247 Job
2568 3168 2584 3208 :
2617 3173 2637 3207 ι
2657 3148 2793 3247 Gum
2818 3154 3240 3247 apprehenderit
3259 3171 3385 3213 eum
3407 3156 3533 3247 gla-

236 3243 350 3304 Hos
382 3244 590 3320 accepit
619 3244 859 3305 Ecclesia
888 3248 953 3307 de
979 3244 1223 3314 ﬂumine,
1252 3246 1386 3303 nihil
1422 3260 1605 3320 agens,
1640 3244 1696 3302 id
1724 3254 1828 3314 est,
1858 3232 1904 3302 C
1935 3243 2057 3300 dius
2074 3244 2139 3312 ¹³,
2162 3243 2341 3315 ιᾳυοὰ
2353 3259 2478 3305 cum
2499 3243 2554 3299 in
2575 3260 2636 3301 se
2655 3243 2932 3303 diabolum
2958 3243 3328 3302 Antichristns
3351 3232 3534 3304 su'sce-

236 3343 306 3403 de
337 3338 559 3409 Judaeis,
584 3342 679 3414 qui
706 3336 973 3417 spirituali
996 3356 1159 3398 sensu
1190 3340 1325 3414 legis
1363 3358 1470 3398 non
1514 3342 1826 3409 utebantur,

237 3444 297 3497 et
318 3445 538 3508 propter
566 3435 608 3508 -ι-
630 3432 899 3508 profunda
945 3435 1123 3492 carnis
1164 3452 1276 3492 suae
1309 3436 1577 3493 desideria
1621 3434 1831 3495 ﬂumini

236 3535 643 3598 comparantur.
702 3524 841 3581 Pera
867 3566 883 3593 ,
928 3526 1313 3605 praedicatores
1357 3528 1666 3601 signiﬁcat,
1702 3528 1833 3585 huic

234 3617 440 3674 mundo
460 3615 702 3691 hospites
725 3624 780 3674 et
807 3618 1141 3689 peregrinus.
1180 3616 1440 3675 Lacteum
1477 3637 1594 3689 vas,
1617 3621 1828 3693 simpli-

234 3726 330 3768 ces
357 3708 415 3766 et
445 3708 689 3767 doctrina
730 3708 853 3771 ﬁdei
891 3708 1098 3782 plenos.
1150 3706 1381 3767 Baculus
1423 3719 1507 3767 est
1549 3710 1829 3785 disciplina

234 3812 460 3877 propter
490 3798 790 3859 insolentes
821 3804 1185 3873 castigandos,
1221 3811 1277 3859 et
1311 3802 1679 3860 misericordia
1705 3822 1831 3877 pro-

233 3904 360 3968 pter
403 3894 647 3954 inﬁrmos
689 3894 1087 3954 sustentandos.
1132 3892 1321 3953 Funda
1361 3913 1484 3952 cum
1519 3896 1735 3957 chordis
1767 3913 1829 3955 os

234 3988 611 4060 praedicatoris
655 3997 778 4056 est,
826 4004 948 4046 cum
1006 3987 1216 4045 duobus
1262 3988 1548 4061 lapidibus.
1617 4008 1635 4042 ι
1676 3988 1831 4049 Unus

236 4079 375 4150 lapis
394 4080 451 4135 in
474 4078 639 4137 funda
666 4080 921 4147 mittitur,
962 4096 1070 4155 quo
1105 4087 1284 4137 rotatu
1316 4076 1515 4147 fundae,
1540 4078 1712 4143 hostis
1742 4084 1828 4145 in-

238 4171 550 4228 terimitur:
582 4192 601 4226 ι
645 4173 789 4244 quod
814 4170 941 4228 licet
973 4172 1355 4243 praedicatores
1383 4181 1550 4231 totam
1572 4173 1746 4245 legem
1771 4176 1825 4230 in

235 4277 298 4320 se
336 4262 607 4323 retineant
631 4280 646 4318 :
670 4264 867 4335 smpius
908 4271 1090 4319 tamen
1135 4264 1203 4319 ad
1238 4262 1606 4335 perimendum
1649 4264 1829 4327 inimi-

235 4371 363 4411 cum
388 4354 649 4410 unitatem
672 4355 727 4410 in
755 4371 814 4411 se
837 4363 1076 4411 versant.
1116 4350 1269 4424 Quod
1313 4372 1452 4411 unus
1496 4352 1671 4424 Deus,
1718 4375 1827 4415 una

237 4446 399 4513 ﬁdes,
422 4463 588 4505 unum
614 4448 901 4519 baptisma.
944 4445 1005 4502 In
1039 4440 1216 4504 l’ronte
1239 4463 1526 4519 percussus
1547 4446 1823 4517 occubuit,

236 4546 299 4593 ut
328 4538 582 4594 omnibus
605 4547 806 4610 pateat,
837 4536 983 4609 quod
1014 4553 1299 4610 percussus
1333 4549 1418 4596 est
1442 4548 1499 4596 et
1522 4541 1696 4597 victus
1726 4541 1828 4597 ini-

1933 3334 2094 3409 perit,
2118 3334 2300 3406 gravis
2330 3333 2435 3393 erit
2453 3328 2759 3407 persecutio
2784 3332 2870 3392 vel
2896 3334 3171 3393 tribulatio
3210 3337 3266 3395 in
3306 3338 3528 3399 mundo.

1934 3422 2180 3493 Gladius,
2207 3426 2467 3487 ultimum,
2480 3424 2767 3494 judicium,
2794 3424 2930 3482 utin
2952 3427 3170 3485 cantico
3188 3426 3529 3487 Deuterono-

1931 3518 2027 3575 mii
2051 3538 2066 3575 :
2100 3538 2120 3571 ι
2150 3516 2206 3575 Si
2226 3535 2424 3579 acuere
2455 3514 2653 3591 fulgur,
2675 3518 2911 3591 gladium
2932 3535 3114 3577 meum
3139 3516 3237 3588 “,i
3270 3521 3328 3578 id
3350 3532 3455 3591 est,
3484 3525 3533 3583 si

1932 3629 1991 3693 in
2012 3613 2095 3667 ira
2121 3610 2539 3668 manifestavero
2557 3608 2823 3685 judicium
2844 3628 3046 3669 meum.
3063 3608 3305 3679 Gladius,
3328 3596 3532 3672 aeterna

1933 3704 2242 3771 damnatio,
2284 3713 2347 3758 ut
2387 3702 2443 3759 in
2481 3698 2619 3759 Job:
2647 3721 2667 3755 ι
2717 3701 2776 3758 Si
2814 3700 3154 3775 multiplicati
3193 3702 3394 3763 fuerint
3434 3705 3530 3765 ﬁlii

1930 3796 2072 3867 ejus,
2098 3796 2154 3852 in
2180 3793 2358 3868 gladio
2383 3801 2546 3850 erunt
2571 3790 2639 3861 ⁸⁸,
2667 3792 2811 3865 quod
2831 3809 3183 3865 quoscunque
3210 3794 3409 3866 impius
3434 3797 3532 3853 ha-

1928 3887 2111 3947 buerit
2136 3888 2456 3953 imitatores,
2481 3901 2673 3942 omnes
2695 3884 3114 3949 damnabuntur.
3156 3884 3262 3941 Per
3296 3886 3532 3963 gladium

1928 3981 2098 4039 verba
2123 3978 2245 4046 Dei,
2268 3987 2327 4035 ut
2352 3980 2406 4033 in
2430 3977 2658 4035 Psalmis
2685 3992 2700 4032 :
2732 3996 2751 4028 ι
2778 3976 2954 4037 Gladii
2981 3979 3245 4051 ancipites
3270 3981 3323 4035 in
3352 3982 3529 4039 mani-

1928 4072 2033 4131 bus
2053 4087 2242 4131 eorum
2268 4071 2331 4138 η,
2364 4091 2380 4122 ι
2410 4071 2462 4126 id
2484 4079 2602 4137 est,
2629 4071 2796 4127 verba
2819 4070 2918 4127 Dei
2952 4072 3007 4133 in
3029 4072 3285 4143 cperibus
3316 4089 3527 4133 eorum.

2001 4160 2194 4221 Glarea
2217 4171 2303 4219 est
2327 4177 2480 4221 mens
2502 4161 2791 4227 instabilis,
2815 4170 2875 4219 ut
2899 4162 2955 4219 in
2982 4158 3083 4221 Job
3108 4182 3121 4218 :
3154 4182 3174 4216 ι
3197 4163 3256 4219 In
3278 4167 3529 4223 cavernis

1928 4264 2111 4324 terrae,
2149 4254 2237 4310 vel
2266 4270 2429 4326 super
2469 4253 2708 4325 glaream
2748 4254 2813 4322 ⁸⁷,
2847 4274 2867 4309 ι
2916 4257 3060 4325 quod
3103 4256 3344 4314 haeretici
3387 4259 3529 4331 apud

1929 4346 2032 4402 hos
2053 4344 2402 4402 demorantur
2434 4342 2731 4408 auditores,
2765 4343 2859 4414 qui
2898 4343 3112 4400 dolosas
3151 4344 3211 4401 ‘et
3246 4346 3530 4404 instabiles

1928 4446 2139 4494 mentes
2185 4434 2408 4491 habent.
2470 4426 2574 4489 Per
2615 4433 2850 4506 glaream
2898 4437 3134 4507 reprobi,
3176 4447 3235 4491 nt
3275 4434 3339 4491 in
3378 4435 3528 4494 Job:

1936 4550 1954 4584 ι
1980 4512 2162 4587 Dulcis
2201 4524 2304 4584 fuit
2336 4526 2532 4601 glareis
2571 4528 2612 4597 ἰ-
2650 4526 2824 4599 cocyti
2864 4526 2932 4595 “l,
2961 4542 2981 4580 t
3025 4529 3170 4599 quod
3216 4522 3274 4583 in
3310 4522 3529 4585 illorum

236 4627 435 4683 micus.
480 4603 701 4684 Gladius
739 4603 906 4685 Gulilc
926 4670 941 4691 ,
986 4603 1364 4700 persecutores
1400 4629 1656 4687 Ecclesiae
1676 4671 1694 4699 ,
1732 4647 1831 4705 per
1853 4603 1909 4665 D
1935 4624 2211 4685 mentibus
2254 4623 2424 4681 dulcis
2471 4630 2553 4678 est
2585 4622 2849 4690 diabolus,
2879 4621 2917 4695 -ι-
2943 4623 3087 4697 quod
3116 4624 3276 4681 modo
3298 4638 3401 4697 per
3430 4626 3528 4683 llu—

235 4736 380 4792 quos
418 4727 580 4790 caput
616 4720 667 4776 ei
707 4718 921 4776 auferre
966 4716 1183 4776 molitus
1231 4731 1315 4776 est
1339 4739 1352 4774 :
1380 4720 1474 4777 sed
1513 4720 1830 4779 adveniente

236 4811 437 4883 gratia,
466 4810 684 4885 proprio
706 4811 883 4885 gladio
912 4810 1244 4881 decapitatus
1267 4821 1351 4866 est
1372 4808 1618 4871 diabolus
1645 4830 1658 4866 :
1685 4813 1830 4883 quod

234 4913 619 4978 persecutores
647 4904 801 4967 multi
828 4912 1086 4975 superant
1109 4903 1380 4960 diabolum
1413 4906 1755 4967 attendentes
1778 4916 1832 4963 et

237 5000 452 5071 seipsos
473 5007 529 5054 et
550 4998 707 5073 alios,
730 4996 821 5070 qui
846 4996 1044 5053 diaboli
1070 5012 1264 5071 corpus
1287 4998 1642 5064 exstiterant,
1670 5015 1833 5067 manu

1938 4732 2066 4775 xam
2112 4714 2517 4771 inStabilitatem
2568 4713 2635 4769 ad
2692 4720 2957 4769 :nternum
3002 4713 3211 4770 luctum
3259 4719 3522 4773 tendunt:

1940 4808 2083 4881 quod
2102 4810 2142 4880 ’ζ-
2166 4806 2427 4863 Cochiton
2462 4803 2633 4859 luctus
2659 4803 2856 4859 dicitur

2012 4898 2222 4957 Gradus
2256 4906 2339 4953 est
2370 4896 2642 4968 profectus
2670 4893 2925 4960 hominis,
2956 4896 3015 4949 ut
3042 4894 3097 4950 in
3123 4890 3265 4952 libro
3296 4890 3520 4956 Esdrae:

1948 5014 1968 5047 ι
1990 4988 2227 5064 Populus
2256 4998 2434 5046 autem
2464 4987 2640 5045 stabat
2664 4984 2717 5041 in
2745 4987 2913 5059 gradu
2942 4998 3040 5043 suo
3072 4984 3136 5055 ¹⁹,
3166 5009 3186 5042 ι
3230 4990 3372 5062 quod
3417 5004 3527 5053 cae-

238 5091 419 5147 David
460 5131 478 5159 ,
524 5088 583 5147 id
629 5092 712 5146 est
739 5131 756 5157 ,
808 5084 1068 5146 Ecclesia:
1107 5090 1148 5161 -ι-
1196 5105 1255 5145 se
1309 5098 1501 5161 agente
1564 5105 1595 5144 a
1653 5090 1830 5161 capite
1932 5099 2021 5149 ius
2065 5087 2373 5138 sanctorum
2405 5076 2735 5132 unanimiter
2770 5076 3009 5148 persistit
3037 5077 3097 5133 in
3119 5074 3363 5151 profectu
3401 5094 3520 5136 suo.

239 5198 346 5240 suo
379 5188 813 5255 separaverunt,
865 5186 921 5236 et
975 5186 1161 5251 postea
1216 5178 1371 5236 lateri
1430 5178 1684 5236 Ecclesiae
1733 5178 1828 5235 ad-

1932 5162 2040 5236 Per
2049 5174 2245 5249 gradus
2258 5173 2486 5226 virtutes
2500 5168 2578 5240 spi
2588 5168 2823 5236 rituales,
2839 5176 2898 5223 ut
2910 5166 2961 5223 in
2977 5162 3076 5225 J‘ob
3093 5188 3107 5224 :
3131 5189 3151 5223 ί
3166 5164 3271 5225 Per
3285 5168 3522 5241 singulos

240 5276 539 5331 haeserunt.
584 5270 791 5345 Vagina
834 5268 1002 5329 Goliae
1030 5313 1044 5338 ,
1089 5288 1243 5329 error
1305 5282 1391 5329 est
1459 5272 1831 5330 inﬁdelitatem
1936 5262 2667 5346 gradusmeOSpronuntiabo
2682 5277 2804 5318 eum
2826 5258 2895 5329 ’⁸,
2916 5282 2935 5314 ι
2966 5260 3019 5316 id
3043 5268 3145 5330 est,
3171 5274 3272 5334 pro
3298 5261 3524 5334 singulis

240 5366 546 5434 involvens,
583 5383 613 5421 a
642 5380 751 5438 quo
781 5365 826 5422 si
865 5364 1073 5438 gladius
1106 5379 1214 5419 non
1257 5365 1298 5441 -ξ
1341 5372 1649 5431 exueretur,
1696 5380 1834 5419 nun-

242 5474 413 5533 quam
432 5472 531 5530 per
558 5458 710 5515 illum
733 5466 895 5530 caput
918 5454 1089 5513 Gallae
1110 5446 1535 5519 discinderem.
1588 5455 1832 5525 Gladius,

1936 5362 2231 5418 virtutibus
2245 5364 2380 5429 quas
2394 5357 2588 5421 habeo,
2606 5350 2835 5410 laudabo
2860 5366 3004 5409 eum.
3033 5352 3140 5409 Per
3163 5354 3359 5426 gradus
3384 5352 3524 5408 dona

1941 5446 2177 5527 Spiritus
2196 5452 2393 5517 Sancti,
2416 5457 2476 5511 ut
2499 5448 2552 5503 in
2574 5447 2855 5503 Ezechiele
2876 5462 2891 5502 :
2919 5444 3019 5503 «in
3040 5454 3247 5521 septem
3268 5442 3525 5518 gradibus

322 5618 340 5650 ³
372 5612 549 5689 lReg.
573 5612 919 5689 rvit,_38;5l.
985 5610 1006 5645 '
1028 5606 1164 5689 Luc.
1185 5629 1260 5689 in
1282 5612 1374 5689 35.
1448 5608 1471 5645 ³
1490 5610 1639 5669 Psal.
1671 5629 1833 5689 33x31

1938 5608 1981 5668 l.
2048 5609 2071 5642 l’
2108 5609 2390 5689 μειεφκλι,
2576 5605 2599 5637 ³
2638 5603 2797 5689 Ρδέλιλ
2814 5600 3279 5689 Hygia-flat
3304 5619 3401 5689 ﬁxa,
3433 5601 3520 5689 is.

243 5687 270 5723 ν
302 5672 414 5745 lsa.
456 5672 618 5755 ιζσῖσ.
646 5672 851 5743 ἷῬεει.
876 5702 991 5753 LVI,
1018 5701 1071 5740 ν.
1137 5685 1158 5716 ⁹
1362 5701 1549 5755 cum,
1573 5702 1627 5741 ι.
1690 5685 1734 5717 ¹⁰
1762 5683 1833 5741 Ge

1938 5698 2067 5755 sxy,
2103 5682 2154 5755 ﬁ.
2215 5680 2255 5710 ¹¹
2302 5674 2457 5755 Deut.
2507 5690 2679 5755 ξχξῃ,
2732 5675 2818 5729 42.
2884 5672 3191 5755 ΨΑΕΖΞΟΞΙ.-
3222 5674 3520 5755 xxxm,_§.

250 5740 591 5825 "—165.16;
606 5740 727 5814 VH:
752 5740 987 5813 i(Deut:
1014 5772 1186 5821 xxx",
1216 5752 1307 5810 41.
1353 5754 1395 5787 ⁸⁸
1416 5740 1548 5812 Job.
1574 5740 1744 5821 ixvn,
1777 5740 1833 5809 ll

1938 5754 1975 5785 ¹⁶
2000 5740 2348 5814 Psal.cxux,
2395 5748 2446 5802 6.
2506 5740 2692 5803 "Job.
2745 5758 2877 5811 xxx,
2932 5742 2982 5798 6.
3044 5742 3229 5800 "Job.
3268 5756 3381 5810 xxx,
3428 5740 3520 5798 35.

251 5832 296 5863 "
322 5830 460 5888 Neh.
493 5847 611 5899 vui,
638 5832 691 5885 7.
730 5830 774 5861 ‘°
799 5827 920 5886 Job.
944 5842 1095 5894 uxr,
1125 5827 1214 5882 37.
