3972 6336
449 326 550 382 945

1081 322 1141 378 Β.
1182 318 1435 376 RABANI
1473 317 1692 376 MAURI
1727 313 2048 374 ARCHIEP.
2089 311 2397 370 MOGUNT.
2437 308 2724 368 OPERUM
2762 309 2943 364 PARS
2977 307 3067 363 Ill.

3623 306 3738 362 9-H»

448 452 704 495 ascensus
733 445 901 508 porta
922 437 961 502 ί,
995 454 1014 488 ι
1056 437 1198 504 quod
1224 451 1321 506 per
1341 436 1483 491 dona
1513 432 1840 505 septiformis
1861 430 2025 501 Spiri-
2052 434 2104 496 Α
2129 428 2457 492 sacerdotes,
2482 437 2542 482 ut
2568 427 2621 480 in
2643 425 2869 481 Cantico
2901 443 2914 478 :
2953 443 2972 475 ι
3001 421 3246 476 Pulchra
3271 430 3396 475 sunt
3433 435 3584 493 gena
3621 430 3740 476 tua

449 541 534 586 tus
560 529 626 584 ad
655 527 893 584 calestis
917 526 1105 596 patria
1134 527 1335 582 aditum
1363 525 1694 596 pervenitur.

518 619 772 674 Gramina
801 625 927 673 sunt
951 617 1244 682 auditores,
1279 625 1340 670 ut
1379 616 1432 670 in
1467 614 1679 670 cantico
1709 611 2032 667 Deutcrono-

447 711 540 766 mii
574 729 587 764 :
621 730 640 762 ε
671 709 834 777 Quasi
862 709 1017 764 stilla
1041 724 1204 779 super
1231 707 1476 776 gramina
1499 707 1542 771 ¹,
1583 724 1602 758 ι
1635 705 1778 774 quod
1807 703 2031 758 subtiles

445 811 651 859 sancta
694 800 1091 872 praedicationis
1120 806 1300 870 guttas
1342 797 1528 854 ﬁdeles
1564 797 1838 853 auditores
1867 794 2033 849 susci—

444 897 623 966 piunt.

516 985 751 1041 Granum
787 993 871 1042 est
909 986 1223 1042 humanitas
1263 983 1495 1048 Christi,
1522 991 1582 1037 ut
1611 983 1665 1036 in
1697 981 1984 1051 Evangelio
2014 997 2027 1032 :

450 1097 470 1131 ς
499 1079 709 1136 Cadens
749 1094 973 1151 granum
1027 1075 1280 1132 frumenti
1327 1075 1366 1138 ³,
1420 1093 1438 1126 ι
1485 1073 1541 1128 id
1579 1082 1679 1135 est,
1725 1071 2033 1126 humanitas

443 1172 646 1228 Christi
674 1187 940 1243 apparens
971 1172 1026 1224 in
1057 1169 1274 1224 mundo.
1325 1163 1583 1232 Granum,
1625 1165 1848 1220 verbum
1886 1163 2030 1226 ﬁdei,

443 1272 505 1318 ut
551 1264 607 1318 in
654 1262 947 1334 Evangelio
988 1278 1001 1315 :
1051 1278 1070 1311 ι
1111 1258 1296 1314 Simile
1349 1265 1432 1312 est
1485 1272 1710 1327 regnum
1771 1253 2033 1310 calorum

443 1373 612 1429 grano
640 1357 912 1428 sinapis‘,
941 1375 958 1408 ι
1008 1355 1150 1425 quod
1192 1360 1379 1407 sancta
1425 1351 1666 1406 Ecclesia
1712 1350 1936 1404 verbum
1978 1349 2033 1402 in

441 1467 502 1508 se
527 1451 684 1506 fortis
727 1449 851 1505 ﬁdei
899 1449 1080 1504 habet.
1141 1444 1398 1509 Granum,
1451 1445 1740 1499 inﬁrmitas
1790 1441 2034 1511 corporis

442 1542 683 1608 humani,
724 1550 782 1596 ut
821 1541 874 1595 in
913 1539 1121 1595 Paulo:
1155 1556 1174 1588 ‹
1203 1538 1269 1592 Et
1311 1550 1529 1606 corpus,
1570 1551 1679 1590 non
1713 1535 1856 1604 quod
1892 1533 2035 1587 futu-

440 1650 562 1689 rum
589 1641 690 1698 est,
715 1633 811 1688 sed
839 1631 1041 1686 nudum
1082 1644 1312 1700 granum
1338 1629 1383 1692 ⁵,
1414 1649 1432 1680 ι
1458 1627 1602 1698 quod
1641 1641 1746 1681 non
1788 1624 1911 1679 talis
1950 1633 2034 1678 est

437 1725 599 1781 modo
627 1739 756 1780 caro
785 1731 996 1787 nostra,
1031 1723 1206 1792 qualis
1226 1729 1376 1786 erat;
1423 1721 1519 1776 sed
1566 1717 1934 1789 corruptibilis
1979 1724 2034 1772 et

439 1817 672 1872 inﬁrma.

505 1905 721 1964 Grande
754 1918 840 1964 est
877 1908 1099 1964 verbum
1133 1905 1508 1976 correptionis,
1559 1911 1621 1958 ut
1667 1903 1721 1957 in
1763 1901 2025 1957 Psalmis:

442 2019 460 2052 ι
493 1999 676 2055 Nubes
703 2001 1061 2063 transierunt,
1103 1997 1308 2069 grando
1353 1995 1399 2058 ⁸,
1441 2013 1459 2045 ι
1493 2003 1624 2058 etc.,
1661 1991 1806 2062 quod
1848 1992 1902 2045 in
1941 1989 2031 2044 illa

435 2092 595 2146 beata
615 2091 724 2145 vita
752 2090 1029 2146 auditores
1061 2103 1162 2144 nec
1183 2085 1497 2158 praedicatio
1529 2083 1762 2147 docebit,
1787 2096 1888 2136 nec
1912 2096 2031 2135 cor-

433 2182 610 2250 reptio
635 2181 955 2252 increpabit.
987 2178 1227 2244 Grande,
1266 2177 1571 2248 Synagoga,
1609 2189 1707 2244 per
1739 2172 2032 2227 inﬁdelita-

437 2281 547 2329 tem
573 2288 783 2342 aspera,
812 2281 873 2327 ut
901 2272 960 2326 in
992 2270 1093 2328 Job
1123 2289 1138 2326 :
1177 2290 1196 2322 ‹
1222 2269 1330 2324 Aut
1368 2269 1652 2322 thesauros
1677 2265 1718 2335 -ι-
1741 2263 2031 2334 grandines

434 2365 760 2436 aspexisti",
797 2384 814 2415 ι
846 2363 990 2434 quod
1013 2363 1069 2417 in
1103 2363 1220 2432 ipsa
1245 2360 1410 2415 etiam
1436 2360 1476 2429 -ι-
1498 2357 1724 2428 perﬁdia
1747 2356 2030 2427 Synagoga

433 2457 576 2512 Deus
606 2455 792 2510 ﬁdeles
827 2454 1095 2524 repositos
1130 2451 1312 2507 habet.
1366 2449 1603 2513 Grande,
1641 2448 1940 2511 tribulatio,
1973 2455 2032 2500 ut

434 2552 492 2606 in
523 2549 756 2605 Psalmis
785 2567 798 2604 :
834 2567 853 2600 ‹
895 2546 1145 2603 Tradidit
1165 2543 1414 2616 grandini
1437 2543 1683 2614 jumenta
1715 2556 1903 2595 eorum
1931 2539 1976 2601 ',
2007 2557 2026 2588 ι

432 2644 577 2715 quod
614 2658 714 2714 per
759 2639 1160 2697 tribulationem
1204 2637 1346 2692 Deus
1394 2635 1594 2691 auxilia
1637 2633 1904 2705 permittit
1941 2631 2035 2686 de-

433 2735 570 2792 strui
617 2734 928 2806 impiorum.
977 2729 1214 2795 Grando,
1259 2729 1497 2784 violenta
1539 2725 1822 2796 pradatio,
1873 2732 1932 2777 ut
1962 2724 2033 2777 'in

431 2825 664 2881 Psalmis
687 2843 700 2878 :
733 2844 750 2875 ι
779 2824 844 2878 Et
867 2821 1066 2878 occidit
1089 2821 1143 2875 in
1165 2817 1428 2891 grandine
1454 2815 1701 2884 iumenta
1724 2830 1912 2871 eorum
1931 2813 1974 2880 ’,
2009 2834 2027 2862 ι

432 2915 488 2971 id
525 2924 633 2981 est,
666 2915 899 2970 violenta
939 2911 1266 2982 pradatione
1298 2908 1474 2977 decipi
1515 2906 1761 2977 permisit
1803 2905 2034 2959 virtutes

430 3021 640 3063 eorum.
680 3003 917 3068 Grando,
946 3004 1127 3075 gravis
1141 3010 1224 3058 est
1237 3000 1454 3056 aﬁlictio
1466 3007 1526 3054 ut
1538 3000 1592 3053 in
1609 2999 1815 3065 Exodo,
1831 2997 2034 3068 grando

431 3099 665 3154 vastavit
694 3097 986 3169 Egyptum
1020 3095 1082 3158 ιο,
1115 3093 1168 3149 id
1204 3101 1306 3157 est,
1349 3090 1530 3162 gravis
1568 3089 1786 3144 aﬁlictio
1824 3087 2033 3144 cruciat

434 3189 716 3244 mundum.

507 3278 953 3349 Gawphylacium
974 3284 1059 3331 est
1076 3274 1250 3345 patria
1271 3272 1525 3335 caelestis,
1551 3279 1613 3325 ut
1630 3271 1686 3326 in
1708 3270 2024 3340 Evangelio:

439 3393 458 3424 ι
483 3371 794 3441 Aspiciebat
825 3365 1094 3438 quomodo
1135 3367 1292 3420 turba
1327 3365 1368 3435 -ι-
1392 3363 1634 3433 jactabat
1671 3377 1896 3416 munera
1931 3377 2029 3416 sua

434 3463 492 3517 in
522 3458 962 3531 gazophylacium
995 3459 1061 3521 “,
1091 3475 1108 3507 ι
1147 3456 1290 3526 quod
1320 3456 1441 3510 illos
1476 3455 1618 3510 Deus
1639 3453 1729 3524 pio
1750 3454 1922 3508 cernit
1947 3453 2029 3506 in-

434 3553 597 3616 tuit'u,
627 3551 718 3620 qui
741 3566 840 3621 pro
869 3549 1213 3620 adipiscenda
1239 3549 1413 3618 patria
1440 3547 1652 3603 caelesti
1685 3547 1786 3601 ista
1817 3555 2029 3601 terrena

434 3653 806 3702 contemnunt.
859 3641 1325 3713 Gazophylacium,
1357 3655 1510 3694 mens
1537 3639 1640 3694 viri
1669 3639 1860 3704 sancti,
1891 3647 1951 3692 ut
1975 3638 2028 3691 in

437 3731 761 3793 Ezechiele:
797 3754 816 3786 ς
845 3734 1088 3805 Reponet
1125 3733 1264 3787 linea
1305 3731 1630 3787 vestimenta
1667 3731 1720 3785 in
1759 3731 2030 3802 gazophy-

435 3830 577 3883 lacio
606 3828 670 3892 ι’,
698 3849 715 3879 ι
751 3827 896 3896 quod
922 3825 1026 3879 viri
1050 3824 1225 3879 sancti
1269 3821 1491 3877 subtiles
1527 3821 1839 3876 devotiones
1887 3820 2028 3874 intra

438 3935 497 3974 se
521 3919 574 3972 in
603 3924 787 3972 mente
823 3914 1152 3970 custodiunt.
1201 3912 1305 3967 Per
1345 3909 1775 3982 gazophylacium
1822 3909 2028 3980 pralati

435 4007 716 4072 Ecclesia,
738 4016 799 4060 ut
820 4006 874 4059 in
900 4003 1179 4059 Ezechiele
1209 4019 1222 4055 :
1259 4021 1276 4051 ι
1305 4000 1695 4071 Gazophylacia
1717 4000 1771 4054 in
1800 4000 2026 4055 circuitu

437 4096 730 4167 pavimenti
767 4095 834 4160 ¹³,
864 4115 882 4145 ι
924 4093 1066 4163 quod
1093 4092 1300 4163 pralati
1326 4090 1499 4145 sancti
1527 4089 1837 4145 inferiorem
1867 4105 2031 4160 popu-

437 4189 550 4243 lum
577 4188 813 4244 studiosa
836 4194 892 4241 et
914 4185 1062 4255 vigili
1085 4183 1582 4252 circumspectione
1600 4181 1932 4237 custodiant.

509 4302 641 4359 Gelu
679 4303 832 4372 plebs
868 4309 952 4356 est
980 4298 1222 4362 Judaica,
1263 4307 1324 4353 ut
1363 4298 1418 4351 in
1461 4295 1563 4352 Job
1596 4316 1607 4350 :
1641 4317 1658 4347 ι
1688 4297 1753 4350 Et
1799 4295 1919 4367 gelu
1963 4296 2030 4352 de

439 4396 578 4452 calo
603 4396 726 4466 quis
759 4395 945 4466 genuit
969 4392 1054 4446 "?
1081 4413 1100 4444 ι
1127 4391 1268 4461 quod
1297 4389 1549 4460 populum
1581 4388 1750 4452 illum,
1785 4390 2029 4457 quamvis

441 4485 677 4557 perﬁdus
705 4485 794 4549 sit,
817 4485 884 4541 de
904 4483 1096 4539 calica
1127 4483 1472 4551 antiquorum
1497 4489 1708 4550 patrum
1738 4480 1904 4548 stirpe
1927 4479 2030 4534 Do-

443 4581 620 4636 minus
648 4578 944 4650 proccdere
979 4575 1123 4631 fecit.
1173 4571 1325 4638 Gelu,
1357 4573 1617 4643 asperitas
1645 4570 2026 4637 tribulationis,

442 4676 501 4722 ut
524 4669 578 4723 in
601 4667 702 4724 Job
733 4686 745 4720 :
777 4686 794 4718 ι
838 4667 1028 4721 Flante
1057 4665 1168 4719 Deo
1211 4663 1511 4718 concrescit
1553 4661 1673 4732 gelu
1724 4661 1792 4725 η,
1823 4679 1840 4712 ι
1888 4659 2029 4730 quod

443 4757 536 4812 ubi
557 4757 698 4812 Deus
725 4773 877 4812 suam
909 4754 1316 4825 inspirationem
1350 4751 1602 4812 infundit,
1630 4751 1810 4806 statim
1856 4751 2028 4806 tribu-

445 4847 576 4903 latio
613 4861 995 4917 nonnunquam
1027 4845 1241 4900 crescit.

515 4937 676 4994 Gena:
699 4945 823 4991 sunt
847 4936 1019 4991 sancti
1040 4943 1326 5008 martyres,
1357 4943 1415 4990 ut
1441 4935 1494 4989 in
1520 4935 1744 4991 Cantico
1773 4954 1785 4989 :
1819 4955 1836 4986 ε
1863 4935 2027 4990 Cena

444 5029 562 5100 ejus
590 5029 730 5084 sicut
752 5028 944 5084 areola
963 5037 1267 5084 aromatum
1305 5027 1367 5092 η,
1399 5047 1416 5080 ι
1457 5029 1598 5096 quod
1629 5028 1801 5082 sancti
1833 5036 2029 5098 marty-

445 5135 549 5183 res,
583 5120 676 5188 qui
701 5119 757 5174 in
782 5118 984 5174 Christi
1007 5134 1252 5190 corpore,
1280 5119 1420 5188 quod
1449 5127 1532 5173 est
1550 5127 1736 5172 sancta
1762 5118 2024 5184 Ecclesia,

2134 519 2273 574 sicut
2313 519 2475 574 turris
2500 519 2566 585 ¹⁷,
2597 537 2617 570 ι
2649 517 2794 587 quod
2818 515 3112 586 spiritualis
3137 523 3448 570 sanctorum
3479 514 3748 584 pralato-

2134 628 2255 666 rum
2301 612 2464 667 decor
2509 611 2565 666 in
2613 611 2868 666 castitate
2916 608 3158 679 corporis
3211 615 3268 662 et
3315 608 3750 678 compunctione

2133 705 2329 762 mentis
2358 706 2627 762 consistit.
2680 702 2857 768 Geme,
2885 706 3010 760 boni
3040 713 3376 776 operatores,
3408 715 3470 759 ut
3497 706 3552 761 in
3594 705 3751 761 Can-

2134 800 2241 854 tico
2268 818 2280 852 :
2310 820 2327 850 ‹
2355 798 2509 854 Sicut
2553 797 2795 869 fragmen
2820 797 2944 852 mali
2969 797 3169 869 punici,
3197 798 3272 852 ita
3299 812 3448 869 gena
3477 809 3588 854 tua
3617 799 3694 860 η,
3728 819 3750 848 ι

2139 891 2277 963 quod
2306 901 2506 947 sancta
2527 891 2781 947 Ecclesia
2809 892 3045 962 operarii
3071 892 3125 946 in
3146 892 3354 946 unitate
3376 891 3496 948 ﬁdei
3529 893 3756 948 diversi

2134 983 2202 1036 ad
2229 982 2531 1052 profectum
2555 982 2925 1052 proximorum
2951 983 3006 1037 in
3035 982 3250 1053 publico
3269 983 3527 1039 existunt.
3561 981 3762 1038 Gena-

2134 1092 2253 1130 rum
2281 1076 2499 1131 nomine
2519 1075 2814 1146 pudibundi
2845 1076 3056 1146 pralati
3077 1076 3394 1148 ﬁgurantur,
3417 1077 3475 1132 in
3498 1093 3758 1149 quorum

2134 1177 2426 1239 conspectu
2481 1169 2648 1240 pudet
2702 1183 2948 1238 peccare.
3022 1169 3160 1224 Hinc
3215 1171 3272 1224 in
3324 1169 3546 1225 Cantica
3613 1186 3762 1224 voce

2137 1259 2330 1331 Sponsi
2356 1260 2556 1316 dicitur
2581 1261 2648 1316 ad
2679 1259 2944 1330 Sponsam
2977 1280 2990 1314 :
3023 1279 3042 1311 ι
3071 1260 3224 1316 Sicut
3246 1263 3373 1316 mali
3402 1264 3593 1333 punici
3633 1263 3762 1317 fra-

2135 1368 2317 1425 gmen,
2341 1353 2415 1408 ita
2440 1368 2592 1421 gena
2624 1362 2749 1419 tua,
2781 1354 2985 1424 absque
3022 1369 3088 1408 eo
3117 1355 3260 1424 quod
3300 1356 3648 1412 intrinsecus
3679 1357 3764 1410 la-

2136 1451 2213 1496 tet
2236 1441 2277 1473 "
2308 1457 2323 1495 :
2355 1461 2372 1493 ι
2407 1441 2540 1496 foris
2565 1443 2711 1496 enim
2751 1443 3014 1513 martyrio
3041 1445 3276 1508 rubent;
3323 1446 3468 1500 intus
3507 1448 3764 1518 virgini-

2135 1543 2248 1590 tate
2269 1534 2520 1602 candent,
2545 1543 2603 1590 ut
2630 1536 2696 1591 de
2721 1536 2946 1606 privatis
2965 1537 3328 1604 orationibus,
3354 1540 3574 1610 vigiliis,
3597 1540 3758 1610 jeju-

2136 1629 2242 1684 niis
2270 1637 2325 1684 et
2355 1628 2714 1700 eleemosynis
2743 1636 2972 1684 taceam.
3026 1625 3294 1684 Genarum
3336 1631 3582 1694 nomine,
3627 1648 3758 1684 mo-

2136 1721 2310 1778 destia
2340 1720 2638 1776 Salvatoris
2666 1729 2720 1775 et
2740 1720 2912 1791 pietas
2942 1719 3226 1790 accipitur,
3245 1721 3400 1791 juxta
3428 1722 3585 1790 quod
3616 1738 3762 1778 voce

2058 1791 2108 1854 Β
2135 1811 2358 1883 Sponsa
2385 1812 2454 1868 de
2479 1813 2668 1867 eodem
2697 1826 2710 1864 :
2736 1831 2754 1862 ι
2786 1810 2950 1867 Gena
2972 1810 3114 1866 illius
3139 1811 3280 1867 sicut
3309 1813 3506 1867 areola
3525 1828 3760 1868 aroma-

2134 1912 2270 1970 tum,
2303 1905 2530 1960 consita
2555 1920 2586 1957 a
2608 1904 2983 1974 pigmentariis
3003 1904 3071 1970 ’°,
3097 1924 3115 1956 ι
3150 1919 3330 1960 mores
3346 1907 3543 1976 quippe
3565 1909 3760 1962 nostri

2131 1984 2511 2067 Redemptoris
2537 1996 2575 2067 -ι-
2737 2004 2792 2051 et
2824 1995 3128 2066 compositi,
3163 1996 3534 2066 virtutumque
3561 1997 3763 2055 fasca

2131 2096 2305 2155 erant,
2337 2088 2430 2159 qui
2465 2096 2519 2143 et
2556 2103 2587 2142 a
2614 2087 2894 2157 prophetis
2922 2095 2977 2142 et
3002 2086 3258 2157 apostolis
3301 2091 3560 2146 concordi
3609 2107 3758 2148 voce

2132 2179 2428 2249 conscripti
2460 2187 2605 2234 sunt.

2203 2272 2482 2328 Generatio
2519 2282 2603 2329 est
2633 2274 2687 2328 in
2717 2274 2883 2339 bono,
2927 2281 2988 2328 ut
3023 2274 3078 2329 in
3125 2273 3355 2330 Psalmis
3387 2295 3400 2330 :
3433 2295 3454 2327 ι
3485 2274 3624 2331 Haec
3670 2289 3760 2332 est

2132 2370 2410 2438 generatio
2429 2368 2791 2438 quarentium
2813 2384 2937 2424 eum
2964 2367 3033 2420 ".
3067 2387 3084 2418 ι
3137 2365 3414 2424 Generatio
3468 2370 3524 2424 in
3569 2372 3754 2434 malo,

2133 2465 2192 2512 ut
2219 2458 2272 2512 in
2303 2457 2625 2528 Evangelio:
2659 2476 2677 2509 ι
2707 2457 3000 2514 Generatio
3038 2459 3178 2514 mala
3222 2468 3277 2514 et
3319 2459 3566 2515 adultera
3615 2462 3692 2515 ³⁸.
3731 2483 3751 2514 ι

2132 2549 2225 2603 llla
2271 2557 2353 2604 est
2397 2549 2626 2620 populus
2667 2549 2904 2620 gentilis,
2950 2565 3069 2620 qua
3107 2549 3396 2605 Dominum
3433 2566 3535 2620 per
3575 2552 3752 2607 ﬁdem

2134 2642 2412 2714 qyasivit;
2439 2643 2527 2698 hic
2555 2659 2706 2709 vero,
2735 2641 3134 2714 Judaicus,'qui
3169 2659 3199 2698 a
3237 2644 3347 2699 Deo
3375 2659 3474 2714 per
3504 2645 3756 2700 inﬁdeli-

2135 2743 2298 2792 tatem
2324 2735 2663 2806 apostatavit.
2703 2753 2720 2785 ι
2752 2735 2843 2788 llla
2867 2743 2950 2788 est
2968 2736 3242 2804 generatio
3276 2744 3588 2802 rectorum,
3623 2753 3752 2806 qua

2132 2829 2482 2886 benedicetur
2506 2829 2583 2892 '3;
2616 2848 2634 2878 ι
2675 2830 2790 2884 hac
2812 2845 2944 2884 vero
2972 2839 3056 2884 est
3101 2849 3119 2880 ‹
3147 2829 3425 2899 generatio
3467 2845 3650 2899 prava
3696 2839 3752 2884 et

2134 2934 2485 2990 exasperans,
2517 2918 2792 2990 generatio
2821 2935 2943 2989 qua
2972 2934 3081 2972 non
3117 2919 3315 2974 direxit
3344 2934 3440 2973 cor
3469 2934 3665 2984 suum,
3695 2932 3754 2975 et

2135 3029 2242 3067 non
2289 3021 2374 3068 est
2419 3013 2657 3068 creditus
2702 3027 2824 3066 cum
2855 3011 2966 3067 Deo
2997 3011 3230 3080 Spiritus
3277 3011 3413 3082 ejus.
3437 3012 3486 3042 "
3525 3032 3542 3063 ι
3575 3013 3751 3076 Item,

2140 3128 2157 3159 ‹
2186 3107 2464 3179 generatio
2489 3115 2544 3162 et
2579 3107 2856 3177 generatio
2879 3105 3123 3162 laudabit
3141 3121 3305 3177 opera
3336 3116 3427 3161 tua
3451 3107 3536 3160 "z
3573 3128 3600 3159 ι
3641 3109 3752 3163 hoc

2133 3208 2237 3265 est,
2265 3200 2443 3255 omnis
2472 3199 2744 3254 successio
2793 3197 3055 3264 ﬁdelium,
3089 3217 3108 3250 ι
3159 3207 3249 3252 aut
3286 3200 3548 3253 extendes
3599 3198 3752 3254 iram

2135 3300 2282 3345 tuam
2307 3307 2339 3345 a
2363 3290 2714 3362 generatione
2743 3289 2798 3343 in
2829 3287 3233 3360 generationem
3275 3289 3339 3340 ³⁸.
3368 3307 3386 3338 ι
3435 3289 3567 3343 Dna
3613 3300 3752 3344 sunt

2134 3381 2544 3453 generationes;
2600 3397 2704 3435 una
2754 3379 2901 3446 Ada,
2945 3395 3066 3448 qua
3113 3379 3348 3434 carnalis
3393 3390 3513 3442 est;
3562 3379 3750 3436 altera

2130 3470 2354 3536 Christi,
2383 3487 2503 3540 qua
2533 3470 2830 3541 spiritualis
2852 3479 2958 3534 est,
2989 3487 3021 3524 a
3055 3486 3160 3540 qua
3209 3471 3351 3524 sicut
3393 3471 3750 3540 expelluntur

2132 3563 2260 3618 mali
2287 3562 2598 3627 Christiani,
2626 3563 2707 3618 sic
2727 3563 3046 3619 inseruntur
3069 3564 3216 3630 boni,
3241 3564 3334 3635 qui
3363 3563 3586 3619 fuerunt
3611 3577 3748 3621 ante

2131 3654 2423 3709 adventum
2451 3652 2674 3709 Christi.
2712 3673 2730 3704 ‹
2757 3653 3128 3726 Cogitationes
3157 3655 3337 3710 cordis
3364 3654 3486 3726 ejus
3509 3672 3544 3709 a
3565 3672 3746 3728 gene-

2131 3747 2340 3802 ratione
2366 3745 2422 3800 in
2448 3747 2849 3817 generationem
2872 3747 2939 3812 "’,
2968 3764 2989 3799 ι
3025 3749 3169 3817 quod
3199 3747 3396 3803 divina
3422 3749 3746 3820 dispositio-

2129 3854 2248 3903 nes,
2262 3854 2382 3908 qua
2395 3838 2788 3893 rationabiliter
2800 3836 2955 3893 facta
2971 3829 3118 3903 sunt,
3131 3848 3353 3895 manent
3379 3841 3433 3894 in
3455 3840 3669 3898 Judais
3690 3855 3744 3899 et

2129 3931 2409 4002 gentibus:
2440 3931 2494 3986 in
2532 3929 2749 3996 Judais,
2792 3933 2936 4000 quod
2974 3934 3195 3989 cacitas
3224 3949 3288 3989 ex
3319 3945 3478 4005 parte
3506 3938 3744 4007 contigit

2129 4020 2186 4075 in
2226 4021 2423 4086 Israel;
2461 4023 2811 4106 ingentibus
2841 4032 3044 4090 autem,
3075 4033 3135 4079 ut
3159 4025 3439 4096 plenitudo
3473 4029 3738 4096 intraret,

2129 4122 2186 4168 et
2209 4114 2288 4168 sic
2315 4113 2494 4168 omnis
2516 4111 2682 4168 Israel
2724 4114 2904 4170 salvus
2935 4115 3108 4171 ﬁeret.
3143 4136 3162 4168 ‹
3191 4115 3502 4175 Dominatio
3542 4129 3636 4175 tua
3683 4123 3738 4176 in

2129 4206 2276 4261 omni
2303 4206 2650 4274 generatione
2668 4214 2723 4260 et
2749 4208 3099 4277 generatione
3136 4209 3206 4274 '°,
3239 4229 3257 4260 ι
3291 4211 3512 4266 mortali
3543 4222 3596 4266 et
3627 4213 3734 4265 im-

2130 4296 2365 4352 mortali.
2401 4316 2419 4348 ‹
2453 4295 2741 4352 Generatio
2765 4292 3038 4353 rectorum
3060 4301 3412 4356 benedicetur
3433 4302 3502 4368 ”,
3536 4325 3551 4350 ι
3587 4305 3735 4373 quod

2131 4386 2434 4442 imitatores
2461 4402 2649 4442 eorum
2669 4387 2756 4443 vel
2777 4403 2944 4458 opera
2965 4394 3479 4449 remunerabuntur.

2203 4473 2340 4531 Gens
2379 4486 2462 4531 est
2489 4477 2782 4532 humanum
2823 4493 3011 4547 genus,
3037 4489 3097 4534 ut
3127 4481 3177 4534 in
3212 4480 3346 4536 Isaia
3374 4501 3388 4536 :
3424 4502 3442 4528 σ
3473 4484 3732 4555 Μιιῐιὶριὶο

2131 4569 2265 4624 casti
2292 4576 2528 4639 gentem,
2559 4578 2614 4624 et
2641 4586 2748 4624 non
2775 4572 3130 4641 magniﬁcasti
3158 4573 3398 4629 latitiam
3432 4576 3500 4642 '°,
3533 4598 3552 4630 ι
3584 4579 3731 4646 quod

2130 4660 2302 4716 crevit
2329 4662 2546 4730 quidem
2583 4673 2706 4717 ante
2745 4663 3032 4719 adventum
3077 4665 3275 4722 Christi
3322 4683 3494 4739 genus
3537 4672 3731 4725 buma-

2132 4765 2282 4816 num,
2329 4751 2423 4806 sed
2468 4752 2746 4808 descendit
2791 4753 2843 4806 in
2890 4754 3178 4809 infernum.
3226 4753 3387 4822 Gens,
3431 4758 3588 4827 plebs
3637 4761 3732 4816 Ju-

2133 4843 2307 4908 daica,
2350 4852 2412 4897 ut
2452 4843 2505 4898 in
2553 4845 2766 4899 cantico
2807 4846 3247 4903 Deuteronomii:
3282 4868 3302 4901 ι
3330 4850 3477 4906 Gens
3521 4854 3729 4924 absque

2133 4941 2359 4998 consilio
2385 4951 2440 4997 et
2465 4943 2582 4998 sine
2611 4944 2896 5014 prudentia
2933 4945 2998 5010 “,
3028 4965 3047 4997 ι
3090 4948 3234 5015 quod
3275 4945 3445 5003 Judai
3486 4950 3610 5004 sine
3649 4955 3728 5005 di-

2131 5033 2402 5088 scretione
2434 5033 2561 5088 boni
2591 5041 2646 5088 et
2671 5035 2799 5089 mali
2825 5044 2970 5102 sunt,
3008 5045 3065 5091 et
3104 5038 3222 5092 sine
3258 5041 3551 5108 prudentia
3586 5042 3728 5095 futu—

2130 5139 2332 5187 rorum,
2363 5125 2506 5192 quod
2540 5125 2593 5177 in
2623 5124 2730 5179 ﬁne
2764 5127 2887 5181 vita
2909 5128 3214 5184 consultum
3242 5146 3351 5186 non
3377 5131 3562 5188 habet.
3584 5113 3726 5188 Ῥεῖ

444 5216 662 5278 rubent,
683 5227 791 5282 quo
811 5214 997 5272 durius
1017 5215 1072 5268 in
1094 5214 1340 5284 passione
1365 5211 1736 5278 conferuntur,
1767 5229 1830 5268 eo
1857 5211 2028 5280 majo-
2126 5223 2299 5282 gentes
2320 5213 2564 5282 gentiles,
2591 5221 2652 5266 ut
2679 5213 2730 5268 in
2756 5213 2987 5271 Psalmis
3014 5237 3025 5271 :
3061 5237 3080 5268 ι
3106 5217 3309 5274 Omnes
3337 5211 3550 5290 gentes,
3573 5224 3723 5291 plau-

445 5322 559 5361 rcm
586 5321 767 5362 coram
793 5307 905 5362 Deo
931 5306 1250 5361 suavitatem
1288 5304 1560 5358 emittunt.
1611 5299 1788 5369 Gena',
1829 5304 2024 5359 summi

2129 5304 2238 5358 dite
2284 5304 2533 5358 manibus
2575 5302 2644 5368 “,
2676 5324 2694 5355 ι
2745 5305 2798 5361 id
2841 5317 2950 5372 est,
3005 5324 3194 5365 omnes
3245 5311 3471 5382 gentiles
3514 5315 3718 5382 populi,

519 5424 536 5452 ¹
560 5422 758 5476 Ezech.
783 5438 874 5484 χι..
903 5422 957 5476 6.
997 5422 1017 5451 ¹
1045 5421 1192 5474 Deut.
1227 5434 1396 5481 χχχιι,
1421 5417 1478 5489 2._
1516 5416 1714 5489 fJoan.
1747 5435 1842 5482 χιι,
1872 5418 1962 5473 24.
1995 5417 2018 5489 'f

2135 5419 2234 5472 tth.
2271 5435 2387 5476 χιιι.
2423 5419 2509 5471 11.
2552 5415 2774 5489 '71_Cor.
2799 5435 2888 5485 xv,
2919 5420 3007 5475 37.
3047 5422 3067 5452 ⁸
3091 5421 3232 5476 Psal.
3269 5440 3403 5489 xm,
3440 5425 3524 5477 15.
3552 5425 3716 5481 τιυι).

449 5509 676 5554 χχχνιιι,
710 5493 799 5546 22.
843 5493 864 5522 ⁸
913 5491 1054 5546 Psal.
1096 5505 1297 5562 Lx_xv_u,
1332 5489 1422 5544 48.
1465 5487 1485 5518 ⁹
1521 5488 1660 5562 Ibid.
1683 5505 1742 5562 v.
1775 5489 1886 5562 ξΟ..
1920 5489 1963 5562 ξθ
2001 5488 2027 5542 Ε

2135 5490 2170 5542 1.
2218 5505 2293 5550 ιχ,
2325 5490 2414 5562 22,
2451 5489 2551 5562 ξιτ),
2578 5487 2670 5544 24.
2712 5489 2952 5562 ‘LMarc.
2988 5509 3083 5556 χιι,
3111 5493 3198 5546 «il.
3242 5494 3284 5523 "
3333 5487 3532 5548 Bacch.
3571 5513 3715 5562 χιιιο,

449 5563 532 5617 19.
576 5562 852 5624 "Ezech.
886 5578 974 5627 χι,
1005 5562 1088 5614 1³1.
1135 5559 1177 5590 ¹⁸
1212 5560 1330 5614 Job.
1367 5575 1593 5627 χχχνιιι,
1637 5560 1726 5615 29.
1772 5560 1815 5590 ”
1855 5559 1974 5614 Job.
2004 5575 2027 5612 χ

2135 5575 2211 5620 ru,
2248 5562 2332 5614 10.
2375 5561 2418 5590 ’⁸
2439 5559 2596 5614 Cant.
2637 5575 2687 5620 ν,
2725 5559 2808 5613 13.
2849 5561 2888 5591 ’⁷
2921 5560 3074 5615 Cant.
3109 5581 3145 5625 ι,
3179 5564 3262 5616 10.
3309 5565 3351 5594 ’⁸
3371 5563 3529 5619 Cant.
3557 5581 3628 5627 ιν,
3657 5559 3714 5618 3.

450 5632 492 5663 ¹⁹
523 5633 654 5686 lbid.
694 5633 737 5662 ’θ
764 5631 921 5687 Cant.
954 5649 1007 5692 ν,
1039 5632 1121 5684 15.
1165 5631 1206 5661 ¹¹
1240 5629 1378 5684 Psal.
1421 5645 1576 5692 χχιιι,
1608 5629 1658 5699 6.
1703 5631 1747 5661 "
1794 5630 1980 5684 Matth.
2023 5645 2027 5680 :

2158 5632 2246 5694 59,
2288 5641 2340 5684 et
2378 5646 2485 5696 χιί,
2533 5630 2584 5682 4.
2627 5631 2671 5659 ³³
2709 5629 2850 5699 Psal.
2882 5647 2990 5694 εχι,
3026 5633 3091 5699 2;
3129 5635 3172 5664 “
3212 5633 3355 5688 Psal.
3401 5651 3618 5698 Lxxvn,
3653 5638 3711 5691 8.

448 5701 499 5771 ξ’
520 5701 660 5771 Psal.
689 5717 868 5764 cxuv,
898 5703 952 5754 ι.
984 5702 1027 5730 ’⁸
1058 5700 1463 5771 Psal.71.xxxuv,
1493 5701 1542 5753 6.
1583 5694 1625 5732 ’τ
1669 5700 1807 5754 Psal.
1843 5716 2027 5764 χχχιιι,

2135 5702 2169 5753 l.
2212 5703 2255 5732 ³⁸*
2285 5701 2424 5756 l’sal.
2461 5694 2639 5762 (ἒχων,
2690 5694 2772 5755 13.
2818 5700 2861 5731 ²⁹
2893 5701 3034 5758 Psal.
3075 5694 3183 5770 im,
3239 5704 3292 5758 2.
3337 5705 3381 5735 ³⁸
3418 5703 3520 5760 lsa.
3553 5694 3706 5771 13,3.

452 5770 496 5802 ³¹
527 5769 680 5822 Deut.
712 5786 884 5832 χχχιι,
914 5772 1003 5823 28.
1041 5771 1084 5800 ³¹
1113 5770 1250 5824 Psal.
1285 5787 1427 5834 XLVI,
1456 5771 1509 5822 2.
