3972 6336
260 394 369 450 945

1211 392 1625 448 ΑΙιΙιΕϐΟΒΙᾸΞ
1666 393 1734 447 IN
1775 393 2050 449 SACRAM
2093 396 2558 450 SCRIPTURAM.

3413 395 3517 452 946

259 504 430 558 Deum
456 503 717 555 honorate
741 501 795 554 in
818 502 1072 570 operibus
1103 504 1312 557 vestris.
1367 504 1468 558 Per
1508 514 1679 574 gentes
1714 520 1842 574 gen-
1867 511 1922 568 Α
1945 505 2173 560 Psalmis
2199 529 2209 560 ;
2241 526 2258 556 ι
2285 507 2518 561 Gressus
2547 522 2695 562 meos
2725 507 2895 578 dirige
2926 506 3218 560 secundum
3246 505 3520 571 eloquium

259 594 429 650 tiliter
446 593 709 660 viventes,
737 601 796 647 ut
824 593 879 647 in
906 593 1075 650 Paulo
1099 613 1112 648 :
1143 615 1161 646 ι
1193 595 1379 664 Scitis,
1401 597 1542 666 quod
1567 613 1688 652 cum
1718 614 1844 670 gen-

260 698 345 743 tes
373 686 566 742 essetis
599 687 638 753 ⁸,
688 705 706 738 )
736 685 790 741 id
813 695 918 754 est,
949 703 1074 743 cum
1102 689 1374 759 gentiliter
1400 691 1668 746 viveretis.
1711 693 1842 748 Item

258 779 318 833 in
346 777 671 849 Apocalypsi
697 795 710 831 :
749 797 767 830 ι
789 777 858 832 Ει
893 781 960 833 de
988 780 1028 849 1-
1052 779 1134 836 ira
1161 779 1537 836 fornicationis
1559 781 1676 852 ejus
1696 783 1844 839 bibe-

258 877 392 923 runt
436 883 626 924 omnes
668 877 856 944 gentes
906 869 950 934 ²,
981 888 1000 921 ι
1060 871 1203 939 quod
1240 871 1306 925 de
1341 872 1577 926 vindicta
1612 873 1846 929 immun-

259 959 408 1013 ditize
451 958 737 1030 Babylonis
765 959 1066 1030 participati
1097 970 1221 1014 sunt
1251 975 1437 1018 omnes
1465 963 1739 1033 gentiliter
1766 964 1846 1018 vi-

259 1060 471 1116 ventes,
496 1059 552 1104 ει
575 1050 703 1104 alibi
735 1068 748 1104 :
785 1070 804 1102 ‹
830 1051 1095 1117 Alterum,
1127 1053 1272 1121 quod
1307 1051 1439 1108 foris
1459 1064 1562 1120 est,
1595 1055 1731 1126 ejice
1765 1054 1845 1109 fo-

261 1160 374 1208 ras,
409 1163 426 1193 ι
458 1143 498 1214 τι·
527 1143 749 1199 ostende
777 1143 1020 1198 infideles
1047 1145 1616 1213 excommunicandos,
1649 1166 1667 1198 ι
1692 1156 1748 1202 ει
1776 1163 1844 1203 ne

259 1233 580 1298 metiaris,»
638 1233 692 1288 id
742 1245 865 1299 est,
908 1233 1075 1288 nolite
1125 1243 1370 1288 sanctum
1419 1236 1548 1289 dare
1595 1237 1843 1301 canibus,

266 1347 285 1376 ι
309 1326 561 1394 quoniam
598 1325 782 1380 datum
827 1337 910 1381 est
950 1327 1218 1397 gentibus,
1260 1336 1314 1381 et
1364 1326 1616 1383 fornicati
1665 1337 1790 1384 sunt
1819 1349 1838 1382 ι

260 1414 540 1484 gentiliter
568 1415 816 1470 vivendo.
866 1415 972 1470 Per
998 1426 1174 1487 gentes
1208 1417 1340 1471 vitia
1366 1435 1378 1470 :
1412 1435 1429 1468 ‹
1452 1418 1624 1488 Ejecit
1646 1435 1677 1472 a
1706 1420 1846 1475 facie

259 1520 450 1559 eorum
495 1515 684 1576 gentes
719 1495 774 1572 ’ξ
820 1525 840 1558 ι
898 1506 954 1560 id
1000 1514 1103 1571 est,
1151 1523 1183 1561 a
1235 1507 1488 1562 cordibus
1531 1517 1842 1564 sanctorum

258 1612 482 1651 suorum
531 1606 738 1667 septem
788 1597 1035 1669 capitalia
1087 1598 1217 1652 vitia
1270 1597 1430 1668 ejecit
1472 1615 1485 1652 :
1533 1619 1552 1650 ι
1593 1609 1651 1654 ει
1700 1609 1845 1656 sorte

258 1687 445 1742 divisit
490 1688 571 1744 eis
612 1697 832 1754 terram,
867 1709 886 1740 ι
941 1689 1084 1758 quod
1127 1688 1415 1759 unicuique
1464 1705 1561 1758 per
1615 1691 1846 1760 gratiam

257 1795 412 1834 suam
449 1795 696 1849 supernae
735 1780 924 1850 patriae
962 1781 1281 1852 participem
1322 1795 1441 1836 esse
1472 1780 1709 1845 donavit,
1745 1800 1764 1832 ι
1787 1781 1845 1835 in

1948 607 2095 652 tuum
2125 598 2188 662 “‘,
2219 617 2238 649 )
2270 597 2325 652 id
2349 608 2460 662 est,
2495 600 2686 653 merita
2719 600 2856 652 bona
2891 595 3122 650 informa
3153 588 3205 648 in
3233 608 3341 659 me,
3367 593 3522 663 juxta

1945 689 2000 742 id
2045 688 2201 757 quod
2235 703 2391 742 sacra
2439 686 2720 757 Scriptura
2757 687 2930 741 docet.
2969 684 3212 744 Gressus,
3249 682 3524 752 profectus

1945 777 2273 848 spirituales,
2299 786 2355 830 ut
2381 777 2436 830 in
2457 775 2680 832 Cantico
2704 793 2718 830 :
2749 796 2765 826 ι
2795 775 2968 843 Quam
2991 772 3201 844 pulchri
3228 782 3356 827 sunt
3374 788 3526 843 gres-

1945 885 2038 926 sus
2065 869 2140 924 tui
2165 869 2218 922 in
2247 869 2630 923 calceamentis
2652 867 2715 933 ’⁸,
2748 887 2766 918 ›
2792 864 2933 936 quod
2959 863 3114 918 valde
3143 862 3372 932 speciosi
3399 872 3526 918 sunt

1943 959 2198 1016 Ecclesiae
2227 957 2500 1028 profectus
2522 957 2578 1012 in
2605 956 2883 1027 exemplis.

2015 1050 2212 1107 Gibbus
2241 1059 2325 1106 est
2355 1049 2583 1121 quilibet
2609 1050 2837 1120 cupidus
2857 1088 2872 1114 ,
2905 1056 2963 1103 ut
2993 1048 3050 1102 in
3080 1046 3323 1101 Levitico
3357 1060 3370 1099 :
3410 1064 3427 1094 ι
3467 1043 3526 1099 Si

1944 1144 2136 1216 gibbus
2168 1142 2366 1208 fuerit,
2402 1157 2509 1197 non
2542 1139 2733 1196 offerat
2765 1155 2932 1210 panes
2969 1139 3196 1194 Domino
3228 1138 3294 1203 ",
3331 1157 3349 1190 )
3383 1136 3528 1206 quod

1945 1237 2037 1306 qui
2077 1235 2358 1305 cupiditati
2393 1231 2663 1303 subiacet,
2715 1232 2824 1288 Deo
2871 1230 3150 1304 spirituale
3199 1227 3526 1286 sacrificium

1944 1346 2053 1387 non
2075 1331 2217 1385 valet
2238 1330 2454 1386 offerre.

2018 1421 2176 1494 Gigas
2209 1432 2293 1479 est
2316 1423 2586 1490 Christus,
2614 1431 2674 1477 ut
2703 1423 2756 1476 in
2783 1421 3014 1476 Psalmis
3041 1439 3054 1475 :
3090 1438 3108 1471 ι
3136 1417 3442 1474 Exsultavit
3467 1426 3528 1471 ut

1946 1515 2097 1586 gigas
2134 1515 2202 1569 ad
2237 1516 2560 1569 currendam
2590 1515 2732 1570 viam
2764 1513 2830 1578 ‘3,
2867 1533 2887 1565 ›
2919 1512 3065 1582 quod
3091 1509 3338 1567 Christus
3363 1508 3524 1563 hilari

1947 1607 2180 1678 quadam
2211 1605 2530 1661 fortitudine
2555 1613 2610 1659 et
2638 1603 2766 1660 forti
2802 1603 3075 1659 hilaritate
3110 1601 3236 1655 vita:
3268 1598 3528 1669 praesenti

1947 1713 2166 1754 cursum
2194 1698 2424 1770 peragit.
2458 1693 2643 1766 Gigas,
2673 1696 2900 1766 quilibet
2929 1703 3174 1758 sanctus,
3207 1700 3269 1747 ιιι
3296 1693 3349 1747 in
3375 1690 3527 1746 Psal-

1945 1792 2050 1846 mis
2080 1810 2092 1844 :
2131 1811 2149 1842 ‹
2184 1791 2301 1846 Νοιι
2338 1790 2631 1846 salvabitur
2663 1790 2813 1861 gigas
2848 1790 2902 1843 in
2939 1787 3281 1842 multitudine
3313 1784 3529 1839 virtutis

257 1872 498 1927 funiculo
517 1874 930 1942 distributionis,
961 1895 980 1927 ι
1017 1876 1120 1931 hoc
1152 1883 1256 1942 est,
1289 1875 1345 1930 in
1371 1890 1625 1931 mensura
1653 1877 1846 1933 divina:
1872 1878 1921 1939 B
1948 1897 2058 1938 suae
2089 1881 2150 1946 ι’,
2187 1901 2205 1934 ι
2233 1883 2376 1953 quod
2404 1898 2507 1938 nec
2534 1890 2756 1937 sanctus
2783 1881 2995 1935 animus
3027 1881 3082 1934 in
3113 1877 3398 1934 sanctitate
3429 1891 3526 1931 sua

255 1963 584 2031 donationis,
622 1983 640 2017 ι
668 1974 723 2020 ει
747 1966 993 2022 habitare
1021 1965 1148 2022 fecit
1165 1967 1220 2021 in
1241 1965 1606 2022 tabernaculis
1627 1982 1833 2033 eorum,

257 2057 432 2112 tribus
456 2057 619 2114 Israel
649 2075 663 2112 :
697 2078 717 2111 )
743 2068 805 2113 ιιι
826 2057 916 2113 ubi
938 2057 1068 2113 vitia
1102 2066 1481 2130 regnaverant,
1511 2057 1587 2114 ibi
1614 2059 1842 2116 virtutes

255 2149 453 2203 divina:
495 2159 743 2222 regnent.

327 2238 504 2295 Glelue
545 2251 671 2297 sunt
715 2241 819 2297 viri
868 2244 1077 2309 sancti,
1131 2252 1192 2298 ιιι
1235 2244 1290 2298 in
1331 2242 1469 2299 Job:
1507 2263 1524 2295 ι
1552 2244 1621 2299 Ει
1669 2244 1843 2316 glebae

259 2328 424 2396 illius,
452 2345 645 2386 aurum
682 2331 722 2396 ‘,
769 2351 790 2386 ι
833 2332 976 2402 quod
1005 2333 1179 2388 sancti
1207 2334 1298 2403 qui
1332 2335 1386 2388 in
1424 2334 1661 2390 Ecclesia
1691 2346 1838 2400 sunt,

257 2437 404 2477 verae
439 2423 717 2493 sapientiae
757 2426 991 2481 candore
1029 2425 1220 2480 nitent.
1267 2421 1463 2492 Glebw,
1503 2427 1636 2482 dura
1675 2428 1840 2482 corda

257 2512 576 2579 infidelium,
617 2522 673 2568 ut
715 2514 770 2570 in
803 2514 905 2570 101)
936 2533 949 2569 :
988 2533 1006 2566 ι
1033 2515 1140 2569 Aut
1172 2515 1474 2586 confringet
1507 2517 1690 2586 glebas
1731 2516 1843 2570 val-

257 2603 391 2657 lium
423 2603 465 2668 ⁸,
515 2621 534 2655 ι
567 2605 711 2674 quod
735 2603 901 2660 solius
933 2604 1028 2660 Dei
1063 2614 1167 2670 est,
1194 2621 1381 2660 eorum
1409 2607 1597 2672 corda,
1624 2608 1717 2677 qui
1743 2623 1844 2676 per

258 2695 630 2751 iriidelitatem
675 2695 852 2752 adhuc
887 2697 941 2751 in
982 2697 1126 2751 invio
1167 2705 1310 2762 sunt,
1347 2699 1414 2750 ab
1454 2683 1844 2754 incredulitatis

263 2787 463 2842 duritia
489 2787 759 2858 frangere.

333 2878 476 2935 Grex
507 2887 593 2936 est
629 2889 926 2936 conventus
961 2881 1260 2937 electorum
1295 2891 1639 2950 sanctorum,
1686 2892 1748 2938 ut
1784 2884 1841 2938 in

259 2971 552 3043 Evangelio
576 2987 590 3026 :
621 2993 640 3024 ι
667 2972 852 3037 Nolite
872 2975 1084 3041 timere,
1116 2975 1343 3045 pusillus
1371 2991 1532 3047 grex,
1559 2976 1579 3006 ⁶
1608 2996 1628 3029 ι
1655 2976 1710 3032 id
1735 2986 1841 3042 est,

257 3069 291 3101 ⁸
318 3067 600 3123 consolare
629 3069 857 3139 populus
885 3086 1038 3126 meus
1056 3112 1072 3138 ,
1107 3072 1200 3142 qui
1231 3087 1456 3128 numero
1479 3112 1494 3128 .
1523 3113 1536 3128 .
1568 3113 1582 3127 .
1611 3113 1624 3126 .
1660 3090 1844 3146 repro—

258 3160 452 3214 borum
486 3175 684 3230 parvus
717 3177 796 3217 es.
835 3160 974 3217 Grex
996 3205 1010 3229 ,
1049 3173 1224 3219 cretus
1259 3165 1622 3235 perfecturum
1645 3207 1660 3233 ,
1691 3175 1754 3221 ut
1787 3167 1841 3222 in

1939 1973 2058 2028 sine
2095 1974 2192 2029 Dei
2223 1973 2426 2029 auxilio
2457 1973 2653 2030 salvari
2686 1981 2882 2045 potest.
2920 1969 3080 2044 Gigas
3103 2013 3116 2038 ,
3158 1971 3436 2036 diabolus,
3467 1975 3530 2022 ut

1940 2067 1996 2121 in
2019 2063 2121 2121 101)
2149 2083 2162 2119 :
2199 2083 2217 2117 ι
2250 2065 2414 2121 lrruit
2439 2067 2497 2121 in
2523 2081 2611 2121 me
2637 2066 2793 2136 quasi
2818 2066 2966 2135 gigas
2993 2064 3060 2131 '°,
3094 2084 3115 2118 ι
3147 2063 3391 2118 diabolus
3441 2077 3530 2116 su-

1939 2157 2105 2226 perbe
2139 2171 2198 2210 se
2231 2157 2407 2211 erexit
2439 2165 2630 2212 contra
2658 2172 2766 2212 me.
2800 2153 2993 2227 Gigas,
3022 2154 3306 2210 criminale
3334 2167 3527 2225 pecca-

1943 2255 2088 2313 tum,
2119 2255 2179 2301 ut
2205 2247 2262 2300 in
2293 2247 2432 2302 libro
2462 2246 2884 2302 Ecclesiastico:
2919 2265 2938 2298 ι
2967 2245 3220 2315 Nunquid
3247 2261 3358 2300 non
3383 2245 3527 2301 occi-

1939 2335 2018 2390 dit
2038 2337 2405 2407 gigantem“?
2431 2355 2450 2389 ι
2477 2337 2621 2407 quod
2645 2337 2926 2392 criminale
2950 2346 3234 2406 peccatum
3258 2337 3313 2391 in
3338 2351 3397 2392 se
3422 2336 3530 2392 elc-

1943 2438 2061 2484 ctus
2089 2427 2317 2498 quilibet
2346 2429 2615 2499 perimere
2644 2429 2843 2484 studet.
2876 2429 2983 2484 Per
3012 2429 3247 2499 gigantes
3285 2429 3526 2498 praelati,

1942 2526 2001 2571 ut
2039 2518 2094 2572 in
2129 2515 2272 2572 Job:
2309 2536 2326 2569 ι
2359 2517 2498 2572 Ecce
2536 2518 2782 2589 gigantes
2819 2527 3043 2588 gemunt
3075 2517 3174 2572 sub
3213 2519 3368 2588 aquis
3398 2520 3466 2584 ”,
3507 2538 3525 2568 )

1943 2614 2089 2684 quod
2123 2613 2334 2682 praelati
2370 2629 2476 2667 non
2510 2614 2628 2668 sine
2661 2613 2845 2668 dolore
2883 2621 3110 2682 possunt
3147 2627 3266 2668 esse
3315 2612 3532 2668 solliciti

1945 2704 2010 2758 dc
2047 2701 2326 2770 subjectis.
2361 2702 2467 2756 Per
2501 2704 2736 2773 gigantes
2773 2704 2994 2773 superbi
3043 2705 3324 2770 homines,
3371 2712 3432 2757 ut
3477 2703 3531 2757 in

1943 2792 2140 2849 Genesi
2167 2811 2179 2846 :
2214 2811 2232 2844 ι
2263 2793 2523 2864 Gigantes
2544 2795 2560 2813 ⁶
2587 2802 2814 2862 regnant
2833 2809 2996 2863 super
3017 2802 3220 2848 terram
3239 2794 3311 2858 ’³,
3340 2813 3358 2845 ›
3388 2793 3530 2864 quod

1944 2885 2192 2940 homines
2217 2884 2432 2954 reprobi
2458 2893 2690 2954 regnant
2713 2885 2770 2938 in
2793 2885 3046 2953 praesenti
3067 2885 3197 2938 vita.
3223 2884 3328 2939 Per
3351 2885 3533 2954 gigan-

1946 2989 2020 3032 tes
2054 2978 2329 3048 principes
2364 2986 2524 3032 terrar
2549 3017 2562 3043 ,
2602 2985 2664 3032 ut
2695 2978 2752 3032 in
2781 2975 2920 3032 Isaia
2949 2994 2962 3029 :
2999 2977 3012 2996 '
3045 2995 3064 3027 ι
3102 2975 3400 3032 Suscitabit
3435 2974 3531 3030 tibi

1947 3072 2195 3143 gigantes
2218 3070 2286 3137 “,
2326 3090 2344 3120 )
2375 3070 2428 3125 id
2457 3076 2540 3126 est
2561 3110 2575 3136 ,
2605 3071 2780 3142 eriget
2808 3071 2862 3126 in
2894 3071 3096 3126 mundo
3130 3070 3404 3141 principes
3435 3085 3529 3124 su-

1945 3163 2157 3219 blimes.
2188 3162 2292 3220 Per
2314 3164 2574 3233 gigantes,
2603 3161 2973 3233 desperantes,
3002 3170 3060 3216 ut
3085 3163 3143 3216 in
3173 3160 3310 3216 Isaia
3341 3177 3354 3215 :
3393 3180 3410 3212 ι
3438 3159 3532 3216 Gi—

257 3252 483 3310 Cantico
509 3274 520 3309 :
554 3275 571 3307 ι
601 3256 798 3312 Dentes
821 3257 898 3313 tui
927 3259 1065 3314 sicut
1089 3261 1106 3278 '
1127 3269 1557 3330 grextonsarum
1581 3259 1626 3325 ⁷,
1658 3277 1676 3309 ι
1695 3258 1839 3329 quod
1869 3234 1916 3297 (ἶ
1946 3267 2134 3330 gantes
2170 3272 2278 3311 non
2313 3263 2598 3326 resurgant
2627 3251 2699 3321 ’⁸,
2731 3272 2748 3305 )
2776 3253 2918 3323 quod
2954 3253 3045 3323 qui
3093 3253 3413 3323 desperant,
3463 3252 3530 3306 de

257 3345 467 3415 praelati
483 3345 738 3403 Ecclesia:
757 3349 1001 3419 exempla
1025 3358 1334 3406 sanctorum
1357 3351 1656 3405 imitantur.
1673 3347 1836 3416 Grex,

257 3439 394 3494 ordo
421 3439 830 3508 pmnitentium,
853 3451 914 3496 ut
940 3444 994 3496 in
1021 3441 1242 3498 Cantico
1267 3461 1280 3496 :
1316 3463 1334 3494 ι
1370 3442 1558 3514 Capilli
1589 3443 1668 3498 tui
1699 3443 1840 3498 sicut

256 3543 450 3598 greges
487 3543 773 3598 caprarum
801 3530 825 3562 ⁸
848 3572 862 3597 ,
902 3551 921 3584 )
959 3534 1101 3601 quod
1139 3532 1424 3588 inferiores
1457 3532 1710 3614 Ecclesia;
1744 3548 1840 3602 po-

259 3619 368 3690 puli
389 3660 404 3685 ,
441 3621 532 3689 qui
567 3630 787 3690 peccata
821 3623 1132 3692 paenitendo
1166 3623 1400 3689 deﬂent,
1433 3623 1535 3678 sibi
1574 3626 1628 3677 in
1658 3638 1840 3678 exeru-

255 3711 405 3778 plum
435 3723 762 3781 pmponunt.
799 3712 904 3769 Per
934 3731 1136 3785 gregem
1172 3714 1407 3784 imperiti
1443 3715 1662 3785 populi,
1693 3724 1755 3769 ut
1785 3716 1838 3769 in

255 3801 358 3855 Job
386 3816 401 3853 :
431 3821 450 3853 ι
479 3801 826 3871 Diripuerunt
845 3820 1054 3876 greges,
1081 3813 1135 3858 et
1161 3814 1426 3874 paverunt
1453 3820 1548 3860 eos
1567 3804 1614 3871 °,
1646 3825 1663 3856 )
1693 3807 1838 3875 quod

257 3893 500 3948 haeretici
534 3894 759 3964 populos
793 3895 1076 3966 imperitos
1116 3897 1362 3966 rapiunt,
1395 3905 1449 3951 et
1481 3911 1577 3951 eos
1609 3912 1706 3951 sua
1742 3902 1840 3952 nc!-

257 3983 419 4040 fanda
445 3987 688 4042 doctrina
721 3988 1079 4060 strangulant.
1107 3987 1212 4043 Per
1237 4004 1443 4059 gregem
1468 3985 1841 4042 conventicula

256 4077 610 4145 reprohorum
631 4120 644 4144 ,
675 4088 733 4133 ut
763 4079 816 4133 in
844 4077 1070 4135 Cantico
1094 4097 1107 4134 :
1145 4098 1163 4129 ι
1192 4079 1290 4133 Abi
1320 4075 1442 4149 post
1465 4077 1692 4148 vestigia
1722 4092 1843 4149 gre-

255 4185 385 4237 gum
413 4178 627 4224 tuorum
654 4171 720 4238 ²⁶,
750 4191 768 4224 ι
800 4172 971 4238 idest,
999 4186 1295 4241 exsequere
1317 4169 1564 4242 exempla
1588 4169 1843 4239 reprobo-

253 4276 381 4315 rum
408 4271 788 4318 conventuum.
812 4263 918 4321 Per
945 4280 1146 4335 gregem
1177 4262 1395 4318 ordines
1429 4271 1764 4326 sanctorum,
1785 4269 1844 4316 ut

257 4353 310 4406 in
337 4352 567 4408 Psalmis
591 4368 604 4407 :
635 4372 654 4405 ι
681 4354 749 4408 Ει
767 4355 989 4410 abstulit
1009 4369 1132 4409 eum
1154 4354 1221 4410 de
1239 4354 1493 4426 gregibus
1515 4353 1698 4410 ovium
1723 4354 1789 4419 ιι,
1817 4374 1836 4406 ι

257 4446 403 4514 quod
431 4445 499 4501 de
519 4447 796 4503 ordinibus
821 4447 1144 4519 simplicium
1165 4449 1307 4504 Deus
1328 4449 1736 4518 praedicatorem
1762 4462 1844 4502 as-

256 4538 444 4592 sumit.

1865 4591 1920 4651 D

1941 3347 2180 3419 pacatis
2209 3361 2306 3418 per
2333 3345 2712 3416 prenitentiam
2738 3360 2849 3400 non
2878 3353 3188 3416 resurgunt.
3215 3343 3324 3398 Per
3351 3343 3531 3414 gigan-

1944 3451 2016 3495 tes
2051 3441 2323 3495 daemones
2353 3441 2372 3458 '
2406 3459 2425 3492 ι
2461 3438 2689 3494 Terram
2721 3439 3018 3510 gigantium
3050 3437 3304 3493 detrahes
3332 3437 3391 3492 in
3422 3437 3534 3491 ruiw

1943 3548 2068 3586 nam
2095 3532 2162 3599 “,
2197 3553 2217 3586 ι
2249 3531 2303 3586 id
2332 3540 2448 3597 est,
2483 3530 2784 3597 infernum,
2811 3531 2905 3600 qui
2931 3538 3016 3585 est
3042 3529 3306 3586 habitatio
3332 3530 3532 3585 damo-

1943 3640 2103 3688 nun),
2135 3623 2402 3679 destrues.
2436 3621 2619 3693 Gigas,
2651 3623 2878 3694 quilibet
2905 3623 3068 3678 homo
3096 3622 3442 3688 fortissimus,
3473 3630 3533 3676 ut

1944 3715 1998 3769 in
2042 3714 2272 3770 Psalmis
2307 3734 2318 3768 :
2353 3733 2370 3764 ι
2408 3711 2576 3784 Gigas
2613 3728 2722 3768 non
2770 3713 3065 3768 salvabitur
3099 3713 3154 3766 in
3188 3711 3534 3767 multitudine

1941 3806 2162 3860 virtutis
2190 3821 2300 3860 sua:
2327 3805 2400 3870 ’⁷,
2431 3825 2450 3858 )
2482 3805 2535 3859 id
2560 3813 2674 3870 est,
2704 3804 2760 3858 in
2789 3803 3075 3858 tolerantia
3102 3803 3414 3872 passionum
3433 3843 3447 3867 ,
3477 3813 3534 3858 et

1943 3896 2317 3952 velocissimus
2358 3897 2414 3951 in
2455 3903 2778 3952 transcensu
2809 3909 2994 3949 rerum
3022 3896 3446 3963 mundanarum,
3477 3906 3535 3951 et

1944 4007 2052 4046 non
2094 3999 2275 4045 tamen
2321 3989 2618 4045 salvabitur
2660 3989 2717 4043 in
2758 3989 3103 4044 multitudine
3141 3990 3358 4044 virtutis
3384 4003 3530 4054 suae,

1945 4083 2062 4137 sine
2092 4081 2295 4136 auxilio
2327 4082 2536 4154 gratiae.

2015 4169 2214 4228 Gomor
2237 4180 2321 4228 est
2350 4173 2524 4229 virtus
2550 4174 2915 4240 discretionis,
2940 4182 3000 4230 ut
3029 4174 3085 4230 in
3116 4174 3342 4231 Exodo:
3375 4191 3394 4224 ι
3426 4171 3533 4230 Go-

1945 4281 2064 4322 mor
2091 4280 2187 4336 per
2217 4264 2428 4336 singula
2457 4267 2637 4337 capita
2667 4266 2736 4334 ",
2775 4287 2795 4319 ›
2829 4267 2975 4337 quod
3004 4267 3203 4339 singuli
3233 4266 3528 4324 electorum

1943 4361 2172 4416 virtutes
2199 4375 2455 4415 exercere
2483 4361 2681 4417 debent
2708 4361 3070 4418 discretionis.

2017 4447 2217 4522 Gurges
2247 4459 2333 4505 est
2359 4451 2378 4470 ⁶
2410 4451 2641 4521 impetus
2669 4453 3097 4522 persecutionis,
3127 4460 3188 4508 ut
3219 4453 3274 4508 in
3319 4452 3532 4507 cantico

1945 4543 2163 4599 Abacuc
2197 4561 2209 4595 :
2246 4563 2263 4594 ι
2292 4541 2502 4613 Gurges
2523 4559 2784 4613 aquarum
2811 4545 3026 4600 transiit
3050 4545 3120 4610 ³³,
3155 4564 3174 4599 )
3208 4545 3261 4600 id
3284 4553 3401 4610 est,
3433 4543 3532 4598 im-

330 4625 552 4686 Gressus
580 4640 706 4687 sunt
734 4632 876 4688 bona
903 4647 1098 4702 opera,
1128 4641 1188 4688 ut
1213 4634 1268 4688 in
1296 4632 1397 4690 101)
1422 4651 1435 4688 :
1469 4653 1487 4686 ι
1517 4633 1598 4688 Tu
1622 4633 1840 4702 quidem
1866 4625 1920 4651 "
1947 4641 2103 4702 pctus
2131 4632 2450 4705 populorum
2478 4635 2920 4706 persequentium
2953 4636 3203 4691 cessavit.

253 4737 479 4793 gressus
501 4737 650 4778 meos
675 4725 1027 4780 dinumerasti
1044 4726 1108 4789 “,
1137 4745 1156 4776 ι
1188 4725 1240 4780 id
1264 4734 1365 4790 est,
1393 4733 1454 4780 ut
1482 4727 1502 4746 '
1527 4739 1841 4780 renumera-

255 4830 349 4870 res
381 4829 545 4886 opera
576 4831 726 4882 mea,
753 4832 817 4872 ea
842 4818 980 4887 apud
1006 4826 1059 4871 te
1083 4825 1365 4872 numerata
1389 4815 1645 4873 habuisti.
1677 4813 1836 4869 Gres-

255 4924 349 4962 sus
370 4948 385 4973 ,
419 4909 660 4964 actiones
697 4910 988 4982 cujuslibet
1021 4910 1208 4980 impii,
1246 4918 1306 4964 ut
1340 4910 1395 4964 in
1424 4907 1525 4964 101)
1553 4923 1568 4962 :
1603 4929 1622 4960 ι
1650 4908 1842 4964 Arcta-

255 4999 465 5053 buntur
495 5015 714 5070 gressus
745 5004 761 5021 ⁶
790 5001 1050 5056 virtutum
1071 5000 1188 5069 ejus
1219 5001 1286 5067 ¹³,
1317 5020 1335 5052 ι
1367 4999 1510 5070 quod
1538 5014 1704 5070 Opera
1741 5000 1842 5054 im-

255 5090 366 5161 pii,
401 5106 521 5160 qua:
547 5093 708 5148 modo
739 5091 965 5149 fortiora
994 5109 1115 5148 esse
1142 5093 1425 5158 videntur,
1458 5093 1837 5149 destituentur.

256 5178 502 5248 Gressus,
527 5184 725 5240 mentis
739 5192 947 5250 motus,
971 5193 1032 5240 ut
1057 5185 1113 5239 in
1139 5182 1270 5240 Job:
1300 5203 1317 5235 ι
1346 5182 1416 5238 Ει
1445 5192 1669 5239 cunctos
1697 5197 1844 5255 gres-

256 5287 353 5326 sus
379 5288 526 5329 meos
543 5274 928 5340 dinumerat“,
950 5295 969 5327 ι
993 5276 1138 5345 quod
1160 5291 1349 5331 omnes
1367 5283 1581 5332 nostros
1602 5276 1845 5330 internos

257 5369 442 5418 motus
475 5364 618 5420 Deus
650 5367 888 5436 agnovit.
922 5365 1176 5432 Gressus,
1214 5367 1408 5422 merita
1439 5376 1659 5432 sancta,
1693 5374 1753 5421 ut
1789 5366 1842 5418 in

2018 4719 2362 4793 Gurgustium
2391 4731 2473 4778 est
2504 4731 2694 4778 sancta
2723 4722 2964 4778 Ecclesia
2983 4764 2999 4790 ,
3033 4731 3092 4779 ut
3118 4723 3174 4778 in
3199 4721 3301 4778 101)
3327 4742 3340 4776 :
3373 4743 3390 4775 ι
3420 4722 3527 4776 Aut

1945 4814 2282 4885 gurgustium
2332 4814 2562 4882 piscium
2613 4813 2790 4883 capite
2825 4811 2970 4868 illius
2997 4812 3096 4866 ὀἳ
3138 4833 3156 4864 ι
3193 4813 3335 4882 quod
3383 4812 3528 4882 ipsos

1946 4919 2186 4960 summos
2233 4904 2435 4976 diaboli
2482 4904 2809 4967 imitatores,
2858 4901 3113 4958 Ecclesia:
3149 4911 3372 4968 sanctae,
3407 4915 3528 4972 qua:

1944 4994 2310 5063 piscatoribus
2339 4993 2628 5049 commissa
2658 5001 2773 5059 est,
2806 4991 2951 5048 Deus
2980 4993 3403 5049 misericorditer
3427 5009 3524 5047 vo-

1947 5085 2120 5141 cando
2144 5085 2162 5104 '
2185 5084 2396 5139 uninnt.

2019 5175 2216 5230 Guttur
2263 5184 2347 5230 est
2390 5174 2636 5229 doctrina
2683 5173 2917 5240 Christi,
2966 5173 3178 5229 dicente
3227 5187 3424 5244 sponsa
3473 5174 3528 5228 in

1947 5268 2173 5324 Cantico
2202 5285 2216 5322 :
2251 5285 2270 5318 ι
2300 5266 2498 5323 Guttur
2529 5266 2671 5322 illius
2698 5266 3076 5322 suavissimum
3107 5267 3174 5332 ³¹,
3210 5286 3228 5319 ι
3261 5267 3404 5336 quod
3434 5267 3529 5321 do-

1951 5362 2125 5418 ctrina
2156 5359 2361 5416 Christi
2396 5367 2451 5414 et
2489 5359 2718 5430 gratiam
2757 5367 2915 5428 parat
2951 5359 3328 5429 adjuvantem,
3365 5365 3420 5412 et
3448 5357 3528 5412 vi-

334 5521 352 5595 _‘
410 5516 433 5573 Ι
481 5517 606 5576 Cor.
650 5537 759 5595 3n,
793 5523 918 5595 2._’
979 5524 1146 5595 Apoc.
1200 5542 1368 5594 xvm,
1429 5527 1484 5583 ὅ.
1533 5527 1554 5558 ³
1619 5525 1762 5581 Psal.
1811 5543 1840 5581 ι.

1953 5541 2033 5590 ιι,
2065 5523 2182 5595 755.
2251 5523 2271 5552 ⁸
2328 5520 2450 5595 Iob.
2473 5537 2696 5595 ‘xxviii
2719 5562 2734 5586 ,
2800 5522 2852 5576 6.
2893 5522 2950 5595 ᾖ
2982 5519 3124 5595 101).-
3160 5535 3326 5595 ιιιχικ
3350 5559 3367 5583 ,
3432 5519 3522 5595 1ῗ).

259 5587 458 5662 {Iino
489 5605 602 5656 xu,
649 5587 750 5647 ‘52.
779 5594 800 5625 "
845 5593 1001 5650 Cant.
1027 5587 1118 5662 iv,
1158 5597 1212 5651 2.
1255 5598 1277 5630 ⁸
1303 5587 1438 5652 Ibid.
1478 5596 1500 5629 ⁰
1531 5596 1650 5653 101).
1698 5613 1841 5658 xxxv,

1975 5587 2028 5628 ³⁰⁷
2046 5594 2205 5650 Cant.
2237 5610 2290 5655 ι,
2322 5594 2374 5649 8.
2400 5592 2443 5623 ¹⁸
2473 5591 2616 5648 Psal.
2647 5608 2858 5659 Lxxvn,
2891 5591 2979 5647 70.
3025 5592 3066 5662 ’τ
3098 5590 3217 5662 Job,
3251 5605 3399 5654 XXIV.
3433 5590 3522 5644 16·

263 5660 309 5734 ἒξ
339 5657 462 5734 101)ἷ
493 5677 648 5728 xvui,
679 5663 731 5717 7.
775 5665 818 5696 “
849 5663 967 5734 Job.
1002 5657 1164 5734 xxxv,
1193 5669 1247 5725 4.
1312 5669 1357 5700 ⁸⁵
1383 5667 1527 5724 Psal.
1557 5683 1755 5734 cxvnl,
1789 5657 1841 5723 12

1974 5667 2019 5698 ¹⁶
2046 5665 2202 5720 Cant.
2233 5680 2339 5730 vn,
2370 5665 2421 5718 1.
2484 5663 2525 5694 ¹⁷
2555 5663 2686 5734 Lev.
2717 5657 2959 5728 “1,20.
2992 5661 3069 5734 7“
3097 5661 3238 5716 Psal.
3267 5676 3440 5734 xviri,
3469 5661 3522 5715 6.

263 5731 310 5763 ¹⁹
340 5731 823 5806 ΡειιΙ-ηχξιςιμ16.
867 5736 912 5767 ¹⁰
938 5733 1058 5792 101).
1089 5731 1177 5792 xvi
1199 5782 1214 5806 ,
1262 5740 1352 5794 M.
1392 5739 1440 5770 “
1477 5739 1646 5796 Eccli.
1674 5731 1841 5804 xrvu.

1977 5738 2023 5768 ²²
2050 5735 2169 5792 101).
2199 5751 2355 5802 xxvi,
2385 5736 2440 5790 5.
2477 5733 2522 5764 ”
2548 5733 2680 5806 Gen.
2711 5748 2764 5806 vi
2783 5774 2798 5798 ,
2825 5734 2878 5788 4.
2919 5734 2968 5764 ’δ
2985 5733 3091 5806 Isa.
3112 5748 3230 5806 inv,
3256 5732 3309 5787 9.
3351 5732 3398 5762 "
3419 5731 3520 5806 lsa.

261 5817 428 5870 xxvr,
453 5801 540 5860 14.
581 5803 627 5836 ³⁸
647 5803 779 5861 Ibid.
805 5821 858 5861 v.
882 5806 968 5864 I9.
1009 5810 1050 5842 ’⁷
1074 5801 1216 5867 Psal.
1251 5826 1437 5877 χχχιι,
1462 5811 1551 5867 16.
1590 5812 1638 5844 ’⁸
1659 5801 1841 5867 Exod.

1965 5849 1979 5875 ,
2006 5807 2091 5865 16.
2129 5808 2174 5838 ¹⁹
2205 5801 2347 5864 Hab.
2373 5822 2432 5864 ιιι
2453 5847 2468 5875 ,
2502 5806 2587 5862 10.
2641 5804 2685 5836 ³⁰
2716 5803 2836 5860 101).
2858 5801 3066 5874 ιιι,26.
3110 5801 3152 5834 ³⁸
3176 5801 3332 5858 Cant.
3355 5819 3409 5868 v,
3439 5803 3520 5864 l6,
