3972 6336
221 345 326 406 989

1184 331 1604 394 Αιωιϐοιιιλε.
1637 329 1708 388 ΙΝ
1747 329 2027 388 SACRAM
2067 326 2530 388 SCRIPTURAM.

3383 336 3492 395 950

222 451 555 514 tribulatioui
584 449 945 508 mutationum
973 448 1179 509 inimici
1207 449 1595 520 subjawntem.
1632 447 1799 504 Habi-
1825 448 1877 509 A
1900 463 1998 520 per
2023 463 2145 516 eos,
2175 449 2318 505 sicut
2341 449 2650 519 pulverem,
2695 461 2890 505 carnes
2917 450 2962 518 ⁶,
2993 468 3014 504 ι
3040 451 3146 508 hoc
3172 461 3284 520 est,
3320 454 3489 510 abun-

221 545 492 613 tmlunt,
523 558 760 615 superna
783 540 1114 609 Jerusalem,
1138 544 1294 614 juxta
1321 543 1490 600 illud:
1519 543 1559 615 1-
1589 561 1608 596 ‹
1643 542 1806 597 Erra-

218 645 421 696 verunt
446 636 502 693 in
529 633 822 692 solitudine
845 634 902 692 in
929 633 1192 704 inequoso
1215 635 1256 698 ¹.
1282 653 1300 690 ι
1338 633 1484 705 quod
1503 640 1661 688 erant
1689 633 1807 688 sine

217 730 335 790 Deo
361 740 419 788 et
441 731 559 789 sine
581 731 766 788 divino
789 730 956 786 verbo
979 744 995 783 :
1031 747 1049 783 ι
1072 730 1227 785 Viam
1253 727 1491 786 civitatis
1513 727 1808 790 habitaculi

216 845 330 888 non
360 831 683 886 invenerunt
698 867 714 896 ,
742 847 764 882 ι
790 827 935 899 quod
959 828 1001 898 1-
1025 826 1235 882 tidelem
1263 823 1518 882 Ecclesia
1541 823 1810 896 portantis

218 922 515 993 imaginem
543 933 794 992 supernae
821 917 1121 975 Jerusalem
1152 918 1478 973 habuerunt.
1520 915 1810 971 Ilatttacu-

217 1014 334 1068 tum
361 1021 448 1068 est
471 1011 614 1066 actio
633 1052 648 1077 ,
682 1019 742 1066 ut
778 1011 835 1066 in
863 1010 1003 1066 libro
1028 1008 1278 1073 Numeri,
1313 1025 1331 1060 ι
1361 1008 1662 1066 Robustum
1688 1009 1809 1081 qui-

217 1109 344 1166 dem
368 1106 737 1163 habitaculum
759 1114 910 1160 tuum
928 1146 943 1171 ,
974 1123 993 1158 ι
1017 1103 1070 1160 id
1096 1112 1208 1172 est,
1233 1102 1390 1160 fortis
1414 1110 1500 1160 est
1522 1104 1668 1160 actio
1689 1109 1803 1158 tua.

295 1199 538 1254 Halitus.
570 1197 706 1252 Vide
731 1211 894 1267 supra
925 1196 1118 1252 Alites.

291 1289 560 1344 Harundo
595 1289 866 1358 signiﬁcat
899 1301 1115 1343 sacram
1144 1287 1481 1359 Seripturam
1502 1327 1517 1354 ,
1546 1294 1608 1342 ut
1634 1287 1808 1359 scrip-

216 1391 334 1437 tum
367 1390 452 1436 est
479 1381 532 1436 in
560 1379 904 1452 Apocalypsi.
935 1397 952 1432 ι
981 1380 1049 1434 Et
1075 1379 1331 1450 angelus,
1360 1381 1452 1450 qui
1483 1377 1808 1449 loquebatur

213 1485 435 1525 mecum
461 1471 504 1535 ³,
560 1487 578 1521 ι
607 1470 710 1524 hoc
735 1479 855 1537 est,
879 1469 1068 1536 Filius,
1089 1479 1330 1541 paternae
1353 1471 1648 1548 voluntatis
1675 1487 1812 1525 nun-

214 1564 350 1629 tius,
397 1581 416 1614 ι
449 1563 684 1618 habebat
713 1563 1070 1619 harundinem
1099 1577 1342 1630 auream,
1377 1583 1395 1616 ι
1431 1564 1531 1619 hoc
1570 1571 1688 1630 est,
1721 1579 1808 1618 sa-

213 1674 372 1713 cram
416 1657 752 1730 Scripturam
772 1700 787 1725 ,
817 1660 997 1714 divina
1027 1661 1292 1730 sapientia
1323 1659 1664 1725 rutilantem,
1700 1679 1718 1712 (
1747 1667 1808 1714 ut

211 1761 518 1807 meteretur
553 1753 872 1817 civitatem.
909 1773 929 1805 ι
961 1752 1002 1822 1-
1031 1753 1099 1807 ad
1132 1767 1444 1807 mensuram
1485 1751 1807 1822 capacitatis

1907 542 2117 610 danter,
2155 560 2173 595 I
2205 549 2260 598 et
2301 543 2440 598 sicut
2477 545 2518 613 1-
2557 543 2762 598 harena
2809 543 2979 601 maris
3022 545 3296 614 volatilia,
3333 566 3350 598 ι
3388 549 3491 604 hoc

1906 641 2020 700 est,
2052 631 2292 689 inﬁnitas
2321 634 2646 690 coturnices.
2701 633 2923 691 Harena
2961 635 3124 692 eiecti
3155 649 3316 705 sunt,
3345 645 3406 694 ut
3436 641 3489 695 in

1906 725 2104 782 Genesi
2137 745 2150 781 :
2189 745 2208 778 ‹
2245 725 2462 782 Faciam
2505 743 2693 784 semen
2734 736 2886 785 tuum
2923 730 3069 786 sicut
3107 747 3329 788 arenam
3370 749 3490 803 quae

1907 828 1992 876 est
2038 821 2094 876 in
2138 820 2321 878 littore
2367 823 2534 878 maris
2560 822 2608 890 ’,
2635 843 2655 877 ι
2685 823 2832 894 quod
2873 839 3032 882 veros
3075 827 3306 882 Abrahae
3351 827 3490 884 ﬁlios

1908 913 2051 970 Deus
2092 917 2558 973 consummatione
2600 918 2780 974 saeculi
2831 919 3184 977 beatiﬁcabit.
3235 921 3488 989 Harena,

1909 1005 2154 1078 reprobi,
2202 1016 2260 1063 ut
2305 1009 2360 1063 in
2401 1005 2723 1083 Apocalypsi
2755 1026 2769 1066 :
2805 1029 2824 1063 ι
2855 1011 2923 1067 Et
2953 1013 3105 1070 stetit
3135 1017 3302 1070 draco
3330 1031 3492 1086 super

1907 1115 2131 1156 arenam
2170 1103 2340 1159 maris
2364 1103 2429 1170 ¹⁶,
2466 1121 2483 1156 ι
2516 1105 2657 1174 quod
2699 1095 2946 1166 diabolus
2990 1107 3048 1163 in
3086 1106 3268 1165 ﬂuidis
3308 1125 3494 1182 repro—

1906 1194 2100 1252 borum
2128 1196 2401 1252 mentibus
2433 1196 2766 1253 dominatur.

1980 1284 2172 1340 Herba:
2219 1287 2437 1342 nomine
2482 1286 2734 1344 Christus
2781 1289 3098 1363 intelligitur
3142 1291 3491 1360 incarnatus,

1907 1377 2008 1434 Job
2039 1379 2252 1434 dicente
2279 1395 2293 1433 :
2327 1399 2345 1431 ι
2381 1379 2634 1450 Nunquid
2670 1383 2847 1453 rugiet
2873 1399 3103 1454 onager,
3135 1401 3259 1442 cum
3292 1385 3496 1441 habue-

1908 1474 1981 1528 rit
2009 1473 2235 1528 herbam
2265 1474 2306 1504 “
2331 1474 2354 1528 ?
2383 1493 2401 1525 ι
2437 1474 2652 1545 Onager
2679 1477 2906 1531 herbam
2943 1477 3180 1544 invenit,
3213 1495 3336 1534 cum
3369 1494 3498 1547 gen-

1912 1565 2022 1620 tilis
2069 1565 2298 1636 pepulus
2340 1565 2622 1621 Christum
2671 1567 3014 1623 incarnatum
3064 1569 3169 1626 ﬁde
3216 1572 3491 1642 percepit,

1909 1672 2076 1728 quam
2109 1673 2236 1712 vere
2266 1673 2466 1729 pravus
2496 1674 2604 1713 non
2635 1661 2918 1727 habuerit,
2948 1661 3040 1731 qui
3084 1660 3307 1734 jejuniis
3333 1664 3496 1734 rugit.

1908 1749 2103 1816 Aliter,
2131 1750 2256 1805 dum
2288 1751 2411 1821 quis
2439 1735 2505 1807 ex
2534 1751 2644 1806 vita
2677 1754 2923 1810 saeculari
2947 1753 3173 1810 visionis
3201 1755 3241 1824 1-
3270 1754 3504 1812 interna:~

209 1845 441 1900 doceret
483 1853 828 1901 communem
865 1845 1162 1902 Ecclesiam
1185 1885 1199 1911 ,
1235 1865 1252 1896 ‹
1286 1853 1341 1899 et
1384 1853 1566 1916 portas
1596 1845 1712 1916 ejus
1731 1886 1746 1910 ,
1780 1865 1799 1898 ι
1835 1817 1884 1884 Β
1911 1843 2195 1899 desideriis
2219 1851 2456 1899 aestuans
2483 1845 2896 1916 compunctioue
2919 1863 3016 1901 sua
3043 1846 3217 1902 reﬁcit
3245 1861 3325 1914 se,
3353 1847 3500 1902 velut

208 1940 312 2009 qui
353 1939 490 1995 alios
525 1938 845 1995 defendunt.
880 1959 897 1990 ε
930 1939 997 1994 Et
1026 1939 1220 1995 civitas
1249 1939 1304 1994 in
1331 1940 1371 2010 1
1397 1941 1601 2009 quadra
1630 1941 1806 2011 posita

205 2038 333 2094 est,
369 2049 387 2083 ι
419 2031 562 2101 quod
591 2039 827 2101 quatuor
869 2031 1040 2086 latera
1085 2031 1250 2086 habet
1289 2031 1564 2097 Ecclesia,
1611 2029 1803 2101 ﬁdem,

205 2136 369 2192 spem
388 2162 403 2187 ,
429 2129 484 2176 et
509 2121 863 2188 charitatem,
892 2132 946 2177 et
974 2124 1374 2194 operationem,
1407 2139 1527 2193 quae
1552 2125 1809 2180 dicuntur

204 2215 475 2284 aequalia,
507 2215 652 2285 quod
692 2223 953 2286 quantum
994 2217 1198 2283 credit,
1243 2225 1453 2272 tantum
1498 2227 1720 2288 sperat;
1752 2227 1808 2274 et

203 2317 479 2380 quantum
519 2315 734 2380 sperat,
770 2317 980 2366 tantum
1021 2318 1207 2376 amat;
1240 2319 1295 2365 et
1331 2320 1593 2380 quantum
1627 2319 1800 2378 amat,

207 2410 428 2456 tantum
485 2411 763 2472 operatur.
827 2401 1089 2458 Harundo
1147 2403 1416 2474 signiﬁcat
1467 2404 1796 2460 instabiles:

203 2492 361 2548 unde
391 2492 653 2548 Dominus
682 2494 747 2549 de
777 2492 986 2550 Joanne
1013 2511 1027 2548 :
1063 2513 1081 2547 ι
1114 2493 1254 2561 Quid
1283 2496 1469 2551 existis
1502 2495 1554 2551 in
1587 2496 1802 2552 deserto

202 2584 436 2639 videre?
455 2583 825 2640 llarundinem
851 2593 1015 2641 vento
1041 2585 1299 2657 agitatam
1341 2585 1363 2618 ⁸
1385 2587 1408 2641 ?
1436 2607 1456 2640 ι
1485 2588 1627 2658 quod
1657 2589 1804 2643 vide-

203 2679 346 2735 licet
381 2693 487 2734 non
531 2675 857 2742 asserendo,
901 2677 998 2732 sed
1039 2675 1283 2748 negando
1320 2677 1522 2734 intulit.
1565 2677 1804 2736 Joannes

203 2773 364 2830 enim
393 2771 641 2830 harundo
669 2781 831 2827 vento
855 2771 1056 2842 agitata
1083 2781 1191 2826 non
1221 2780 1367 2838 erat,
1401 2773 1542 2842 quod
1573 2787 1671 2828 nec
1698 2781 1804 2829 ter-

199 2879 339 2921 rore
390 2879 686 2921 concussus
725 2869 838 2930 est,
871 2877 974 2918 nec
1005 2863 1200 2919 timore
1229 2863 1522 2919 seductus:
1559 2863 1651 2919 sed
1694 2873 1804 2919 sta-

203 2956 344 3013 bilis
389 2957 446 3011 in
490 2957 686 3012 timore
735 2949 830 3010 Dei
869 2953 1188 3026 permansit.
1235 2951 1498 3009 Harundo
1537 2953 1805 3028 signiﬁcat

206 3047 477 3122 gentiiem
505 3045 795 3118 populum,
816 3045 972 3119 juxta
1001 3045 1128 3102 illud
1159 3065 1172 3101 :
1203 3065 1221 3098 ί
1250 3043 1618 3101 Harundinem
1645 3059 1802 3118 quas-

204 3147 392 3196 satam
415 3153 521 3193 non
553 3137 855 3210 confringet
879 3135 920 3204 ⁸,
951 3157 969 3190 ι
994 3138 1138 3208 quod
1163 3137 1220 3192 in
1247 3145 1410 3194 came
1429 3137 1678 3194 Christus
1703 3149 1798 3195 ve-

202 3229 378 3286 niens
406 3227 662 3300 gentilem’
693 3230 950 3300 populum
972 3228 1086 3298 jam
1115 3229 1457 3299 desperatum
1490 3229 1558 3286 ad
1587 3231 1802 3287 veniam
1829 3212 1876 3278 ο

205 3319 528 3391 revocavit,
563 3321 708 3393 quod
735 3321 882 3377 venit
926 3319 1163 3388 salvare,
1208 3321 1352 3392 quod
1389 3324 1643 3394 perierat.
1683 3323 1800 3380 Ha-

203 3414 388 3469 rundo
426 3413 698 3488 signiﬁcat
749 3413 1006 3480 vitiosos,
1033 3413 1188 3484 juxta
1217 3413 1348 3469 illud
1375 3433 1389 3470 :
1423 3433 1440 3470 ι
1470 3415 1696 3487 increpa
1726 3417 1805 3473 i'e-

204 3520 306 3560 ras
338 3505 653 3559 harundinis
702 3503 746 3571 ',
772 3521 790 3556 ι
816 3503 870 3559 id
897 3513 1014 3570 est,
1043 3503 1264 3561 destrue
1291 3493 1597 3573 haereticos,
1627 3505 1720 3578 qui
1751 3508 1806 3564 in

204 3593 415 3668 palude
442 3595 699 3651 vitiorum
729 3604 1154 3664 commorantur,
1182 3596 1300 3664 vel,
1331 3597 1424 3669 qui
1453 3613 1622 3656 sacra:
1651 3599 1803 3657 Scri-

207 3697 397 3760 ptura:
427 3685 698 3744 fallaciter
726 3687 1102 3744 adversantur.

298 3778 512 3835 Harena
543 3779 815 3852 signiﬁcat
848 3781 1092 3836 inﬁdeles
1120 3779 1522 3864 infructuosus,
1547 3781 1704 3853 juxta
1736 3781 1803 3837 il-

206 3873 308 3930 lud
342 3873 682 3930 Dominicum
711 3890 724 3930 :
761 3891 781 3926 ‹
811 3873 1177 3930 Dinumerabo
1207 3887 1300 3930 eos
1321 3915 1335 3940 ,
1367 3879 1421 3930 et
1448 3877 1611 3946 shper
1641 3875 1802 3931 hare-

207 3985 346 4026 nam
369 3968 442 4035 ⁸,»
467 3975 598 4037 etc.,
616 3969 759 4041 quod
778 3969 935 4026 electi
959 3967 1155 4026 cadent
1177 3969 1317 4042 apud
1338 3987 1425 4027 me
1446 3972 1500 4027 in
1523 3988 1807 4029 numerum

208 4070 458 4128 certum,
483 4067 544 4116 ut
568 4069 692 4132 pote
717 4061 874 4133 pauci
901 4079 916 4128 ;
948 4079 967 4112 ‹
995 4067 1050 4117 et
1076 4077 1236 4132 super
1262 4063 1520 4118 harenam
1550 4063 1748 4132 maris,
1781 4085 1800 4118 ι

211 4153 367 4227 quod
398 4151 665 4210 Dominus
693 4151 937 4210 inﬁdeles
963 4154 1240 4224 superabit
1268 4154 1321 4210 in
1354 4155 1584 4223 merito,
1613 4165 1669 4210 et
1695 4155 1806 4212 ele-

210 4247 290 4302 cti
339 4245 673 4316 superabunt
717 4245 903 4302 ﬁdeles
943 4246 996 4300 in
1030 4239 1252 4302 mundo.
1288 4244 1506 4302 Harena
1537 4247 1809 4319 signiﬁcat

213 4352 465 4393 amorem
494 4337 715 4404 mundi,
743 4335 798 4392 in
828 4353 935 4408 quo
976 4338 1235 4408 quidquid
1273 4337 1592 4407 aediﬁcatur,
1640 4341 1811 4398 ruinae

211 4437 464 4502 paratur.
499 4429 653 4486 Unde
683 4431 940 4486 Dominus
969 4429 1024 4486 in
1053 4425 1345 4504 Evangelio
1370 4452 1382 4487 :
1417 4451 1436 4486 ι
1465 4432 1684 4500 Omnis,
1715 4435 1808 4506 qui

216 4521 376 4576 audit
407 4537 686 4577 sermones
716 4538 898 4590 meos,
929 4527 984 4580 et
1021 4539 1127 4580 non
1159 4525 1288 4580 facit
1321 4543 1445 4594 eos,
1498 4530 1691 4585 similis
1722 4539 1807 4586 est

219 4611 430 4666 homini
461 4612 748 4668 aediﬁcanti
780 4601 996 4670 domum
1021 4632 1184 4687 super
1208 4617 1486 4674 harenam.
1514 4619 1805 4675 Descendit

218 4705 436 4776 pluvia,
468 4715 737 4762 venerunt
763 4699 1012 4776 ﬁumina,
1043 4699 1310 4766 (laverunt
1335 4711 1514 4777 venti,
1547 4721 1600 4768 et
1626 4713 1803 4770 irrue-

223 4801 356 4848 ruut
379 4795 434 4848 in
461 4793 677 4851 domum
709 4797 854 4853 illam
874 4838 890 4864 ,
915 4807 969 4852 et
997 4798 1139 4854 facta
1167 4809 1252 4870 est
1279 4801 1436 4856 ruina
1480 4817 1674 4874 magna
1709 4805 1751 4858 ".
1783 4825 1801 4857 ι

223 4886 454 4940 Domum
491 4885 644 4944 suam
691 4906 854 4960 super
893 4904 1114 4946 arenam
1153 4893 1386 4947 aediﬁcat
1441 4894 1688 4964 quisquis
1753 4896 1808 4952 in

225 4995 418 5034 amore
461 4981 644 5036 mundi
686 4991 924 5038 mentem
969 4999 1119 5038 suam
1153 4983 1383 5039 ﬁrmiter
1411 4986 1678 5043 collocat:
1713 4991 1810 5045 sed

226 5071 358 5125 dum
391 5073 635 5129 carnales
666 5071 933 5129 illecebrae
959 5082 1014 5131 et
1042 5075 1376 5147 gravissimae
1403 5081 1811 5150 persecutiones

226 5171 282 5217 et
313 5163 577 5220 immundi
608 5165 830 5240 spiritus
862 5169 1006 5224 hanc
1035 5169 1285 5236 domum,
1317 5187 1437 5242 qute
1467 5188 1629 5244 super
1658 5175 1812 5230 inﬁr—

232 5273 321 5310 mo
337 5247 686 5313 fundamento
700 5261 1319 5334 Constituitur,undiquc
1344 5262 1594 5320 irruunt:
1624 5265 1685 5320 ﬁt
1711 5266 1812 5322 ita-

233 5363 341 5418 que
373 5349 526 5404 ruina
555 5347 699 5406 illius
729 5359 877 5406 tanto
905 5351 1141 5422 gravior,
1173 5363 1375 5422 quanto
1405 5365 1649 5426 sumptus
1679 5358 1812 5413 tedi-

233 5439 346 5497 ﬁcii
392 5442 556 5498 fuerit
601 5443 818 5515 largior.
868 5443 1087 5498 Harena
1131 5446 1398 5516 signiﬁcat
1443 5447 1814 5504 inﬁrmitatem

1909 1950 2112 2007 onager
2151 1934 2373 1990 herbam
2415 1951 2523 1991 non
2564 1937 2772 1993 habens
2812 1937 2956 2008 rugit
2984 1956 2998 1992 :
3031 1939 3127 1994 sed
3156 1954 3279 1994 cum
3321 1937 3390 1992 ad
3417 1939 3499 1993 vi-

1911 2035 2022 2082 tam
2052 2037 2308 2082 aeternam
2337 2028 2622 2097 pervenit,
2657 2028 2724 2084 de
2755 2038 3012 2100 percepta
3046 2031 3214 2086 herba
3244 2030 3361 2085 sine
3392 2028 3498 2086 ﬁne

1911 2119 2186 2192 gaudebit.
2231 2115 2426 2174 Herba:
2456 2120 2677 2175 nomine
2711 2119 2834 2175 ﬁdei
2864 2123 3016 2176 viror
3045 2119 3386 2193 intelligitur,
3419 2119 3500 2175 di-

1910 2221 2069 2268 cente
2114 2211 2345 2268 Domino
2376 2231 2388 2266 :
2424 2231 2442 2265 ‹
2479 2212 2570 2268 Sic
2619 2221 2702 2270 cst
2750 2230 2978 2288 regnum
3025 2211 3160 2284 Dei,
3190 2217 3230 2290 1-
3258 2214 3400 2288 quod
3450 2216 3498 2272 si

1909 2304 2076 2359 faciat
2107 2303 2270 2359 homo
2301 2317 2484 2360 semen
2513 2306 2567 2359 in
2595 2315 2797 2361 terram
2817 2346 2834 2374 ,
2859 2316 2914 2362 et
2935 2305 3169 2364 dormiat
3190 2350 3204 2376 ,
3230 2316 3287 2364 et
3306 2321 3501 2365 exsur-

1908 2407 1999 2469 gat
2029 2407 2188 2452 noctc
2213 2411 2278 2452 ac
2311 2398 2397 2452 die
2420 2440 2435 2463 ,
2467 2407 2521 2453 ct
2563 2414 2746 2454 semen
2777 2398 2819 2472 1-
2847 2400 3146 2466 terminat,
3192 2408 3247 2455 et
3286 2408 3499 2455 crescat

1909 2489 2037 2543 dum
2068 2489 2242 2543 nescit
2271 2487 2380 2542 ille.
2417 2487 2570 2544 Ultro
2611 2490 2756 2544 enim
2799 2497 2944 2545 terra
2987 2487 3280 2546 fructiﬁcat
3321 2489 3498 2562 primo

1909 2578 2134 2635 herbam
2153 2620 2168 2645 ,
2202 2580 2395 2635 deinde
2425 2581 2663 2651 spicam,
2694 2581 2888 2637 deinde
2916 2581 3135 2653 plenum
3166 2579 3492 2636 frumentum

1907 2675 1963 2729 in
1995 2673 2143 2743 spica
2175 2673 2239 2728 ".
2277 2692 2295 2725 ι
2333 2691 2350 2724 ‹
2387 2669 2632 2743 Regnum
2663 2671 2793 2740 Dei,
2825 2693 2842 2724 ι
2879 2681 3065 2728 sancta
3099 2670 3342 2728 Ecclesia
3366 2682 3490 2738 est;

1914 2785 1934 2820 ‹
1964 2768 2160 2832 homo,
2191 2785 2209 2818 ι
2241 2765 2521 2831 Christus,
2557 2784 2574 2816 ι
2611 2767 2704 2838 qui
2732 2781 2918 2822 semen
2950 2765 3005 2820 in
3037 2774 3241 2820 terram
3267 2766 3432 2836 jacit,
3465 2783 3483 2815 ι

1908 2858 2053 2930 quod
2082 2858 2307 2914 verbum
2343 2857 2437 2914 Dei
2470 2874 2569 2930 per
2599 2873 2658 2914 se
2686 2867 2742 2913 ct
2771 2859 3045 2929 apostolos
3073 2857 3275 2930 ubique
3300 2857 3496 2929 prmdi-

1907 2950 2067 3006 cavit.
2103 2969 2122 3002 ‹
2157 2945 2329 3006 llomo
2386 2949 2614 3017 dormit,
2648 2969 2666 3001 ι
2719 2949 2864 3019 quod
2916 2949 3166 3006 Christus
3221 2949 3275 3004 in
3333 2962 3496 3004 cruce

1905 3057 2157 3099 somnum
2189 3043 2379 3101 mortis
2408 3042 2664 3114 suscepit.
2699 3061 2718 3094 ‹
2751 3041 2947 3100 Semen
2979 3053 3137 3102 nocte
3163 3058 3228 3099 ac
3256 3044 3342 3099 die
3373 3059 3494 3098 sur-

1906 3137 2080 3203 rexit,
2116 3156 2135 3190 ι
2168 3137 2312 3209 quod
2342 3153 2518 3212 neque
2546 3153 2730 3206 mors,
2761 3153 2938 3209 neque
2978 3138 3091 3193 vita
3132 3138 3356 3194 verbum
3397 3134 3498 3192 Dei

1908 3232 2188 3290 retardare
2227 3234 2422 3304 potuit.
2469 3229 2624 3289 Unde
2661 3231 2951 3304 Apostolus
2981 3251 2994 3286 :
3030 3251 3048 3284 ι
3082 3231 3294 3288 Labero
3323 3246 3497 3301 usque

1907 3325 1976 3383 ad
2029 3325 2245 3382 vincula
2287 3327 2327 3398 1-
2369 3325 2510 3381 male
2560 3327 2908 3400 operans:1-
2936 3325 3081 3396 quod
3125 3326 3350 3381 verbum
3401 3323 3499 3381 Dei

1906 3435 2014 3475 non
2045 3426 2131 3476 est
2161 3417 2436 3491 alligatum
2467 3415 2532 3472 ’³.
2569 3438 2588 3472 ι
2627 3415 2827 3475 Semen
2863 3436 2883 3470 ι
2917 3418 3276 3489 germinavit,
3313 3435 3332 3470 ι
3365 3417 3493 3473 dum

1907 3511 2134 3569 verbum
2175 3511 2580 3585 praadicationis
2620 3511 2677 3568 in
2715 3512 2913 3586 populo
2953 3511 3310 3567 honoriﬁcato
3341 3510 3484 3566 radi-

1908 3607 2052 3667 cavit
2084 3627 2096 3663 :
2133 3605 2330 3665 Semen
2365 3627 2384 3660 ι
2419 3608 2626 3676 crevit,
2662 3627 2682 3661 ι
2719 3593 2845 3666 dum
2875 3607 2930 3663 in
2959 3603 3160 3664 Iudaeis
3188 3605 3413 3661 verbum
3443 3612 3499 3659 et

1908 3704 1964 3761 in
2014 3705 2264 3777 gentibus
2314 3718 2373 3761 se
2421 3702 2688 3758 dilatavit.
2735 3700 2852 3758 Hoc
2895 3710 3076 3757 autem
3126 3699 3329 3756 factum
3379 3706 3494 3770 est,

1915 3815 1934 3852 ‹
1966 3797 2094 3852 dum
2125 3796 2286 3852 homo
2318 3793 2407 3850 ille
2435 3794 2697 3861 nescivit,
2730 3813 2748 3846 ι
2781 3795 2885 3850 hoc
2927 3800 3043 3860 est,
3089 3791 3217 3847 dum
3248 3789 3500 3846 Christus

1911 3888 2268 3960 corporaliter
2313 3888 2510 3945 absens
2550 3887 2686 3953 fuit,
2731 3895 2792 3942 ut
2835 3887 2889 3942 in
2935 3883 3164 3942 Psalmis
3210 3883 3487 3954 loquitur:

1915 4004 1936 4038 ι
1963 3983 2202 4058 Populus
2223 3998 2384 4054 quem
2407 3998 2514 4037 non
2536 3982 2766 4052 cognovi
2791 3980 3016 4036 servivit
3039 3978 3170 4035 mihi
3195 3979 3268 4045 ης
3301 3997 3319 4030 ι
3353 3995 3371 4032 ‹
3400 3991 3489 4048 p0-

1910 4075 2099 4147 pulus,
2131 4089 2292 4144 quem
2329 4088 2436 4128 non
2469 4071 2729 4143 cognovi,
2767 4091 2786 4123 »
2823 4069 3030 4126 scilicet
3057 4066 3324 4139 corporali
3352 4080 3490 4136 pra:-

1911 4167 2105 4223 sentia.
2136 4183 2154 4217 ‹
2184 4164 2340 4220 Ultro
2365 4163 2507 4218 enim
2536 4171 2680 4218 terra
2693 4160 3078 4232 fructiﬁcavit,
3109 4179 3127 4213 ι
3156 4157 3299 4232 quod
3322 4155 3495 4214 ﬁdelis

1911 4258 2138 4330 populus
2165 4265 2389 4328 accepto
2412 4257 2580 4312 divini
2601 4256 2752 4312 verbi
2777 4256 2982 4312 semine
3010 4253 3249 4310 fructum
3269 4249 3491 4324 justiti?

1912 4351 1966 4406 in
2011 4365 2070 4406 se
2111 4349 2453 4422 propagavit.
2488 4348 2768 4417 Quomodo
2799 4369 2817 4402 ι
2847 4349 3080 4422 primum
3109 4345 3333 4420 protulit
3363 4345 3488 4402 her-

1911 4443 2036 4499 bam
2054 4483 2070 4509 ,
2094 4461 2112 4496 ι
2141 4442 2245 4499 hoc
2271 4450 2386 4508 est,
2415 4441 2578 4497 fidem
2603 4442 2875 4497 viventem
2896 4482 2912 4508 ,
2940 4460 2958 4493 ι
2977 4441 3197 4496 demum
3223 4438 3449 4510 spicam,
3473 4455 3492 4490 ι

1914 4535 2018 4590 hoc
2045 4543 2164 4600 est,
2194 4534 2392 4589 bonam
2435 4533 2842 4603 operationem,
2891 4532 3019 4587 licet
3071 4529 3444 4601 imperfectam
3476 4549 3488 4582 :

1918 4644 1936 4676 ι
1965 4624 2180 4680 demum
2223 4624 2442 4694 plenum
2489 4623 2816 4679 frumentum
2866 4623 2920 4676 in
2967 4620 3149 4694 spica,
3185 4638 3203 4672 ι
3234 4619 3337 4678 hoc
3379 4628 3492 4678 est.

1911 4713 2052 4770 bona
2080 4730 2244 4786 opera
2274 4715 2412 4770 nihil
2441 4713 2868 4785 imperfectionis
2895 4711 3185 4780 habentia,
3235 4729 3254 4766 ι
3287 4717 3343 4766 et
3367 4725 3490 4766 cum

1913 4807 2228 4878 produxerit
2283 4808 2524 4872 fructus,
2580 4805 2762 4862 statim
2819 4804 2986 4860 mittit
3035 4802 3263 4868 falcem,
3294 4821 3314 4855 ι
3354 4800 3499 4872 quod

1915 4907 2202 4970 postquam
2232 4898 2367 4955 ﬁdes
2393 4907 2448 4954 et
2479 4899 2754 4968 operatio,
2784 4911 2905 4966 quae
2932 4897 2999 4952 de
3030 4895 3178 4952 verbi
3219 4894 3425 4950 semine
3457 4895 3495 4963 1-

1916 4991 2227 5061 proderint,
2279 4990 2478 5060 ubique
2517 5005 2577 5046 se
2623 4988 2894 5055 dilatavit,
2941 4988 3190 5044 Christus
3229 4985 3495 5058 judicium

1919 5083 2194 5138 exercebit
2223 5101 2235 5136 :
2271 5101 2290 5132 ι
2323 5082 2579 5151 quoniam
2619 5081 2772 5137 adest
2811 5081 3034 5148 messis,
3070 5100 3088 5132 ι
3122 5079 3176 5136 id
3215 5088 3330 5144 est,
3365 5093 3493 5136 con-

1915 5173 2206 5228 summatio
2236 5172 2439 5228 saeculi.
2482 5171 2618 5228 Cum
2657 5172 2805 5228 enim
2834 5170 3110 5243 plenitudo
3137 5171 3377 5242 gentium
3407 5167 3496 5222 in-

1915 5265 2157 5330 troierit,
2191 5265 2370 5322 veniet
2420 5265 2535 5321 dies
2575 5265 2799 5336 judicii,
2846 5265 2900 5320 id
2944 5272 3056 5329 est,
3111 5264 3234 5324 ﬁnis
3281 5260 3491 5318 mundi.

1919 5355 2110 5414 Herbrc
2153 5359 2371 5414 nomine
2413 5357 2710 5428 spiritualis
2747 5358 2978 5428 quisque
3017 5356 3240 5426 intelligi
3290 5359 3490 5425 potest.

1919 5448 2134 5504 dicente
2171 5450 2431 5515 Domino,
2476 5450 2528 5504 in
2571 5465 2702 5520 agro
2743 5449 3008 5504 seminata
3038 5466 3052 5502 :
3087 5464 3107 5499 ε
3139 5446 3271 5501 Cum
3307 5450 3483 5497 autem

234 5548 450 5602 rerum,
483 5538 548 5591 de
573 5537 768 5606 quibus
797 5536 994 5608 agitur,
1018 5535 1174 5622 juxta
1203 5537 1333 5592 illud
1359 5553 1374 5592 :
1411 5556 1429 5590 ι
1464 5538 1531 5593 Ει
1561 5538 1700 5609 pluit
1729 5555 1820 5595 su-
1921 5543 2183 5598 crevisset
2212 5542 2377 5598 herba
2397 5582 2412 5604 .
2441 5551 2497 5597 et
2523 5540 2758 5596 fructum
2787 5539 3037 5604 fecisset,
3075 5547 3202 5592 tunc
3232 5548 3497 5606 apparue-

314 5671 330 5700 ¹
361 5669 502 5744 Psal.
531 5687 651 5737 cvi,
684 5671 795 5744 14η
833 5673 852 5702 ¹
882 5674 1048 5744 Apoc.
1079 5691 1204 5739 xxi,
1234 5673 1320 5729 15.
1374 5675 1394 5705 ³
1426 5673 1615 5731 Matth.
1647 5693 1734 5742 ιιι,
1766 5679 1806 5732 7.

1929 5679 2116 5734 Matth.
2150 5695 2253 5744 xu,
2286 5677 2376 5734 20.
2425 5680 2446 5712 ⁸
2475 5678 2616 5735 Psal.
2650 5695 2830 5744 van,
2861 5677 2952 5734 5i.
3002 5675 3024 5706 ⁸
3054 5643 3197 5731 Psal.
3228 5685 3494 5744 enim",

243 5740 330 5796 18.
350 5742 884 5822 fallattlhvungt
909 5740 995 5798 27.
1065 5745 1470 5822 {Psal.}.xxvu
1494 5786 1510 5810 ,
1540 5747 1649 5822 27_._
1680 5749 1702 5779 °
1725 5740 1806 5806 ‘Ge

1911 5767 2052 5817 nul,
2089 5751 2171 5806 l7.
2241 5740 2286 5784 ίο
2313 5751 2480 5822 Apoc.
2514 5768 2622 5818 xu,
2657 5753 2742 5807 18.
2810 5740 2849 5781 ίί
2881 5747 3000 5804 Job.
3033 5761 3120 5812 vr,
3156 5747 3206 5800 l.
3249 5746 3293 5778 "
3324 5743 3493 5798 Marc.

244 5827 293 5866 ιι*
312 5853 325 5879 ,
347 5812 438 5872 26.
461 5813 553 5873 27.
573 5813 661 5868 28.
699 5814 740 5846 ¹⁸
761 5813 802 5869 ιι
825 5814 966 5870 Tim.
993 5831 1028 5871 ιι
1053 5857 1068 5880 .
1091 5817 1142 5872 9.
1189 5817 1232 5849 “
1254 5817 1398 5874 Psal.
1427 5834 1561 5886 xvu,
1586 5818 1676 5877 44.
