3972 6336
402 287 500 342 951

1032 291 1090 344 n.
1131 289 1384 345 nsum
1415 289 1635 347 mum
1672 243 1988 348 Aacmsp.
2028 289 2638 351 MOGUNT.OPERUM
2672 292 2854 348 mas
2881 293 2969 348 ιιι.

403 411 532 456 runt
569 403 734 456 etiam
760 403 968 458 zizania
1011 404 1052 457 ³.
1087 423 1106 454 ι
1143 402 1305 458 Sator
1329 412 1414 459 est
1440 405 1480 473 -ι-
1508 403 1742 458 hominis
1768 421 1782 458 :
1826 419 1971 473 ager,
1999 407 2054 465 Λ
2077 419 2144 458 co
2192 405 2597 460 Deuterdnomii
2625 419 2640 458 :
2679 422 2700 457 ι
2731 403 3059 460 Concrescat
3091 415 3152 458 ιιι
3184 404 3362 474 pluvia
3406 405 3664 461 doctrina

403 495 682 550 mundus:
732 494 924 550 bonum
971 511 1180 562 semen,
1227 495 1336 562 filii
1369 495 1547 561 lucis;
1596 495 1834 562 zizania,
1880 492 1978 549 filii

404 584 746 654 iniquitatis;
778 585 1011 640 homines
1040 586 1355 640 dormientes
1374 626 1390 652 ,
1416 584 1624 656 praelati
1650 584 1979 656 negligenter

406 684 626 746 agentes
675 692 690 730 :
740 677 985 732 inimicus
1032 683 1117 733 est
1165 676 1410 732 diabolus
1450 695 1464 730 :
1498 675 1658 731 herba
1706 691 1975 742 crescens,

406 763 447 834 οξ-
466 763 780 832 spiritualis,
809 772 896 820 est
922 764 990 820 ad
1006 765 1230 820 meliora
1257 765 1549 838 proﬁciens
1577 764 1784 820 fructus
1812 764 1930 835 ejus
1960 781 1975 818 :

407 853 608 908 bonum
651 869 786 924 opus
826 853 991 910 illius.
1031 873 1051 908 ι
1079 853 1232 910 Tunc
1271 860 1636 925 apparuerunt
1677 853 1917 918 zizania,
1955 871 1974 902 ι

409 945 553 1016 quod
580 960 703 1000 cum
733 945 962 1016 quisque
1003 947 1142 1003 bene
1171 945 1402 1012 vixerit,
1443 954 1571 1000 tunc
1606 945 1805 1015 poterit
1830 943 1982 1000 vide-

408 1051 488 1101 re,
519 1036 642 1106 quis
669 1037 842 1092 malus
873 1036 1038 1092 fuerit
1063 1039 1106 1108 -ι-
1132 1037 1274 1093 servi
1305 1035 1708 1106 patrisfamilias
1735 1053 1748 1089 :
1782 1034 1874 1104 qui
1902 1035 1984 1089 vi-

409 1130 599 1184 dentes
628 1130 874 1186 homines
903 1145 935 1184 a
963 1131 1073 1186 Deo
1099 1130 1238 1186 bene
1267 1129 1516 1186 conditos
1533 1170 1548 1195 ,
1577 1144 1673 1199 per
1703 1129 1983 1185 doctorum

409 1220 794 1291 negligentiam
833 1221 1098 1280 diabolico
1125 1223 1166 1292 -ι-
1193 1223 1473 1278 instructis
1509 1219 1862 1292 depravatae,
1891 1234 1985 1274 vo-

409 1309 528 1364 lunt
555 1327 744 1368 omnes
771 1313 913 1368 male
942 1313 1186 1368 viventes
1213 1313 1429 1368 auferre
1455 1310 1523 1366 de
1554 1311 1760 1376 medio,
1789 1311 1989 1366 haben-

413 1412 494 1458 tes
523 1403 697 1481 zelum
729 1404 856 1471 Dei,
887 1407 983 1462 sed
1011 1421 1118 1461 non
1146 1407 1443 1461 secundum
1474 1404 1774 1460 scientiam.
1807 1403 1989 1458 Domi-

414 1511 516 1550 nus
553 1497 697 1550 enim
739 1497 885 1552 aliud
925 1497 1070 1563 vult,
1113 1505 1169 1552 et
1211 1511 1431 1551 causam
1462 1493 1726 1565 subjecit,
1755 1494 1984 1549 dicens:

418 1605 437 1638 ι
476 1587 626 1655 Non,
659 1605 727 1644 ne
757 1589 898 1645 forte
926 1589 1243 1662 colligentes
1271 1588 1482 1643 zizania
1511 1587 1801 1643 eradicetis
1828 1585 1990 1642 simul

413 1693 534 1733 cum
563 1680 643 1734 eis
673 1689 727 1734 et
759 1680 1020 1735 triticum.
1057 1699 1076 1733 ι
1111 1679 1212 1734 Hic
1241 1679 1403 1734 datur
1441 1679 1590 1734 locus
1628 1679 1986 1750 paenitentiae,

2076 510 2198 552 mea
2238 495 2280 560 ³,
2313 516 2332 552 ι
2363 499 2433 553 ἰιι
2477 497 2730 554 fecundet
2766 503 2976 552 mentes
3021 495 3350 565 auditorum,
3387 515 3408 550 ι
3439 497 3575 552 fluat
3605 506 3673 552 ut

2077 601 2168 642 ros
2193 587 2466 657 eloquium
2490 591 2508 612 ⁶
2530 596 2708 654 tuum,
2745 606 2765 640 ι
2791 596 2850 642 ιιι
2865 586 3148 660 refrigeret
3175 599 3341 645 aestus
3366 589 3668 644 vitiorum:

2077 679 2231 750 quasi
2255 679 2429 735 imber
2455 695 2618 750 super
2644 677 2892 744 herbam,
2925 688 2986 732 ut
3010 679 3189 734 virere
3211 678 3379 735 faciat
3416 677 3678 750 germina

2077 767 2362 836 virtutum,
2389 777 2448 824 et
2467 768 2622 840 quasi
2650 767 2807 824 stilla:
2834 782 2995 837 super
3021 769 3286 837 gramina,
3327 783 3398 823 ne
3421 780 3677 836 unquam

2081 871 2350 920 arescant.
2379 862 2571 918 Herba:
2595 862 2836 928 nomine,
2865 861 3152 919 luxuriosa:
3186 873 3242 919 et
3281 863 3503 918 lubrica!
3535 875 3682 916 cono

2081 951 2430 1022 cupiscentia:
2455 952 2822 1023 designantur,
2854 951 3068 1008 dicente
3095 951 3196 1008 Job
3218 954 3284 1009 de
3323 951 3642 1008 Bchemoth
3665 967 3683 1002 :

2089 1061 2108 1095 ι
2145 1041 2284 1098 Huic
2324 1051 2534 1098 montes
2564 1042 2761 1098 herbas
2795 1040 2978 1100 ferunt
3004 1043 3050 1110 δ,
3084 1061 3103 1094 ι
3147 1045 3291 1114 quod
3330 1041 3566 1114 superbi
3591 1040 3690 1094 di-

2082 1133 2223 1188 vites
2241 1133 2311 1188 ad
2343 1132 2552 1188 libitum
2581 1131 2797 1188 Satanae
2831 1131 3134 1190 luxuriosas
3164 1143 3221 1190 et
3264 1133 3508 1190 lubricas
3533 1145 3690 1187 con-

2086 1225 2447 1296 cupiscentias
2465 1225 2692 1297 gignunt
2719 1233 2774 1280 et
2797 1226 3062 1281 nutriunt.
3087 1225 3285 1292 Herba,
3318 1225 3559 1282 scientia
3588 1224 3696 1278 bo—

2088 1333 2177 1384 na,
2200 1326 2261 1373 ut
2297 1318 2353 1372 in
2393 1315 2628 1373 Ieremia
2662 1334 2676 1370 :
2707 1334 2728 1368 ι
2762 1315 3088 1372 Defecerunt
3131 1317 3274 1372 oculi
3301 1331 3520 1380 eorum,
3555 1314 3700 1383 quia

2088 1425 2197 1466 non
2241 1418 2361 1466 erat
2399 1409 2568 1465 herba
2596 1408 2640 1475 ',
2679 1429 2698 1461 ι
2735 1407 2788 1462 id
2819 1415 2932 1474 est,
2970 1408 3180 1478 praelati
3226 1422 3514 1479 synagogas
3555 1421 3702 1460 eva-

2089 1512 2346 1569 nuerunt,
2377 1503 2520 1574 qnod
2540 1501 2875 1572 spiritualem
2902 1502 3190 1558 scientiam
3216 1518 3323 1559 non
3343 1502 3700 1558 habuerunt.

2093 1593 2292 1660 Herba,
2337 1595 2478 1649 bona
2512 1594 2672 1658 actio,
2707 1602 2767 1648 ut
2818 1592 2874 1648 in
2903 1592 3122 1659 Genesi,
3163 1612 3182 1645 ‹
3213 1591 3490 1648 Germinet
3533 1599 3704 1645 terra

2092 1685 2318 1741 herbam
2337 1685 2603 1740 virentem
2625 1685 2667 1751 ',
2711 1704 2730 1737 ι
2756 1688 2774 1708 ¹
2798 1685 3234 1759 ειειιοεεειιοιιιο
3255 1684 3532 1738 actionem
3559 1696 3710 1736 oon-

412 1779 466 1824 et
500 1786 803 1836 monemur,
833 1787 940 1826 non
966 1771 1076 1826 cito
1103 1775 1383 1839 amputare
1405 1769 1640 1840 aliquem
1671 1770 1738 1824 de
1765 1783 1992 1825 consor-
2022 1765 2072 1826 B
2100 1783 2402 1846 gruentem.
2467 1774 2650 1830 Herba
2685 1817 2701 1842 ,
2767 1775 3064 1831 subsidium
3133 1774 3428 1847 temporale
3451 1813 3466 1838 ,
3529 1783 3606 1827 ut
3650 1773 3708 1824 in

412 1862 488 1916 tio
519 1862 775 1917 fidelium.
821 1861 1010 1918 Potest
1045 1861 1193 1917 enim
1223 1861 1373 1927 ﬁeri,
1403 1870 1494 1928 ut,
1527 1863 1619 1932 qui
1648 1862 1864 1918 videtur
1896 1862 1992 1918 ho-

412 1951 498 2007 die
531 1953 716 2009 lolium
745 1969 900 2021 esse,
948 1954 1346 2011 interveniente
1373 1970 1471 2027 per
1497 1955 1591 2012 Dei
1624 1956 1856 2028 gratiam
1886 1968 1998 2027 pte-

411 2043 663 2110 nitentia,
696 2060 820 2100 cras
847 2046 888 2116 -ι-
916 2045 1010 2100 fiet
1038 2047 1301 2102 triticum.
1335 2065 1354 2098 ι
1394 2045 1567 2102 Sinite
1587 2048 1768 2118 itaque
1795 2055 1998 2101 utrum-

415 2148 519 2203 que
564 2149 812 2190 crescere
858 2152 1034 2208 usque
1069 2137 1138 2192 ad
1169 2153 1435 2206 messem,
1477 2149 1532 2196 et
1569 2148 1812 2209 tempore
1851 2155 1996 2196 mes-

413 2225 489 2281 sis
539 2227 717 2283 dicam
745 2230 1078 2286 messoribus
1111 2249 1126 2284 :
1157 2229 1350 2287 Tollite
1377 2232 1617 2298 zizania,
1674 2240 1728 2286 et
1781 2231 2000 2302 alligate

417 2333 483 2374 ea
513 2321 553 2389 1-
584 2320 870 2378 fasciculos
908 2323 978 2378 ad
1025 2323 1490 2390 comburendum;
1538 2323 1775 2378 triticum
1817 2333 2000 2378 autem

416 2421 742 2484 congregata
792 2415 845 2468 in
892 2415 1151 2470 horreum
1195 2430 1397 2474 meum.
1446 2435 1464 2467 ι
1509 2411 1696 2469 Messis
1751 2422 1835 2470 est
1873 2430 2003 2471 con-

418 2505 710 2559 summatio
739 2505 921 2561 saeculi
951 2520 966 2559 :
999 2520 1292 2572 messores,
1323 2505 1500 2576 angeli
1531 2523 1544 2560 :
1578 2505 1814 2577 alligatio
1854 2506 2000 2560 ziza-

420 2593 634 2648 niorum
689 2594 744 2648 in
780 2593 1065 2652 fasciculos
1104 2595 1283 2653 innuit
1317 2595 1480 2650 unius
1510 2595 1754 2650 criminis
1783 2610 2004 2651 consor-

421 2691 536 2749 tes,
571 2685 728 2740 unius
755 2700 928 2756 pinnae
958 2686 1171 2744 futuros
1209 2703 1332 2744 esse
1370 2687 1702 2759 participes:
1735 2687 2002 2754 triticum,

418 2775 593 2831 sancti
623 2794 636 2830 :
667 2777 911 2831 horreum
929 2818 945 2844 ,
974 2779 1185 2834 mansio
1214 2778 1470 2834 caelestis.
1501 2777 1639 2834 Huic
1663 2786 1844 2833 autem
1867 2793 2006 2848 prae-

420 2875 578 2936 cepto
606 2868 842 2934 Domini,
875 2883 982 2938 quo
1011 2869 1120 2936 ait,
1157 2869 1332 2934 Sinite
1373 2878 1605 2940 utraque
1642 2883 1890 2926 crescere
1916 2883 2005 2924 us-

424 2975 529 3030 que
559 2959 625 3014 ad
669 2975 902 3016 messem
922 3002 937 3027 ,
967 2960 1183 3016 videtur
1213 2975 1334 3017 esse
1362 2961 1728 3027 contrarium,
1759 2959 1903 3030 quod
1931 2959 2009 3014 ait

423 3053 714 3122 Apostolus
740 3071 754 3108 :
788 3074 808 3106 ι
837 3053 1060 3112 Auferte
1089 3055 1293 3112 malum
1321 3056 1388 3111 de
1415 3056 1596 3112 medio
1621 3063 1863 3112 vestrum
1887 3055 1932 3120 ¹,
1981 3073 2001 3106 ι

2098 1867 2317 1924 Psalmo
2356 1885 2370 1922 :
2414 1885 2433 1918 ι
2488 1866 2557 1922 Ει
2606 1867 2829 1922 herbam
2901 1866 3150 1922 servituti
3198 1865 3476 1921 hominum
3523 1863 3549 1894 τ
3577 1903 3596 1926 ,
3653 1861 3709 1915 id

2099 1970 2202 2026 est,
2233 1960 2531 2031 temporale
2574 1959 2872 2016 subsidium
2900 1959 3216 2015 necessitati
3235 1957 3706 2028 prmdicatorum.

2101 2053 2305 2119 Herba,
2331 2053 2500 2126 gloria
2521 2051 2811 2116 mundana,
2833 2059 2896 2105 ut
2925 2051 2979 2105 in
3007 2049 3222 2106 Psalmo
3253 2066 3267 2103 :
3299 2067 3318 2100 ι
3353 2045 3518 2102 Mane
3551 2045 3712 2100 sicut

2099 2150 2270 2205 herba
2310 2155 2549 2204 transeat
2571 2146 2616 2214 ⁸,
2647 2166 2666 2198 ι
2700 2147 2844 2218 quod
2873 2147 3167 2216 apparente
3194 2145 3317 2198 vita:
3349 2142 3560 2196 futurae
3589 2138 3713 2192 cla—

2102 2241 2283 2306 ritate,
2332 2239 2518 2294 mundi
2565 2238 2734 2312 gloria
2781 2237 3015 2296 deficiet.
3061 2235 3164 2290 Per
3204 2233 3410 2300 herbas,
3461 2231 3712 2286 decreta

2101 2331 2368 2402 planiora,
2412 2337 2471 2384 ut
2499 2330 2557 2384 in
2583 2328 2721 2386 Job:
2753 2347 2773 2381 ι
2809 2326 3135 2384 Mandebant
3182 2326 3374 2381 herbas
3425 2331 3483 2378 et
3523 2323 3714 2376 arbo-

2103 2437 2225 2477 rum
2257 2421 2488 2476 cortices
2511 2419 2558 2485 ',
2610 2439 2630 2473 ι
2666 2419 2810 2491 quod
2848 2419 3087 2475 haeretici
3128 2431 3296 2488 prave
3338 2413 3716 2482 intelligendo

2104 2522 2161 2571 et
2195 2515 2410 2570 decreta
2441 2512 2684 2584 planiora
2731 2518 2788 2566 et
2833 2519 3146 2566 sanctorum
3187 2505 3430 2579 exempla
3463 2519 3716 2577 perver-

2105 2612 2248 2660 tunt.
2277 2603 2383 2659 Per
2426 2603 2634 2669 herbas,
2679 2601 2978 2658 sententias
3003 2599 3216 2656 Veteris
3241 2595 3616 2661 Testamenti,
3655 2604 3718 2649 ut

2107 2694 2162 2750 in
2191 2694 2345 2751 libris
2387 2693 2632 2766 Regum:
2671 2711 2690 2745 ι
2730 2692 2996 2764 Egressus
3043 2691 3098 2746 in
3146 2705 3277 2762 agro
3302 2697 3363 2744 ut
3410 2688 3718 2758 colligeret

2105 2784 2303 2842 herbas
2345 2792 2586 2857 agrestes
2611 2783 2676 2849 ⁸ο,
2716 2801 2736 2836 ι
2769 2781 2914 2852 quod
2950 2781 3132 2852 legere
3159 2781 3417 2836 debemus
3447 2781 3502 2834 in
3534 2793 3717 2834 sacra

2109 2877 2412 2950 Scriptura,
2441 2885 2498 2933 et
2525 2891 2623 2946 per
2653 2874 2988 2932 intellectum
3027 2873 3227 2930 sectari
3258 2873 3564 2930 sententias
3613 2887 3718 2924 ve-

2109 2981 2272 3027 teres.
2323 2970 2428 3025 Per
2475 2970 2659 3026 herbas
2711 2968 3020 3040 voluptates
3058 2967 3328 3032 carnales,
3368 2975 3432 3020 ut
3467 2966 3522 3019 in
3558 2964 3673 3019 Joh
3698 2983 3716 3019 :

2115 3079 2136 3114 ι
2171 3059 2309 3116 Huic
2336 3069 2550 3117 montes
2578 3061 2776 3116 herbas
2805 3059 3077 3116 ferunt“.
3124 3079 3144 3111 ι
3183 3058 3294 3113 Per
3317 3055 3528 3120 herbas,
3563 3073 3717 3128 gau-

425 3155 477 3201 et
527 3159 870 3217 nequaquam
919 3149 1236 3202 societatem
1276 3163 1404 3203 cum
1449 3147 1619 3202 fratre
1665 3146 2003 3212 habendam,

2110 3154 2200 3212 dia
2233 3163 2456 3220 arterna,
2514 3163 2574 3210 ut
2608 3155 2662 3209 in
2692 3157 2711 3177 '
2739 3151 2972 3210 Jeremia
3006 3171 3020 3207 :
3061 3172 3080 3205 ι
3113 3152 3191 3208 Ibi
3248 3122 3612 3220 requiescuth
3663 3151 3719 3203 in

427 3239 519 3310 qui
551 3239 861 3293 nominatur
889 3237 1205 3305 fornicator,
1236 3248 1332 3294 aut
1360 3255 1561 3294 avarus
1580 3279 1594 3304 ,
1623 3248 1730 3295 etc.
1773 3237 1832 3294 Si
1863 3239 2010 3294 enim

430 3328 749 3399 prohibetur
777 3330 1084 3398 separatio,
1115 3338 1174 3385 et
1198 3345 1371 3401 usque
1401 3331 1470 3387 ad
1505 3347 1740 3388 messem
1777 3332 2011 3388 tenenda

429 3421 810 3490 estpatientia,
831 3421 1102 3488 quomodo
1121 3422 1369 3492 ejiciendi
1395 3432 1524 3478 sunt
1537 3423 1663 3479 mali
1687 3424 1754 3479 de
1775 3423 1955 3480 medio
1971 3425 2012 3495 -ι·

429 3515 708 3570 vestrum?
731 3515 976 3585 nunquid
991 3513 1160 3585 judex
1180 3515 1323 3571 aliud
1346 3517 1638 3586 praedicat,
1665 3517 1812 3573 aliud
1830 3532 2012 3588 praeco

431 3603 670 3659 clamat?
687 3602 795 3660 Sed
817 3605 1072 3676 quoniam
1097 3605 1240 3660 inter
1263 3605 1501 3660 triticum
1528 3614 1585 3661 et
1611 3606 1836 3671 zizania,
1869 3606 2016 3677 quod

432 3713 533 3754 nos
578 3697 809 3755 dicimus
838 3699 1024 3754 lolium
1043 3737 1061 3765 ,
1091 3698 1330 3770 quandiu
1359 3699 1527 3754 herba
1555 3707 1670 3764 est,
1702 3706 1758 3753 et
1785 3699 2014 3754 necdum

433 3787 646 3844 culmus
675 3790 821 3843 venit
850 3789 918 3844 ad
949 3788 1186 3860 spicam,
1219 3789 1438 3860 grandis
1479 3788 1775 3844 similitudo
1815 3797 1928 3853 est,
1961 3797 2017 3843 et

433 3875 491 3931 in
533 3876 905 3933 discernendis
945 3886 1040 3932 aut
1079 3877 1226 3932 nulla
1269 3876 1499 3933 difﬁcilis
1537 3877 1834 3932 distantia:
1879 3891 2018 3946 prte-

434 3979 621 4025 monet
668 3970 961 4038 Dominus,
1009 3985 1078 4026 ne
1123 3971 1192 4026 de
1240 3971 1504 4042 ambiguis
1541 3970 1650 4025 cito
1691 3968 2017 4026 sententiam

434 4061 814 4134 proferamus,
864 4073 922 4119 et
967 4063 1088 4120 ideo
1130 4062 1350 4134 judicii,
1399 4065 1542 4133 quod
1587 4065 1856 4121 occultum
1899 4071 2015 4129 est,

437 4168 816 4220 reservemus,
847 4156 939 4225 qui
970 4154 1142 4211 malos
1179 4155 1251 4210 in-
1276 4154 1362 4210 die
1385 4154 1574 4227 judicii
1603 4169 1711 4208 non
1739 4167 1806 4208 ex
1839 4153 2016 4222 suspi-

438 4248 598 4304 cione
626 4247 892 4311 criminis,
926 4248 1019 4303 sed
1045 4262 1143 4318 per
1173 4246 1520 4302 manifestum
1549 4254 1756 4301 reatum
1782 4245 1849 4300 de
1877 4252 2020 4301 coetu

439 4349 759 4396 sanctorum
799 4338 1018 4409 eiiciat:
1063 4339 1308 4410 Apostoli
1349 4353 1483 4393 vero
1528 4352 1707 4393 sermo
1747 4339 1813 4392 de
1851 4335 2022 4407 paleis

2110 3244 2294 3302 herbis
2317 3243 2616 3299 virentibus
2645 3243 2714 3309 ι’,
2752 3261 2770 3294 ι
2802 3243 2946 3313 quod
2979 3240 3141 3298 electi
3164 3241 3402 3312 quietem
3425 3238 3724 3294 habebunt

2113 3335 2169 3390 in
2193 3333 2403 3407 gaudiis
2431 3331 2991 3389 immarcescibilibus.
3326 3323 3342 3333 ’

2183 3425 2386 3482 Hirtius
2411 3435 2496 3483 est
2535 3423 2802 3489 Christus,
2855 3433 2917 3479 ut
2963 3424 3020 3478 in
3066 3421 3295 3479 Exodo:
3337 3439 3359 3474 ι
3397 3420 3638 3476 Tolletis
3666 3429 3726 3475 et

2115 3518 2346 3582 haedum,
2397 3526 2453 3572 et
2498 3515 2845 3573 immolabitis
2886 3529 3012 3571 cum
3038 3514 3105 3580 ¹³,
3157 3513 3214 3568 id
3253 3521 3362 3579 est,
3398 3511 3720 3581 accipietis.

2115 3624 2148 3665 ο
2171 3607 2361 3674 Judaei,
2414 3607 2711 3673 Christum,
2741 3606 2838 3662 ‘id
2870 3614 2974 3670 est,
3025 3604 3355 3674 cruciﬁgetis
3407 3617 3557 3666 eum,
3623 3602 3721 3671 qui

2115 3714 2225 3756 non
2268 3699 2446 3755 solum
2491 3698 2750 3753 innocens
2786 3711 2887 3768 pro
2921 3695 3264 3760 nocentibus,
3297 3693 3397 3749 sed
3423 3703 3484 3748 et
3528 3691 3725 3760 justus

2114 3807 2216 3862 pro
2238 3790 2455 3861 injustis
2497 3787 2668 3844 voluit
2697 3785 2963 3858 crucifigi,
2996 3793 3234 3841 tentatus
3263 3797 3363 3853 per
3391 3782 3584 3838 omnia
3617 3797 3726 3851 pro

2119 3878 2486 3944 similitudine,
2528 3877 2731 3946 absque
2773 3884 2999 3946 peccato
3028 3875 3094 3928 “.
3123 3873 3282 3928 dei
3335 3881 3467 3928 sunt
3519 3886 3724 3940 pecca-

2119 3981 2288 4036 tores,
2311 3970 2403 4040 qui
2441 3969 2507 4024 ad
2533 3967 2810 4024 sinistram
2829 3967 3030 4038 iudicis
3055 3974 3215 4023 erunt
3247 3965 3324 4030 ¹⁸;
3365 3963 3512 4019 unde
3549 3979 3724 4033 spon-

2120 4077 2213 4118 sus
2260 4062 2314 4116 in
2352 4059 2582 4116 Cantico
2619 4073 2873 4130 sponsam
2926 4058 3106 4114 adhuc
3149 4055 3442 4114 novellam.
3495 4063 3552 4109 et
3593 4055 3725 4109 ideo

2121 4167 2220 4224 per
2248 4151 2530 4208 haereticos
2559 4149 3148 4220 decipi-trepidantem,
3185 4147 3418 4218 benigna
3465 4145 3724 4214 increpa-

2124 4247 2270 4300 tione
2301 4244 2595 4316 redarguit,
2645 4244 2868 4299 dicens:
2904 4261 2924 4295 ι
2961 4241 3018 4298 Si
3056 4243 3275 4312 ignoras
3309 4249 3384 4305 te,
3420 4255 3456 4294 0
3487 4240 3724 4309 pulchra

2126 4337 2268 4391 inter
2297 4335 2550 4391 mulieres
2581 4335 2646 4401 ¹⁶,
2685 4357 2703 4388 ι
2743 4335 2897 4406 quasi
2928 4335 3076 4390 dicat
3103 4349 3118 4388 :
3143 4334 3189 4388 si
3220 4333 3293 4387 ita
3322 4331 3556 4401 simplex
3580 4328 3719 4401 [7e23,]

441 4440 559 4500 est,
590 4433 694 4489 hoc
722 4441 838 4498 est,
869 4433 936 4488 de
961 4439 1148 4501 aperte
1176 4431 1362 4496 malis,
1395 4429 1540 4500 quod
1569 4429 1654 4484 vel
1681 4428 1900 4500 proprio
1926 4441 2022 4482 ore
2045 4480 2098 4501 ἣ
2127 4435 2208 4492 ιιι,
2239 4433 2444 4481 rectum
2481 4427 2612 4496 quid
2661 4427 2751 4491 sit,
2801 4427 3046 4497 ignores;
3091 4425 3137 4480 si
3183 4421 3459 4479 memoria:
3487 4421 3720 4485 excidit,

439 4521 674 4579 confessi
705 4562 720 4577 .
755 4563 770 4579 .
802 4562 817 4577 .
848 4521 935 4577 vel
978 4520 1352 4578 ecclesiastico
1390 4510 1595 4590 judicio
1633 4517 1863 4574 convicti
1905 4516 2022 4573 fue-

439 4614 571 4668 rint.
619 4612 775 4680 Quod
813 4613 980 4668 etiam
1009 4611 1306 4666 nominatio
1339 4611 1392 4664 in
1424 4609 1606 4664 verbis
1632 4607 1871 4680 Apostoli
1903 4608 2018 4664 evi-

441 4705 630 4760 denter
650 4704 841 4759 innuit.
868 4702 1135 4759 Czeterum
1157 4701 1419 4756 Dominus
1438 4702 1504 4756 de
1521 4700 1756 4771 generali
1778 4699 2019 4765 omnium

442 4795 706 4850 malorum
730 4796 1074 4866 separatione
1090 4835 1104 4858 ,
1137 4794 1204 4848 de
1225 4809 1332 4862 qua
1355 4807 1662 4848 sermonem
1683 4793 2020 4858 habuerunt,‘

440 4885 556 4956 agit
583 4901 597 4938 :
627 4882 827 4939 Paulus
857 4896 1038 4940 autem
1063 4884 1130 4938 de
1149 4882 1419 4954 spirituali
1442 4883 1832 4952 quorumdam,
1853 4889 1913 4934 ut
1940 4880 2022 4936 di-

441 4983 589 5032 ctum
616 4985 728 5041 est,
757 4977 1124 5032 convictorum
1145 5017 1161 5042 ,
1202 4991 1325 5047 quae:
1367 4984 1478 5031 tum
1518 4990 1681 5030 causa
1721 4974 2020 5030 correctio-

442 5067 528 5122 nis
566 5080 755 5120 eorum
795 5065 1038 5122 facienda
1067 5075 1151 5122 est
1191 5075 1456 5136 quantum
1508 5065 1626 5120 ﬁeri
1673 5073 1853 5134 potest
1888 5079 2024 5134 pace

443 5158 717 5224 Ecclesiae,
747 5158 866 5215 sine
895 5159 1150 5216 seandalo
1169 5158 1456 5222 bonorum,
1493 5175 1512 5208 ι
1553 5173 1622 5212 ne
1649 5157 1810 5222 forte,
1839 5177 1858 5208 ι
1885 5157 2025 5213 sicut

445 5251 522 5304 ait
565 5249 844 5317 Dominus,
878 5270 895 5303 ι
926 5251 1232 5305 eradicetur
1251 5256 1308 5302 et
1351 5247 1610 5301 triticum.
1651 5267 1670 5299 ι
1707 5245 1898 5300 Herba:
1926 5261 2026 5301 no-

441 5341 590 5398 mine
609 5343 838 5398 virtutes
865 5340 1255 5412 intelliguntur,
1278 5337 1493 5396 dicente
1515 5336 1698 5410 Moyse
1723 5340 1738 5361 '
1769 5337 1828 5393 in
1856 5337 2026 5394 canti-

2044 4480 2099 4543 D

2125 4517 2278 4588 cujus
2327 4531 2388 4574 es
2416 4516 2622 4573 imbuta
2669 4515 2951 4584 doctrinis,
2986 4523 3043 4572 et
3089 4514 3379 4571 informata
3422 4512 3720 4581 exemplis,

2128 4627 2149 4662 ι
2177 4609 2442 4682 egredere
2469 4625 2500 4666 a
2527 4610 2801 4666 consortio
2824 4624 2969 4676 meo,
2994 4616 3052 4664 et
3076 4608 3165 4664 abi
3185 4616 3310 4679 post
3333 4605 3568 4677 vestigia
3591 4620 3720 4675 gre-

2103 4697 2270 4773 gum,
2303 4721 2321 4752 ι
2375 4716 2603 4772 sequere
2630 4703 2810 4756 varios
2845 4711 3000 4757 actus
3040 4700 3340 4756 errantium
3370 4717 3383 4753 :
3414 4717 3433 4750 ι
3467 4707 3528 4753 ει
3551 4713 3718 4768 pasce

2122 4773 2310 4847 haedos
2331 4801 2454 4848 tuos
2471 4791 2628 4861 juxta
2652 4792 2998 4848 tabernacula
3031 4800 3329 4863 pastorum,
3376 4810 3397 4842 ι
3422 4791 3562 4845 doce
3585 4803 3714 4858 per-

2123 4884 2266 4939 ditos
2307 4891 2362 4939 et
2399 4883 2701 4952 perdendos
2743 4883 3019 4938 auditores
3061 4893 3182 4936 tuos
3213 4886 3230 4905 '
3256 4889 3443 4936 secuta
3497 4878 3718 4934 scholas

2126 4974 2494 5044 insipientium
2546 4975 2928 5046 magistrorum
2962 4983 3194 5038 tuorum,
3241 4970 3347 5036 vel,
3397 4969 3591 5024 haedos
3619 4984 3715 5038 pa-

2127 5081 2303 5133 scere,
2329 5076 2413 5122 εει
2441 5066 2838 5121 immunditiam
2864 5065 3043 5122 carnis
3065 5064 3294 5119 nutrire.
3319 5060 3437 5117 Non
3465 5061 3714 5130 pmcipit

2128 5156 2232 5212 hoc
2283 5154 2561 5221 Dominus,
2617 5157 2712 5210 sed
2765 5155 3048 5226 permittit,
3102 5162 3158 5209 et
3211 5151 3342 5222 quid
3387 5161 3713 5206 eventurum

2129 5246 2218 5313 sit,
2243 5247 2510 5317 ignoranti
2536 5245 2800 5316 praedicit.
2827 5244 3050 5310 Iliadas,
3072 5240 3416 5314 paenitentia,
3442 5248 3505 5295 ut
3527 5235 3711 5293 inGe-

2130 5336 2281 5392 nesi:
2343 5356 2362 5386 ε
2398 5335 2610 5390 Mittam
2649 5335 2748 5392 tibi
2805 5335 3015 5391 haedum
3069 5334 3136 5390 de
3185 5331 3365 5405 capris
3393 5330 3461 5396 ",
3504 5348 3526 5380 ³
3563 5325 3712 5397 (μιαί

518 5562 535 5590 ³
567 5557 756 5612 Matth.
788 5572 886 5612 χιιι
904 5597 920 5622 ,
949 5555 1019 5610 26
1048 5569 1164 5625 seq.
1185 5555 1207 5585 '
1227 5552 1250 5608 l
1269 5552 1393 5610 Cor.
1421 5569 1478 5620 v,
1501 5553 1588 5609 l5.
1609 5553 1816 5625 'hDeut.
1849 5568 2021 5625 xxxii,
2042 5551 2096 5625 2.
2128 5549 2286 5625 f_Job.
2328 5565 2418 5619 χι,
2449 5550 2537 5625 l§.
2574 5549 2876 5625 '_Jer._x1v,
2904 5549 2956 5625 ϐε
2972 5549 3000 5625 _°_
3021 5549 3172 5625 Gen;
3187 5566 3226 5616 ι,
3246 5550 3335 5625 l_l.
3363 5549 3386 5582 "
3417 5547 3561 5604 Psal.
3587 5560 3706 5625 cui,

448 5627 538 5696 14,
567 5637 622 5682 ει
660 5643 840 5690 CXLVI,
868 5620 940 5696 8.,
963 5627 984 5657 ⁸
1009 5620 1154 5696 Ρεειῖ
1203 5625 1524 5696 ωιῃιιιηηςί.
1568 5625 1594 5696 ξ
1631 5623 1750 5680 Job.
1783 5621 2003 5696 ιαμ-4.

2132 5620 2244 5696 ny.

2247 5636 2328 5691 eg.
2373 5616 2449 5689 tv,
2478 5621 2567 5677 59.
2599 5623 2640 5653 ιι
2684 5620 2785 5676 Job
2814 5637 2905 5690 xc,
2933 5621 3025 5688 i5,
3065 5621 3107 5653 “'
3131 5621 3329 5678 Ezech.
3377 5633 3567 5684 xxxiv,
3614 5616 3706 5671 ιι.

452 5697 474 5728 ³
504 5691 673 5755 Exod.
697 5713 800 5762 xu,
820 5697 874 5750 5.
907 5695 952 5728 “
984 5695 1120 5750 Heb.
1154 5710 1234 5764 tv,
1258 5693 1347 5749 45.
1377 5694 1421 5727 ¹⁸
1450 5693 1640 5752 Matth.
1670 5710 1797 5749 xxv.
1833 5694 1877 5726 ⁸⁸
1912 5693 2003 5750 Cal

2109 5707 2147 5759 ι,
2179 5693 2231 5748 7.
2267 5693 2306 5724 ³⁷
2333 5692 2470 5750 Gen.
2495 5707 2722 5759 xxxvm,
2753 5691 2839 5746 i7.
