3972 6336
283 340 388 397 955

280 451 532 508 Christus
584 451 840 509 Ecclesiae
897 470 997 525 pro
1051 459 1295 528 pristinis
1349 465 1617 519 erratibus
1663 465 1840 534 poeni-

283 542 508 597 tentiam
562 541 808 598 infundit.
847 543 1067 612 Herius,
1121 551 1392 620 appetitus
1448 555 1646 620 carnis,
1699 564 1757 609 ut
1791 555 1846 612 in

281 631 420 687 libro
469 631 748 689 Iudicum:
786 655 806 687 ι
839 633 996 692 Coxit
1031 638 1244 696 haedum
1282 640 1499 698 Gedeon
1531 646 1572 710 ¹,
1613 665 1631 697 ι
1679 647 1845 716 quod,

277 723 371 792 qui
396 731 522 778 sunt
547 723 771 790 Christi,
821 740 1040 782 carnem
1083 745 1239 785 suam
1289 734 1690 791 crucitixerunt-
1723 752 1848 792 cum

277 813 425 868 vitiis
475 821 532 868 et
582 815 1033 885 cuncupiscentiis
1078 819 1118 872 ¹¹.
1170 819 1274 876 Per
1317 823 1498 878 haedos
1545 825 1848 896 voluptuosi

276 917 468 958 sensus
522 905 788 973 corporis,
844 914 904 960 ut
962 907 1019 962 in
1074 907 1295 966 Cantico
1325 929 1341 965 :
1371 931 1392 964 ι
1435 913 1607 970 Pasce
1663 916 1848 972 haedos

276 1001 400 1048 tuos
436 993 479 1058 ³,
531 992 582 1048 id
631 1002 752 1061 est,
797 998 1104 1067 permittam
1148 1009 1202 1056 te
1251 1003 1459 1059 nutrire
1501 1006 1848 1078 voluptuosos

273 1097 470 1137 sensus
508 1089 645 1138 tuos.
686 1083 791 1140 Per
829 1087 1028 1152 haedos,
1059 1091 1298 1159 reprobi,
1333 1101 1396 1148 ut
1441 1093 1498 1148 in
1520 1095 1842 1168 Evangelio:

279 1192 300 1224 ι
343 1172 560 1231 Statuet
603 1177 823 1245 quidem
872 1193 1052 1236 ovesa
1095 1183 1327 1252 dextris,
1384 1187 1566 1244 haedos
1615 1199 1847 1247 autema

271 1269 510 1326 sinistris
557 1270 600 1336 ⁸,
646 1292 666 1324 ›
707 1274 851 1343 quod
899 1274 1060 1332 electi
1113 1277 1483 1350 salvabuatur,
1533 1292 1590 1338 et
1631 1284 1846 1355 reprobi

270 1363 688 1420 damnabuntur.

341 1450 606 1508 Herodius
634 1462 718 1510 est
765 1454 1029 1524 Christus,
1075 1467 1136 1514 ut
1175 1461 1235 1516 in
1271 1461 1543 1520 Psalmis:
1583 1485 1602 1518 ς
1631 1465 1846 1523 Herodii

265 1541 464 1597 domus
497 1541 604 1597 dux
633 1553 718 1599 est
743 1560 944 1602 eorum
991 1547 1034 1615 ',
1071 1568 1092 1600 ι
1134 1553 1277 1620 quod
1327 1552 1586 1619 Ecclesia,
1619 1571 1740 1626 qua:
1762 1565 1848 1612 est

263 1630 534 1686 habitatio
563 1630 795 1701 Christi,
836 1635 1041 1692 electos
1079 1641 1146 1694 ad
1189 1640 1353 1696 vitam
1403 1643 1666 1712 perducit.
1732 1645 1846 1699 He-

263 1722 448 1776 rodius
472 1763 487 1788 ,
558 1723 828 1792 perfectus
869 1726 1094 1798 quilibet
1121 1769 1136 1796 ,
1189 1740 1249 1786 ut
1293 1732 1349 1787 in
1407 1731 1550 1788 Job:
1608 1754 1625 1786 σ
1660 1735 1846 1792 Penna

260 1813 590 1868 struthionis
643 1814 837 1871 similis
883 1826 969 1872 est
1025 1821 1217 1889 pennis
1275 1823 1485 1878 herodii
1540 1825 1561 1854 °

262 1902 432 1958 talem
485 1904 774 1974 aliquando
836 1906 1118 1978 hypocrita
1167 1913 1380 1982 publice
1442 1916 1712 1971 actionem
1758 1933 1847 1974 os-

209 2081 220 2088 ‘
261 1997 460 2064 tendit,
494 1999 710 2069 qualem
739 2010 954 2059 exercet
983 2003 1074 2060 ille
1103 2005 1195 2076 qui
1219 2006 1277 2062 in
1304 2008 1554 2064 omnibus
1573 2009 1848 2079 perfectus

257 2098 362 2144 est.

335 2180 594 2239 Heremus
647 2192 728 2240 est
776 2184 979 2254 Jddasa,
1013 2197 1075 2244 ut
1101 2189 1156 2244 in
1206 2191 1475 2247 Psalmis:
1512 2193 1850 2266 «interrupit

257 2283 473 2344 petram
526 2276 582 2330 in
634 2279 856 2334 heremo
903 2279 947 2345 ⁷,
981 2301 1000 2332 ›
1036 2280 1089 2336 id
1136 2289 1243 2349 est,
1285 2283 1538 2338 duritiam
1584 2285 1850 2357 confregit

255 2368 316 2422 in
356 2368 563 2435 Judaea,
609 2387 630 2421 ‹
666 2369 733 2424 Et
780 2371 1068 2442 adaquavit
1092 2387 1186 2428 eos
1222 2373 1369 2428 velut
1408 2375 1464 2428 in
1489 2375 1682 2446 abysso
1711 2376 1849 2431 mul-

257 2467 318 2512 ta
365 2459 414 2524 ⁸,
450 2477 468 2511 ι
504 2465 520 2481 ·
553 2458 795 2529 profudit
847 2463 903 2516 in
952 2470 1062 2518 toto
1101 2464 1300 2519 mundo
1346 2465 1732 2522 abundantiam
1761 2468 1846 2522 di-

255 2552 514 2608 vitiorum
566 2553 978 2609 charismatum.
1021 2553 1301 2622 Heremus,
1355 2555 1648 2628 gentilitas,
1681 2565 1744 2612 ut
1789 2557 1846 2613 in

255 2643 540 2713 Propheta
578 2663 592 2699 :
643 2664 662 2697 ‹
709 2642 1160 2702 Germinaverunt
1195 2648 1215 2670 ‘
1245 2647 1422 2716 campi
1463 2647 1670 2702 heremi
1721 2647 1768 2713 θ,
1821 2665 1840 2699 ι

253 2734 407 2805 quod
450 2735 676 2791 intuitus
716 2735 957 2807 gentium
1005 2735 1235 2808 p0pulus
1279 2735 1346 2790 ad
1397 2735 1633 2792 fructum
1673 2736 1848 2808 legem

253 2829 534 2899 esposuit,
563 2843 725 2895 quam
757 2828 946 2884 videns
982 2828 1132 2884 velut
1153 2830 1319 2886 odore
1352 2837 1560 2886 tantum
1589 2832 1843 2900 suscepit.

255 2919 545 2987 Heremus,
575 2929 812 2988 austera,
833 2921 1125 2991 tranquilla
1144 2932 1200 2978 et
1217 2938 1411 2978 secura
1439 2923 1570 2990 vita,
1592 2923 1661 2978 ad
1682 2939 1846 2994 quam

258 3029 390 3068 vere
417 3015 588 3070 servis
615 3014 715 3070 Dei
742 3014 1055 3086 fugiendum
1075 3027 1178 3072 est.

336 3102 569 3160 Harmon
593 3104 823 3176 gentiles
845 3105 1068 3178 indicat,
1089 3115 1151 3162 ut
1179 3107 1233 3163 in
1259 3106 1487 3163 Psalmis
1512 3126 1527 3162 :
1573 3127 1593 3160 ‹
1629 3107 1848 3164 Thabor

249 3203 315 3248 et
363 3195 597 3252 Ilermon
651 3196 706 3250 in
753 3196 970 3251 nomine
1014 3205 1106 3252 tuo
1159 3197 1509 3252 exsultabant
1537 3196 1602 3262 ¹⁰,
1642 3217 1660 3248 ι
1700 3198 1844 3266 quod
1872 3193 1918 3257 C

247 3287 432 3344 Judaei
459 3303 557 3360 per
592 3288 764 3360 legem
791 3290 1072 3346 venientes
1099 3297 1156 3345 et
1187 3289 1496 3355 illuminati,
1539 3297 1595 3345 et
1620 3289 1846 3360 gentiles

253 3381 536 3436 diabolum
562 3381 1106 3449 anathematizantes,
1142 3389 1197 3436 et
1237 3397 1266 3435 a
1291 3381 1439 3436 vitiis
1474 3380 1693 3436 alienati
1734 3379 1845 3435 Do-

255 3472 411 3526 mino
462 3480 555 3527 tuo
585 3471 742 3528 subdi
791 3472 1117 3543 gaudebunt.
1155 3475 1174 3494 '
1209 3472 1428 3528 Thabor
1454 3473 1599 3528 enim
1623 3471 1848 3528 veniens

252 3561 465 3626 lumen,
513 3559 752 3616 Hermon
780 3562 1068 3616 anathema
1094 3560 1176 3616 vel
1216 3561 1430 3617 alienon
1461 3561 1660 3616 dicitur
1711 3560 1848 3616 Her-

255 3668 414 3718 mon,
439 3653 582 3722 quod
604 3653 993 3724 interpretatur
1019 3653 1198 3709 lumen
1226 3653 1542 3719 exaltatum,
1569 3651 1849 3708 Christum

252 3737 552 3814 signiﬁcat,
578 3743 792 3799 dicente
829 3743 1038 3813 psalmo
1065 3761 1078 3798 :
1111 3762 1132 3796 ι
1165 3744 1318 3800 Sicut
1347 3759 1439 3800 ros
1464 3743 1722 3810 Hermon,
1753 3743 1848 3813 qui

253 3835 542 3890 descendit
589 3835 644 3888 in
685 3843 868 3889 monte
913 3834 1045 3891 Sion
1075 3836 1146 3902 η,
1171 3855 1190 3886 ι
1218 3835 1274 3890 id
1315 3843 1420 3900 est,
1472 3835 1643 3906 gratia
1687 3833 1845 3889 Chri-

256 3927 335 3981 sti
365 3929 384 3948 ⁶
405 3926 644 3992 exaltati,
684 3928 775 3996 qui
813 3927 964 3982 venit
993 3927 1062 3982 ad
1087 3927 1405 3992 Ecclesiam,
1430 3927 1574 3996 quod
1617 3925 1723 3980 tale
1763 3934 1848 3982 est

257 4017 467 4072 fratres
493 4017 739 4072 habitare
765 4018 820 4072 in
838 4033 1006 4074 unum
1045 4033 1389 4084 consensum,
1431 4017 1602 4086 qualis
1623 4026 1706 4072 est
1732 4031 1849 4088 gra-

262 4110 340 4163 tia
367 4107 590 4174 Christi,
629 4123 750 4177 quae
777 4108 1054 4166 descendit
1090 4109 1142 4162 in
1173 4107 1557 4164 eminentiores
1586 4106 1845 4162 ecclesiis.

257 4199 475 4254 Futura
501 4198 830 4269 speculantis
859 4197 988 4254 Sion
1015 4198 1232 4269 specula
1263 4199 1671 4269 interpretatur.

343 4287 696 4362 Hydropicus,
729 4292 746 4311 ‘
777 4290 1025 4361 quilibet,
1053 4300 1111 4346 ut
1135 4292 1191 4346 in
1218 4289 1508 4361 Evangelio
1533 4307 1546 4343 :
1577 4309 1597 4341 ι
1631 4289 1700 4344 Et
1722 4302 1850 4345 ecce

259 4381 597 4454 hydropicus
647 4390 768 4437 erat
820 4390 944 4436 ante
986 4396 1111 4438 eum
1137 4382 1202 4449 ¹¹¹,
1232 4401 1250 4433 ι
1285 4381 1428 4452 quod
1474 4395 1670 4436 avarus
1695 4419 1710 4445 ,
1742 4395 1852 4450 quo

261 4472 501 4542 amplius
550 4473 806 4540 abundat,
854 4487 920 4530 eo
963 4473 1084 4543 plus
1132 4471 1422 4538 desiderat,
1465 4472 1606 4528 sicut
1647 4472 1847 4543 hydro-

262 4564 448 4632 picus,
477 4578 586 4633 quo
611 4563 784 4635 magis
809 4563 969 4629 bibit,
996 4579 1061 4619 eo
1089 4565 1258 4634 magis
1286 4563 1420 4618 sitit.

346 4652 550 4720 Hiems,
586 4655 731 4725 quod
773 4661 982 4725 tempus
1023 4654 1286 4723 inaequale
1309 4663 1414 4718 est,
1460 4660 1516 4708 et
1557 4659 1848 4722 tempesta-

263 4746 417 4800 tibus
471 4745 727 4812 abundat,
783 4745 1169 4802 abundantiam
1225 4744 1526 4814 iniquitatis
1580 4742 1844 4812 designat.

267 4837 426 4891 Unde
459 4838 720 4893 Dominus
758 4838 813 4893 in
847 4837 1137 4908 Evangelia
1184 4837 1478 4892 secundum
1508 4837 1528 4857 '
1559 4834 1797 4889 Marcum
1831 4852 1843 4888 :

269 4948 288 4978 ι
331 4923 500 4981 Orate
530 4943 599 4982 ne
641 4926 767 4997 fuga
811 4935 988 4982 vestra
1030 4926 1122 4981 ﬂat
1149 4926 1203 4980 in
1253 4926 1429 4980 hieme
1461 4925 1529 4991 ³³,
1572 4944 1590 4977 ι
1637 4923 1691 4977 id
1743 4931 1843 4989 est,

265 5017 490 5088 quando
518 5017 574 5072 in
621 5016 950 5073 abundantia
994 5015 1224 5080 fueritis,
1266 5034 1285 5066 ‹
1319 5014 1405 5070 vel
1451 5016 1506 5069 in
1549 5014 1792 5080 sabbato,
1823 5032 1843 5066 ›

264 5124 437 5179 quam
479 5108 801 5164 sententiam
846 5107 1018 5162 Lucas
1050 5108 1124 5162 ita
1168 5107 1364 5176 ponit:
1401 5124 1418 5156 ι
1451 5104 1674 5177 Vigilate
1702 5105 1849 5159 omni

265 5209 516 5269 tempore
545 5207 765 5256 orantes
808 5207 868 5254 ut
903 5198 1049 5270 digni
1087 5197 1390 5253 habeamini
1443 5197 1626 5269 fugere
1657 5213 1688 5252 a
1715 5212 1847 5251 ven-

268 5298 398 5346 tura
441 5290 544 5358 ira,
586 5298 644 5345 et
682 5299 830 5346 stare
875 5297 1002 5344 ante
1027 5287 1224 5343 Filium
1269 5288 1501 5343 hominis
1532 5287 1598 5341 “.
1629 5307 1648 5341 ι
1691 5287 1851 5358 Digni

269 5390 454 5438 autem
484 5399 593 5440 non
617 5391 796 5452 erunt,
827 5383 918 5453 qui
937 5391 1065 5439 tunc
1089 5382 1146 5437 in
1171 5381 1498 5437 abundantia
1525 5381 1849 5452 iniquitatis,

1233 350 1647 408 ALLEGORIE
1685 353 1753 409 IN
1794 305 2068 448 SACRAII
2104 363 2561 422 SCRIPTURAM.

1874 4545 1929 4605 D

3417 387 3520 443 954

1867 474 1920 533 Α
2017 489 2122 529 non
2149 477 2203 530 in
2239 479 2361 571 boni
2393 483 2571 550 operis
2601 489 2880 544 vocatione
2918 491 3122 549 inventi
3153 495 3370 554 fuerint.
3401 500 3516 571 Vel,

1948 564 2122 656 hiems
2146 575 2228 624 est
2255 570 2506 628 inhabilis
2539 577 2606 648 ad
2637 579 2652 596 ‘
2679 578 2786 634 itus
2833 582 3096 638 attinente
3126 585 3326 656 frigore
3357 564 3521 648 :sab;

1947 654 2076 711 bato
2099 667 2278 714 autem
2307 662 2516 734 longius
2543 668 2622 722 ire
2643 685 2751 724 non
2774 669 2918 736 licet,
2951 654 3270 744 prohibente
3301 682 3415 752 lege
3439 684 3517 751 ‘3;

1947 754 2003 802 et
2026 757 2108 804 est
2130 765 2319 806 sensus
2344 771 2357 807 :
2388 753 2680 814 Praevidete
2706 777 2772 816 ne
2814 771 2941 818 tunc
2960 764 3234 835 incipiatis
3263 771 3396 826 iram
3423 773 3520 830 Dei

1945 839 2154 935 fugere,
2204 847 2415 913 quando
2459 864 2566 905 non
2611 851 2736 908 licet
2779 856 3070 912 ambulare.
3125 858 3306 914 Hiems
3349 862 3520 935 frigus

1948 929 2294 998 inﬁdelitatis,
2325 935 2532 994 dicente
2564 957 2760 1009 sponso
2794 944 2859 997 ad
2898 960 3147 1014 sponsam
3180 948 3230 1002 in
3273 929 3514 1008 Cantico.

1953 1044 1972 1078 ς
2006 1024 2209 1097 Surge,
2239 1030 2412 1084 amica
2437 1047 2558 1087 mea
2583 1033 2646 1099 ιθ,
2688 1055 2707 1086 ι
2747 1051 2779 1089 a
2807 1036 2989 1105 quiete
3019 1040 3520 1110 contemplationis,

1953 1135 1972 1168 ‹
1991 1127 2046 1174 et
2057 1120 2179 1174 veni
2197 1139 2216 1171 ›
2235 1120 2302 1175 ad
2314 1120 2546 1178 cilicium
2565 1127 2992 1195 pradicationis:
3015 1150 3034 1181 α
3052 1128 3166 1198 jam
3187 1134 3330 1186 enim
3347 1135 3522 1191 hiems

1947 1211 1967 1231 ί
1989 1211 2226 1279 transiit,
2265 1232 2283 1263 ι
2321 1213 2372 1267 id
2404 1223 2508 1280 est,
2541 1217 2840 1287 congelatio
2865 1221 3195 1277 inﬁdelitatis
3215 1238 3244 1276 a
3267 1224 3521 1280 cordibus

1946 1303 2185 1372 gentium
2212 1321 2225 1356 :
2263 1322 2282 1355 ι
2311 1304 2484 1360 imber
2509 1307 2643 1361 abiit
2663 1317 2716 1362 et
2743 1312 2984 1376 recessit,
3021 1331 3040 1363 ι
3070 1315 3374 1381 persecutio
3397 1330 3522 1384 pau-

1946 1391 2096 1447 latim
2126 1394 2381 1450 deficiens
2403 1384 2636 1452 omnino.
2655 1401 2905 1456 cessavit.
2952 1401 3164 1469 Hiems,
3194 1404 3398 1463 malitia
3417 1446 3432 1469 ,
3463 1413 3525 1459 ut

1945 1485 2002 1540 in
2040 1485 2345 1556 Evangelio.
2381 1505 2400 1539 ‹
2431 1489 2594 1545 Facta
2627 1500 2753 1546 sunt
2785 1494 3030 1548 encoenia
3065 1495 3120 1549 in
3149 1495 3520 1566 Jerosolymis,

1945 1584 2000 1630 et
2029 1575 2202 1631 hiems
2238 1584 2359 1632 erat
2382 1579 2449 1645 1",
2488 1599 2506 1631 ι
2542 1582 2685 1650 quod
2724 1585 2939 1652 quando
2984 1584 3039 1638 in
3083 1584 3222 1640 festo
3263 1587 3356 1640 illo
3379 1586 3521 1640 Deus

1947 1665 2145 1730 docuit,
2184 1679 2368 1721 eorum
2397 1678 2587 1724 contra
2627 1671 2774 1725 illum
2821 1672 3024 1726 malitia
3052 1675 3272 1728 exarsit.
3317 1673 3520 1742 Hiems,

1945 1755 2194 1810 ultimum
2238 1758 2519 1828 iudicium,
2561 1769 2622 1815 ut
2648 1762 2703 1815 in
2747 1761 3055 1830 Parabolis;
3093 1783 3111 1814 ‹
3145 1763 3311 1820 Parat
3342 1766 3394 1819 in
3420 1783 3522 1822 tes-

1569 1865 1583 1890 ,
1630 1845 1649 1876 »
1697 1827 1840 1896 quod

1955 1855 2052 1903 Late
2092 1827 2249 1918 quod
2281 1851 2529 1906 comedat
2571 1852 2627 1906 in
2666 1851 2844 1907 hieme
2886 1853 2950 1918 ιδ,
2995 1874 3013 1906 ι
3042 1827 3104 1910 id
3129 1863 3232 1920 est,
3285 1863 3522 1910 meretur

1950 1937 2005 1992 in
2031 1941 2280 2006 praesenti
2303 1941 2434 2005 vita,
2459 1957 2559 2010 pro
2589 1957 2696 2010 quo
2717 1943 3150 1998 remunerabitur
3183 1944 3236 1997 in
3265 1946 3281 1964 ‘
3315 1944 3517 1999 futura.

2020 2027 2226 2100 Hywna
2263 2032 2633 2099 estdiaholus,
2678 2040 2736 2087 ut
2763 2033 2817 2087 in
2845 2033 3155 2104 Propheta:
3201 2052 3219 2086 ι
3257 2033 3522 2103 Spelunca

1948 2121 2154 2193 hyaenae
2189 2131 2272 2178 est
2297 2124 2585 2179 haereditas
2619 2139 2759 2190 mea,
2797 2145 2817 2177 ι
2855 2125 2909 2179 id
2936 2132 3038 2191 est,
3094 2123 3277 2190 ludaai,
3305 2139 3442 2194 quos
3467 2125 3524 2179 in

1947 2212 2320 2268 haereditatem
2351 2213 2510 2285 elegi,
2548 2229 2634 2268 me
2679 2213 2891 2284 abjecto
2935 2215 3207 2272 diabolum
3235 2215 3290 2269 in
3315 2229 3375 2269 se
3399 2228 3522 2268 sus-

1947 2315 2228 2376 ceperunt.

1973 2424 1984 2436 -
2019 2395 2246 2450 Hirmuli
2285 2406 2411 2452 sunt
2440 2397 2672 2452 virtutes
2712 2398 3043 2468 spirituales,
3075 2407 3137 2452 ut
3166 2398 3221 2452 in
3253 2397 3476 2453 Cantico
3505 2415 3519 2450 :

1953 2508 1971 2540 ι
2003 2488 2120 2543 Duo
2162 2487 2330 2543 ubera
2385 2500 2473 2542 tua
2527 2489 2668 2544 sicut
2709 2490 2815 2544 duo
2855 2489 3080 2544 hinnulli
3113 2489 3179 2554 ",
3211 2509 3230 2540 ι
3274 2491 3417 2559 quod
3469 2489 3523 2543 in

1948 2586 2177 2648 utroque
2191 2579 2409 2650 populo,
2422 2577 2644 2636 Iudaico
2659 2579 2910 2635 videlicet
2922 2589 2976 2635 et
2989 2580 3197 2651 gentili,
3215 2579 3522 2649 spirituales

1950 2673 2051 2727 viri
2081 2682 2223 2728 sunt.

2007 2761 2272 2816 ‘Hinnitus
2298 2770 2381 2817 est
2400 2764 2734 2832 praedicatio,
2755 2773 2818 2818 ut
2841 2765 2894 2818 in
2926 2764 3027 2819 Job
3055 2782 3068 2819 :
3105 2783 3122 2816 ι
3151 2762 3522 2820 Circumdabis

1948 2853 2143 2908 collum
2167 2867 2290 2922 equi
2323 2854 2534 2908 hinnitu
2559 2854 2630 2919 ’⁸,
2661 2873 2679 2905 ι
2700 2856 2868 2922 idest,
2895 2864 3130 2911 mentem
3152 2856 3523 2926 praedicatoris

1948 2941 2148 2997 ditabis
2177 2952 2363 2997 saneta
2387 2943 2789 3013 przedicatione.

2019 3032 2288 3099 Hiruudo,
2320 3035 2614 3090 assiduitas
2635 3036 2916 3101 orationis,
2941 3045 3000 3092 ut
3024 3037 3078 3091 in
3103 3036 3239 3092 Isaia
3270 3055 3282 3090 :
3318 3056 3336 3089 ι
3373 3036 3523 3092 Sicut

1946 3123 2123 3193 pullus
2164 3123 2468 3179 hirundinis
2495 3126 2560 3190 ³³,
2593 3145 2611 3177 ι
2648 3127 2699 3180 id
2737 3136 2837 3188 est,
2870 3125 3092 3196 jugiter,
3131 3129 3198 3182 ad
3248 3128 3419 3182 instar
3443 3128 3525 3182 hi-

1950 3216 2216 3282 rundinis,
2251 3217 2572 3272 festinanter
2591 3219 2778 3273 orabo.
2811 3217 2915 3273 Per
2932 3219 3258 3283 hirundines,
3283 3219 3519 3288 superbi,

1947 3317 2009 3362 ut
2059 3307 2113 3362 in
2158 3307 2296 3362 libro
2324 3307 2506 3363 Tobia:
2541 3308 2586 3339 ¹¹
2617 3323 2686 3363 ex
2733 3309 2860 3365 nido
2893 3309 3200 3364 hirundinis
3233 3310 3521 3364 dormienti

1948 3397 2025 3452 illi
2051 3397 2224 3453 calida
2248 3405 2487 3453 stercora
2516 3397 2834 3470 incidebant
2873 3398 3044 3453 oculis
3070 3397 3208 3466 ejus,
3243 3398 3296 3452 id
3326 3406 3428 3465 est,
3455 3413 3523 3453 ex

1947 3487 2190 3545 fomento
2218 3491 2573 3561 superborum
2599 3488 2937 3545 ﬂanunantes
2957 3489 3208 3546 libidines
3233 3489 3523 3546 interiores

1947 3594 2138 3635 sensus
2163 3583 2517 3650 occupabant.

2018 3668 2214 3724 Hircus
2259 3679 2344 3726 est
2376 3670 2646 3737 Christus,
2677 3682 2736 3727 ut
2769 3674 2825 3727 in
2852 3671 3096 3728 Levitico
3141 3673 3328 3727 hircus
3365 3673 3526 3728 emis-

1948 3764 2125 3820 sarius
2156 3772 2374 3834 peccata
2405 3765 2585 3835 populi
2624 3764 2876 3835 portabat
2895 3764 2981 3830 ²⁸;
3011 3765 3154 3835 quod
3196 3761 3442 3819 Christus
3471 3765 3525 3817 in

1947 3859 2209 3914 mundum
2247 3873 2278 3912 a
2307 3859 2470 3914 Patre
2516 3859 2716 3914 missus
2766 3858 2988 3914 humani
3041 3857 3258 3928 generis
3304 3864 3525 3926 peccata

1947 3951 2216 4021 portabat.
2267 3949 2416 4004 Hirci
2471 3950 2547 4005 illi
2607 3950 2734 4016 duo,
2784 3965 3014 4020 quorum
3058 3965 3198 4004 unus
3240 3947 3522 4026 occiditur,

1949 4042 2085 4097 alter
2105 4042 2160 4096 in
2193 4041 2465 4096 desertum
2497 4041 2748 4108 mittitur,
2787 4041 3061 4097 Christum
3096 4049 3152 4095 et
3181 4044 3196 4062 ⁶
3231 4040 3525 4096 Barrabam

1949 4132 2178 4204 mystice
2221 4132 2522 4202 designant.
2574 4131 2824 4188 Christus
2860 4132 3004 4186 enim
3053 4147 3150 4202 pro
3175 4133 3409 4203 peccatis
3439 4147 3530 4201 po-

1949 4225 2060 4297 puli
2107 4233 2336 4279 mortem
2378 4224 2523 4279 subit
2553 4239 2569 4278 :
2601 4225 2702 4287 et,‘
2733 4224 3000 4280 Barrabas
3030 4224 3094 4278 ad
3139 4223 3406 4280 infernum
3435 4225 3527 4277 de-

1952 4315 2181 4372 scendit.
2207 4315 2340 4371 Item
2364 4329 2379 4368 :

2137 4448 2422 4511 anteferes
2437 4449 2604 4511 templi
2625 4449 2767 4500 binos
2789 4461 2868 4500 rex
2897 4449 3103 4511 applicat
3125 4448 3322 4498 hircos:

2199 4511 2218 4527 "
2243 4509 2376 4560 Unus
2397 4510 2460 4559 de
2481 4509 2610 4560 ferro
2630 4513 2858 4572 mittitur,
2884 4509 3008 4560 alter
3030 4512 3147 4558 obit.

2137 4571 2354 4624 Christus
2376 4572 2584 4622 diversis
2609 4571 2901 4623 virtitutibus
2925 4573 3084 4620 hircus
3107 4579 3316 4632 uterque
3339 4582 3355 4620 :

2193 4632 2312 4682 Nam
2339 4633 2446 4683 tulit
2464 4637 2512 4683 in
2535 4634 2688 4697 ligno,
2713 4635 2826 4684 vivit
2846 4637 2896 4682 in
2917 4647 3032 4684 arce
3064 4633 3178 4696 poli.

1948 4742 2101 4797 Sicut
2133 4742 2276 4797 enim
2303 4740 2553 4796 Christus
2575 4742 2835 4815 figuratus
2855 4749 2938 4794 est
2964 4740 3019 4793 in
3045 4754 3184 4810 agno
3205 4751 3424 4809 propter
3447 4740 3526 4792 in.

1949 4834 2254 4889 nocentiam
2279 4851 2291 4886 :
2327 4834 2401 4888 ita
2431 4841 2486 4886 et
2505 4833 2560 4887 in
2575 4833 2726 4888 hirco
2754 4841 2974 4902 propter
3006 4831 3186 4886 carnis
3209 4829 3527 4900 peccatricis
3565 4857 3570 4863 -

1950 4926 2364 4982 multitudinem.
2416 4925 2634 4992 Hircus,
2669 4934 2849 4980 motus
2878 4924 3106 4978 luxuria:
3148 4931 3246 4978 :ut
3281 4924 3336 4978 in
3365 4923 3523 4994 lege:

1958 5037 1977 5070 ι
2025 5016 2216 5072 Tollite
2264 5017 2479 5070 hircum
2507 5031 2607 5086 pro
2662 5022 2885 5085 peccato
2910 5014 2976 5079 “,
3015 5035 3034 5067 ι
3068 5015 3122 5069 id
3169 5023 3272 5080 est,
3325 5013 3526 5068 exstin-

1953 5108 2100 5179 guite
2127 5107 2181 5161 in
2213 5111 2229 5128 '
2254 5106 2409 5160 nobis
2449 5105 2676 5158 luxuriae
2705 5113 2932 5170 motum,
2975 5104 3288 5173 priusquam
3321 5103 3388 5157 ad
3419 5101 3527 5172 ple—

1954 5215 2084 5254 num
2117 5212 2304 5252 arcum
2346 5197 2636 5266 proruatis.
2677 5193 2888 5260 Hircus,
2937 5195 3116 5250 carnis
3164 5193 3523 5257 immunditia,

1954 5299 2012 5345 ut
2033 5269 2086 5344 in
2115 5288 2343 5344 Psalmis
2369 5307 2380 5341 :
2419 5307 2438 5338 ι
2473 5285 2707 5343 Oﬂ‘eram
2743 5287 2840 5342 tibi
2869 5287 3035 5342 boves
3066 5303 3186 5342 cum
3217 5286 3382 5340 hircis
3402 5283 3472 5350 ’⁸,
3501 5301 3518 5333 ι

1951 5381 2004 5437 id
2027 5390 2127 5446 est,
2159 5381 2224 5436 ad
2249 5381 2509 5436 honorem
2541 5389 2692 5435 tuum
2739 5381 2988 5435 mactabo
3009 5379 3065 5434 in
3106 5393 3194 5433 me
3220 5376 3525 5446 superbiam

349 5564 368 5596 ¹
405 5562 527 5619 Jud.
557 5580 636 5630 γι,
690 5565 778 5621 19.
823 5565 844 5596 ¹
886 5561 1008 5619 Gal.
1047 5578 1102 5627 ν,
1155 5561 1248 5615 24.
1301 5561 1322 5593 ³
1360 5561 1516 5618 Cant.
1558 5578 1597 5625 ι,
1644 5560 1696 5615 8.
1739 5560 1762 5591 ⁸
1797 5558 1846 5614 Μ

1955 5576 1988 5614 ι.
2036 5573 2165 5624 xxv,
2213 5557 2378 5630 55η]ι
2424 5555 2565 5630 Psal.
2616 5571 2748 5630 cur,
2800 5555 2888 5608 l7.
2937 5551 3372 5630 ‘_Jo_b._xxx1x,
3434 5551 3522 5630 lii.

273 5633 478 5708 (rgat.
526 5620 872 5708 uivn,_15.
907 5633 948 5708 -ε
1001 5620 1134 5688 Ibid.
1187 5631 1515 5708 ’_J_oel._u,
1572 5620 1681 5708 ea:
1721 5630 1846 5708 “113

1955 5672 1956 5679 η
2009 5620 2394 5708 ιχχχὶιιειιίὸ.
2451 5628 2491 5658 “
2529 5626 2691 5708 Psal‘;
2716 5620 2935 5708 cum,
2975 5620 3418 5708 5.";L‘uc._xtv,
3469 5621 3520 5708 2.

280 5705 324 5778 δέ
355 5706 519 5778 Marc.
543 5720 690 5768 xxrv,
713 5690 803 5778 29.
835 5705 1036 5778 ἕως,
1067 5718 1178 5757 xxx.
1208 5703 1252 5734 ¹⁵
1279 5690 1598 5778 Ex_od._it'_vt,_
1619 5703 1707 5758 29.
1746 5701 1787 5778 ’ξ
1808 5701 1846 5778 _C

1956 5716 2056 5778 ._1l,
2086 5702 2166 5754 10.
2197 5700 2237 5730 ¹⁷
2261 5690 2500 5778 {ostii},
2531 5698 2621 5752 22.
2650 5698 2692 5729 ¹⁸
2716 5698 2978 5778 Progu“,
3088 5691 3129 5722 "
3158 5690 3318 5778 Cant;
3347 5707 3442 5756 vn,
3470 5691 3523 5748 '5‘.

286 5775 330 5810 ¹⁰
358 5777 481 5835 Job.
509 5763 697 5840 χχχιχ,
734 5776 824 5830 22.
851 5777 895 5808 ἰ
924 5775 1026 5834 Isa.
1053 5789 1278 5844 xxxviii,
1305 5774 1391 5828 M.
1424 5776 1469 5805 "
1506 5763 1637 5830 Toh.
1673 5788 1728 5837 tt,
1766 5773 1850 5828 Η.
1900 5771 1945 5804 ³³
1967 5763 2097 5826 Lev.
2131 5769 2356 5844 “1,22.
2401 5770 2447 5801 ’⁵
2473 5769 2604 5824 Lev.
2636 5785 2713 5835 Ix,
2757 5767 2809 5820 ὅ.
2846 5765 2896 5797 ’⁸
2924 5763 3065 5836 Psal.
3103 5777 3227 5829 va,
3256 5763 3339 5816 15.
