  <div class='ocr_page' id='page_1' title='image "/cluster/home/n/w/nwhite01/storage/ocr_20150623/112/hvd.32044015685407/483.png"; bbox 0 0 3972 6336; ppageno 0'>
   <div class='ocr_carea' id='block_1_1' title="bbox 446 350 2014 429">
    <p class='ocr_par' dir='ltr' id='par_1_1' title="bbox 446 353 2014 429">
     <span class='ocr_line' id='line_1_1' title="bbox 446 353 2014 429; baseline -0.006 -9"><span class='ocrx_word' id='word_1_1' title='bbox 446 363 553 429; x_wconf 68' lang='grc'><strong>988</strong></span> <span class='ocrx_word' id='word_1_2' title='bbox 1096 360 1158 416; x_wconf 85' lang='grc' dir='ltr'><strong>Β.</strong></span> <span class='ocrx_word' id='word_1_3' title='bbox 1197 356 1452 414; x_wconf 78' lang='lat' dir='ltr'><strong>RABANI</strong></span> <span class='ocrx_word' id='word_1_4' title='bbox 1492 355 1712 414; x_wconf 78' lang='lat' dir='ltr'><strong>MAURI</strong></span> <span class='ocrx_word' id='word_1_5' title='bbox 1745 353 2014 415; x_wconf 78' lang='lat' dir='ltr'><strong>ARCHIE]</strong></span> 
     </span>
    </p>
   </div>
   <div class='ocr_carea' id='block_1_2' title="bbox 2162 350 3730 429">
    <p class='ocr_par' dir='ltr' id='par_1_2' title="bbox 2162 350 3730 414">
     <span class='ocr_line' id='line_1_2' title="bbox 2162 350 3730 414; baseline 0.003 -5"><span class='ocrx_word' id='word_1_6' title='bbox 2162 350 2421 410; x_wconf 83' lang='lat' dir='ltr'><strong>OGUNT.</strong></span> <span class='ocrx_word' id='word_1_7' title='bbox 2457 350 2747 413; x_wconf 74' lang='lat' dir='ltr'><strong>OPERUM</strong></span> <span class='ocrx_word' id='word_1_8' title='bbox 2780 351 2965 411; x_wconf 82' lang='lat' dir='ltr'><strong>PARS</strong></span> <span class='ocrx_word' id='word_1_9' title='bbox 2999 352 3089 411; x_wconf 87' lang='lat' dir='ltr'><strong>IIl.</strong></span> <span class='ocrx_word' id='word_1_10' title='bbox 3620 356 3730 414; x_wconf 69' lang='grc' dir='ltr'><strong>ωε</strong></span> 
     </span>
    </p>
   </div>
   <div class='ocr_carea' id='block_1_3' title="bbox 444 469 3731 551">
    <p class='ocr_par' dir='ltr' id='par_1_3' title="bbox 444 469 3731 551">
     <span class='ocr_line' id='line_1_3' title="bbox 444 469 3731 551; baseline -0.003 -12"><span class='ocrx_word' id='word_1_11' title='bbox 444 482 643 540; x_wconf 89' lang='lat' dir='ltr'><strong>mentis</strong></span> <span class='ocrx_word' id='word_1_12' title='bbox 690 495 815 537; x_wconf 89' lang='lat' dir='ltr'><strong>cum</strong></span> <span class='ocrx_word' id='word_1_13' title='bbox 861 477 1160 551; x_wconf 89' lang='lat' dir='ltr'><strong>petulantia</strong></span> <span class='ocrx_word' id='word_1_14' title='bbox 1199 475 1401 532; x_wconf 90' lang='lat' dir='ltr'><strong>carnis.</strong></span> <span class='ocrx_word' id='word_1_15' title='bbox 1460 473 1566 529; x_wconf 87' lang='lat' dir='ltr'><strong>Per</strong></span> <span class='ocrx_word' id='word_1_16' title='bbox 1613 473 1817 529; x_wconf 76' lang='lat' dir='ltr'><strong>hircum</strong></span> <span class='ocrx_word' id='word_1_17' title='bbox 1858 487 2025 544; x_wconf 84' lang='lat' dir='ltr'><strong>opera</strong></span> <span class='ocrx_word' id='word_1_18' title='bbox 2050 469 2376 543; x_wconf 60' lang='lat' dir='ltr'><strong>AHominis</strong></span> <span class='ocrx_word' id='word_1_19' title='bbox 2425 469 2786 543; x_wconf 80' lang='lat' dir='ltr'><strong>appellatione</strong></span> <span class='ocrx_word' id='word_1_20' title='bbox 2822 471 2840 489; x_wconf 83' lang='lat'>&#39;</span> <span class='ocrx_word' id='word_1_21' title='bbox 2870 469 3240 543; x_wconf 66' lang='lat' dir='ltr'><strong>designantur,</strong></span> <span class='ocrx_word' id='word_1_22' title='bbox 3279 478 3345 528; x_wconf 89' lang='lat' dir='ltr'><strong>ut</strong></span> <span class='ocrx_word' id='word_1_23' title='bbox 3386 472 3445 529; x_wconf 92' lang='lat' dir='ltr'><strong>in</strong></span> <span class='ocrx_word' id='word_1_24' title='bbox 3493 471 3731 529; x_wconf 76' lang='lat' dir='ltr'><strong>Psalmis</strong></span> 
     </span>
    </p>
   </div>
   <div class='ocr_carea' id='block_1_4' title="bbox 441 562 3727 649">
    <p class='ocr_par' dir='ltr' id='par_1_4' title="bbox 441 562 3727 649">
     <span class='ocr_line' id='line_1_4' title="bbox 441 562 3727 649; baseline -0.003 -18"><span class='ocrx_word' id='word_1_25' title='bbox 441 574 779 649; x_wconf 66' lang='lat' dir='ltr'><strong>paenitentia:</strong></span> <span class='ocrx_word' id='word_1_26' title='bbox 811 580 910 628; x_wconf 89' lang='lat' dir='ltr'><strong>:ut</strong></span> <span class='ocrx_word' id='word_1_27' title='bbox 934 572 989 627; x_wconf 91' lang='lat' dir='ltr'><strong>in</strong></span> <span class='ocrx_word' id='word_1_28' title='bbox 1008 569 1221 627; x_wconf 90' lang='lat' dir='ltr'><strong>cantico</strong></span> <span class='ocrx_word' id='word_1_29' title='bbox 1244 566 1646 625; x_wconf 87' lang='lat' dir='ltr'><strong>Deuteronomii</strong></span> <span class='ocrx_word' id='word_1_30' title='bbox 1674 583 1687 621; x_wconf 86' lang='lat'><strong>:</strong></span> <span class='ocrx_word' id='word_1_31' title='bbox 1719 584 1739 619; x_wconf 84' lang='grc'>‹</span> <span class='ocrx_word' id='word_1_32' title='bbox 1767 566 1835 622; x_wconf 92' lang='lat' dir='ltr'><strong>Et</strong></span> <span class='ocrx_word' id='word_1_33' title='bbox 1853 565 2033 624; x_wconf 81' lang='lat' dir='ltr'><strong>hircos</strong></span> <span class='ocrx_word' id='word_1_34' title='bbox 2131 563 2368 637; x_wconf 88' lang='lat' dir='ltr'><strong>legitur:</strong></span> <span class='ocrx_word' id='word_1_35' title='bbox 2425 581 2446 617; x_wconf 73' lang='grc' dir='ltr'>ι</span> <span class='ocrx_word' id='word_1_36' title='bbox 2480 562 2645 621; x_wconf 89' lang='lat' dir='ltr'><strong>Ortus</strong></span> <span class='ocrx_word' id='word_1_37' title='bbox 2684 570 2771 619; x_wconf 87' lang='lat' dir='ltr'><strong>est</strong></span> <span class='ocrx_word' id='word_1_38' title='bbox 2810 563 2892 621; x_wconf 81' lang='lat' dir='ltr'><strong>sol</strong></span> <span class='ocrx_word' id='word_1_39' title='bbox 2940 562 2984 631; x_wconf 82' lang='grc'><em>⁸,</em></span> <span class='ocrx_word' id='word_1_40' title='bbox 3020 583 3041 619; x_wconf 73' lang='grc' dir='ltr'><strong>ι</strong></span> <span class='ocrx_word' id='word_1_41' title='bbox 3089 563 3393 621; x_wconf 67' lang='lat' dir='ltr'><strong>resurrexit</strong></span> <span class='ocrx_word' id='word_1_42' title='bbox 3437 563 3727 631; x_wconf 78' lang='lat' dir='ltr'><strong>Dominus,</strong></span> 
     </span>
    </p>
   </div>
   <div class='ocr_carea' id='block_1_5' title="bbox 444 651 3732 733">
    <p class='ocr_par' dir='ltr' id='par_1_5' title="bbox 444 651 3732 733">
     <span class='ocr_line' id='line_1_5' title="bbox 444 651 3732 733; baseline -0.003 -9"><span class='ocrx_word' id='word_1_43' title='bbox 444 684 567 724; x_wconf 90' lang='lat' dir='ltr'><strong>cum</strong></span> <span class='ocrx_word' id='word_1_44' title='bbox 597 665 832 723; x_wconf 87' lang='lat' dir='ltr'><strong>medulla</strong></span> <span class='ocrx_word' id='word_1_45' title='bbox 876 665 1044 721; x_wconf 90' lang='lat' dir='ltr'><strong>tritici</strong></span> <span class='ocrx_word' id='word_1_46' title='bbox 1073 664 1112 731; x_wconf 80' lang='grc'><strong>³,</strong></span> <span class='ocrx_word' id='word_1_47' title='bbox 1145 683 1165 716; x_wconf 77' lang='grc' dir='ltr'><strong><em>ι</em></strong></span> <span class='ocrx_word' id='word_1_48' title='bbox 1221 663 1277 719; x_wconf 89' lang='lat' dir='ltr'><strong>id</strong></span> <span class='ocrx_word' id='word_1_49' title='bbox 1318 658 1431 727; x_wconf 85' lang='lat' dir='ltr'><strong>est,‘</strong></span> <span class='ocrx_word' id='word_1_50' title='bbox 1458 674 1624 733; x_wconf 85' lang='lat' dir='ltr'><strong>opera</strong></span> <span class='ocrx_word' id='word_1_51' title='bbox 1658 656 1822 717; x_wconf 84' lang='lat' dir='ltr'><strong>faciet</strong></span> <span class='ocrx_word' id='word_1_52' title='bbox 1860 659 2034 732; x_wconf 75' lang='lat' dir='ltr'><strong>pceni-</strong></span> <span class='ocrx_word' id='word_1_53' title='bbox 2139 674 2160 711; x_wconf 86' lang='grc'><em>‹</em></span> <span class='ocrx_word' id='word_1_54' title='bbox 2200 664 2259 713; x_wconf 85' lang='lat' dir='ltr'><strong>et</strong></span> <span class='ocrx_word' id='word_1_55' title='bbox 2298 655 2614 729; x_wconf 87' lang='lat' dir='ltr'><strong>congregati</strong></span> <span class='ocrx_word' id='word_1_56' title='bbox 2667 662 2814 723; x_wconf 88' lang='lat' dir='ltr'><strong>sunt,</strong></span> <span class='ocrx_word' id='word_1_57' title='bbox 2843 675 2864 709; x_wconf 75' lang='grc' dir='ltr'><strong><em>ι</em></strong></span> <span class='ocrx_word' id='word_1_58' title='bbox 2902 651 3075 711; x_wconf 70' lang='lat' dir='ltr'><strong>Judaei</strong></span> <span class='ocrx_word' id='word_1_59' title='bbox 3114 654 3327 715; x_wconf 78' lang='lat' dir='ltr'><strong>scilicet</strong></span> <span class='ocrx_word' id='word_1_60' title='bbox 3366 655 3427 713; x_wconf 88' lang='lat' dir='ltr'><strong>in</strong></span> <span class='ocrx_word' id='word_1_61' title='bbox 3460 656 3732 713; x_wconf 77' lang='lat' dir='ltr'><strong>unitatem</strong></span> 
     </span>
    </p>
   </div>
   <div class='ocr_carea' id='block_1_6' title="bbox 444 745 3729 828">
    <p class='ocr_par' dir='ltr' id='par_1_6' title="bbox 444 745 3729 828">
     <span class='ocr_line' id='line_1_6' title="bbox 444 745 3729 828; baseline -0.003 -12"><span class='ocrx_word' id='word_1_62' title='bbox 444 759 647 824; x_wconf 77' lang='lat' dir='ltr'><strong>tentias,</strong></span> <span class='ocrx_word' id='word_1_63' title='bbox 707 754 924 828; x_wconf 85' lang='lat' dir='ltr'><strong>quando</strong></span> <span class='ocrx_word' id='word_1_64' title='bbox 978 753 1210 827; x_wconf 86' lang='lat' dir='ltr'><strong>percipit</strong></span> <span class='ocrx_word' id='word_1_65' title='bbox 1258 767 1456 823; x_wconf 87' lang='lat' dir='ltr'><strong>corpus</strong></span> <span class='ocrx_word' id='word_1_66' title='bbox 1499 750 1725 809; x_wconf 86' lang='lat' dir='ltr'><strong>Christi.</strong></span> <span class='ocrx_word' id='word_1_67' title='bbox 1778 749 1916 809; x_wconf 87' lang='lat' dir='ltr'><strong>Item</strong></span> <span class='ocrx_word' id='word_1_68' title='bbox 1960 752 1980 782; x_wconf 82' lang='grc'>³</span> <span class='ocrx_word' id='word_1_69' title='bbox 2014 770 2028 807; x_wconf 92' lang='lat'><strong>:</strong></span> <span class='ocrx_word' id='word_1_70' title='bbox 2133 746 2299 805; x_wconf 90' lang='lat' dir='ltr'><strong>ﬁdei:</strong></span> <span class='ocrx_word' id='word_1_71' title='bbox 2336 767 2356 801; x_wconf 73' lang='grc' dir='ltr'>ί</span> <span class='ocrx_word' id='word_1_72' title='bbox 2384 756 2442 805; x_wconf 88' lang='lat' dir='ltr'><strong>et</strong></span> <span class='ocrx_word' id='word_1_73' title='bbox 2488 747 2547 805; x_wconf 91' lang='lat' dir='ltr'><strong>in</strong></span> <span class='ocrx_word' id='word_1_74' title='bbox 2575 745 2838 805; x_wconf 74' lang='lat' dir='ltr'><strong>cubiculis</strong></span> <span class='ocrx_word' id='word_1_75' title='bbox 2874 746 2989 805; x_wconf 81' lang='lat' dir='ltr'><strong>suis</strong></span> <span class='ocrx_word' id='word_1_76' title='bbox 3021 745 3459 814; x_wconf 70' lang='lat' dir='ltr'><strong>collocabantur,</strong></span> <span class='ocrx_word' id='word_1_77' title='bbox 3502 766 3524 801; x_wconf 74' lang='grc' dir='ltr'>ι</span> <span class='ocrx_word' id='word_1_78' title='bbox 3580 747 3729 817; x_wconf 83' lang='lat' dir='ltr'><strong>quod</strong></span> 
     </span>
    </p>
   </div>
   <div class='ocr_carea' id='block_1_7' title="bbox 450 837 3733 921">
    <p class='ocr_par' dir='ltr' id='par_1_7' title="bbox 450 837 3733 921">
     <span class='ocr_line' id='line_1_7' title="bbox 450 837 3733 921; baseline -0.003 -15"><span class='ocrx_word' id='word_1_79' title='bbox 450 871 469 906; x_wconf 72' lang='grc' dir='ltr'>ι</span> <span class='ocrx_word' id='word_1_80' title='bbox 503 851 797 909; x_wconf 87' lang='lat' dir='ltr'><strong>Constituit</strong></span> <span class='ocrx_word' id='word_1_81' title='bbox 847 865 973 907; x_wconf 89' lang='lat' dir='ltr'><strong>eum</strong></span> <span class='ocrx_word' id='word_1_82' title='bbox 1020 847 1148 921; x_wconf 90' lang='lat' dir='ltr'><strong>(hoc</strong></span> <span class='ocrx_word' id='word_1_83' title='bbox 1197 854 1316 913; x_wconf 92' lang='lat' dir='ltr'><strong>est,</strong></span> <span class='ocrx_word' id='word_1_84' title='bbox 1372 843 1626 917; x_wconf 89' lang='lat' dir='ltr'><strong>populum</strong></span> <span class='ocrx_word' id='word_1_85' title='bbox 1676 843 1745 899; x_wconf 91' lang='lat' dir='ltr'><strong>de</strong></span> <span class='ocrx_word' id='word_1_86' title='bbox 1796 842 2034 916; x_wconf 62' lang='lat' dir='ltr'><strong>Egypto</strong></span> <span class='ocrx_word' id='word_1_87' title='bbox 2131 837 2391 909; x_wconf 83' lang='lat' dir='ltr'><strong>baptizati</strong></span> <span class='ocrx_word' id='word_1_88' title='bbox 2426 838 2770 909; x_wconf 85' lang='lat' dir='ltr'><strong>requiescent</strong></span> <span class='ocrx_word' id='word_1_89' title='bbox 2814 838 2873 897; x_wconf 88' lang='lat' dir='ltr'><strong>in</strong></span> <span class='ocrx_word' id='word_1_90' title='bbox 3319 839 3457 896; x_wconf 85' lang='lat' dir='ltr'><strong>suis.</strong></span> <span class='ocrx_word' id='word_1_91' title='bbox 3488 857 3511 893; x_wconf 75' lang='grc' dir='ltr'>ι</span> <span class='ocrx_word' id='word_1_92' title='bbox 3544 839 3733 897; x_wconf 59' lang='lat' dir='ltr'><strong>Exibit</strong></span> 
     </span>
    </p>
   </div>
   <div class='ocr_carea' id='block_1_8' title="bbox 447 928 3735 1018">
    <p class='ocr_par' dir='ltr' id='par_1_8' title="bbox 447 928 3735 1018">
     <span class='ocr_line' id='line_1_8' title="bbox 447 928 3735 1018; baseline -0.005 -16"><span class='ocrx_word' id='word_1_93' title='bbox 447 946 730 1018; x_wconf 86' lang='lat' dir='ltr'><strong>eductum)</strong></span> <span class='ocrx_word' id='word_1_94' title='bbox 789 958 955 1016; x_wconf 87' lang='lat' dir='ltr'><strong>super</strong></span> <span class='ocrx_word' id='word_1_95' title='bbox 1005 940 1278 998; x_wconf 84' lang='lat' dir='ltr'><strong>excelsam</strong></span> <span class='ocrx_word' id='word_1_96' title='bbox 1321 947 1565 1003; x_wconf 91' lang='lat' dir='ltr'><strong>terram,</strong></span> <span class='ocrx_word' id='word_1_97' title='bbox 1614 943 1675 991; x_wconf 87' lang='lat' dir='ltr'><strong>ut</strong></span> <span class='ocrx_word' id='word_1_98' title='bbox 1724 937 2035 993; x_wconf 90' lang='lat' dir='ltr'><strong>comederet</strong></span> <span class='ocrx_word' id='word_1_99' title='bbox 2133 929 2299 995; x_wconf 85' lang='lat' dir='ltr'><strong>homo</strong></span> <span class='ocrx_word' id='word_1_100' title='bbox 2327 928 2395 985; x_wconf 88' lang='lat' dir='ltr'><strong>ad</strong></span> <span class='ocrx_word' id='word_1_101' title='bbox 2420 944 2560 1002; x_wconf 82' lang='lat' dir='ltr'><strong>opus</strong></span> <span class='ocrx_word' id='word_1_102' title='bbox 2582 945 2762 997; x_wconf 79' lang='lat' dir='ltr'><strong>suum,</strong></span> <span class='ocrx_word' id='word_1_103' title='bbox 2800 949 2821 985; x_wconf 73' lang='grc' dir='ltr'>ι</span> <span class='ocrx_word' id='word_1_104' title='bbox 2846 930 2996 1002; x_wconf 85' lang='lat' dir='ltr'><strong>quod</strong></span> <span class='ocrx_word' id='word_1_105' title='bbox 3037 929 3257 989; x_wconf 81' lang='lat' dir='ltr'><strong>Christo</strong></span> <span class='ocrx_word' id='word_1_106' title='bbox 3302 940 3735 1006; x_wconf 61' lang='lat' dir='ltr'><strong>mmet</strong></span> 
     </span>
    </p>
   </div>
   <div class='ocr_carea' id='block_1_9' title="bbox 442 1019 3736 1109">
    <p class='ocr_par' dir='ltr' id='par_1_9' title="bbox 442 1019 3736 1109">
     <span class='ocr_line' id='line_1_9' title="bbox 442 1019 3736 1109; baseline -0.004 -14"><span class='ocrx_word' id='word_1_107' title='bbox 442 1037 656 1095; x_wconf 87' lang='lat' dir='ltr'><strong>fructus</strong></span> <span class='ocrx_word' id='word_1_108' title='bbox 694 1050 970 1109; x_wconf 77' lang='lat' dir='ltr'><strong>agrorum,</strong></span> <span class='ocrx_word' id='word_1_109' title='bbox 1002 1042 1063 1090; x_wconf 92' lang='lat' dir='ltr'><strong>ut</strong></span> <span class='ocrx_word' id='word_1_110' title='bbox 1114 1040 1335 1105; x_wconf 87' lang='lat' dir='ltr'><strong>sugerct</strong></span> <span class='ocrx_word' id='word_1_111' title='bbox 1375 1030 1484 1087; x_wconf 90' lang='lat' dir='ltr'><strong>mel</strong></span> <span class='ocrx_word' id='word_1_112' title='bbox 1515 1030 1582 1085; x_wconf 89' lang='lat' dir='ltr'><strong>de</strong></span> <span class='ocrx_word' id='word_1_113' title='bbox 1607 1037 1781 1099; x_wconf 82' lang='lat' dir='ltr'><strong>petra,</strong></span> <span class='ocrx_word' id='word_1_114' title='bbox 1828 1028 2035 1085; x_wconf 86' lang='lat' dir='ltr'><strong>oleum-</strong></span> <span class='ocrx_word' id='word_1_115' title='bbox 2132 1020 2477 1081; x_wconf 84' lang='lat' dir='ltr'><strong>multitudine</strong></span> <span class='ocrx_word' id='word_1_116' title='bbox 2522 1019 2834 1081; x_wconf 67' lang='lat' dir='ltr'><strong>Iuda:on</strong></span> <span class='ocrx_word' id='word_1_117' title='bbox 2880 1022 2950 1079; x_wconf 86' lang='lat' dir='ltr'><strong>ad</strong></span> <span class='ocrx_word' id='word_1_118' title='bbox 2982 1021 3145 1080; x_wconf 69' lang='lat' dir='ltr'><strong>ﬁdem</strong></span> <span class='ocrx_word' id='word_1_119' title='bbox 3190 1023 3471 1092; x_wconf 81' lang='lat' dir='ltr'><strong>veniente,</strong></span> <span class='ocrx_word' id='word_1_120' title='bbox 3520 1026 3736 1081; x_wconf 75' lang='lat' dir='ltr'><strong>chorus</strong></span> 
     </span>
    </p>
   </div>
   <div class='ocr_carea' id='block_1_10' title="bbox 390 1113 3741 1203">
    <p class='ocr_par' dir='ltr' id='par_1_10' title="bbox 390 1113 3741 1203">
     <span class='ocr_line' id='line_1_10' title="bbox 390 1113 3741 1203; baseline -0.002 -19"><span class='ocrx_word' id='word_1_121' title='bbox 390 1172 397 1183; x_wconf 85' lang='lat'><strong>.</strong></span> <span class='ocrx_word' id='word_1_122' title='bbox 445 1144 551 1203; x_wconf 90' lang='lat' dir='ltr'><strong>que</strong></span> <span class='ocrx_word' id='word_1_123' title='bbox 570 1128 638 1183; x_wconf 91' lang='lat' dir='ltr'><strong>de</strong></span> <span class='ocrx_word' id='word_1_124' title='bbox 663 1143 798 1185; x_wconf 77' lang='lat' dir='ltr'><strong>saxo</strong></span> <span class='ocrx_word' id='word_1_125' title='bbox 831 1125 1162 1182; x_wconf 89' lang='lat' dir='ltr'><strong>durissimo:</strong></span> <span class='ocrx_word' id='word_1_126' title='bbox 1188 1125 1441 1195; x_wconf 83' lang='lat' dir='ltr'><strong>butyrum</strong></span> <span class='ocrx_word' id='word_1_127' title='bbox 1469 1121 1536 1177; x_wconf 89' lang='lat' dir='ltr'><strong>de</strong></span> <span class='ocrx_word' id='word_1_128' title='bbox 1570 1127 1837 1186; x_wconf 88' lang='lat' dir='ltr'><strong>armento,</strong></span> <span class='ocrx_word' id='word_1_129' title='bbox 1869 1127 1923 1177; x_wconf 89' lang='lat' dir='ltr'><strong>et</strong></span> <span class='ocrx_word' id='word_1_130' title='bbox 1948 1119 2036 1177; x_wconf 90' lang='lat' dir='ltr'><strong>lac</strong></span> <span class='ocrx_word' id='word_1_131' title='bbox 2133 1113 2499 1186; x_wconf 86' lang='lat' dir='ltr'><strong>apostolorum</strong></span> <span class='ocrx_word' id='word_1_132' title='bbox 2515 1113 2570 1169; x_wconf 93' lang='lat' dir='ltr'><strong>in</strong></span> <span class='ocrx_word' id='word_1_133' title='bbox 2593 1129 2811 1173; x_wconf 86' lang='lat' dir='ltr'><strong>omnem</strong></span> <span class='ocrx_word' id='word_1_134' title='bbox 2823 1122 3029 1171; x_wconf 88' lang='lat' dir='ltr'><strong>terram</strong></span> <span class='ocrx_word' id='word_1_135' title='bbox 3046 1115 3218 1172; x_wconf 75' lang='lat' dir='ltr'><strong>exivit</strong></span> <span class='ocrx_word' id='word_1_136' title='bbox 3237 1115 3304 1173; x_wconf 80' lang='lat' dir='ltr'><strong>ad</strong></span> <span class='ocrx_word' id='word_1_137' title='bbox 3316 1116 3741 1189; x_wconf 59' lang='lat' dir='ltr'><strong>praedicandi-</strong></span> 
     </span>
    </p>
   </div>
   <div class='ocr_carea' id='block_1_11' title="bbox 445 1206 3741 1287">
    <p class='ocr_par' dir='ltr' id='par_1_11' title="bbox 445 1206 3741 1287">
     <span class='ocr_line' id='line_1_11' title="bbox 445 1206 3741 1287; baseline -0.004 -11"><span class='ocrx_word' id='word_1_138' title='bbox 445 1221 513 1276; x_wconf 91' lang='lat' dir='ltr'><strong>de</strong></span> <span class='ocrx_word' id='word_1_139' title='bbox 540 1218 735 1275; x_wconf 86' lang='lat' dir='ltr'><strong>ovibus</strong></span> <span class='ocrx_word' id='word_1_140' title='bbox 776 1232 902 1274; x_wconf 91' lang='lat' dir='ltr'><strong>cum</strong></span> <span class='ocrx_word' id='word_1_141' title='bbox 942 1215 1104 1286; x_wconf 88' lang='lat' dir='ltr'><strong>adipe</strong></span> <span class='ocrx_word' id='word_1_142' title='bbox 1132 1228 1393 1287; x_wconf 86' lang='lat' dir='ltr'><strong>agnorum</strong></span> <span class='ocrx_word' id='word_1_143' title='bbox 1419 1219 1475 1267; x_wconf 91' lang='lat' dir='ltr'><strong>et</strong></span> <span class='ocrx_word' id='word_1_144' title='bbox 1525 1212 1758 1267; x_wconf 89' lang='lat' dir='ltr'><strong>arietum</strong></span> <span class='ocrx_word' id='word_1_145' title='bbox 1799 1209 2034 1266; x_wconf 82' lang='lat' dir='ltr'><strong>filiorum</strong></span> <span class='ocrx_word' id='word_1_146' title='bbox 2132 1206 2494 1278; x_wconf 80' lang='lat' dir='ltr'><strong>evangelium,</strong></span> <span class='ocrx_word' id='word_1_147' title='bbox 2520 1206 2667 1277; x_wconf 89' lang='lat' dir='ltr'><strong>quod</strong></span> <span class='ocrx_word' id='word_1_148' title='bbox 2686 1206 2837 1277; x_wconf 89' lang='lat' dir='ltr'><strong>prius</strong></span> <span class='ocrx_word' id='word_1_149' title='bbox 2862 1207 3135 1265; x_wconf 85' lang='lat' dir='ltr'><strong>residebat</strong></span> <span class='ocrx_word' id='word_1_150' title='bbox 3153 1214 3378 1280; x_wconf 84' lang='lat' dir='ltr'><strong>propter</strong></span> <span class='ocrx_word' id='word_1_151' title='bbox 3396 1220 3615 1268; x_wconf 65' lang='lat' dir='ltr'><strong>meum</strong></span> <span class='ocrx_word' id='word_1_152' title='bbox 3640 1210 3741 1269; x_wconf 75' lang='grc' dir='ltr'><strong>ιιι-</strong></span> 
     </span>
    </p>
   </div>
   <div class='ocr_carea' id='block_1_12' title="bbox 444 1297 3745 1377">
    <p class='ocr_par' dir='ltr' id='par_1_12' title="bbox 444 1297 3745 1377">
     <span class='ocr_line' id='line_1_12' title="bbox 444 1297 3745 1377; baseline -0.002 -11"><span class='ocrx_word' id='word_1_153' title='bbox 444 1311 645 1377; x_wconf 87' lang='lat' dir='ltr'><strong>Basan,</strong></span> <span class='ocrx_word' id='word_1_154' title='bbox 676 1318 732 1365; x_wconf 90' lang='lat' dir='ltr'><strong>et</strong></span> <span class='ocrx_word' id='word_1_155' title='bbox 756 1309 936 1365; x_wconf 91' lang='lat' dir='ltr'><strong>hircos</strong></span> <span class='ocrx_word' id='word_1_156' title='bbox 962 1322 1084 1363; x_wconf 92' lang='lat' dir='ltr'><strong>cum</strong></span> <span class='ocrx_word' id='word_1_157' title='bbox 1128 1304 1361 1361; x_wconf 87' lang='lat' dir='ltr'><strong>medulla</strong></span> <span class='ocrx_word' id='word_1_158' title='bbox 1402 1301 1592 1369; x_wconf 88' lang='lat' dir='ltr'><strong>tritici,</strong></span> <span class='ocrx_word' id='word_1_159' title='bbox 1633 1312 1691 1359; x_wconf 85' lang='lat' dir='ltr'><strong>et</strong></span> <span class='ocrx_word' id='word_1_160' title='bbox 1716 1315 2035 1374; x_wconf 83' lang='lat' dir='ltr'><strong>sanguinem</strong></span> <span class='ocrx_word' id='word_1_161' title='bbox 2133 1297 2390 1363; x_wconf 53' lang='lat' dir='ltr'><strong>datorum,</strong></span> <span class='ocrx_word' id='word_1_162' title='bbox 2426 1316 2447 1351; x_wconf 69' lang='grc' dir='ltr'><strong><em>ι</em></strong></span> <span class='ocrx_word' id='word_1_163' title='bbox 2482 1305 2539 1354; x_wconf 89' lang='lat' dir='ltr'><strong>et</strong></span> <span class='ocrx_word' id='word_1_164' title='bbox 2563 1299 2631 1354; x_wconf 92' lang='lat' dir='ltr'><strong>ad</strong></span> <span class='ocrx_word' id='word_1_165' title='bbox 2652 1300 3025 1370; x_wconf 80' lang='lat' dir='ltr'><strong>operationem</strong></span> <span class='ocrx_word' id='word_1_166' title='bbox 3062 1316 3217 1358; x_wconf 85' lang='lat' dir='ltr'><strong>suam</strong></span> <span class='ocrx_word' id='word_1_167' title='bbox 3246 1317 3419 1372; x_wconf 84' lang='lat' dir='ltr'><strong>usque</strong></span> <span class='ocrx_word' id='word_1_168' title='bbox 3439 1303 3507 1359; x_wconf 80' lang='lat' dir='ltr'><strong>ad</strong></span> <span class='ocrx_word' id='word_1_169' title='bbox 3540 1317 3745 1377; x_wconf 69' lang='lat' dir='ltr'><strong>vespe-</strong></span> 
     </span>
    </p>
   </div>
   <div class='ocr_carea' id='block_1_13' title="bbox 443 1392 3743 1468">
    <p class='ocr_par' dir='ltr' id='par_1_13' title="bbox 443 1392 3743 1468">
     <span class='ocr_line' id='line_1_13' title="bbox 443 1392 3743 1468; baseline -0.002 -9"><span class='ocrx_word' id='word_1_170' title='bbox 443 1420 563 1459; x_wconf 80' lang='lat' dir='ltr'><strong>uvae</strong></span> <span class='ocrx_word' id='word_1_171' title='bbox 589 1403 803 1459; x_wconf 85' lang='lat' dir='ltr'><strong>biberet</strong></span> <span class='ocrx_word' id='word_1_172' title='bbox 832 1399 1282 1457; x_wconf 83' lang='lat' dir='ltr'><strong>meracissimum.</strong></span> <span class='ocrx_word' id='word_1_173' title='bbox 1320 1418 1338 1449; x_wconf 76' lang='grc' dir='ltr'><strong><em>ι</em></strong></span> <span class='ocrx_word' id='word_1_174' title='bbox 1366 1396 1612 1468; x_wconf 86' lang='lat' dir='ltr'><strong>Mystice,</strong></span> <span class='ocrx_word' id='word_1_175' title='bbox 1644 1414 1662 1447; x_wconf 85' lang='grc'><strong>‹</strong></span> <span class='ocrx_word' id='word_1_176' title='bbox 1690 1394 1919 1467; x_wconf 85' lang='lat' dir='ltr'><strong>populus</strong></span> <span class='ocrx_word' id='word_1_177' title='bbox 1940 1393 2035 1449; x_wconf 79' lang='lat' dir='ltr'><strong>Ju-</strong></span> <span class='ocrx_word' id='word_1_178' title='bbox 2134 1407 2274 1458; x_wconf 91' lang='lat' dir='ltr'><strong>ram,</strong></span> <span class='ocrx_word' id='word_1_179' title='bbox 2308 1411 2326 1444; x_wconf 71' lang='grc' dir='ltr'><strong><em>ι</em></strong></span> <span class='ocrx_word' id='word_1_180' title='bbox 2358 1392 2411 1448; x_wconf 92' lang='lat' dir='ltr'><strong>id</strong></span> <span class='ocrx_word' id='word_1_181' title='bbox 2447 1399 2551 1457; x_wconf 89' lang='lat' dir='ltr'><strong>est,</strong></span> <span class='ocrx_word' id='word_1_182' title='bbox 2583 1392 2651 1447; x_wconf 91' lang='lat' dir='ltr'><strong>ad</strong></span> <span class='ocrx_word' id='word_1_183' title='bbox 2696 1393 3011 1450; x_wconf 88' lang='lat' dir='ltr'><strong>continuam</strong></span> <span class='ocrx_word' id='word_1_184' title='bbox 3040 1394 3503 1465; x_wconf 62' lang='lat' dir='ltr'><strong>praedicationem,</strong></span> <span class='ocrx_word' id='word_1_185' title='bbox 3554 1411 3743 1467; x_wconf 64' lang='lat' dir='ltr'><strong>ungue</strong></span> 
     </span>
    </p>
   </div>
   <div class='ocr_carea' id='block_1_14' title="bbox 444 1483 3744 1563">
    <p class='ocr_par' dir='ltr' id='par_1_14' title="bbox 444 1483 3744 1563">
     <span class='ocr_line' id='line_1_14' title="bbox 444 1483 3744 1563; baseline -0.003 -11"><span class='ocrx_word' id='word_1_186' title='bbox 444 1496 688 1552; x_wconf 66' lang='lat' dir='ltr'><strong>diuorum</strong></span> <span class='ocrx_word' id='word_1_187' title='bbox 723 1515 743 1548; x_wconf 75' lang='grc' dir='ltr'><strong><em>ι</em></strong></span> <span class='ocrx_word' id='word_1_188' title='bbox 776 1502 861 1549; x_wconf 89' lang='lat' dir='ltr'><strong>est</strong></span> <span class='ocrx_word' id='word_1_189' title='bbox 910 1491 1140 1563; x_wconf 88' lang='lat' dir='ltr'><strong>populus</strong></span> <span class='ocrx_word' id='word_1_190' title='bbox 1169 1489 1624 1552; x_wconf 88' lang='lat' dir='ltr'><strong>Christianorum,</strong></span> <span class='ocrx_word' id='word_1_191' title='bbox 1664 1486 1833 1541; x_wconf 88' lang='lat' dir='ltr'><strong>Deum</strong></span> <span class='ocrx_word' id='word_1_192' title='bbox 1860 1484 2033 1543; x_wconf 89' lang='lat' dir='ltr'><strong>conﬁ-</strong></span> <span class='ocrx_word' id='word_1_193' title='bbox 2133 1484 2203 1540; x_wconf 87' lang='lat' dir='ltr'><strong>ad</strong></span> <span class='ocrx_word' id='word_1_194' title='bbox 2225 1484 2604 1543; x_wconf 86' lang='lat' dir='ltr'><strong>tenebritatem</strong></span> <span class='ocrx_word' id='word_1_195' title='bbox 2629 1483 2685 1539; x_wconf 88' lang='lat' dir='ltr'><strong>in</strong></span> <span class='ocrx_word' id='word_1_196' title='bbox 2716 1483 2825 1540; x_wconf 85' lang='lat' dir='ltr'><strong>ﬁne</strong></span> <span class='ocrx_word' id='word_1_197' title='bbox 2856 1485 3067 1550; x_wconf 67' lang='lat' dir='ltr'><strong>amuli,</strong></span> <span class='ocrx_word' id='word_1_198' title='bbox 3090 1500 3190 1556; x_wconf 90' lang='lat' dir='ltr'><strong>per</strong></span> <span class='ocrx_word' id='word_1_199' title='bbox 3221 1486 3631 1543; x_wconf 71' lang='lat' dir='ltr'><strong>Antichrictam</strong></span> <span class='ocrx_word' id='word_1_200' title='bbox 3660 1488 3744 1542; x_wconf 72' lang='lat' dir='ltr'><strong>fo-</strong></span> 
     </span>
    </p>
   </div>
   <div class='ocr_carea' id='block_1_15' title="bbox 441 1576 3755 1658">
    <p class='ocr_par' dir='ltr' id='par_1_15' title="bbox 441 1576 3755 1658">
     <span class='ocr_line' id='line_1_15' title="bbox 441 1576 3755 1658; baseline -0.003 -14"><span class='ocrx_word' id='word_1_201' title='bbox 441 1590 692 1644; x_wconf 90' lang='lat' dir='ltr'><strong>tentium.</strong></span> <span class='ocrx_word' id='word_1_202' title='bbox 728 1606 747 1639; x_wconf 85' lang='grc'><strong>‹</strong></span> <span class='ocrx_word' id='word_1_203' title='bbox 784 1585 1051 1658; x_wconf 69' lang='grc' dir='ltr'><strong>Ᾱῦεγριυδ</strong></span> <span class='ocrx_word' id='word_1_204' title='bbox 1079 1606 1098 1638; x_wconf 76' lang='grc' dir='ltr'><strong>ι</strong></span> <span class='ocrx_word' id='word_1_205' title='bbox 1140 1591 1225 1639; x_wconf 90' lang='lat' dir='ltr'><strong>est</strong></span> <span class='ocrx_word' id='word_1_206' title='bbox 1278 1580 1608 1646; x_wconf 88' lang='lat' dir='ltr'><strong>inﬁdelitas;</strong></span> <span class='ocrx_word' id='word_1_207' title='bbox 1667 1598 1687 1632; x_wconf 75' lang='grc' dir='ltr'>ι</span> <span class='ocrx_word' id='word_1_208' title='bbox 1725 1594 1875 1636; x_wconf 91' lang='lat' dir='ltr'><strong>mare</strong></span> <span class='ocrx_word' id='word_1_209' title='bbox 1916 1579 2033 1635; x_wconf 80' lang='lat' dir='ltr'><strong>Ru-</strong></span> <span class='ocrx_word' id='word_1_210' title='bbox 2133 1586 2333 1633; x_wconf 88' lang='lat' dir='ltr'><strong>turam.</strong></span> <span class='ocrx_word' id='word_1_211' title='bbox 2360 1576 2608 1648; x_wconf 78' lang='lat' dir='ltr'><strong>Operatio</strong></span> <span class='ocrx_word' id='word_1_212' title='bbox 2636 1584 2723 1634; x_wconf 89' lang='lat' dir='ltr'><strong>est</strong></span> <span class='ocrx_word' id='word_1_213' title='bbox 2750 1578 2934 1649; x_wconf 85' lang='lat' dir='ltr'><strong>operis</strong></span> <span class='ocrx_word' id='word_1_214' title='bbox 2984 1579 3344 1635; x_wconf 74' lang='lat' dir='ltr'><strong>continuatio.</strong></span> <span class='ocrx_word' id='word_1_215' title='bbox 3374 1578 3581 1645; x_wconf 64' lang='lat' dir='ltr'><strong>Homo,</strong></span> <span class='ocrx_word' id='word_1_216' title='bbox 3615 1580 3755 1651; x_wconf 82' lang='lat' dir='ltr'><strong>qui-</strong></span> 
     </span>
    </p>
   </div>
   <div class='ocr_carea' id='block_1_16' title="bbox 442 1668 3747 1750">
    <p class='ocr_par' dir='ltr' id='par_1_16' title="bbox 442 1668 3747 1750">
     <span class='ocr_line' id='line_1_16' title="bbox 442 1668 3747 1750; baseline -0.002 -14"><span class='ocrx_word' id='word_1_217' title='bbox 442 1681 621 1745; x_wconf 90' lang='lat' dir='ltr'><strong>hrum,</strong></span> <span class='ocrx_word' id='word_1_218' title='bbox 664 1699 683 1732; x_wconf 70' lang='grc' dir='ltr'>ι</span> <span class='ocrx_word' id='word_1_219' title='bbox 716 1679 1046 1750; x_wconf 88' lang='lat' dir='ltr'><strong>baptismum</strong></span> <span class='ocrx_word' id='word_1_220' title='bbox 1090 1677 1147 1731; x_wconf 93' lang='lat' dir='ltr'><strong>in</strong></span> <span class='ocrx_word' id='word_1_221' title='bbox 1183 1672 1385 1731; x_wconf 85' lang='lat' dir='ltr'><strong>Christi</strong></span> <span class='ocrx_word' id='word_1_222' title='bbox 1434 1673 1697 1745; x_wconf 77' lang='lat' dir='ltr'><strong>sanguine</strong></span> <span class='ocrx_word' id='word_1_223' title='bbox 1744 1685 2032 1729; x_wconf 84' lang='lat' dir='ltr'><strong>consecra-</strong></span> <span class='ocrx_word' id='word_1_224' title='bbox 2131 1668 2264 1725; x_wconf 88' lang='lat' dir='ltr'><strong>libet</strong></span> <span class='ocrx_word' id='word_1_225' title='bbox 2286 1670 2630 1742; x_wconf 71' lang='lat' dir='ltr'><strong>praedicator,</strong></span> <span class='ocrx_word' id='word_1_226' title='bbox 2667 1678 2729 1727; x_wconf 82' lang='lat' dir='ltr'><strong>ut</strong></span> <span class='ocrx_word' id='word_1_227' title='bbox 2760 1671 2815 1726; x_wconf 89' lang='lat' dir='ltr'><strong>in</strong></span> <span class='ocrx_word' id='word_1_228' title='bbox 2854 1671 3147 1744; x_wconf 84' lang='lat' dir='ltr'><strong>Evangelia</strong></span> <span class='ocrx_word' id='word_1_229' title='bbox 3189 1691 3204 1729; x_wconf 87' lang='lat'><strong>:</strong></span> <span class='ocrx_word' id='word_1_230' title='bbox 3235 1672 3314 1729; x_wconf 83' lang='lat' dir='ltr'><strong>Ite</strong></span> <span class='ocrx_word' id='word_1_231' title='bbox 3356 1672 3411 1729; x_wconf 91' lang='lat' dir='ltr'><strong>in</strong></span> <span class='ocrx_word' id='word_1_232' title='bbox 3439 1674 3747 1730; x_wconf 73' lang='lat' dir='ltr'><strong>castellum</strong></span> 
     </span>
    </p>
   </div>
   <div class='ocr_carea' id='block_1_17' title="bbox 440 1760 3743 1838">
    <p class='ocr_par' dir='ltr' id='par_1_17' title="bbox 440 1760 3743 1838">
     <span class='ocr_line' id='line_1_17' title="bbox 440 1760 3743 1838; baseline -0.002 -11"><span class='ocrx_word' id='word_1_233' title='bbox 440 1778 557 1827; x_wconf 88' lang='lat' dir='ltr'><strong>tum</strong></span> <span class='ocrx_word' id='word_1_234' title='bbox 582 1812 597 1838; x_wconf 95' lang='lat'><strong>,</strong></span> <span class='ocrx_word' id='word_1_235' title='bbox 635 1788 655 1822; x_wconf 75' lang='grc' dir='ltr'><strong><em>ι</em></strong></span> <span class='ocrx_word' id='word_1_236' title='bbox 675 1770 1003 1835; x_wconf 65' lang='lat' dir='ltr'><strong>desertum,»</strong></span> <span class='ocrx_word' id='word_1_237' title='bbox 1030 1767 1295 1833; x_wconf 89' lang='lat' dir='ltr'><strong>mundus;</strong></span> <span class='ocrx_word' id='word_1_238' title='bbox 1331 1784 1350 1816; x_wconf 76' lang='grc' dir='ltr'>ι</span> <span class='ocrx_word' id='word_1_239' title='bbox 1372 1773 1517 1821; x_wconf 87' lang='lat' dir='ltr'><strong>terra</strong></span> <span class='ocrx_word' id='word_1_240' title='bbox 1540 1765 1715 1820; x_wconf 88' lang='lat' dir='ltr'><strong>Basan</strong></span> <span class='ocrx_word' id='word_1_241' title='bbox 1738 1784 1783 1829; x_wconf 75' lang='grc' dir='ltr'><em>ι,</em></span> <span class='ocrx_word' id='word_1_242' title='bbox 1806 1780 1930 1835; x_wconf 68' lang='lat' dir='ltr'><strong>quae</strong></span> <span class='ocrx_word' id='word_1_243' title='bbox 1947 1772 2033 1821; x_wconf 90' lang='lat' dir='ltr'><strong>est</strong></span> <span class='ocrx_word' id='word_1_244' title='bbox 2132 1760 2277 1832; x_wconf 89' lang='lat' dir='ltr'><strong>quod</strong></span> <span class='ocrx_word' id='word_1_245' title='bbox 2309 1772 2501 1817; x_wconf 88' lang='lat' dir='ltr'><strong>contra</strong></span> <span class='ocrx_word' id='word_1_246' title='bbox 2524 1776 2622 1817; x_wconf 89' lang='lat' dir='ltr'><strong>vos</strong></span> <span class='ocrx_word' id='word_1_247' title='bbox 2637 1771 2743 1827; x_wconf 89' lang='lat' dir='ltr'><strong>est,</strong></span> <span class='ocrx_word' id='word_1_248' title='bbox 2777 1770 2833 1818; x_wconf 92' lang='lat' dir='ltr'><strong>et</strong></span> <span class='ocrx_word' id='word_1_249' title='bbox 2861 1763 3152 1821; x_wconf 83' lang='lat' dir='ltr'><strong>invenietis</strong></span> <span class='ocrx_word' id='word_1_250' title='bbox 3184 1764 3392 1820; x_wconf 66' lang='lat' dir='ltr'><strong>asinam</strong></span> <span class='ocrx_word' id='word_1_251' title='bbox 3424 1764 3743 1835; x_wconf 67' lang='lat' dir='ltr'><strong>alligatam,</strong></span> 
     </span>
    </p>
   </div>
   <div class='ocr_carea' id='block_1_18' title="bbox 440 1838 3751 1931">
    <p class='ocr_par' dir='ltr' id='par_1_18' title="bbox 440 1838 3751 1931">
     <span class='ocr_line' id='line_1_18' title="bbox 440 1838 3751 1931; baseline -0.002 -14"><span class='ocrx_word' id='word_1_252' title='bbox 440 1862 496 1918; x_wconf 88' lang='lat' dir='ltr'><strong>in</strong></span> <span class='ocrx_word' id='word_1_253' title='bbox 526 1864 819 1929; x_wconf 86' lang='lat' dir='ltr'><strong>montanis,</strong></span> <span class='ocrx_word' id='word_1_254' title='bbox 852 1869 907 1917; x_wconf 85' lang='lat' dir='ltr'><strong>et</strong></span> <span class='ocrx_word' id='word_1_255' title='bbox 956 1860 1165 1916; x_wconf 74' lang='lat' dir='ltr'><strong>siccitas</strong></span> <span class='ocrx_word' id='word_1_256' title='bbox 1209 1859 1616 1931; x_wconf 85' lang='lat' dir='ltr'><strong>interpretatur,</strong></span> <span class='ocrx_word' id='word_1_257' title='bbox 1644 1855 1921 1921; x_wconf 77' lang='lat' dir='ltr'><strong>Ecclesiie,</strong></span> <span class='ocrx_word' id='word_1_258' title='bbox 1961 1838 2111 1927; x_wconf 75' lang='lat' dir='ltr'><strong>abB</strong></span> <span class='ocrx_word' id='word_1_259' title='bbox 2134 1867 2296 1923; x_wconf 89' lang='lat' dir='ltr'><strong>super</strong></span> <span class='ocrx_word' id='word_1_260' title='bbox 2323 1867 2486 1922; x_wconf 89' lang='lat' dir='ltr'><strong>quam</strong></span> <span class='ocrx_word' id='word_1_261' title='bbox 2523 1869 2686 1910; x_wconf 88' lang='lat' dir='ltr'><strong>nemo</strong></span> <span class='ocrx_word' id='word_1_262' title='bbox 2729 1854 3007 1912; x_wconf 75' lang='lat' dir='ltr'><strong>hominum</strong></span> <span class='ocrx_word' id='word_1_263' title='bbox 3056 1856 3196 1912; x_wconf 88' lang='lat' dir='ltr'><strong>sedit</strong></span> <span class='ocrx_word' id='word_1_264' title='bbox 3228 1858 3278 1925; x_wconf 85' lang='lat'><strong>&quot;,</strong></span> <span class='ocrx_word' id='word_1_265' title='bbox 3312 1877 3332 1911; x_wconf 76' lang='grc' dir='ltr'><strong><em>ι</em></strong></span> <span class='ocrx_word' id='word_1_266' title='bbox 3369 1859 3511 1929; x_wconf 86' lang='lat' dir='ltr'><strong>quod</strong></span> <span class='ocrx_word' id='word_1_267' title='bbox 3562 1874 3751 1930; x_wconf 77' lang='lat' dir='ltr'><strong>popo-</strong></span> 
     </span>
    </p>
   </div>
   <div class='ocr_carea' id='block_1_19' title="bbox 331 1944 3747 2024">
    <p class='ocr_par' dir='ltr' id='par_1_19' title="bbox 331 1944 3747 2024">
     <span class='ocr_line' id='line_1_19' title="bbox 331 1944 3747 2024; baseline -0.001 -14"><span class='ocrx_word' id='word_1_268' title='bbox 331 1986 343 2001; x_wconf 75' lang='grc' dir='ltr'>ι</span> <span class='ocrx_word' id='word_1_269' title='bbox 440 1970 627 2011; x_wconf 89' lang='lat' dir='ltr'><strong>amore</strong></span> <span class='ocrx_word' id='word_1_270' title='bbox 650 1954 837 2011; x_wconf 90' lang='lat' dir='ltr'><strong>mundi</strong></span> <span class='ocrx_word' id='word_1_271' title='bbox 876 1952 1093 2024; x_wconf 88' lang='lat' dir='ltr'><strong>penitus</strong></span> <span class='ocrx_word' id='word_1_272' title='bbox 1116 1952 1262 2009; x_wconf 88' lang='lat' dir='ltr'><strong>sicca</strong></span> <span class='ocrx_word' id='word_1_273' title='bbox 1293 1953 1307 1973; x_wconf 84' lang='lat'><strong>‘</strong></span> <span class='ocrx_word' id='word_1_274' title='bbox 1334 1951 1591 2021; x_wconf 82' lang='lat' dir='ltr'><strong>omnique</strong></span> <span class='ocrx_word' id='word_1_275' title='bbox 1613 1949 1797 2006; x_wconf 91' lang='lat' dir='ltr'><strong>mundi</strong></span> <span class='ocrx_word' id='word_1_276' title='bbox 1837 1950 2033 2006; x_wconf 88' lang='lat' dir='ltr'><strong>celsior</strong></span> <span class='ocrx_word' id='word_1_277' title='bbox 2132 1946 2244 2001; x_wconf 91' lang='lat' dir='ltr'><strong>lum</strong></span> <span class='ocrx_word' id='word_1_278' title='bbox 2265 1944 2520 2018; x_wconf 77' lang='lat' dir='ltr'><strong>gentilem</strong></span> <span class='ocrx_word' id='word_1_279' title='bbox 2550 1946 2730 2003; x_wconf 84' lang='lat' dir='ltr'><strong>nullus</strong></span> <span class='ocrx_word' id='word_1_280' title='bbox 2759 1949 2940 2007; x_wconf 80' lang='lat' dir='ltr'><strong>adhuc</strong></span> <span class='ocrx_word' id='word_1_281' title='bbox 2974 1948 3234 2007; x_wconf 68' lang='lat' dir='ltr'><strong>docuerat</strong></span> <span class='ocrx_word' id='word_1_282' title='bbox 3265 1952 3625 2022; x_wconf 65' lang='lat' dir='ltr'><strong>pradieator.</strong></span> <span class='ocrx_word' id='word_1_283' title='bbox 3652 1950 3747 2007; x_wconf 80' lang='lat' dir='ltr'><strong>ln-</strong></span> 
     </span>
    </p>
   </div>
   <div class='ocr_carea' id='block_1_20' title="bbox 439 2039 3750 2119">
    <p class='ocr_par' dir='ltr' id='par_1_20' title="bbox 439 2039 3750 2119">
     <span class='ocr_line' id='line_1_20' title="bbox 439 2039 3750 2119; baseline 0.001 -17"><span class='ocrx_word' id='word_1_284' title='bbox 439 2046 778 2119; x_wconf 90' lang='lat' dir='ltr'><strong>intelligitur.</strong></span> <span class='ocrx_word' id='word_1_285' title='bbox 825 2066 845 2100; x_wconf 68' lang='grc'><strong>(</strong></span> <span class='ocrx_word' id='word_1_286' title='bbox 876 2046 1109 2102; x_wconf 89' lang='lat' dir='ltr'><strong>Fructus</strong></span> <span class='ocrx_word' id='word_1_287' title='bbox 1162 2059 1419 2114; x_wconf 78' lang='lat' dir='ltr'><strong>agrorum</strong></span> <span class='ocrx_word' id='word_1_288' title='bbox 1453 2061 1473 2096; x_wconf 73' lang='grc' dir='ltr'><strong><em>ι</em></strong></span> <span class='ocrx_word' id='word_1_289' title='bbox 1524 2042 1758 2098; x_wconf 89' lang='lat' dir='ltr'><strong>virtutes</strong></span> <span class='ocrx_word' id='word_1_290' title='bbox 1800 2050 1929 2099; x_wconf 93' lang='lat' dir='ltr'><strong>sunt</strong></span> <span class='ocrx_word' id='word_1_291' title='bbox 1978 2050 2033 2098; x_wconf 90' lang='lat' dir='ltr'><strong>et</strong></span> <span class='ocrx_word' id='word_1_292' title='bbox 2134 2047 2344 2095; x_wconf 88' lang='lat' dir='ltr'><strong>trantes</strong></span> <span class='ocrx_word' id='word_1_293' title='bbox 2389 2039 2534 2096; x_wconf 89' lang='lat' dir='ltr'><strong>enim</strong></span> <span class='ocrx_word' id='word_1_294' title='bbox 2584 2042 2849 2097; x_wconf 81' lang='lat' dir='ltr'><strong>mundum</strong></span> <span class='ocrx_word' id='word_1_295' title='bbox 2894 2044 3124 2114; x_wconf 87' lang='lat' dir='ltr'><strong>apostoli</strong></span> <span class='ocrx_word' id='word_1_296' title='bbox 3186 2047 3523 2101; x_wconf 83' lang='lat' dir='ltr'><strong>contrarium</strong></span> <span class='ocrx_word' id='word_1_297' title='bbox 3582 2045 3750 2105; x_wconf 71' lang='lat' dir='ltr'><strong>illum</strong></span> 
     </span>
    </p>
   </div>
   <div class='ocr_carea' id='block_1_21' title="bbox 440 2134 3751 2219">
    <p class='ocr_par' dir='ltr' id='par_1_21' title="bbox 440 2134 3751 2219">
     <span class='ocr_line' id='line_1_21' title="bbox 440 2134 3751 2219; baseline 0 -24"><span class='ocrx_word' id='word_1_298' title='bbox 440 2152 608 2208; x_wconf 87' lang='lat' dir='ltr'><strong>opera</strong></span> <span class='ocrx_word' id='word_1_299' title='bbox 630 2138 890 2195; x_wconf 78' lang='lat' dir='ltr'><strong>fidelium.</strong></span> <span class='ocrx_word' id='word_1_300' title='bbox 921 2157 940 2191; x_wconf 75' lang='grc' dir='ltr'>ι</span> <span class='ocrx_word' id='word_1_301' title='bbox 976 2137 1081 2194; x_wconf 79' lang='lat' dir='ltr'><strong>Mel</strong></span> <span class='ocrx_word' id='word_1_302' title='bbox 1104 2137 1171 2195; x_wconf 89' lang='lat' dir='ltr'><strong>de</strong></span> <span class='ocrx_word' id='word_1_303' title='bbox 1192 2144 1368 2209; x_wconf 85' lang='lat' dir='ltr'><strong>petra,</strong></span> <span class='ocrx_word' id='word_1_304' title='bbox 1396 2154 1415 2189; x_wconf 76' lang='grc' dir='ltr'><strong><em>ι</em></strong></span> <span class='ocrx_word' id='word_1_305' title='bbox 1452 2134 1681 2192; x_wconf 90' lang='lat' dir='ltr'><strong>dulcedo</strong></span> <span class='ocrx_word' id='word_1_306' title='bbox 1707 2134 2033 2219; x_wconf 63' lang='lat' dir='ltr'><strong>evangelicae</strong></span> <span class='ocrx_word' id='word_1_307' title='bbox 2134 2134 2456 2190; x_wconf 86' lang='lat' dir='ltr'><strong>invenerunt</strong></span> <span class='ocrx_word' id='word_1_308' title='bbox 2504 2134 2761 2207; x_wconf 87' lang='lat' dir='ltr'><strong>populum</strong></span> <span class='ocrx_word' id='word_1_309' title='bbox 2797 2136 3062 2208; x_wconf 89' lang='lat' dir='ltr'><strong>gentium,</strong></span> <span class='ocrx_word' id='word_1_310' title='bbox 3109 2148 3453 2208; x_wconf 88' lang='lat' dir='ltr'><strong>peccatorum</strong></span> <span class='ocrx_word' id='word_1_311' title='bbox 3488 2139 3751 2197; x_wconf 83' lang='lat' dir='ltr'><strong>vinculis</strong></span> 
     </span>
    </p>
   </div>
   <div class='ocr_carea' id='block_1_22' title="bbox 439 2222 3751 2301">
    <p class='ocr_par' dir='ltr' id='par_1_22' title="bbox 439 2222 3751 2301">
     <span class='ocr_line' id='line_1_22' title="bbox 439 2222 3751 2301; baseline 0 -16"><span class='ocrx_word' id='word_1_312' title='bbox 439 2229 701 2291; x_wconf 64' lang='lat' dir='ltr'><strong>doctrina:</strong></span> <span class='ocrx_word' id='word_1_313' title='bbox 753 2231 821 2288; x_wconf 88' lang='lat' dir='ltr'><strong>de</strong></span> <span class='ocrx_word' id='word_1_314' title='bbox 868 2230 1090 2289; x_wconf 88' lang='lat' dir='ltr'><strong>Christo</strong></span> <span class='ocrx_word' id='word_1_315' title='bbox 1141 2236 1269 2287; x_wconf 86' lang='lat' dir='ltr'><strong>ante</strong></span> <span class='ocrx_word' id='word_1_316' title='bbox 1308 2228 1637 2300; x_wconf 86' lang='lat' dir='ltr'><strong>passionem.</strong></span> <span class='ocrx_word' id='word_1_317' title='bbox 1672 2245 1693 2279; x_wconf 71' lang='grc' dir='ltr'><strong><em>ι</em></strong></span> <span class='ocrx_word' id='word_1_318' title='bbox 1730 2226 1919 2285; x_wconf 88' lang='lat' dir='ltr'><strong>Oleum</strong></span> <span class='ocrx_word' id='word_1_319' title='bbox 1965 2226 2035 2282; x_wconf 89' lang='lat' dir='ltr'><strong>de</strong></span> <span class='ocrx_word' id='word_1_320' title='bbox 2134 2224 2428 2291; x_wconf 83' lang='lat' dir='ltr'><strong>irretitum,</strong></span> <span class='ocrx_word' id='word_1_321' title='bbox 2458 2225 2546 2281; x_wconf 91' lang='lat' dir='ltr'><strong>cui</strong></span> <span class='ocrx_word' id='word_1_322' title='bbox 2589 2225 2769 2283; x_wconf 90' lang='lat' dir='ltr'><strong>nullus</strong></span> <span class='ocrx_word' id='word_1_323' title='bbox 2813 2222 3219 2284; x_wconf 82' lang='lat' dir='ltr'><strong>rationabilitim</strong></span> <span class='ocrx_word' id='word_1_324' title='bbox 3262 2230 3549 2286; x_wconf 80' lang='lat' dir='ltr'><strong>doctorum</strong></span> <span class='ocrx_word' id='word_1_325' title='bbox 3598 2245 3751 2301; x_wconf 62' lang='lat' dir='ltr'><strong>pra-</strong></span> 
     </span>
    </p>
   </div>
   <div class='ocr_carea' id='block_1_23' title="bbox 438 2315 3751 2391">
    <p class='ocr_par' dir='ltr' id='par_1_23' title="bbox 438 2315 3751 2391">
     <span class='ocr_line' id='line_1_23' title="bbox 438 2315 3751 2391; baseline 0.002 -14"><span class='ocrx_word' id='word_1_326' title='bbox 438 2335 575 2378; x_wconf 77' lang='lat' dir='ltr'><strong>saxo</strong></span> <span class='ocrx_word' id='word_1_327' title='bbox 605 2321 918 2387; x_wconf 90' lang='lat' dir='ltr'><strong>durissimo,</strong></span> <span class='ocrx_word' id='word_1_328' title='bbox 953 2339 974 2373; x_wconf 76' lang='grc' dir='ltr'><strong><em>ι</em></strong></span> <span class='ocrx_word' id='word_1_329' title='bbox 1007 2322 1027 2343; x_wconf 78' lang='lat'><strong>‘</strong></span> <span class='ocrx_word' id='word_1_330' title='bbox 1056 2320 1239 2376; x_wconf 91' lang='lat' dir='ltr'><strong>mistio</strong></span> <span class='ocrx_word' id='word_1_331' title='bbox 1275 2318 1511 2390; x_wconf 88' lang='lat' dir='ltr'><strong>Spiritus</strong></span> <span class='ocrx_word' id='word_1_332' title='bbox 1551 2317 1727 2372; x_wconf 88' lang='lat' dir='ltr'><strong>sancti</strong></span> <span class='ocrx_word' id='word_1_333' title='bbox 1764 2315 1832 2373; x_wconf 88' lang='lat' dir='ltr'><strong>de</strong></span> <span class='ocrx_word' id='word_1_334' title='bbox 1876 2315 2035 2372; x_wconf 88' lang='lat' dir='ltr'><strong>Cbri-</strong></span> <span class='ocrx_word' id='word_1_335' title='bbox 2132 2318 2259 2386; x_wconf 88' lang='lat' dir='ltr'><strong>fuit,</strong></span> <span class='ocrx_word' id='word_1_336' title='bbox 2281 2320 2375 2390; x_wconf 84' lang='lat' dir='ltr'><strong>qui</strong></span> <span class='ocrx_word' id='word_1_337' title='bbox 2408 2335 2504 2391; x_wconf 92' lang='lat' dir='ltr'><strong>per</strong></span> <span class='ocrx_word' id='word_1_338' title='bbox 2542 2319 2757 2378; x_wconf 78' lang='lat' dir='ltr'><strong>frenum</strong></span> <span class='ocrx_word' id='word_1_339' title='bbox 2790 2324 3150 2380; x_wconf 86' lang='lat' dir='ltr'><strong>correctionis</strong></span> <span class='ocrx_word' id='word_1_340' title='bbox 3196 2324 3282 2381; x_wconf 83' lang='lat' dir='ltr'><strong>vel</strong></span> <span class='ocrx_word' id='word_1_341' title='bbox 3309 2340 3340 2381; x_wconf 82' lang='lat' dir='ltr'><strong>a</strong></span> <span class='ocrx_word' id='word_1_342' title='bbox 3375 2325 3518 2380; x_wconf 87' lang='lat' dir='ltr'><strong>malo</strong></span> <span class='ocrx_word' id='word_1_343' title='bbox 3580 2325 3751 2382; x_wconf 76' lang='lat' dir='ltr'><strong>cohi-</strong></span> 
     </span>
    </p>
   </div>
   <div class='ocr_carea' id='block_1_24' title="bbox 443 2406 3750 2488">
    <p class='ocr_par' dir='ltr' id='par_1_24' title="bbox 443 2406 3750 2488">
     <span class='ocr_line' id='line_1_24' title="bbox 443 2406 3750 2488; baseline 0.002 -20"><span class='ocrx_word' id='word_1_344' title='bbox 443 2420 528 2468; x_wconf 89' lang='lat' dir='ltr'><strong>sto</strong></span> <span class='ocrx_word' id='word_1_345' title='bbox 555 2412 854 2471; x_wconf 87' lang='lat' dir='ltr'><strong>immortali</strong></span> <span class='ocrx_word' id='word_1_346' title='bbox 878 2410 1062 2467; x_wconf 89' lang='lat' dir='ltr'><strong>facto:</strong></span> <span class='ocrx_word' id='word_1_347' title='bbox 1103 2429 1123 2463; x_wconf 74' lang='grc' dir='ltr'>ι</span> <span class='ocrx_word' id='word_1_348' title='bbox 1156 2411 1414 2482; x_wconf 82' lang='lat' dir='ltr'><strong>butyrum</strong></span> <span class='ocrx_word' id='word_1_349' title='bbox 1437 2408 1504 2464; x_wconf 90' lang='lat' dir='ltr'><strong>de</strong></span> <span class='ocrx_word' id='word_1_350' title='bbox 1544 2415 1792 2463; x_wconf 88' lang='lat' dir='ltr'><strong>armento</strong></span> <span class='ocrx_word' id='word_1_351' title='bbox 1816 2446 1834 2475; x_wconf 94' lang='lat'><strong>,</strong></span> <span class='ocrx_word' id='word_1_352' title='bbox 1864 2425 1884 2460; x_wconf 71' lang='grc' dir='ltr'><strong><em>ι</em></strong></span> <span class='ocrx_word' id='word_1_353' title='bbox 1913 2406 2035 2478; x_wconf 90' lang='lat' dir='ltr'><strong>pin-</strong></span> <span class='ocrx_word' id='word_1_354' title='bbox 2133 2410 2310 2477; x_wconf 87' lang='lat' dir='ltr'><strong>heret,</strong></span> <span class='ocrx_word' id='word_1_355' title='bbox 2350 2411 2436 2468; x_wconf 85' lang='lat' dir='ltr'><strong>vel</strong></span> <span class='ocrx_word' id='word_1_356' title='bbox 2462 2413 2663 2468; x_wconf 83' lang='lat' dir='ltr'><strong>bonum</strong></span> <span class='ocrx_word' id='word_1_357' title='bbox 2699 2428 2795 2470; x_wconf 90' lang='lat' dir='ltr'><strong>eos</strong></span> <span class='ocrx_word' id='word_1_358' title='bbox 2824 2422 3013 2472; x_wconf 86' lang='lat' dir='ltr'><strong>tenere</strong></span> <span class='ocrx_word' id='word_1_359' title='bbox 3058 2424 3299 2488; x_wconf 87' lang='lat' dir='ltr'><strong>cogeret.</strong></span> <span class='ocrx_word' id='word_1_360' title='bbox 3332 2416 3589 2474; x_wconf 64' lang='lat' dir='ltr'><strong>Hominis</strong></span> <span class='ocrx_word' id='word_1_361' title='bbox 3640 2435 3750 2477; x_wconf 84' lang='lat' dir='ltr'><strong>no-</strong></span> 
     </span>
    </p>
   </div>
   <div class='ocr_carea' id='block_1_25' title="bbox 440 2499 3756 2577">
    <p class='ocr_par' dir='ltr' id='par_1_25' title="bbox 440 2499 3756 2577">
     <span class='ocr_line' id='line_1_25' title="bbox 440 2499 3756 2577; baseline 0.003 -19"><span class='ocrx_word' id='word_1_362' title='bbox 440 2505 563 2577; x_wconf 80' lang='lat' dir='ltr'><strong>guis</strong></span> <span class='ocrx_word' id='word_1_363' title='bbox 593 2513 650 2559; x_wconf 89' lang='lat' dir='ltr'><strong>et</strong></span> <span class='ocrx_word' id='word_1_364' title='bbox 677 2503 892 2561; x_wconf 85' lang='lat' dir='ltr'><strong>subtilis</strong></span> <span class='ocrx_word' id='word_1_365' title='bbox 924 2503 1174 2559; x_wconf 85' lang='lat' dir='ltr'><strong>doctrina</strong></span> <span class='ocrx_word' id='word_1_366' title='bbox 1210 2501 1455 2558; x_wconf 78' lang='lat' dir='ltr'><strong>fortium.</strong></span> <span class='ocrx_word' id='word_1_367' title='bbox 1486 2519 1506 2553; x_wconf 74' lang='grc' dir='ltr'>ι</span> <span class='ocrx_word' id='word_1_368' title='bbox 1537 2499 1647 2555; x_wconf 88' lang='lat' dir='ltr'><strong>Lac</strong></span> <span class='ocrx_word' id='word_1_369' title='bbox 1675 2500 1743 2556; x_wconf 91' lang='lat' dir='ltr'><strong>de</strong></span> <span class='ocrx_word' id='word_1_370' title='bbox 1762 2500 1955 2555; x_wconf 86' lang='lat' dir='ltr'><strong>ovibus</strong></span> <span class='ocrx_word' id='word_1_371' title='bbox 1984 2519 2031 2567; x_wconf 75' lang='grc' dir='ltr'><em>ι,</em></span> <span class='ocrx_word' id='word_1_372' title='bbox 2135 2502 2281 2559; x_wconf 87' lang='lat' dir='ltr'><strong>mine</strong></span> <span class='ocrx_word' id='word_1_373' title='bbox 2325 2501 2505 2574; x_wconf 74' lang='lat' dir='ltr'><strong>justus</strong></span> <span class='ocrx_word' id='word_1_374' title='bbox 2559 2505 2848 2576; x_wconf 83' lang='lat' dir='ltr'><strong>accipitur,</strong></span> <span class='ocrx_word' id='word_1_375' title='bbox 2894 2514 2956 2562; x_wconf 91' lang='lat' dir='ltr'><strong>ut</strong></span> <span class='ocrx_word' id='word_1_376' title='bbox 2986 2507 3115 2563; x_wconf 87' lang='lat' dir='ltr'><strong>illud</strong></span> <span class='ocrx_word' id='word_1_377' title='bbox 3149 2526 3165 2563; x_wconf 89' lang='lat'>:</span> <span class='ocrx_word' id='word_1_378' title='bbox 3202 2526 3225 2561; x_wconf 72' lang='grc' dir='ltr'>ί</span> <span class='ocrx_word' id='word_1_379' title='bbox 3254 2508 3583 2565; x_wconf 83' lang='lat' dir='ltr'><strong>Conturbati</strong></span> <span class='ocrx_word' id='word_1_380' title='bbox 3614 2519 3756 2567; x_wconf 72' lang='lat' dir='ltr'><strong>sunt</strong></span> 
     </span>
    </p>
   </div>
   <div class='ocr_carea' id='block_1_26' title="bbox 437 2588 3754 2675">
    <p class='ocr_par' dir='ltr' id='par_1_26' title="bbox 437 2588 3754 2675">
     <span class='ocr_line' id='line_1_26' title="bbox 437 2588 3754 2675; baseline 0.001 -25"><span class='ocrx_word' id='word_1_381' title='bbox 437 2594 575 2651; x_wconf 89' lang='lat' dir='ltr'><strong>levis</strong></span> <span class='ocrx_word' id='word_1_382' title='bbox 603 2594 850 2651; x_wconf 88' lang='lat' dir='ltr'><strong>doctrina</strong></span> <span class='ocrx_word' id='word_1_383' title='bbox 876 2593 1225 2665; x_wconf 89' lang='lat' dir='ltr'><strong>simplicium.</strong></span> <span class='ocrx_word' id='word_1_384' title='bbox 1262 2611 1283 2645; x_wconf 72' lang='grc' dir='ltr'>ι</span> <span class='ocrx_word' id='word_1_385' title='bbox 1312 2590 1495 2662; x_wconf 83' lang='lat' dir='ltr'><strong>Adeps</strong></span> <span class='ocrx_word' id='word_1_386' title='bbox 1515 2604 1779 2662; x_wconf 78' lang='lat' dir='ltr'><strong>agnorum</strong></span> <span class='ocrx_word' id='word_1_387' title='bbox 1804 2597 1861 2645; x_wconf 92' lang='lat' dir='ltr'><strong>et</strong></span> <span class='ocrx_word' id='word_1_388' title='bbox 1890 2588 2035 2645; x_wconf 83' lang='lat' dir='ltr'><strong>arie—</strong></span> <span class='ocrx_word' id='word_1_389' title='bbox 2134 2609 2326 2651; x_wconf 88' lang='lat' dir='ltr'><strong>omnes</strong></span> <span class='ocrx_word' id='word_1_390' title='bbox 2369 2594 2463 2667; x_wconf 85' lang='lat' dir='ltr'><strong>qui</strong></span> <span class='ocrx_word' id='word_1_391' title='bbox 2490 2595 2746 2653; x_wconf 78' lang='lat' dir='ltr'><strong>viderunt</strong></span> <span class='ocrx_word' id='word_1_392' title='bbox 2770 2606 2896 2653; x_wconf 81' lang='lat' dir='ltr'><strong>eum</strong></span> <span class='ocrx_word' id='word_1_393' title='bbox 2920 2598 2967 2664; x_wconf 84' lang='grc'><strong>³,</strong></span> <span class='ocrx_word' id='word_1_394' title='bbox 3003 2619 3023 2653; x_wconf 69' lang='grc' dir='ltr'>ι</span> <span class='ocrx_word' id='word_1_395' title='bbox 3050 2600 3196 2669; x_wconf 78' lang='lat' dir='ltr'><strong>quod</strong></span> <span class='ocrx_word' id='word_1_396' title='bbox 3222 2601 3386 2657; x_wconf 78' lang='lat' dir='ltr'><strong>corde</strong></span> <span class='ocrx_word' id='word_1_397' title='bbox 3410 2605 3754 2675; x_wconf 71' lang='lat' dir='ltr'><strong>compuncti</strong></span> 
     </span>
    </p>
   </div>
   <div class='ocr_carea' id='block_1_27' title="bbox 441 2679 3753 2766">
    <p class='ocr_par' dir='ltr' id='par_1_27' title="bbox 441 2679 3753 2766">
     <span class='ocr_line' id='line_1_27' title="bbox 441 2679 3753 2766; baseline 0.002 -24"><span class='ocrx_word' id='word_1_398' title='bbox 441 2696 580 2754; x_wconf 92' lang='lat' dir='ltr'><strong>tum,</strong></span> <span class='ocrx_word' id='word_1_399' title='bbox 619 2707 640 2741; x_wconf 73' lang='grc' dir='ltr'><strong><em>ι</em></strong></span> <span class='ocrx_word' id='word_1_400' title='bbox 668 2685 951 2758; x_wconf 88' lang='lat' dir='ltr'><strong>spirituale</strong></span> <span class='ocrx_word' id='word_1_401' title='bbox 991 2685 1343 2750; x_wconf 88' lang='lat' dir='ltr'><strong>desiderium,</strong></span> <span class='ocrx_word' id='word_1_402' title='bbox 1377 2683 1525 2755; x_wconf 90' lang='lat' dir='ltr'><strong>quod</strong></span> <span class='ocrx_word' id='word_1_403' title='bbox 1583 2681 1742 2737; x_wconf 88' lang='lat' dir='ltr'><strong>nobis</strong></span> <span class='ocrx_word' id='word_1_404' title='bbox 1782 2679 2033 2751; x_wconf 79' lang='lat' dir='ltr'><strong>exemplo</strong></span> <span class='ocrx_word' id='word_1_405' title='bbox 2134 2692 2284 2754; x_wconf 79' lang='lat' dir='ltr'><strong>sunt,</strong></span> <span class='ocrx_word' id='word_1_406' title='bbox 2309 2687 2401 2758; x_wconf 91' lang='lat' dir='ltr'><strong>qui</strong></span> <span class='ocrx_word' id='word_1_407' title='bbox 2440 2696 2665 2759; x_wconf 86' lang='lat' dir='ltr'><strong>peracta</strong></span> <span class='ocrx_word' id='word_1_408' title='bbox 2694 2691 3099 2747; x_wconf 88' lang='lat' dir='ltr'><strong>resurrectione</strong></span> <span class='ocrx_word' id='word_1_409' title='bbox 3120 2690 3422 2750; x_wconf 84' lang='lat' dir='ltr'><strong>Salvatoris</strong></span> <span class='ocrx_word' id='word_1_410' title='bbox 3450 2694 3753 2766; x_wconf 70' lang='lat' dir='ltr'><strong>intellige-</strong></span> 
     </span>
    </p>
   </div>
   <div class='ocr_carea' id='block_1_28' title="bbox 442 2772 3753 2851">
    <p class='ocr_par' dir='ltr' id='par_1_28' title="bbox 442 2772 3753 2851">
     <span class='ocr_line' id='line_1_28' title="bbox 442 2772 3753 2851; baseline 0.004 -17"><span class='ocrx_word' id='word_1_411' title='bbox 442 2778 771 2850; x_wconf 87' lang='lat' dir='ltr'><strong>simplicium</strong></span> <span class='ocrx_word' id='word_1_412' title='bbox 794 2778 857 2835; x_wconf 83' lang='lat' dir='ltr'><strong>in</strong></span> <span class='ocrx_word' id='word_1_413' title='bbox 892 2776 1232 2833; x_wconf 86' lang='lat' dir='ltr'><strong>subditorum</strong></span> <span class='ocrx_word' id='word_1_414' title='bbox 1275 2784 1332 2831; x_wconf 91' lang='lat' dir='ltr'><strong>et</strong></span> <span class='ocrx_word' id='word_1_415' title='bbox 1356 2773 1581 2831; x_wconf 89' lang='lat' dir='ltr'><strong>fortium</strong></span> <span class='ocrx_word' id='word_1_416' title='bbox 1628 2772 2032 2845; x_wconf 81' lang='lat' dir='ltr'><strong>propositorum</strong></span> <span class='ocrx_word' id='word_1_417' title='bbox 2132 2780 2285 2846; x_wconf 89' lang='lat' dir='ltr'><strong>bant,</strong></span> <span class='ocrx_word' id='word_1_418' title='bbox 2316 2779 2532 2837; x_wconf 79' lang='lat' dir='ltr'><strong>Judaeos</strong></span> <span class='ocrx_word' id='word_1_419' title='bbox 2560 2796 2681 2839; x_wconf 89' lang='lat' dir='ltr'><strong>esse</strong></span> <span class='ocrx_word' id='word_1_420' title='bbox 2712 2782 3040 2851; x_wconf 68' lang='lat' dir='ltr'><strong>inemcaces,</strong></span> <span class='ocrx_word' id='word_1_421' title='bbox 3064 2804 3084 2838; x_wconf 88' lang='grc'>‹</span> <span class='ocrx_word' id='word_1_422' title='bbox 3115 2796 3171 2841; x_wconf 88' lang='lat' dir='ltr'><strong>et</strong></span> <span class='ocrx_word' id='word_1_423' title='bbox 3199 2786 3379 2842; x_wconf 84' lang='lat' dir='ltr'><strong>timuit</strong></span> <span class='ocrx_word' id='word_1_424' title='bbox 3418 2789 3616 2845; x_wconf 84' lang='lat' dir='ltr'><strong>omnis</strong></span> <span class='ocrx_word' id='word_1_425' title='bbox 3645 2788 3753 2847; x_wconf 83' lang='lat' dir='ltr'><strong>ho-</strong></span> 
     </span>
    </p>
   </div>
   <div class='ocr_carea' id='block_1_29' title="bbox 442 2866 3749 2951">
    <p class='ocr_par' dir='ltr' id='par_1_29' title="bbox 442 2866 3749 2951">
     <span class='ocr_line' id='line_1_29' title="bbox 442 2866 3749 2951; baseline 0.003 -25"><span class='ocrx_word' id='word_1_426' title='bbox 442 2870 677 2928; x_wconf 88' lang='lat' dir='ltr'><strong>ﬁliorum</strong></span> <span class='ocrx_word' id='word_1_427' title='bbox 715 2870 972 2929; x_wconf 70' lang='lat' dir='ltr'><strong>Ecclesiae</strong></span> <span class='ocrx_word' id='word_1_428' title='bbox 1000 2870 1178 2929; x_wconf 88' lang='lat' dir='ltr'><strong>adhuc</strong></span> <span class='ocrx_word' id='word_1_429' title='bbox 1204 2869 1566 2926; x_wconf 88' lang='lat' dir='ltr'><strong>ministratur.</strong></span> <span class='ocrx_word' id='word_1_430' title='bbox 1606 2866 1826 2934; x_wconf 79' lang='lat' dir='ltr'><strong>Hircus,</strong></span> <span class='ocrx_word' id='word_1_431' title='bbox 1865 2882 2032 2938; x_wconf 84' lang='lat' dir='ltr'><strong>opera</strong></span> <span class='ocrx_word' id='word_1_432' title='bbox 2132 2888 2241 2939; x_wconf 89' lang='lat' dir='ltr'><strong>mo,</strong></span> <span class='ocrx_word' id='word_1_433' title='bbox 2271 2888 2290 2925; x_wconf 69' lang='grc' dir='ltr'><strong>ο</strong></span> <span class='ocrx_word' id='word_1_434' title='bbox 2320 2874 2466 2945; x_wconf 83' lang='lat' dir='ltr'><strong>quod</strong></span> <span class='ocrx_word' id='word_1_435' title='bbox 2488 2876 2825 2932; x_wconf 85' lang='lat' dir='ltr'><strong>consortium</strong></span> <span class='ocrx_word' id='word_1_436' title='bbox 2852 2874 3069 2933; x_wconf 81' lang='lat' dir='ltr'><strong>illonim</strong></span> <span class='ocrx_word' id='word_1_437' title='bbox 3098 2879 3279 2935; x_wconf 87' lang='lat' dir='ltr'><strong>omnis</strong></span> <span class='ocrx_word' id='word_1_438' title='bbox 3294 2879 3475 2951; x_wconf 78' lang='lat' dir='ltr'><strong>justus</strong></span> <span class='ocrx_word' id='word_1_439' title='bbox 3504 2880 3749 2937; x_wconf 77' lang='lat' dir='ltr'><strong>ratione</strong></span> 
     </span>
    </p>
   </div>
   <div class='ocr_carea' id='block_1_30' title="bbox 440 2962 3749 3040">
    <p class='ocr_par' dir='ltr' id='par_1_30' title="bbox 440 2962 3749 3040">
     <span class='ocr_line' id='line_1_30' title="bbox 440 2962 3749 3040; baseline 0.003 -21"><span class='ocrx_word' id='word_1_440' title='bbox 440 2964 776 3035; x_wconf 56' lang='lat' dir='ltr'><strong>poenitentiae</strong></span> <span class='ocrx_word' id='word_1_441' title='bbox 822 2965 878 3020; x_wconf 94' lang='lat' dir='ltr'><strong>in</strong></span> <span class='ocrx_word' id='word_1_442' title='bbox 938 2964 1086 3021; x_wconf 90' lang='lat' dir='ltr'><strong>omni</strong></span> <span class='ocrx_word' id='word_1_443' title='bbox 1153 2963 1325 3037; x_wconf 84' lang='lat' dir='ltr'><strong>gradu</strong></span> <span class='ocrx_word' id='word_1_444' title='bbox 1378 2963 1641 3019; x_wconf 86' lang='lat' dir='ltr'><strong>virtutum</strong></span> <span class='ocrx_word' id='word_1_445' title='bbox 1697 2962 2026 3029; x_wconf 82' lang='lat' dir='ltr'><strong>necessaria.</strong></span> <span class='ocrx_word' id='word_1_446' title='bbox 2129 2964 2320 3036; x_wconf 88' lang='lat' dir='ltr'><strong>vigens</strong></span> <span class='ocrx_word' id='word_1_447' title='bbox 2362 2966 2598 3037; x_wconf 80' lang='lat' dir='ltr'><strong>expavit.</strong></span> <span class='ocrx_word' id='word_1_448' title='bbox 2629 2965 2828 3032; x_wconf 76' lang='lat' dir='ltr'><strong>Homo,</strong></span> <span class='ocrx_word' id='word_1_449' title='bbox 2862 2967 3199 3040; x_wconf 73' lang='lat' dir='ltr'><strong>evangelista</strong></span> <span class='ocrx_word' id='word_1_450' title='bbox 3227 2968 3532 3035; x_wconf 70' lang='lat' dir='ltr'><strong>Matthaeos,</strong></span> <span class='ocrx_word' id='word_1_451' title='bbox 3584 2982 3657 3027; x_wconf 84' lang='lat' dir='ltr'><strong>ut</strong></span> <span class='ocrx_word' id='word_1_452' title='bbox 3686 2972 3749 3028; x_wconf 75' lang='lat' dir='ltr'><strong>in</strong></span> 
     </span>
    </p>
   </div>
   <div class='ocr_carea' id='block_1_31' title="bbox 445 3054 3747 3133">
    <p class='ocr_par' dir='ltr' id='par_1_31' title="bbox 445 3054 3747 3133">
     <span class='ocr_line' id='line_1_31' title="bbox 445 3054 3747 3133; baseline 0.003 -23"><span class='ocrx_word' id='word_1_453' title='bbox 445 3074 465 3110; x_wconf 73' lang='grc' dir='ltr'>ι</span> <span class='ocrx_word' id='word_1_454' title='bbox 506 3055 734 3113; x_wconf 74' lang='lat' dir='ltr'><strong>Medulla</strong></span> <span class='ocrx_word' id='word_1_455' title='bbox 770 3056 938 3114; x_wconf 87' lang='lat' dir='ltr'><strong>tritici</strong></span> <span class='ocrx_word' id='word_1_456' title='bbox 984 3064 1042 3113; x_wconf 91' lang='lat' dir='ltr'><strong>et</strong></span> <span class='ocrx_word' id='word_1_457' title='bbox 1089 3056 1314 3130; x_wconf 83' lang='lat' dir='ltr'><strong>sanguis</strong></span> <span class='ocrx_word' id='word_1_458' title='bbox 1349 3071 1470 3112; x_wconf 65' lang='lat' dir='ltr'><strong>uva:</strong></span> <span class='ocrx_word' id='word_1_459' title='bbox 1496 3058 1514 3078; x_wconf 80' lang='grc'>⁶</span> <span class='ocrx_word' id='word_1_460' title='bbox 1542 3054 1755 3111; x_wconf 87' lang='lat' dir='ltr'><strong>biberet</strong></span> <span class='ocrx_word' id='word_1_461' title='bbox 1773 3054 2032 3113; x_wconf 85' lang='lat' dir='ltr'><strong>meracis-</strong></span> <span class='ocrx_word' id='word_1_462' title='bbox 2130 3055 2452 3113; x_wconf 86' lang='lat' dir='ltr'><strong>Ezechiele:</strong></span> <span class='ocrx_word' id='word_1_463' title='bbox 2512 3077 2531 3111; x_wconf 81' lang='grc' dir='ltr'>ι</span> <span class='ocrx_word' id='word_1_464' title='bbox 2560 3057 2754 3116; x_wconf 87' lang='lat' dir='ltr'><strong>Facies</strong></span> <span class='ocrx_word' id='word_1_465' title='bbox 2801 3060 3039 3117; x_wconf 83' lang='lat' dir='ltr'><strong>hominis</strong></span> <span class='ocrx_word' id='word_1_466' title='bbox 3066 3058 3112 3127; x_wconf 82' lang='lat'><strong>’,</strong></span> <span class='ocrx_word' id='word_1_467' title='bbox 3143 3078 3165 3116; x_wconf 70' lang='grc' dir='ltr'><strong><em>ι</em></strong></span> <span class='ocrx_word' id='word_1_468' title='bbox 3218 3060 3362 3133; x_wconf 82' lang='lat' dir='ltr'><strong>quod</strong></span> <span class='ocrx_word' id='word_1_469' title='bbox 3408 3062 3747 3133; x_wconf 58' lang='lat' dir='ltr'><strong>“animus,</strong></span> 
     </span>
    </p>
   </div>
   <div class='ocr_carea' id='block_1_32' title="bbox 438 3147 3752 3229">
    <p class='ocr_par' dir='ltr' id='par_1_32' title="bbox 438 3147 3752 3229">
     <span class='ocr_line' id='line_1_32' title="bbox 438 3147 3752 3229; baseline 0.003 -23"><span class='ocrx_word' id='word_1_470' title='bbox 438 3150 631 3218; x_wconf 89' lang='lat' dir='ltr'><strong>simus,</strong></span> <span class='ocrx_word' id='word_1_471' title='bbox 669 3170 689 3205; x_wconf 76' lang='grc' dir='ltr'><strong><em>ι</em></strong></span> <span class='ocrx_word' id='word_1_472' title='bbox 720 3151 931 3223; x_wconf 87' lang='lat' dir='ltr'><strong>puritas</strong></span> <span class='ocrx_word' id='word_1_473' title='bbox 980 3152 1227 3222; x_wconf 85' lang='lat' dir='ltr'><strong>corporis</strong></span> <span class='ocrx_word' id='word_1_474' title='bbox 1278 3149 1481 3207; x_wconf 90' lang='lat' dir='ltr'><strong>Christi</strong></span> <span class='ocrx_word' id='word_1_475' title='bbox 1530 3157 1588 3206; x_wconf 90' lang='lat' dir='ltr'><strong>et</strong></span> <span class='ocrx_word' id='word_1_476' title='bbox 1634 3148 1855 3221; x_wconf 88' lang='lat' dir='ltr'><strong>sanguis</strong></span> <span class='ocrx_word' id='word_1_477' title='bbox 1910 3147 2028 3217; x_wconf 77' lang='lat' dir='ltr'><strong>eius</strong></span> <span class='ocrx_word' id='word_1_478' title='bbox 2056 3202 2102 3229; x_wconf 57' lang='grc' dir='ltr'><strong><em>η</em></strong></span> <span class='ocrx_word' id='word_1_479' title='bbox 2130 3158 2231 3220; x_wconf 83' lang='lat' dir='ltr'><strong>pro</strong></span> <span class='ocrx_word' id='word_1_480' title='bbox 2253 3165 2320 3205; x_wconf 89' lang='lat' dir='ltr'><strong>eo</strong></span> <span class='ocrx_word' id='word_1_481' title='bbox 2369 3150 2512 3222; x_wconf 83' lang='lat' dir='ltr'><strong>quod</strong></span> <span class='ocrx_word' id='word_1_482' title='bbox 2549 3152 2619 3208; x_wconf 86' lang='lat' dir='ltr'><strong>de</strong></span> <span class='ocrx_word' id='word_1_483' title='bbox 2662 3152 2882 3210; x_wconf 79' lang='lat' dir='ltr'><strong>homine</strong></span> <span class='ocrx_word' id='word_1_484' title='bbox 2916 3154 3163 3211; x_wconf 84' lang='lat' dir='ltr'><strong>scribere</strong></span> <span class='ocrx_word' id='word_1_485' title='bbox 3200 3156 3385 3229; x_wconf 65' lang='lat' dir='ltr'><strong>«Epit,</strong></span> <span class='ocrx_word' id='word_1_486' title='bbox 3407 3168 3508 3227; x_wconf 86' lang='lat' dir='ltr'><strong>per</strong></span> <span class='ocrx_word' id='word_1_487' title='bbox 3546 3158 3752 3218; x_wconf 77' lang='lat' dir='ltr'><strong>homi-</strong></span> 
     </span>
    </p>
   </div>
   <div class='ocr_carea' id='block_1_33' title="bbox 441 3202 3751 3316">
    <p class='ocr_par' dir='ltr' id='par_1_33' title="bbox 441 3202 3751 3316">
     <span class='ocr_line' id='line_1_33' title="bbox 441 3202 3751 3316; baseline 0.003 -16"><span class='ocrx_word' id='word_1_488' title='bbox 441 3202 819 3311; x_wconf 59' lang='lat' dir='ltr'><strong>suavissimiis,</strong></span> <span class='ocrx_word' id='word_1_489' title='bbox 847 3243 1044 3314; x_wconf 82' lang='lat' dir='ltr'><strong>quibus</strong></span> <span class='ocrx_word' id='word_1_490' title='bbox 1069 3202 1166 3299; x_wconf 53' lang='lat' dir='ltr'><strong>Irlei</strong></span> <span class='ocrx_word' id='word_1_491' title='bbox 1206 3242 1442 3314; x_wconf 85' lang='lat' dir='ltr'><strong>populus</strong></span> <span class='ocrx_word' id='word_1_492' title='bbox 1481 3242 1553 3298; x_wconf 90' lang='lat' dir='ltr'><strong>ad</strong></span> <span class='ocrx_word' id='word_1_493' title='bbox 1603 3202 1834 3299; x_wconf 66' lang='lat' dir='ltr'><strong>salutem</strong></span> <span class='ocrx_word' id='word_1_494' title='bbox 1874 3242 2032 3297; x_wconf 88' lang='lat' dir='ltr'><strong>emit-</strong></span> <span class='ocrx_word' id='word_1_495' title='bbox 2056 3202 2103 3273; x_wconf 62' lang='grc' dir='ltr'>Ο</span> <span class='ocrx_word' id='word_1_496' title='bbox 2132 3202 2260 3297; x_wconf 63' lang='lat' dir='ltr'><strong>item</strong></span> <span class='ocrx_word' id='word_1_497' title='bbox 2284 3202 2577 3314; x_wconf 42' lang='lat' dir='ltr'><strong>expjressus</strong></span> <span class='ocrx_word' id='word_1_498' title='bbox 2605 3252 2711 3300; x_wconf 90' lang='lat' dir='ltr'><strong>est.</strong></span> <span class='ocrx_word' id='word_1_499' title='bbox 2741 3244 2937 3311; x_wconf 81' lang='lat' dir='ltr'><strong>Homo,</strong></span> <span class='ocrx_word' id='word_1_500' title='bbox 2965 3247 3106 3304; x_wconf 87' lang='lat' dir='ltr'><strong>ratio</strong></span> <span class='ocrx_word' id='word_1_501' title='bbox 3137 3202 3357 3316; x_wconf 66' lang='lat' dir='ltr'><strong>mentis,</strong></span> <span class='ocrx_word' id='word_1_502' title='bbox 3377 3202 3443 3304; x_wconf 56' lang='lat' dir='ltr'><strong>ult</strong></span> <span class='ocrx_word' id='word_1_503' title='bbox 3467 3250 3523 3306; x_wconf 90' lang='lat' dir='ltr'><strong>in</strong></span> <span class='ocrx_word' id='word_1_504' title='bbox 3546 3250 3751 3309; x_wconf 81' lang='lat' dir='ltr'><strong>Evan—</strong></span> 
     </span>
    </p>
   </div>
   <div class='ocr_carea' id='block_1_34' title="bbox 439 3332 3753 3408">
    <p class='ocr_par' dir='ltr' id='par_1_34' title="bbox 439 3332 3753 3408">
     <span class='ocr_line' id='line_1_34' title="bbox 439 3332 3753 3408; baseline 0.003 -18"><span class='ocrx_word' id='word_1_505' title='bbox 439 3335 832 3392; x_wconf 88' lang='lat' dir='ltr'><strong>titur:hircus</strong></span> <span class='ocrx_word' id='word_1_506' title='bbox 859 3335 1026 3402; x_wconf 83' lang='lat' dir='ltr'><strong>enim,</strong></span> <span class='ocrx_word' id='word_1_507' title='bbox 1061 3335 1156 3406; x_wconf 88' lang='lat' dir='ltr'><strong>qui</strong></span> <span class='ocrx_word' id='word_1_508' title='bbox 1198 3335 1450 3408; x_wconf 83' lang='lat' dir='ltr'><strong>petulans</strong></span> <span class='ocrx_word' id='word_1_509' title='bbox 1483 3341 1590 3402; x_wconf 88' lang='lat' dir='ltr'><strong>est,</strong></span> <span class='ocrx_word' id='word_1_510' title='bbox 1628 3334 1858 3391; x_wconf 73' lang='lat' dir='ltr'><strong>luxuria:</strong></span> <span class='ocrx_word' id='word_1_511' title='bbox 1879 3334 2032 3392; x_wconf 84' lang='lat' dir='ltr'><strong>dedi-</strong></span> <span class='ocrx_word' id='word_1_512' title='bbox 2130 3332 2313 3405; x_wconf 88' lang='lat' dir='ltr'><strong>gelio:</strong></span> <span class='ocrx_word' id='word_1_513' title='bbox 2374 3352 2395 3387; x_wconf 75' lang='lat' dir='ltr'><strong>c</strong></span> <span class='ocrx_word' id='word_1_514' title='bbox 2428 3333 2713 3392; x_wconf 77' lang='lat' dir='ltr'><strong>Hominem</strong></span> <span class='ocrx_word' id='word_1_515' title='bbox 2769 3350 2879 3394; x_wconf 83' lang='lat' dir='ltr'><strong>non</strong></span> <span class='ocrx_word' id='word_1_516' title='bbox 2933 3338 3129 3407; x_wconf 77' lang='lat' dir='ltr'><strong>habeo,</strong></span> <span class='ocrx_word' id='word_1_517' title='bbox 3182 3348 3278 3408; x_wconf 85' lang='lat' dir='ltr'><strong>ut,</strong></span> <span class='ocrx_word' id='word_1_518' title='bbox 3324 3350 3453 3397; x_wconf 87' lang='lat' dir='ltr'><strong>eum</strong></span> <span class='ocrx_word' id='word_1_519' title='bbox 3506 3341 3753 3401; x_wconf 74' lang='lat' dir='ltr'><strong>turbata</strong></span> 
     </span>
    </p>
   </div>
   <div class='ocr_carea' id='block_1_35' title="bbox 442 3423 3751 3503">
    <p class='ocr_par' dir='ltr' id='par_1_35' title="bbox 442 3423 3751 3503">
     <span class='ocr_line' id='line_1_35' title="bbox 442 3423 3751 3503; baseline 0.005 -24"><span class='ocrx_word' id='word_1_520' title='bbox 442 3432 527 3479; x_wconf 84' lang='lat' dir='ltr'><strong>tos</strong></span> <span class='ocrx_word' id='word_1_521' title='bbox 566 3423 789 3479; x_wconf 88' lang='lat' dir='ltr'><strong>indicat.</strong></span> <span class='ocrx_word' id='word_1_522' title='bbox 1842 3457 1851 3465; x_wconf 70' lang='grc' dir='ltr'><strong>ο</strong></span> <span class='ocrx_word' id='word_1_523' title='bbox 2131 3426 2300 3484; x_wconf 85' lang='lat' dir='ltr'><strong>fuerit</strong></span> <span class='ocrx_word' id='word_1_524' title='bbox 2321 3440 2483 3499; x_wconf 79' lang='lat' dir='ltr'><strong>aqua,</strong></span> <span class='ocrx_word' id='word_1_525' title='bbox 2514 3429 2697 3486; x_wconf 88' lang='lat' dir='ltr'><strong>mittat</strong></span> <span class='ocrx_word' id='word_1_526' title='bbox 2723 3444 2813 3487; x_wconf 90' lang='lat' dir='ltr'><strong>me</strong></span> <span class='ocrx_word' id='word_1_527' title='bbox 2836 3432 2892 3487; x_wconf 84' lang='lat' dir='ltr'><strong>in</strong></span> <span class='ocrx_word' id='word_1_528' title='bbox 2917 3428 3205 3503; x_wconf 77' lang='lat' dir='ltr'><strong>piscinam,</strong></span> <span class='ocrx_word' id='word_1_529' title='bbox 3238 3452 3259 3486; x_wconf 75' lang='grc' dir='ltr'><strong>ι</strong></span> <span class='ocrx_word' id='word_1_530' title='bbox 3286 3430 3342 3489; x_wconf 90' lang='lat' dir='ltr'><strong>id</strong></span> <span class='ocrx_word' id='word_1_531' title='bbox 3372 3444 3480 3501; x_wconf 88' lang='lat' dir='ltr'><strong>est,</strong></span> <span class='ocrx_word' id='word_1_532' title='bbox 3506 3474 3523 3489; x_wconf 94' lang='lat'><strong>.</strong></span> <span class='ocrx_word' id='word_1_533' title='bbox 3546 3475 3565 3489; x_wconf 96' lang='lat'><strong>.</strong></span> <span class='ocrx_word' id='word_1_534' title='bbox 3596 3436 3751 3494; x_wconf 56' lang='lat' dir='ltr'><strong>mni</strong></span> 
     </span>
    </p>
   </div>
   <div class='ocr_carea' id='block_1_36' title="bbox 518 3518 3749 3599">
    <p class='ocr_par' dir='ltr' id='par_1_36' title="bbox 518 3518 3749 3599">
     <span class='ocr_line' id='line_1_36' title="bbox 518 3518 3749 3599; baseline 0.002 -23"><span class='ocrx_word' id='word_1_535' title='bbox 518 3522 691 3579; x_wconf 77' lang='lat' dir='ltr'><strong>Homo</strong></span> <span class='ocrx_word' id='word_1_536' title='bbox 728 3532 812 3580; x_wconf 84' lang='lat' dir='ltr'><strong>est</strong></span> <span class='ocrx_word' id='word_1_537' title='bbox 849 3526 992 3581; x_wconf 84' lang='lat' dir='ltr'><strong>Deus</strong></span> <span class='ocrx_word' id='word_1_538' title='bbox 1014 3525 1195 3592; x_wconf 78' lang='lat' dir='ltr'><strong>Pater,</strong></span> <span class='ocrx_word' id='word_1_539' title='bbox 1231 3526 1371 3582; x_wconf 85' lang='lat' dir='ltr'><strong>utin</strong></span> <span class='ocrx_word' id='word_1_540' title='bbox 1421 3525 1753 3599; x_wconf 83' lang='lat' dir='ltr'><strong>Evangelio:</strong></span> <span class='ocrx_word' id='word_1_541' title='bbox 1785 3544 1804 3578; x_wconf 72' lang='grc' dir='ltr'><strong><em>ι</em></strong></span> <span class='ocrx_word' id='word_1_542' title='bbox 1840 3524 2031 3582; x_wconf 79' lang='lat' dir='ltr'><strong>Simile</strong></span> <span class='ocrx_word' id='word_1_543' title='bbox 2131 3518 2347 3574; x_wconf 72' lang='lat' dir='ltr'><strong>interna</strong></span> <span class='ocrx_word' id='word_1_544' title='bbox 2401 3519 2612 3586; x_wconf 76' lang='lat' dir='ltr'><strong>deesse.</strong></span> <span class='ocrx_word' id='word_1_545' title='bbox 2658 3534 2780 3591; x_wconf 79' lang='lat' dir='ltr'><strong>quae</strong></span> <span class='ocrx_word' id='word_1_546' title='bbox 2822 3534 2923 3592; x_wconf 75' lang='lat' dir='ltr'><strong>per</strong></span> <span class='ocrx_word' id='word_1_547' title='bbox 2968 3523 3381 3580; x_wconf 75' lang='lat' dir='ltr'><strong>meditationem</strong></span> <span class='ocrx_word' id='word_1_548' title='bbox 3426 3522 3749 3583; x_wconf 71' lang='lat' dir='ltr'><strong>Dominicz</strong></span> 
     </span>
    </p>
   </div>
   <div class='ocr_carea' id='block_1_37' title="bbox 442 3610 3750 3693">
    <p class='ocr_par' dir='ltr' id='par_1_37' title="bbox 442 3610 3750 3693">
     <span class='ocr_line' id='line_1_37' title="bbox 442 3610 3750 3693; baseline 0.001 -20"><span class='ocrx_word' id='word_1_549' title='bbox 442 3626 528 3673; x_wconf 87' lang='lat' dir='ltr'><strong>est</strong></span> <span class='ocrx_word' id='word_1_550' title='bbox 558 3632 781 3690; x_wconf 88' lang='lat' dir='ltr'><strong>regnum</strong></span> <span class='ocrx_word' id='word_1_551' title='bbox 811 3619 1072 3676; x_wconf 57' lang='lat' dir='ltr'><strong>coriorum</strong></span> <span class='ocrx_word' id='word_1_552' title='bbox 1101 3620 1307 3676; x_wconf 90' lang='lat' dir='ltr'><strong>homini</strong></span> <span class='ocrx_word' id='word_1_553' title='bbox 1354 3621 1489 3693; x_wconf 85' lang='lat' dir='ltr'><strong>regi,</strong></span> <span class='ocrx_word' id='word_1_554' title='bbox 1520 3620 1612 3691; x_wconf 88' lang='lat' dir='ltr'><strong>qui</strong></span> <span class='ocrx_word' id='word_1_555' title='bbox 1642 3620 1769 3676; x_wconf 86' lang='lat' dir='ltr'><strong>fecit</strong></span> <span class='ocrx_word' id='word_1_556' title='bbox 1815 3622 2033 3693; x_wconf 84' lang='lat' dir='ltr'><strong>nuptias</strong></span> <span class='ocrx_word' id='word_1_557' title='bbox 2128 3611 2400 3682; x_wconf 75' lang='lat' dir='ltr'><strong>PaSSioniS</strong></span> <span class='ocrx_word' id='word_1_558' title='bbox 2441 3620 2597 3667; x_wconf 70' lang='lat' dir='ltr'><strong>sanet</strong></span> <span class='ocrx_word' id='word_1_559' title='bbox 2626 3626 2735 3669; x_wconf 77' lang='lat' dir='ltr'><strong>me.</strong></span> <span class='ocrx_word' id='word_1_560' title='bbox 2773 3610 2972 3681; x_wconf 82' lang='lat' dir='ltr'><strong>Homo,</strong></span> <span class='ocrx_word' id='word_1_561' title='bbox 3010 3612 3241 3686; x_wconf 89' lang='lat' dir='ltr'><strong>quilibet</strong></span> <span class='ocrx_word' id='word_1_562' title='bbox 3280 3614 3527 3688; x_wconf 84' lang='lat' dir='ltr'><strong>iniquus,</strong></span> <span class='ocrx_word' id='word_1_563' title='bbox 3570 3614 3750 3686; x_wconf 77' lang='lat' dir='ltr'><strong>juxta</strong></span> 
     </span>
    </p>
   </div>
   <div class='ocr_carea' id='block_1_38' title="bbox 444 3701 2012 3783">
    <p class='ocr_par' dir='ltr' id='par_1_38' title="bbox 444 3704 2012 3783">
     <span class='ocr_line' id='line_1_38' title="bbox 444 3704 2012 3783; baseline 0.005 -22"><span class='ocrx_word' id='word_1_564' title='bbox 444 3704 556 3764; x_wconf 85' lang='lat' dir='ltr'><strong>ﬁlio</strong></span> <span class='ocrx_word' id='word_1_565' title='bbox 580 3722 679 3764; x_wconf 89' lang='lat' dir='ltr'><strong>suo</strong></span> <span class='ocrx_word' id='word_1_566' title='bbox 720 3709 767 3777; x_wconf 84' lang='grc'><em>⁸,</em></span> <span class='ocrx_word' id='word_1_567' title='bbox 802 3722 822 3762; x_wconf 70' lang='lat' dir='ltr'><strong>t</strong></span> <span class='ocrx_word' id='word_1_568' title='bbox 861 3710 916 3766; x_wconf 86' lang='lat' dir='ltr'><strong>id</strong></span> <span class='ocrx_word' id='word_1_569' title='bbox 946 3718 1051 3778; x_wconf 87' lang='lat' dir='ltr'><strong>est,</strong></span> <span class='ocrx_word' id='word_1_570' title='bbox 1088 3710 1202 3767; x_wconf 80' lang='lat' dir='ltr'><strong>Deo</strong></span> <span class='ocrx_word' id='word_1_571' title='bbox 1230 3710 1405 3780; x_wconf 87' lang='lat' dir='ltr'><strong>Patri,</strong></span> <span class='ocrx_word' id='word_1_572' title='bbox 1445 3713 1538 3783; x_wconf 89' lang='lat' dir='ltr'><strong>qui</strong></span> <span class='ocrx_word' id='word_1_573' title='bbox 1570 3712 1868 3768; x_wconf 88' lang='lat' dir='ltr'><strong>Ecciesiam</strong></span> <span class='ocrx_word' id='word_1_574' title='bbox 1895 3728 2012 3769; x_wconf 88' lang='lat' dir='ltr'><strong>con-</strong></span> 
     </span>
    </p>
   </div>
   <div class='ocr_carea' id='block_1_39' title="bbox 2184 3701 3752 3783">
    <p class='ocr_par' dir='ltr' id='par_1_39' title="bbox 2184 3701 3752 3777">
     <span class='ocr_line' id='line_1_39' title="bbox 2184 3701 3752 3777; baseline 0.007 -20"><span class='ocrx_word' id='word_1_575' title='bbox 2184 3702 2265 3759; x_wconf 81' lang='lat' dir='ltr'><strong>lud</strong></span> <span class='ocrx_word' id='word_1_576' title='bbox 2294 3721 2308 3759; x_wconf 87' lang='lat'><strong>:</strong></span> <span class='ocrx_word' id='word_1_577' title='bbox 2338 3718 2361 3755; x_wconf 70' lang='grc' dir='ltr'>ί</span> <span class='ocrx_word' id='word_1_578' title='bbox 2393 3701 2649 3761; x_wconf 78' lang='lat' dir='ltr'><strong>Judieare</strong></span> <span class='ocrx_word' id='word_1_579' title='bbox 2692 3703 2897 3777; x_wconf 88' lang='lat' dir='ltr'><strong>pupillo</strong></span> <span class='ocrx_word' id='word_1_580' title='bbox 2920 3714 2977 3762; x_wconf 89' lang='lat' dir='ltr'><strong>et</strong></span> <span class='ocrx_word' id='word_1_581' title='bbox 3020 3704 3213 3763; x_wconf 83' lang='lat' dir='ltr'><strong>humili</strong></span> <span class='ocrx_word' id='word_1_582' title='bbox 3236 3704 3303 3774; x_wconf 77' lang='grc'><strong>⁸⁸,</strong></span> <span class='ocrx_word' id='word_1_583' title='bbox 3341 3726 3363 3762; x_wconf 70' lang='grc' dir='ltr'><strong>ο</strong></span> <span class='ocrx_word' id='word_1_584' title='bbox 3414 3708 3472 3765; x_wconf 82' lang='lat' dir='ltr'><strong>id</strong></span> <span class='ocrx_word' id='word_1_585' title='bbox 3516 3718 3641 3777; x_wconf 75' lang='lat' dir='ltr'><strong>est,</strong></span> <span class='ocrx_word' id='word_1_586' title='bbox 3680 3718 3752 3767; x_wconf 74' lang='lat' dir='ltr'><strong>ut</strong></span> 
     </span>
    </p>
   </div>
   <div class='ocr_carea' id='block_1_40' title="bbox 437 3796 2005 3879">
    <p class='ocr_par' dir='ltr' id='par_1_40' title="bbox 437 3803 2005 3879">
     <span class='ocr_line' id='line_1_40' title="bbox 437 3803 2005 3879; baseline 0.003 -21"><span class='ocrx_word' id='word_1_587' title='bbox 437 3803 621 3876; x_wconf 78' lang='lat' dir='ltr'><strong>junxlt</strong></span> <span class='ocrx_word' id='word_1_588' title='bbox 649 3803 886 3861; x_wconf 83' lang='lat' dir='ltr'><strong>Christe.</strong></span> <span class='ocrx_word' id='word_1_589' title='bbox 915 3805 1051 3862; x_wconf 89' lang='lat' dir='ltr'><strong>Tum</strong></span> <span class='ocrx_word' id='word_1_590' title='bbox 1079 3806 1225 3862; x_wconf 90' lang='lat' dir='ltr'><strong>enim</strong></span> <span class='ocrx_word' id='word_1_591' title='bbox 1254 3806 1398 3863; x_wconf 89' lang='lat' dir='ltr'><strong>Deus</strong></span> <span class='ocrx_word' id='word_1_592' title='bbox 1423 3806 1583 3863; x_wconf 86' lang='lat' dir='ltr'><strong>Pater</strong></span> <span class='ocrx_word' id='word_1_593' title='bbox 1601 3804 1741 3863; x_wconf 89' lang='lat' dir='ltr'><strong>Filio</strong></span> <span class='ocrx_word' id='word_1_594' title='bbox 1770 3822 1868 3863; x_wconf 92' lang='lat' dir='ltr'><strong>suo</strong></span> <span class='ocrx_word' id='word_1_595' title='bbox 1890 3822 2005 3879; x_wconf 83' lang='lat' dir='ltr'><strong>nin</strong></span> 
     </span>
    </p>
   </div>
   <div class='ocr_carea' id='block_1_41' title="bbox 2177 3796 3745 3879">
    <p class='ocr_par' dir='ltr' id='par_1_41' title="bbox 2177 3796 3745 3870">
     <span class='ocr_line' id='line_1_41' title="bbox 2177 3796 3745 3870; baseline 0.003 -18"><span class='ocrx_word' id='word_1_596' title='bbox 2177 3808 2240 3852; x_wconf 85' lang='lat' dir='ltr'><strong>on</strong></span> <span class='ocrx_word' id='word_1_597' title='bbox 2281 3803 2579 3866; x_wconf 70' lang='lat' dir='ltr'><strong>przesumat</strong></span> <span class='ocrx_word' id='word_1_598' title='bbox 2625 3796 2857 3868; x_wconf 84' lang='lat' dir='ltr'><strong>amplius</strong></span> <span class='ocrx_word' id='word_1_599' title='bbox 2910 3797 3132 3868; x_wconf 85' lang='lat' dir='ltr'><strong>iniquus</strong></span> <span class='ocrx_word' id='word_1_600' title='bbox 3179 3797 3467 3870; x_wconf 72' lang='lat' dir='ltr'><strong>superbire</strong></span> <span class='ocrx_word' id='word_1_601' title='bbox 3510 3796 3569 3855; x_wconf 86' lang='lat' dir='ltr'><strong>in</strong></span> <span class='ocrx_word' id='word_1_602' title='bbox 3628 3810 3745 3859; x_wconf 72' lang='lat' dir='ltr'><strong>Ier-</strong></span> 
     </span>
    </p>
   </div>
   <div class='ocr_carea' id='block_1_42' title="bbox 444 3888 2012 3969">
    <p class='ocr_par' dir='ltr' id='par_1_42' title="bbox 444 3895 2010 3969">
     <span class='ocr_line' id='line_1_42' title="bbox 444 3895 2010 3969; baseline 0.003 -18"><span class='ocrx_word' id='word_1_603' title='bbox 444 3895 550 3951; x_wconf 87' lang='lat' dir='ltr'><strong>tias</strong></span> <span class='ocrx_word' id='word_1_604' title='bbox 574 3896 726 3962; x_wconf 88' lang='lat' dir='ltr'><strong>fecit,</strong></span> <span class='ocrx_word' id='word_1_605' title='bbox 765 3899 982 3969; x_wconf 82' lang='lat' dir='ltr'><strong>quando</strong></span> <span class='ocrx_word' id='word_1_606' title='bbox 1010 3898 1188 3956; x_wconf 71' lang='lat' dir='ltr'><strong>Verbo</strong></span> <span class='ocrx_word' id='word_1_607' title='bbox 1208 3912 1307 3955; x_wconf 92' lang='lat' dir='ltr'><strong>suo</strong></span> <span class='ocrx_word' id='word_1_608' title='bbox 1336 3907 1587 3954; x_wconf 83' lang='lat' dir='ltr'><strong>naturam</strong></span> <span class='ocrx_word' id='word_1_609' title='bbox 1642 3912 1797 3954; x_wconf 83' lang='lat' dir='ltr'><strong>suam</strong></span> <span class='ocrx_word' id='word_1_610' title='bbox 1834 3900 2010 3956; x_wconf 81' lang='lat' dir='ltr'><strong>univit</strong></span> 
     </span>
    </p>
   </div>
   <div class='ocr_carea' id='block_1_43' title="bbox 2180 3888 3748 3969">
    <p class='ocr_par' dir='ltr' id='par_1_43' title="bbox 2180 3888 3748 3969">
     <span class='ocr_line' id='line_1_43' title="bbox 2180 3888 3748 3969; baseline 0.005 -24"><span class='ocrx_word' id='word_1_611' title='bbox 2180 3888 2303 3946; x_wconf 80' lang='lat' dir='ltr'><strong>mis.</strong></span> <span class='ocrx_word' id='word_1_612' title='bbox 2358 3888 2474 3947; x_wconf 81' lang='lat' dir='ltr'><strong>Hoc</strong></span> <span class='ocrx_word' id='word_1_613' title='bbox 2523 3896 2608 3947; x_wconf 88' lang='lat' dir='ltr'><strong>est</strong></span> <span class='ocrx_word' id='word_1_614' title='bbox 2644 3890 2793 3947; x_wconf 87' lang='lat' dir='ltr'><strong>enim</strong></span> <span class='ocrx_word' id='word_1_615' title='bbox 2830 3888 3162 3949; x_wconf 83' lang='lat' dir='ltr'><strong>desiderium</strong></span> <span class='ocrx_word' id='word_1_616' title='bbox 3206 3904 3533 3966; x_wconf 82' lang='lat' dir='ltr'><strong>pauperum,</strong></span> <span class='ocrx_word' id='word_1_617' title='bbox 3587 3898 3748 3969; x_wconf 78' lang='lat' dir='ltr'><strong>quod</strong></span> 
     </span>
    </p>
   </div>
   <div class='ocr_carea' id='block_1_44' title="bbox 441 3982 2009 4062">
    <p class='ocr_par' dir='ltr' id='par_1_44' title="bbox 441 3984 2009 4062">
     <span class='ocr_line' id='line_1_44' title="bbox 441 3984 2009 4062; baseline 0.003 -22"><span class='ocrx_word' id='word_1_618' title='bbox 441 3985 951 4059; x_wconf 81' lang='lat' dir='ltr'><strong>Homointelligitur</strong></span> <span class='ocrx_word' id='word_1_619' title='bbox 970 3988 1243 4057; x_wconf 83' lang='lat' dir='ltr'><strong>Christus,</strong></span> <span class='ocrx_word' id='word_1_620' title='bbox 1274 3997 1334 4045; x_wconf 89' lang='lat' dir='ltr'><strong>ut</strong></span> <span class='ocrx_word' id='word_1_621' title='bbox 1363 3990 1417 4045; x_wconf 90' lang='lat' dir='ltr'><strong>in</strong></span> <span class='ocrx_word' id='word_1_622' title='bbox 1447 3984 1739 4062; x_wconf 80' lang='lat' dir='ltr'><strong>Evangelio</strong></span> <span class='ocrx_word' id='word_1_623' title='bbox 1764 4009 1777 4046; x_wconf 88' lang='lat'><strong>:</strong></span> <span class='ocrx_word' id='word_1_624' title='bbox 1811 4008 1832 4042; x_wconf 86' lang='grc'><strong><em>‹</em></strong></span> <span class='ocrx_word' id='word_1_625' title='bbox 1862 3990 2009 4047; x_wconf 67' lang='lat' dir='ltr'><strong>Hemi</strong></span> 
     </span>
    </p>
   </div>
   <div class='ocr_carea' id='block_1_45' title="bbox 2178 3982 3746 4062">
    <p class='ocr_par' dir='ltr' id='par_1_45' title="bbox 2178 3982 3746 4061">
     <span class='ocr_line' id='line_1_45' title="bbox 2178 3982 3746 4061; baseline 0.008 -24"><span class='ocrx_word' id='word_1_626' title='bbox 2178 3982 2412 4039; x_wconf 71' lang='lat' dir='ltr'><strong>raudirit</strong></span> <span class='ocrx_word' id='word_1_627' title='bbox 2464 3982 2765 4041; x_wconf 86' lang='lat' dir='ltr'><strong>Dominus:</strong></span> <span class='ocrx_word' id='word_1_628' title='bbox 2815 3985 2903 4043; x_wconf 88' lang='lat' dir='ltr'><strong>vel</strong></span> <span class='ocrx_word' id='word_1_629' title='bbox 2936 3994 3197 4056; x_wconf 84' lang='lat' dir='ltr'><strong>eatenus,</strong></span> <span class='ocrx_word' id='word_1_630' title='bbox 3249 3990 3447 4061; x_wconf 79' lang='lat' dir='ltr'><strong>quibus</strong></span> <span class='ocrx_word' id='word_1_631' title='bbox 3494 3991 3746 4050; x_wconf 84' lang='lat' dir='ltr'><strong>mundus</strong></span> 
     </span>
    </p>
   </div>
   <div class='ocr_carea' id='block_1_46' title="bbox 439 4072 3745 4153">
    <p class='ocr_par' dir='ltr' id='par_1_46' title="bbox 439 4072 3745 4153">
     <span class='ocr_line' id='line_1_46' title="bbox 439 4072 3745 4153; baseline 0.003 -25"><span class='ocrx_word' id='word_1_632' title='bbox 439 4079 658 4149; x_wconf 84' lang='lat' dir='ltr'><strong>quidam</strong></span> <span class='ocrx_word' id='word_1_633' title='bbox 685 4095 910 4153; x_wconf 70' lang='lat' dir='ltr'><strong>peregre</strong></span> <span class='ocrx_word' id='word_1_634' title='bbox 940 4078 1291 4152; x_wconf 73' lang='lat' dir='ltr'><strong>proﬁciscens</strong></span> <span class='ocrx_word' id='word_1_635' title='bbox 1334 4081 1550 4137; x_wconf 77' lang='lat' dir='ltr'><strong>vocavit</strong></span> <span class='ocrx_word' id='word_1_636' title='bbox 1588 4094 1777 4137; x_wconf 73' lang='lat' dir='ltr'><strong>servos</strong></span> <span class='ocrx_word' id='word_1_637' title='bbox 1805 4096 1956 4149; x_wconf 74' lang='lat' dir='ltr'><strong>suos,</strong></span> <span class='ocrx_word' id='word_1_638' title='bbox 1977 4090 2035 4137; x_wconf 74' lang='lat' dir='ltr'><strong>et</strong></span> <span class='ocrx_word' id='word_1_639' title='bbox 2132 4074 2237 4130; x_wconf 88' lang='lat' dir='ltr'><strong>iste</strong></span> <span class='ocrx_word' id='word_1_640' title='bbox 2264 4080 2509 4130; x_wconf 88' lang='lat' dir='ltr'><strong>mortuus</strong></span> <span class='ocrx_word' id='word_1_641' title='bbox 2540 4082 2644 4141; x_wconf 89' lang='lat' dir='ltr'><strong>est,</strong></span> <span class='ocrx_word' id='word_1_642' title='bbox 2674 4081 2730 4132; x_wconf 87' lang='lat' dir='ltr'><strong>et</strong></span> <span class='ocrx_word' id='word_1_643' title='bbox 2748 4076 2840 4147; x_wconf 89' lang='lat' dir='ltr'><strong>qui</strong></span> <span class='ocrx_word' id='word_1_644' title='bbox 2868 4084 2995 4133; x_wconf 89' lang='lat' dir='ltr'><strong>sunt</strong></span> <span class='ocrx_word' id='word_1_645' title='bbox 3017 4072 3251 4135; x_wconf 86' lang='lat' dir='ltr'><strong>humiles</strong></span> <span class='ocrx_word' id='word_1_646' title='bbox 3282 4074 3564 4137; x_wconf 82' lang='lat' dir='ltr'><strong>iudicetur</strong></span> <span class='ocrx_word' id='word_1_647' title='bbox 3598 4096 3745 4152; x_wconf 59' lang='lat' dir='ltr'><strong>qua-</strong></span> 
     </span>
    </p>
   </div>
   <div class='ocr_carea' id='block_1_47' title="bbox 455 4160 3745 4242">
    <p class='ocr_par' dir='ltr' id='par_1_47' title="bbox 455 4160 3745 4242">
     <span class='ocr_line' id='line_1_47' title="bbox 455 4160 3745 4242; baseline 0.002 -17"><span class='ocrx_word' id='word_1_648' title='bbox 455 4169 657 4226; x_wconf 89' lang='lat' dir='ltr'><strong>radidit</strong></span> <span class='ocrx_word' id='word_1_649' title='bbox 682 4170 790 4226; x_wconf 91' lang='lat' dir='ltr'><strong>illis</strong></span> <span class='ocrx_word' id='word_1_650' title='bbox 840 4171 982 4226; x_wconf 89' lang='lat' dir='ltr'><strong>bona</strong></span> <span class='ocrx_word' id='word_1_651' title='bbox 1009 4185 1106 4226; x_wconf 80' lang='lat' dir='ltr'><strong>sua</strong></span> <span class='ocrx_word' id='word_1_652' title='bbox 1127 4170 1182 4238; x_wconf 60' lang='grc' dir='ltr'><strong>ις</strong></span> <span class='ocrx_word' id='word_1_653' title='bbox 1222 4188 1243 4225; x_wconf 69' lang='grc' dir='ltr'><strong>ι</strong></span> <span class='ocrx_word' id='word_1_654' title='bbox 1276 4171 1537 4227; x_wconf 83' lang='lat' dir='ltr'><strong>Christus</strong></span> <span class='ocrx_word' id='word_1_655' title='bbox 1559 4172 1707 4227; x_wconf 90' lang='lat' dir='ltr'><strong>enim</strong></span> <span class='ocrx_word' id='word_1_656' title='bbox 1736 4174 2033 4228; x_wconf 85' lang='lat' dir='ltr'><strong>secundum</strong></span> <span class='ocrx_word' id='word_1_657' title='bbox 2134 4174 2290 4222; x_wconf 71' lang='lat' dir='ltr'><strong>lenus</strong></span> <span class='ocrx_word' id='word_1_658' title='bbox 2324 4162 2553 4223; x_wconf 74' lang='lat' dir='ltr'><strong>ulterius</strong></span> <span class='ocrx_word' id='word_1_659' title='bbox 2583 4160 2811 4239; x_wconf 75' lang='lat' dir='ltr'><strong>quilibet</strong></span> <span class='ocrx_word' id='word_1_660' title='bbox 2850 4166 3068 4241; x_wconf 82' lang='lat' dir='ltr'><strong>iniqmts</strong></span> <span class='ocrx_word' id='word_1_661' title='bbox 3096 4184 3204 4227; x_wconf 85' lang='lat' dir='ltr'><strong>non</strong></span> <span class='ocrx_word' id='word_1_662' title='bbox 3226 4181 3529 4242; x_wconf 73' lang='lat' dir='ltr'><strong>priesumat</strong></span> <span class='ocrx_word' id='word_1_663' title='bbox 3557 4174 3745 4231; x_wconf 76' lang='lat' dir='ltr'><strong>extol-</strong></span> 
     </span>
    </p>
   </div>
   <div class='ocr_carea' id='block_1_48' title="bbox 444 4257 3742 4336">
    <p class='ocr_par' dir='ltr' id='par_1_48' title="bbox 444 4257 3742 4336">
     <span class='ocr_line' id='line_1_48' title="bbox 444 4257 3742 4336; baseline 0.004 -19"><span class='ocrx_word' id='word_1_664' title='bbox 444 4276 666 4318; x_wconf 87' lang='lat' dir='ltr'><strong>carnem</strong></span> <span class='ocrx_word' id='word_1_665' title='bbox 707 4262 774 4317; x_wconf 86' lang='lat' dir='ltr'><strong>ad</strong></span> <span class='ocrx_word' id='word_1_666' title='bbox 814 4263 1013 4318; x_wconf 69' lang='lat' dir='ltr'><strong>ciuium</strong></span> <span class='ocrx_word' id='word_1_667' title='bbox 1042 4276 1388 4329; x_wconf 84' lang='lat' dir='ltr'><strong>ascensurus,</strong></span> <span class='ocrx_word' id='word_1_668' title='bbox 1418 4264 1696 4335; x_wconf 87' lang='lat' dir='ltr'><strong>discipulis</strong></span> <span class='ocrx_word' id='word_1_669' title='bbox 1724 4265 1859 4331; x_wconf 88' lang='lat' dir='ltr'><strong>suis,</strong></span> <span class='ocrx_word' id='word_1_670' title='bbox 1897 4278 2035 4336; x_wconf 86' lang='lat' dir='ltr'><strong>quos</strong></span> <span class='ocrx_word' id='word_1_671' title='bbox 2134 4257 2247 4313; x_wconf 70' lang='grc'><strong>181⁸6</strong></span> <span class='ocrx_word' id='word_1_672' title='bbox 2286 4273 2345 4314; x_wconf 74' lang='lat'><strong>88</strong></span> <span class='ocrx_word' id='word_1_673' title='bbox 2396 4270 2563 4330; x_wconf 60' lang='lat' dir='ltr'><strong>super</strong></span> <span class='ocrx_word' id='word_1_674' title='bbox 2605 4268 2849 4329; x_wconf 70' lang='grc'><strong>8³110108,</strong></span> <span class='ocrx_word' id='word_1_675' title='bbox 2881 4262 2974 4333; x_wconf 69' lang='lat' dir='ltr'><strong>(Illi</strong></span> <span class='ocrx_word' id='word_1_676' title='bbox 3006 4269 3219 4318; x_wconf 73' lang='grc' dir='ltr'><strong>ι’θῑθηῑο</strong></span> <span class='ocrx_word' id='word_1_677' title='bbox 3259 4260 3427 4319; x_wconf 63' lang='lat' dir='ltr'><strong>(“Villi</strong></span> <span class='ocrx_word' id='word_1_678' title='bbox 3460 4265 3621 4322; x_wconf 61' lang='lat' dir='ltr'><strong>verbi</strong></span> <span class='ocrx_word' id='word_1_679' title='bbox 3657 4282 3742 4323; x_wconf 69' lang='lat' dir='ltr'><strong>ﬁe-</strong></span> 
     </span>
    </p>
   </div>
   <div class='ocr_carea' id='block_1_49' title="bbox 442 4342 3743 4426">
    <p class='ocr_par' dir='ltr' id='par_1_49' title="bbox 442 4342 3743 4426">
     <span class='ocr_line' id='line_1_49' title="bbox 442 4342 3743 4426; baseline 0.002 -17"><span class='ocrx_word' id='word_1_680' title='bbox 442 4353 701 4423; x_wconf 87' lang='lat' dir='ltr'><strong>elegerat,</strong></span> <span class='ocrx_word' id='word_1_681' title='bbox 742 4353 959 4409; x_wconf 82' lang='lat' dir='ltr'><strong>diversa</strong></span> <span class='ocrx_word' id='word_1_682' title='bbox 1002 4355 1147 4410; x_wconf 91' lang='lat' dir='ltr'><strong>bona</strong></span> <span class='ocrx_word' id='word_1_683' title='bbox 1202 4368 1301 4425; x_wconf 89' lang='lat' dir='ltr'><strong>pro</strong></span> <span class='ocrx_word' id='word_1_684' title='bbox 1329 4354 1666 4425; x_wconf 86' lang='lat' dir='ltr'><strong>singulorum</strong></span> <span class='ocrx_word' id='word_1_685' title='bbox 1697 4360 1719 4381; x_wconf 82' lang='grc'><strong>·</strong></span> <span class='ocrx_word' id='word_1_686' title='bbox 1747 4356 2035 4426; x_wconf 80' lang='lat' dir='ltr'><strong>captivita-</strong></span> <span class='ocrx_word' id='word_1_687' title='bbox 2130 4342 2280 4406; x_wconf 75' lang='lat' dir='ltr'><strong>mine</strong></span> <span class='ocrx_word' id='word_1_688' title='bbox 2324 4348 2565 4406; x_wconf 71' lang='lat' dir='ltr'><strong>frucmm</strong></span> <span class='ocrx_word' id='word_1_689' title='bbox 2614 4350 2850 4408; x_wconf 66' lang='lat' dir='ltr'><strong>aﬂ‘ewnt</strong></span> <span class='ocrx_word' id='word_1_690' title='bbox 2893 4350 2951 4409; x_wconf 83' lang='lat' dir='ltr'><strong>in</strong></span> <span class='ocrx_word' id='word_1_691' title='bbox 2984 4353 3269 4425; x_wconf 78' lang='lat' dir='ltr'><strong>patientia.</strong></span> <span class='ocrx_word' id='word_1_692' title='bbox 3318 4350 3521 4421; x_wconf 70' lang='lat' dir='ltr'><strong>Homo,</strong></span> <span class='ocrx_word' id='word_1_693' title='bbox 3574 4357 3743 4414; x_wconf 68' lang='lat' dir='ltr'><strong>Anti-</strong></span> 
     </span>
    </p>
   </div>
   <div class='ocr_carea' id='block_1_50' title="bbox 447 4438 3738 4519">
    <p class='ocr_par' dir='ltr' id='par_1_50' title="bbox 447 4438 3738 4519">
     <span class='ocr_line' id='line_1_50' title="bbox 447 4438 3738 4519; baseline 0.002 -20"><span class='ocrx_word' id='word_1_694' title='bbox 447 4452 553 4499; x_wconf 91' lang='lat' dir='ltr'><strong>tem</strong></span> <span class='ocrx_word' id='word_1_695' title='bbox 576 4443 803 4515; x_wconf 89' lang='lat' dir='ltr'><strong>largitus</strong></span> <span class='ocrx_word' id='word_1_696' title='bbox 823 4452 927 4501; x_wconf 90' lang='lat' dir='ltr'><strong>est.</strong></span> <span class='ocrx_word' id='word_1_697' title='bbox 958 4462 978 4497; x_wconf 74' lang='grc' dir='ltr'>ι</span> <span class='ocrx_word' id='word_1_698' title='bbox 1026 4444 1128 4501; x_wconf 92' lang='lat' dir='ltr'><strong>Uni</strong></span> <span class='ocrx_word' id='word_1_699' title='bbox 1165 4445 1314 4501; x_wconf 86' lang='lat' dir='ltr'><strong>dedit</strong></span> <span class='ocrx_word' id='word_1_700' title='bbox 1341 4447 1580 4519; x_wconf 87' lang='lat' dir='ltr'><strong>quinque</strong></span> <span class='ocrx_word' id='word_1_701' title='bbox 1622 4448 1845 4515; x_wconf 90' lang='lat' dir='ltr'><strong>talenta,</strong></span> <span class='ocrx_word' id='word_1_702' title='bbox 1881 4469 1899 4500; x_wconf 72' lang='grc' dir='ltr'><strong><em>ι</em></strong></span> <span class='ocrx_word' id='word_1_703' title='bbox 1932 4450 2036 4506; x_wconf 92' lang='lat' dir='ltr'><strong>hoc</strong></span> <span class='ocrx_word' id='word_1_704' title='bbox 2134 4443 2394 4509; x_wconf 68' lang='lat' dir='ltr'><strong>Chrisms.</strong></span> <span class='ocrx_word' id='word_1_705' title='bbox 2452 4451 2516 4499; x_wconf 79' lang='grc' dir='ltr'><strong>ιιῑ</strong></span> <span class='ocrx_word' id='word_1_706' title='bbox 2572 4444 2630 4500; x_wconf 76' lang='lat' dir='ltr'><strong>in</strong></span> <span class='ocrx_word' id='word_1_707' title='bbox 2668 4438 2885 4501; x_wconf 73' lang='lat' dir='ltr'><strong>Paulo:</strong></span> <span class='ocrx_word' id='word_1_708' title='bbox 2928 4444 3252 4519; x_wconf 54' lang='lat' dir='ltr'><strong>(Quoniam</strong></span> <span class='ocrx_word' id='word_1_709' title='bbox 3308 4444 3417 4503; x_wconf 81' lang='lat' dir='ltr'><strong>niSi</strong></span> <span class='ocrx_word' id='word_1_710' title='bbox 3470 4448 3738 4506; x_wconf 79' lang='lat' dir='ltr'><strong>venerit&#39;</strong></span> 
     </span>
    </p>
   </div>
   <div class='ocr_carea' id='block_1_51' title="bbox 440 4518 3739 4634">
    <p class='ocr_par' dir='ltr' id='par_1_51' title="bbox 440 4518 3739 4634">
     <span class='ocr_line' id='line_1_51' title="bbox 440 4518 3739 4634; baseline 0.002 -43"><span class='ocrx_word' id='word_1_711' title='bbox 440 4545 545 4601; x_wconf 89' lang='lat' dir='ltr'><strong>est,</strong></span> <span class='ocrx_word' id='word_1_712' title='bbox 588 4536 919 4592; x_wconf 73' lang='lat' dir='ltr'><strong>exteriorum</strong></span> <span class='ocrx_word' id='word_1_713' title='bbox 967 4537 1317 4603; x_wconf 83' lang='lat' dir='ltr'><strong>sententiam,</strong></span> <span class='ocrx_word' id='word_1_714' title='bbox 1344 4553 1464 4608; x_wconf 66' lang='lat' dir='ltr'><strong>qua:</strong></span> <span class='ocrx_word' id='word_1_715' title='bbox 1492 4540 1741 4595; x_wconf 87' lang='lat' dir='ltr'><strong>sensibus</strong></span> <span class='ocrx_word' id='word_1_716' title='bbox 1787 4541 2032 4612; x_wconf 89' lang='lat' dir='ltr'><strong>corporis</strong></span> <span class='ocrx_word' id='word_1_717' title='bbox 2055 4572 2109 4634; x_wconf 69' lang='grc' dir='ltr'><strong><em>υ</em></strong></span> <span class='ocrx_word' id='word_1_718' title='bbox 2135 4535 2401 4634; x_wconf 74' lang='lat' dir='ltr'><strong>dissensio</strong></span> <span class='ocrx_word' id='word_1_719' title='bbox 2416 4536 2678 4634; x_wconf 73' lang='lat' dir='ltr'><strong>primum,</strong></span> <span class='ocrx_word' id='word_1_720' title='bbox 2713 4542 2769 4634; x_wconf 78' lang='lat' dir='ltr'><strong>et</strong></span> <span class='ocrx_word' id='word_1_721' title='bbox 2807 4518 3081 4634; x_wconf 76' lang='lat' dir='ltr'><strong>revelatus</strong></span> <span class='ocrx_word' id='word_1_722' title='bbox 3104 4534 3272 4595; x_wconf 84' lang='lat' dir='ltr'><strong>fuerit</strong></span> <span class='ocrx_word' id='word_1_723' title='bbox 3302 4538 3469 4634; x_wconf 58' lang='lat' dir='ltr'><strong>homo</strong></span> <span class='ocrx_word' id='word_1_724' title='bbox 3494 4544 3739 4613; x_wconf 79' lang='lat' dir='ltr'><strong>peccati,</strong></span> 
     </span>
    </p>
   </div>
   <div class='ocr_carea' id='block_1_52' title="bbox 438 4624 3743 4706">
    <p class='ocr_par' dir='ltr' id='par_1_52' title="bbox 438 4624 3743 4706">
     <span class='ocr_line' id='line_1_52' title="bbox 438 4624 3743 4706; baseline 0.002 -24"><span class='ocrx_word' id='word_1_725' title='bbox 438 4627 717 4697; x_wconf 77' lang='lat' dir='ltr'><strong>subiacet:</strong></span> <span class='ocrx_word' id='word_1_726' title='bbox 756 4648 774 4682; x_wconf 74' lang='grc' dir='ltr'>ι</span> <span class='ocrx_word' id='word_1_727' title='bbox 797 4628 887 4687; x_wconf 89' lang='lat' dir='ltr'><strong>alii</strong></span> <span class='ocrx_word' id='word_1_728' title='bbox 913 4644 1080 4685; x_wconf 91' lang='lat' dir='ltr'><strong>unum</strong></span> <span class='ocrx_word' id='word_1_729' title='bbox 1109 4650 1153 4697; x_wconf 75' lang='grc' dir='ltr'><em>ι,</em></span> <span class='ocrx_word' id='word_1_730' title='bbox 1178 4630 1283 4686; x_wconf 86' lang='lat' dir='ltr'><strong>hoc</strong></span> <span class='ocrx_word' id='word_1_731' title='bbox 1306 4638 1411 4698; x_wconf 86' lang='lat' dir='ltr'><strong>est,</strong></span> <span class='ocrx_word' id='word_1_732' title='bbox 1437 4630 1757 4688; x_wconf 90' lang='lat' dir='ltr'><strong>interiorum</strong></span> <span class='ocrx_word' id='word_1_733' title='bbox 1784 4630 2029 4689; x_wconf 89' lang='lat' dir='ltr'><strong>intellec-</strong></span> <span class='ocrx_word' id='word_1_734' title='bbox 2055 4624 2103 4634; x_wconf 70' lang='lat'><strong>&#39;</strong></span> <span class='ocrx_word' id='word_1_735' title='bbox 2136 4627 2279 4682; x_wconf 89' lang='lat' dir='ltr'><strong>ﬁlius</strong></span> <span class='ocrx_word' id='word_1_736' title='bbox 2299 4626 2641 4697; x_wconf 90' lang='lat' dir='ltr'><strong>perditionis,</strong></span> <span class='ocrx_word' id='word_1_737' title='bbox 2676 4626 2769 4700; x_wconf 90' lang='lat' dir='ltr'><strong>qui</strong></span> <span class='ocrx_word' id='word_1_738' title='bbox 2805 4624 3123 4685; x_wconf 80' lang='lat' dir='ltr'><strong>adversatur</strong></span> <span class='ocrx_word' id='word_1_739' title='bbox 3154 4634 3211 4686; x_wconf 88' lang='lat' dir='ltr'><strong>et</strong></span> <span class='ocrx_word' id='word_1_740' title='bbox 3246 4628 3537 4687; x_wconf 75' lang='lat' dir='ltr'><strong>extollitur</strong></span> <span class='ocrx_word' id='word_1_741' title='bbox 3566 4646 3743 4706; x_wconf 80' lang='lat' dir='ltr'><strong>super</strong></span> 
     </span>
    </p>
   </div>
   <div class='ocr_carea' id='block_1_53' title="bbox 438 4718 3737 4795">
    <p class='ocr_par' dir='ltr' id='par_1_53' title="bbox 438 4718 3737 4795">
     <span class='ocr_line' id='line_1_53' title="bbox 438 4718 3737 4795; baseline 0.003 -21"><span class='ocrx_word' id='word_1_742' title='bbox 438 4729 551 4775; x_wconf 91' lang='lat' dir='ltr'><strong>tum</strong></span> <span class='ocrx_word' id='word_1_743' title='bbox 575 4740 588 4775; x_wconf 91' lang='lat'><strong>:</strong></span> <span class='ocrx_word' id='word_1_744' title='bbox 620 4723 740 4778; x_wconf 72' lang='lat' dir='ltr'><strong>«alii</strong></span> <span class='ocrx_word' id='word_1_745' title='bbox 768 4740 899 4780; x_wconf 88' lang='lat' dir='ltr'><strong>vero</strong></span> <span class='ocrx_word' id='word_1_746' title='bbox 923 4726 1080 4792; x_wconf 69' lang='lat' dir='ltr'><strong>duo,»</strong></span> <span class='ocrx_word' id='word_1_747' title='bbox 1114 4724 1215 4781; x_wconf 91' lang='lat' dir='ltr'><strong>hoc</strong></span> <span class='ocrx_word' id='word_1_748' title='bbox 1235 4735 1319 4783; x_wconf 86' lang='lat' dir='ltr'><strong>est</strong></span> <span class='ocrx_word' id='word_1_749' title='bbox 1341 4734 1649 4795; x_wconf 84' lang='lat' dir='ltr'><strong>utrumque.</strong></span> <span class='ocrx_word' id='word_1_750' title='bbox 1678 4725 1927 4795; x_wconf 84' lang='lat' dir='ltr'><strong>Quinque</strong></span> <span class='ocrx_word' id='word_1_751' title='bbox 1950 4734 2030 4781; x_wconf 86' lang='lat' dir='ltr'><strong>la-</strong></span> <span class='ocrx_word' id='word_1_752' title='bbox 2131 4735 2291 4775; x_wconf 83' lang='lat' dir='ltr'><strong>omne</strong></span> <span class='ocrx_word' id='word_1_753' title='bbox 2321 4720 2464 4790; x_wconf 85' lang='lat' dir='ltr'><strong>quod</strong></span> <span class='ocrx_word' id='word_1_754' title='bbox 2491 4720 2689 4776; x_wconf 69' lang='lat' dir='ltr'><strong>dieitur</strong></span> <span class='ocrx_word' id='word_1_755' title='bbox 2738 4718 2900 4787; x_wconf 81' lang='lat' dir='ltr'><strong>DeuS,</strong></span> <span class='ocrx_word' id='word_1_756' title='bbox 2932 4728 3027 4777; x_wconf 74' lang='lat' dir='ltr'><strong>aut</strong></span> <span class='ocrx_word' id='word_1_757' title='bbox 3052 4721 3196 4793; x_wconf 83' lang='lat' dir='ltr'><strong>quod</strong></span> <span class='ocrx_word' id='word_1_758' title='bbox 3224 4721 3446 4789; x_wconf 74' lang='lat' dir='ltr'><strong>colitur,</strong></span> <span class='ocrx_word' id='word_1_759' title='bbox 3486 4722 3563 4779; x_wconf 76' lang='lat' dir='ltr'><strong>ita</strong></span> <span class='ocrx_word' id='word_1_760' title='bbox 3586 4732 3651 4779; x_wconf 81' lang='lat' dir='ltr'><strong>ut</strong></span> <span class='ocrx_word' id='word_1_761' title='bbox 3680 4726 3737 4783; x_wconf 86' lang='lat' dir='ltr'><strong>in</strong></span> 
     </span>
    </p>
   </div>
   <div class='ocr_carea' id='block_1_54' title="bbox 436 4808 3731 4887">
    <p class='ocr_par' dir='ltr' id='par_1_54' title="bbox 436 4808 3731 4887">
     <span class='ocr_line' id='line_1_54' title="bbox 436 4808 3731 4887; baseline 0.002 -21"><span class='ocrx_word' id='word_1_762' title='bbox 436 4812 577 4869; x_wconf 86' lang='lat' dir='ltr'><strong>lenta</strong></span> <span class='ocrx_word' id='word_1_763' title='bbox 609 4814 982 4887; x_wconf 83' lang='lat' dir='ltr'><strong>duplicantur,</strong></span> <span class='ocrx_word' id='word_1_764' title='bbox 1003 4834 1125 4874; x_wconf 91' lang='lat' dir='ltr'><strong>cum</strong></span> <span class='ocrx_word' id='word_1_765' title='bbox 1157 4828 1211 4874; x_wconf 89' lang='lat' dir='ltr'><strong>et</strong></span> <span class='ocrx_word' id='word_1_766' title='bbox 1241 4819 1330 4874; x_wconf 89' lang='lat' dir='ltr'><strong>alii</strong></span> <span class='ocrx_word' id='word_1_767' title='bbox 1360 4819 1633 4875; x_wconf 75' lang='lat' dir='ltr'><strong>exteriora</strong></span> <span class='ocrx_word' id='word_1_768' title='bbox 1664 4816 1893 4873; x_wconf 68' lang='lat' dir='ltr'><strong>ﬁdenter</strong></span> <span class='ocrx_word' id='word_1_769' title='bbox 1924 4818 2026 4873; x_wconf 90' lang='lat' dir='ltr'><strong>mi-</strong></span> <span class='ocrx_word' id='word_1_770' title='bbox 2131 4813 2329 4884; x_wconf 90' lang='lat' dir='ltr'><strong>templo</strong></span> <span class='ocrx_word' id='word_1_771' title='bbox 2350 4808 2443 4868; x_wconf 86' lang='lat' dir='ltr'><strong>Dei</strong></span> <span class='ocrx_word' id='word_1_772' title='bbox 2458 4812 2664 4879; x_wconf 85' lang='lat' dir='ltr'><strong>sedeat,</strong></span> <span class='ocrx_word' id='word_1_773' title='bbox 2686 4812 3053 4870; x_wconf 83' lang='lat' dir='ltr'><strong>ostendensse</strong></span> <span class='ocrx_word' id='word_1_774' title='bbox 3072 4818 3330 4886; x_wconf 82' lang='lat' dir='ltr'><strong>tanquam</strong></span> <span class='ocrx_word' id='word_1_775' title='bbox 3356 4812 3681 4873; x_wconf 81' lang='lat' dir='ltr'><strong>sitDeus“.</strong></span> <span class='ocrx_word' id='word_1_776' title='bbox 3708 4837 3731 4871; x_wconf 70' lang='grc' dir='ltr'><strong><em>ι</em></strong></span> 
     </span>
    </p>
   </div>
   <div class='ocr_carea' id='block_1_55' title="bbox 438 4902 3734 4979">
    <p class='ocr_par' dir='ltr' id='par_1_55' title="bbox 438 4902 3734 4979">
     <span class='ocr_line' id='line_1_55' title="bbox 438 4902 3734 4979; baseline 0.003 -20"><span class='ocrx_word' id='word_1_777' title='bbox 438 4902 967 4967; x_wconf 83' lang='lat' dir='ltr'><strong>nistrareduccntur.</strong></span> <span class='ocrx_word' id='word_1_778' title='bbox 1004 4906 1118 4965; x_wconf 88' lang='lat' dir='ltr'><strong>Duo</strong></span> <span class='ocrx_word' id='word_1_779' title='bbox 1138 4920 1318 4966; x_wconf 88' lang='lat' dir='ltr'><strong>autem</strong></span> <span class='ocrx_word' id='word_1_780' title='bbox 1346 4906 2025 4979; x_wconf 80' lang='lat' dir='ltr'><strong>taleulaaliaduofaciunl,</strong></span> <span class='ocrx_word' id='word_1_781' title='bbox 2132 4902 2572 4960; x_wconf 84' lang='lat' dir='ltr'><strong>Subaudicndum</strong></span> <span class='ocrx_word' id='word_1_782' title='bbox 2620 4912 2720 4971; x_wconf 85' lang='lat' dir='ltr'><strong>est,</strong></span> <span class='ocrx_word' id='word_1_783' title='bbox 2775 4920 2881 4961; x_wconf 89' lang='lat' dir='ltr'><strong>non</strong></span> <span class='ocrx_word' id='word_1_784' title='bbox 2915 4905 3095 4962; x_wconf 70' lang='lat' dir='ltr'><strong>veniet</strong></span> <span class='ocrx_word' id='word_1_785' title='bbox 3147 4904 3264 4963; x_wconf 82' lang='lat' dir='ltr'><strong>dies</strong></span> <span class='ocrx_word' id='word_1_786' title='bbox 3312 4906 3553 4964; x_wconf 86' lang='lat' dir='ltr'><strong>Domini.</strong></span> <span class='ocrx_word' id='word_1_787' title='bbox 3596 4904 3734 4964; x_wconf 69' lang='lat' dir='ltr'><strong>Dis-</strong></span> 
     </span>
    </p>
   </div>
   <div class='ocr_carea' id='block_1_56' title="bbox 436 4994 3734 5075">
    <p class='ocr_par' dir='ltr' id='par_1_56' title="bbox 436 4994 3734 5075">
     <span class='ocr_line' id='line_1_56' title="bbox 436 4994 3734 5075; baseline 0.003 -26"><span class='ocrx_word' id='word_1_788' title='bbox 436 4998 650 5065; x_wconf 82' lang='lat' dir='ltr'><strong>quoties</strong></span> <span class='ocrx_word' id='word_1_789' title='bbox 697 4994 787 5053; x_wconf 88' lang='lat' dir='ltr'><strong>alii</strong></span> <span class='ocrx_word' id='word_1_790' title='bbox 812 5008 865 5055; x_wconf 90' lang='lat' dir='ltr'><strong>ct</strong></span> <span class='ocrx_word' id='word_1_791' title='bbox 904 5003 1068 5058; x_wconf 76' lang='lat' dir='ltr'><strong>rebus</strong></span> <span class='ocrx_word' id='word_1_792' title='bbox 1106 5002 1470 5059; x_wconf 81' lang='lat' dir='ltr'><strong>exterioribus</strong></span> <span class='ocrx_word' id='word_1_793' title='bbox 1502 5004 1641 5059; x_wconf 88' lang='lat' dir='ltr'><strong>bene</strong></span> <span class='ocrx_word' id='word_1_794' title='bbox 1688 5018 1942 5075; x_wconf 75' lang='lat' dir='ltr'><strong>przccsse,</strong></span> <span class='ocrx_word' id='word_1_795' title='bbox 1972 5013 2029 5061; x_wconf 90' lang='lat' dir='ltr'><strong>et</strong></span> <span class='ocrx_word' id='word_1_796' title='bbox 2128 5002 2418 5056; x_wconf 68' lang='lat' dir='ltr'><strong>censionem</strong></span> <span class='ocrx_word' id='word_1_797' title='bbox 2458 5002 2619 5055; x_wconf 90' lang='lat' dir='ltr'><strong>vocat</strong></span> <span class='ocrx_word' id='word_1_798' title='bbox 2647 4998 2938 5070; x_wconf 83' lang='lat' dir='ltr'><strong>Apostolus</strong></span> <span class='ocrx_word' id='word_1_799' title='bbox 2962 5002 3362 5073; x_wconf 84' lang='lat' dir='ltr'><strong>separationem</strong></span> <span class='ocrx_word' id='word_1_800' title='bbox 3394 4998 3591 5058; x_wconf 86' lang='lat' dir='ltr'><strong>decem</strong></span> <span class='ocrx_word' id='word_1_801' title='bbox 3621 5000 3734 5057; x_wconf 72' lang='lat' dir='ltr'><strong>Re-</strong></span> 
     </span>
    </p>
   </div>
   <div class='ocr_carea' id='block_1_57' title="bbox 438 5088 3729 5168">
    <p class='ocr_par' dir='ltr' id='par_1_57' title="bbox 438 5088 3729 5168">
     <span class='ocr_line' id='line_1_57' title="bbox 438 5088 3729 5168; baseline 0.005 -27"><span class='ocrx_word' id='word_1_802' title='bbox 438 5088 705 5159; x_wconf 81' lang='lat' dir='ltr'><strong>spirituali</strong></span> <span class='ocrx_word' id='word_1_803' title='bbox 732 5090 1105 5166; x_wconf 77' lang='lat' dir='ltr'><strong>intelligimine</strong></span> <span class='ocrx_word' id='word_1_804' title='bbox 1136 5094 1439 5150; x_wconf 87' lang='lat' dir='ltr'><strong>formantur</strong></span> <span class='ocrx_word' id='word_1_805' title='bbox 1473 5095 1824 5151; x_wconf 90' lang='lat' dir='ltr'><strong>nihilominus</strong></span> <span class='ocrx_word' id='word_1_806' title='bbox 1847 5096 2021 5152; x_wconf 52' lang='lat' dir='ltr'><strong>deser.</strong></span> <span class='ocrx_word' id='word_1_807' title='bbox 2131 5110 2257 5168; x_wconf 91' lang='lat' dir='ltr'><strong>gum</strong></span> <span class='ocrx_word' id='word_1_808' title='bbox 2281 5111 2312 5149; x_wconf 90' lang='lat' dir='ltr'><strong>a</strong></span> <span class='ocrx_word' id='word_1_809' title='bbox 2333 5092 2580 5151; x_wconf 84' lang='lat' dir='ltr'><strong>Romano</strong></span> <span class='ocrx_word' id='word_1_810' title='bbox 2607 5094 2859 5167; x_wconf 91' lang='lat' dir='ltr'><strong>imperio,</strong></span> <span class='ocrx_word' id='word_1_811' title='bbox 2916 5094 2971 5153; x_wconf 91' lang='lat' dir='ltr'><strong>id</strong></span> <span class='ocrx_word' id='word_1_812' title='bbox 2999 5105 3106 5167; x_wconf 89' lang='lat' dir='ltr'><strong>est,</strong></span> <span class='ocrx_word' id='word_1_813' title='bbox 3150 5094 3465 5164; x_wconf 87' lang='lat' dir='ltr'><strong>Persarum,</strong></span> <span class='ocrx_word' id='word_1_814' title='bbox 3496 5094 3729 5157; x_wconf 62' lang='lat' dir='ltr'><strong>Saraceo</strong></span> 
     </span>
    </p>
   </div>
   <div class='ocr_carea' id='block_1_58' title="bbox 436 5178 3726 5263">
    <p class='ocr_par' dir='ltr' id='par_1_58' title="bbox 436 5178 3726 5263">
     <span class='ocr_line' id='line_1_58' title="bbox 436 5178 3726 5263; baseline 0.005 -30"><span class='ocrx_word' id='word_1_815' title='bbox 436 5182 573 5237; x_wconf 85' lang='lat' dir='ltr'><strong>vire.</strong></span> <span class='ocrx_word' id='word_1_816' title='bbox 608 5178 889 5239; x_wconf 87' lang='lat' dir='ltr'><strong>Talentum</strong></span> <span class='ocrx_word' id='word_1_817' title='bbox 924 5203 1050 5242; x_wconf 89' lang='lat' dir='ltr'><strong>vero</strong></span> <span class='ocrx_word' id='word_1_818' title='bbox 1090 5187 1142 5241; x_wconf 95' lang='lat' dir='ltr'><strong>in</strong></span> <span class='ocrx_word' id='word_1_819' title='bbox 1174 5196 1377 5242; x_wconf 88' lang='lat' dir='ltr'><strong>terram</strong></span> <span class='ocrx_word' id='word_1_820' title='bbox 1410 5187 1662 5244; x_wconf 80' lang='lat' dir='ltr'><strong>defodere</strong></span> <span class='ocrx_word' id='word_1_821' title='bbox 1690 5198 1774 5244; x_wconf 89' lang='lat' dir='ltr'><strong>est</strong></span> <span class='ocrx_word' id='word_1_822' title='bbox 1810 5204 2029 5246; x_wconf 90' lang='lat' dir='ltr'><strong>omnem</strong></span> <span class='ocrx_word' id='word_1_823' title='bbox 2133 5205 2347 5255; x_wconf 89' lang='lat' dir='ltr'><strong>norum,</strong></span> <span class='ocrx_word' id='word_1_824' title='bbox 2388 5187 2807 5260; x_wconf 88' lang='lat' dir='ltr'><strong>Wandalorum,</strong></span> <span class='ocrx_word' id='word_1_825' title='bbox 2844 5188 3168 5262; x_wconf 83' lang='lat' dir='ltr'><strong>Gothorum,</strong></span> <span class='ocrx_word' id='word_1_826' title='bbox 3212 5178 3726 5263; x_wconf 80' lang='lat' dir='ltr'><strong>Longohardorum,</strong></span> 
     </span>
    </p>
   </div>
   <div class='ocr_carea' id='block_1_59' title="bbox 440 5275 3731 5352">
    <p class='ocr_par' dir='ltr' id='par_1_59' title="bbox 440 5275 3731 5352">
     <span class='ocr_line' id='line_1_59' title="bbox 440 5275 3731 5352; baseline 0.005 -24"><span class='ocrx_word' id='word_1_827' title='bbox 440 5275 767 5332; x_wconf 84' lang='lat' dir='ltr'><strong>intellectum</strong></span> <span class='ocrx_word' id='word_1_828' title='bbox 799 5279 1029 5333; x_wconf 89' lang='lat' dir='ltr'><strong>terrenis</strong></span> <span class='ocrx_word' id='word_1_829' title='bbox 1066 5278 1404 5334; x_wconf 89' lang='lat' dir='ltr'><strong>solummodo</strong></span> <span class='ocrx_word' id='word_1_830' title='bbox 1448 5276 1680 5351; x_wconf 79' lang='lat' dir='ltr'><strong>negotiis</strong></span> <span class='ocrx_word' id='word_1_831' title='bbox 1725 5276 2026 5351; x_wconf 89' lang='lat' dir='ltr'><strong>implicare.</strong></span> <span class='ocrx_word' id='word_1_832' title='bbox 2131 5280 2603 5352; x_wconf 85' lang='lat' dir='ltr'><strong>Burgundionum,</strong></span> <span class='ocrx_word' id='word_1_833' title='bbox 2658 5276 3020 5352; x_wconf 85' lang='lat' dir='ltr'><strong>Francorum,</strong></span> <span class='ocrx_word' id='word_1_834' title='bbox 3070 5282 3417 5350; x_wconf 84' lang='lat' dir='ltr'><strong>Hunnorum,</strong></span> <span class='ocrx_word' id='word_1_835' title='bbox 3466 5282 3731 5344; x_wconf 71' lang='lat' dir='ltr'><strong>Aleman-</strong></span> 
     </span>
    </p>
   </div>
   <div class='ocr_carea' id='block_1_60' title="bbox 438 5366 3724 5450">
    <p class='ocr_par' dir='ltr' id='par_1_60' title="bbox 438 5366 3724 5450">
     <span class='ocr_line' id='line_1_60' title="bbox 438 5366 3724 5450; baseline 0.005 -29"><span class='ocrx_word' id='word_1_836' title='bbox 438 5366 608 5423; x_wconf 88' lang='lat' dir='ltr'><strong>Porro</strong></span> <span class='ocrx_word' id='word_1_837' title='bbox 637 5369 894 5427; x_wconf 86' lang='lat' dir='ltr'><strong>talentum</strong></span> <span class='ocrx_word' id='word_1_838' title='bbox 939 5371 1241 5437; x_wconf 90' lang='lat' dir='ltr'><strong>abscondit,</strong></span> <span class='ocrx_word' id='word_1_839' title='bbox 1275 5372 1521 5443; x_wconf 86' lang='lat' dir='ltr'><strong>quisquis</strong></span> <span class='ocrx_word' id='word_1_840' title='bbox 1554 5383 1839 5446; x_wconf 87' lang='lat' dir='ltr'><strong>acceptum</strong></span> <span class='ocrx_word' id='word_1_841' title='bbox 1862 5390 1894 5429; x_wconf 90' lang='lat' dir='ltr'><strong>a</strong></span> <span class='ocrx_word' id='word_1_842' title='bbox 1917 5373 2030 5432; x_wconf 91' lang='lat' dir='ltr'><strong>Deo</strong></span> <span class='ocrx_word' id='word_1_843' title='bbox 2133 5389 2330 5431; x_wconf 91' lang='lat' dir='ltr'><strong>norum</strong></span> <span class='ocrx_word' id='word_1_844' title='bbox 2357 5415 2372 5441; x_wconf 89' lang='lat'><strong>,</strong></span> <span class='ocrx_word' id='word_1_845' title='bbox 2424 5372 2726 5432; x_wconf 90' lang='lat' dir='ltr'><strong>Suevorum</strong></span> <span class='ocrx_word' id='word_1_846' title='bbox 2751 5417 2768 5444; x_wconf 93' lang='lat'><strong>,</strong></span> <span class='ocrx_word' id='word_1_847' title='bbox 2832 5394 2973 5450; x_wconf 86' lang='lat' dir='ltr'><strong>quos</strong></span> <span class='ocrx_word' id='word_1_848' title='bbox 3023 5393 3214 5435; x_wconf 85' lang='lat' dir='ltr'><strong>omnes</strong></span> <span class='ocrx_word' id='word_1_849' title='bbox 3257 5374 3633 5438; x_wconf 72' lang='lat' dir='ltr'><strong>Antichristus</strong></span> <span class='ocrx_word' id='word_1_850' title='bbox 3657 5397 3676 5437; x_wconf 87' lang='lat'><strong>:</strong></span> <span class='ocrx_word' id='word_1_851' title='bbox 3704 5382 3724 5403; x_wconf 83' lang='lat'><strong><em>‘</em></strong></span> 
     </span>
    </p>
   </div>
   <div class='ocr_carea' id='block_1_61' title="bbox 442 5454 3719 5539">
    <p class='ocr_par' dir='ltr' id='par_1_61' title="bbox 442 5454 3719 5539">
     <span class='ocr_line' id='line_1_61' title="bbox 442 5454 3719 5539; baseline 0.004 -26"><span class='ocrx_word' id='word_1_852' title='bbox 442 5458 778 5517; x_wconf 88' lang='lat' dir='ltr'><strong>intellectum</strong></span> <span class='ocrx_word' id='word_1_853' title='bbox 808 5462 1011 5518; x_wconf 92' lang='lat' dir='ltr'><strong>nemini</strong></span> <span class='ocrx_word' id='word_1_854' title='bbox 1034 5462 1454 5533; x_wconf 84' lang='lat' dir='ltr'><strong>pandit.Homo,</strong></span> <span class='ocrx_word' id='word_1_855' title='bbox 1470 5464 1802 5537; x_wconf 79' lang='lat' dir='ltr'><strong>Redemptor</strong></span> <span class='ocrx_word' id='word_1_856' title='bbox 1818 5468 2027 5534; x_wconf 92' lang='lat' dir='ltr'><strong>mundi,</strong></span> <span class='ocrx_word' id='word_1_857' title='bbox 2131 5469 2276 5539; x_wconf 91' lang='lat' dir='ltr'><strong>quod</strong></span> <span class='ocrx_word' id='word_1_858' title='bbox 2304 5467 2431 5523; x_wconf 79' lang='lat' dir='ltr'><strong>licet</strong></span> <span class='ocrx_word' id='word_1_859' title='bbox 2460 5468 2671 5525; x_wconf 90' lang='lat' dir='ltr'><strong>Domini</strong></span> <span class='ocrx_word' id='word_1_860' title='bbox 2691 5478 2747 5526; x_wconf 91' lang='lat' dir='ltr'><strong>et</strong></span> <span class='ocrx_word' id='word_1_861' title='bbox 2780 5471 2876 5527; x_wconf 89' lang='lat' dir='ltr'><strong>Dei</strong></span> <span class='ocrx_word' id='word_1_862' title='bbox 2904 5470 3072 5527; x_wconf 87' lang='lat' dir='ltr'><strong>ﬁlium</strong></span> <span class='ocrx_word' id='word_1_863' title='bbox 3104 5487 3163 5528; x_wconf 88' lang='lat' dir='ltr'><strong>se</strong></span> <span class='ocrx_word' id='word_1_864' title='bbox 3196 5454 3385 5530; x_wconf 81' lang='lat' dir='ltr'><strong>fecerit</strong></span> <span class='ocrx_word' id='word_1_865' title='bbox 3417 5473 3719 5529; x_wconf 63' lang='lat' dir='ltr'><strong>aestimari:</strong></span> 
     </span>
    </p>
   </div>
   <div class='ocr_carea' id='block_1_62' title="bbox 441 5550 3719 5643">
    <p class='ocr_par' dir='ltr' id='par_1_62' title="bbox 441 5550 3719 5643">
     <span class='ocr_line' id='line_1_62' title="bbox 441 5550 3719 5643; baseline 0.006 -40"><span class='ocrx_word' id='word_1_866' title='bbox 441 5557 499 5607; x_wconf 86' lang='lat' dir='ltr'><strong>ut</strong></span> <span class='ocrx_word' id='word_1_867' title='bbox 531 5550 583 5605; x_wconf 93' lang='lat' dir='ltr'><strong>in</strong></span> <span class='ocrx_word' id='word_1_868' title='bbox 613 5550 714 5608; x_wconf 85' lang='lat' dir='ltr'><strong>Job</strong></span> <span class='ocrx_word' id='word_1_869' title='bbox 740 5570 755 5609; x_wconf 89' lang='lat'><strong>:</strong></span> <span class='ocrx_word' id='word_1_870' title='bbox 801 5573 819 5607; x_wconf 75' lang='grc' dir='ltr'>ι</span> <span class='ocrx_word' id='word_1_871' title='bbox 852 5552 968 5609; x_wconf 86' lang='lat' dir='ltr'><strong>Non</strong></span> <span class='ocrx_word' id='word_1_872' title='bbox 1004 5556 1229 5624; x_wconf 86' lang='lat' dir='ltr'><strong>aspiciet</strong></span> <span class='ocrx_word' id='word_1_873' title='bbox 1258 5571 1345 5611; x_wconf 91' lang='lat' dir='ltr'><strong>me</strong></span> <span class='ocrx_word' id='word_1_874' title='bbox 1370 5557 1519 5613; x_wconf 89' lang='lat' dir='ltr'><strong>visus</strong></span> <span class='ocrx_word' id='word_1_875' title='bbox 1558 5560 1795 5617; x_wconf 90' lang='lat' dir='ltr'><strong>hominis</strong></span> <span class='ocrx_word' id='word_1_876' title='bbox 1842 5559 1888 5629; x_wconf 85' lang='grc'><em>⁸,</em></span> <span class='ocrx_word' id='word_1_877' title='bbox 1925 5580 1944 5615; x_wconf 75' lang='grc' dir='ltr'><strong><em>ι</em></strong></span> <span class='ocrx_word' id='word_1_878' title='bbox 1974 5561 2030 5617; x_wconf 92' lang='lat' dir='ltr'><strong>id</strong></span> <span class='ocrx_word' id='word_1_879' title='bbox 2132 5561 2250 5633; x_wconf 90' lang='lat' dir='ltr'><strong>ipse</strong></span> <span class='ocrx_word' id='word_1_880' title='bbox 2270 5564 2288 5584; x_wconf 82' lang='lat'><strong>&#39;</strong></span> <span class='ocrx_word' id='word_1_881' title='bbox 2315 5562 2460 5618; x_wconf 83' lang='lat' dir='ltr'><strong>enim</strong></span> <span class='ocrx_word' id='word_1_882' title='bbox 2480 5571 2681 5635; x_wconf 61' lang='lat' dir='ltr'><strong>praeter</strong></span> <span class='ocrx_word' id='word_1_883' title='bbox 2709 5563 2764 5619; x_wconf 90' lang='lat' dir='ltr'><strong>id</strong></span> <span class='ocrx_word' id='word_1_884' title='bbox 2802 5566 2947 5636; x_wconf 92' lang='lat' dir='ltr'><strong>quod</strong></span> <span class='ocrx_word' id='word_1_885' title='bbox 2970 5566 3092 5643; x_wconf 89' lang='lat' dir='ltr'><strong>puri</strong></span> <span class='ocrx_word' id='word_1_886' title='bbox 3124 5567 3357 5625; x_wconf 86' lang='lat' dir='ltr'><strong>hominis</strong></span> <span class='ocrx_word' id='word_1_887' title='bbox 3376 5569 3471 5635; x_wconf 90' lang='lat' dir='ltr'><strong>sit,</strong></span> <span class='ocrx_word' id='word_1_888' title='bbox 3496 5567 3629 5624; x_wconf 87' lang='lat' dir='ltr'><strong>nihil</strong></span> <span class='ocrx_word' id='word_1_889' title='bbox 3662 5568 3719 5622; x_wconf 88' lang='lat' dir='ltr'><strong>in</strong></span> 
     </span>
    </p>
   </div>
   <div class='ocr_carea' id='block_1_63' title="bbox 440 5647 3715 5733">
    <p class='ocr_par' dir='ltr' id='par_1_63' title="bbox 440 5647 3715 5733">
     <span class='ocr_line' id='line_1_63' title="bbox 440 5647 3715 5733; baseline 0.006 -37"><span class='ocrx_word' id='word_1_890' title='bbox 440 5650 549 5708; x_wconf 89' lang='lat' dir='ltr'><strong>est,</strong></span> <span class='ocrx_word' id='word_1_891' title='bbox 601 5659 708 5699; x_wconf 88' lang='lat' dir='ltr'><strong>non</strong></span> <span class='ocrx_word' id='word_1_892' title='bbox 759 5660 848 5702; x_wconf 91' lang='lat' dir='ltr'><strong>me</strong></span> <span class='ocrx_word' id='word_1_893' title='bbox 898 5647 1176 5704; x_wconf 88' lang='lat' dir='ltr'><strong>revocabit</strong></span> <span class='ocrx_word' id='word_1_894' title='bbox 1218 5649 1591 5706; x_wconf 88' lang='lat' dir='ltr'><strong>misericordia</strong></span> <span class='ocrx_word' id='word_1_895' title='bbox 1622 5650 2026 5723; x_wconf 81' lang='lat' dir='ltr'><strong>Redemptoris.</strong></span> <span class='ocrx_word' id='word_1_896' title='bbox 2128 5668 2191 5712; x_wconf 87' lang='lat' dir='ltr'><strong>se</strong></span> <span class='ocrx_word' id='word_1_897' title='bbox 2216 5655 2517 5713; x_wconf 83' lang='lat' dir='ltr'><strong>divinitatis</strong></span> <span class='ocrx_word' id='word_1_898' title='bbox 2544 5657 2784 5715; x_wconf 89' lang='lat' dir='ltr'><strong>habebit.</strong></span> <span class='ocrx_word' id='word_1_899' title='bbox 2818 5675 2838 5710; x_wconf 72' lang='grc' dir='ltr'><strong><em>ι</em></strong></span> <span class='ocrx_word' id='word_1_900' title='bbox 2860 5656 3035 5715; x_wconf 76' lang='lat' dir='ltr'><strong>Homo</strong></span> <span class='ocrx_word' id='word_1_901' title='bbox 3054 5662 3302 5732; x_wconf 64' lang='lat' dir='ltr'><strong>peccati:</strong></span> <span class='ocrx_word' id='word_1_902' title='bbox 3322 5660 3715 5733; x_wconf 68' lang='lat' dir='ltr'><strong>dicitur:qu</strong></span> 
     </span>
    </p>
   </div>
   <div class='ocr_carea' id='block_1_64' title="bbox 515 5776 3708 5861">
    <p class='ocr_par' dir='ltr' id='par_1_64' title="bbox 515 5776 3708 5861">
     <span class='ocr_line' id='line_1_64' title="bbox 515 5776 3708 5861; baseline 0.005 -27"><span class='ocrx_word' id='word_1_903' title='bbox 515 5776 549 5861; x_wconf 56' lang='grc' dir='ltr'><strong>ξ.</strong></span> <span class='ocrx_word' id='word_1_904' title='bbox 563 5776 721 5861; x_wconf 76' lang='lat' dir='ltr'><strong>Deut.</strong></span> <span class='ocrx_word' id='word_1_905' title='bbox 768 5797 973 5861; x_wconf 42' lang='grc' dir='ltr'><strong>ιιιὲιη</strong></span> <span class='ocrx_word' id='word_1_906' title='bbox 998 5782 1086 5861; x_wconf 63' lang='grc' dir='ltr'><strong>μ.</strong></span> <span class='ocrx_word' id='word_1_907' title='bbox 1159 5784 1181 5816; x_wconf 79' lang='grc'><em>³</em></span> <span class='ocrx_word' id='word_1_908' title='bbox 1222 5783 1379 5861; x_wconf 59' lang='lat' dir='ltr'><strong>Vere.</strong></span> <span class='ocrx_word' id='word_1_909' title='bbox 1421 5780 1533 5861; x_wconf 76' lang='lat' dir='ltr'><strong>l_3._</strong></span> <span class='ocrx_word' id='word_1_910' title='bbox 1592 5786 1613 5818; x_wconf 86' lang='grc'>³</span> <span class='ocrx_word' id='word_1_911' title='bbox 1635 5785 1826 5861; x_wconf 67' lang='lat' dir='ltr'><strong>Matth.</strong></span> <span class='ocrx_word' id='word_1_912' title='bbox 1859 5789 2124 5861; x_wconf 52' lang='lat' dir='ltr'><strong>“inﬁgi.</strong></span> <span class='ocrx_word' id='word_1_913' title='bbox 2176 5860 2179 5861; x_wconf 17' lang='grc' dir='ltr'><em>ν</em></span> <span class='ocrx_word' id='word_1_914' title='bbox 2207 5790 2229 5823; x_wconf 70' lang='grc'>⁸</span> <span class='ocrx_word' id='word_1_915' title='bbox 2251 5790 2440 5847; x_wconf 78' lang='lat' dir='ltr'><strong>Matth.</strong></span> <span class='ocrx_word' id='word_1_916' title='bbox 2480 5807 2607 5857; x_wconf 82' lang='lat' dir='ltr'><strong>xxv,</strong></span> <span class='ocrx_word' id='word_1_917' title='bbox 2641 5791 2727 5846; x_wconf 80' lang='lat' dir='ltr'><strong>M.</strong></span> <span class='ocrx_word' id='word_1_918' title='bbox 2794 5792 2815 5825; x_wconf 84' lang='grc'><em>³</em></span> <span class='ocrx_word' id='word_1_919' title='bbox 2838 5790 2961 5850; x_wconf 83' lang='lat' dir='ltr'><strong>Job.</strong></span> <span class='ocrx_word' id='word_1_920' title='bbox 2989 5810 3090 5861; x_wconf 85' lang='lat' dir='ltr'><strong>vn,</strong></span> <span class='ocrx_word' id='word_1_921' title='bbox 3116 5794 3171 5852; x_wconf 88' lang='lat'><strong>8.</strong></span> <span class='ocrx_word' id='word_1_922' title='bbox 3252 5795 3275 5828; x_wconf 88' lang='grc'>⁶</span> <span class='ocrx_word' id='word_1_923' title='bbox 3301 5794 3446 5855; x_wconf 82' lang='lat' dir='ltr'><strong>Psal.</strong></span> <span class='ocrx_word' id='word_1_924' title='bbox 3468 5810 3586 5861; x_wconf 77' lang='lat' dir='ltr'><strong>CIII,</strong></span> <span class='ocrx_word' id='word_1_925' title='bbox 3616 5793 3708 5849; x_wconf 68' lang='lat'><strong>9!.</strong></span> 
     </span>
    </p>
   </div>
   <div class='ocr_carea' id='block_1_65' title="bbox 446 5846 2945 5934">
    <p class='ocr_par' dir='ltr' id='par_1_65' title="bbox 446 5846 2945 5934">
     <span class='ocr_line' id='line_1_65' title="bbox 446 5846 2945 5934; baseline 0.007 -29"><span class='ocrx_word' id='word_1_926' title='bbox 446 5846 469 5882; x_wconf 72' lang='grc' dir='ltr'><strong>ν</strong></span> <span class='ocrx_word' id='word_1_927' title='bbox 498 5846 692 5906; x_wconf 70' lang='lat' dir='ltr'><strong>Matth.</strong></span> <span class='ocrx_word' id='word_1_928' title='bbox 733 5867 848 5919; x_wconf 72' lang='grc' dir='ltr'><strong>ιιι,</strong></span> <span class='ocrx_word' id='word_1_929' title='bbox 872 5846 974 5908; x_wconf 63' lang='grc' dir='ltr'><strong>εςο</strong></span> <span class='ocrx_word' id='word_1_930' title='bbox 1001 5852 1169 5911; x_wconf 78' lang='lat' dir='ltr'><strong>Marc.</strong></span> <span class='ocrx_word' id='word_1_931' title='bbox 1198 5870 1276 5924; x_wconf 74' lang='lat' dir='ltr'><strong>Vl,</strong></span> <span class='ocrx_word' id='word_1_932' title='bbox 1306 5855 1398 5912; x_wconf 76' lang='lat' dir='ltr'><strong>so.</strong></span> <span class='ocrx_word' id='word_1_933' title='bbox 1439 5855 1461 5888; x_wconf 74' lang='grc' dir='ltr'><strong>ο</strong></span> <span class='ocrx_word' id='word_1_934' title='bbox 1493 5856 1690 5914; x_wconf 81' lang='lat' dir='ltr'><strong>Ezech.</strong></span> <span class='ocrx_word' id='word_1_935' title='bbox 1724 5856 1840 5927; x_wconf 76' lang='lat'><strong>1,5,</strong></span> <span class='ocrx_word' id='word_1_936' title='bbox 1870 5860 1956 5916; x_wconf 82' lang='lat' dir='ltr'><strong>io.</strong></span> <span class='ocrx_word' id='word_1_937' title='bbox 2002 5846 2045 5893; x_wconf 63' lang='grc' dir='ltr'><strong>λυ</strong></span> <span class='ocrx_word' id='word_1_938' title='bbox 2066 5860 2211 5919; x_wconf 85' lang='lat' dir='ltr'><strong>Psal.</strong></span> <span class='ocrx_word' id='word_1_939' title='bbox 2243 5879 2302 5930; x_wconf 75' lang='grc' dir='ltr'><em>ι,</em></span> <span class='ocrx_word' id='word_1_940' title='bbox 2333 5846 2487 5919; x_wconf 70' lang='lat'><strong>18.“</strong></span> <span class='ocrx_word' id='word_1_941' title='bbox 2521 5863 2568 5921; x_wconf 86' lang='grc' dir='ltr'><strong>ιι</strong></span> <span class='ocrx_word' id='word_1_942' title='bbox 2591 5846 2784 5922; x_wconf 70' lang='lat' dir='ltr'><strong>Thess.</strong></span> <span class='ocrx_word' id='word_1_943' title='bbox 2804 5846 2945 5934; x_wconf 48' lang='lat'><strong>11,3“.</strong></span> 
     </span>
    </p>
   </div>
  </div>
