3972 6336
222 312 343 375 957

1189 305 1601 365 ALLEGORi/E
1648 304 1718 367 iN
1755 303 2033 365 SACRAM
2070 304 2533 367 SCRIPTUM.
3389 316 3495 374 958

223 447 286 486 ιιι
329 427 570 500 peccatis
610 431 907 495 conceptus
955 431 1011 479 et
1056 429 1219 481 natus
1268 420 1509 492 peccatis
1559 418 1819 491 augendis
1843 424 1895 485 Α
1921 426 2029 473 neu
2049 424 2231 475 autem
2249 418 2428 475 omnis
2457 418 2640 486 homo,
2680 418 2825 477 ﬁlius
2870 420 3124 479 hominis.
3148 422 3322 483 Adam
3348 427 3493 485 enim

220 533 453 591 operam
498 516 670 573 dabit.
711 532 731 568 ι
768 514 939 573 Filius
985 513 1305 583 perditionis
1330 533 1351 566 ι
1397 522 1515 579 est,
1556 510 1701 584 quod
1744 510 1815 567 ad

222 609 336 666 hoc
371 606 615 664 nascitur
634 606 691 663 in
719 604 945 671 mundo,
976 611 1039 658 ut
1071 603 1207 659 alios
1232 603 1449 673 perdat,
1473 610 1532 659 et
1559 602 1675 673 ipse
1697 608 1815 656 tan-

222 704 355 759 dem
376 702 434 757 in
458 708 724 757 atomum
756 704 969 768 pereat.
993 716 1012 749 ‹
1038 696 1431 753 Adversabitur
1459 706 1639 753 autem
1662 696 1815 751 omni

221 796 396 859 bono,
434 810 455 846 ι
484 797 691 862 utpote
714 789 905 860 plenus
930 788 1079 843 omni
1112 787 1255 843 malo
1286 805 1299 840 :
1333 787 1588 842 nimirum
1616 787 1676 842 in
1703 803 1812 857 quo

222 895 344 942 tota
372 883 617 954 nequitia
658 879 941 937 diabolica:
982 878 1189 934 fraudis
1240 878 1582 935 inhabitabit.
1609 878 1668 937 ln
1697 886 1814 934 tan-

227 988 347 1034 tam
390 975 622 1045 denique
656 978 974 1044 prorumpat
1028 971 1343 1035 vesaniam,
1382 976 1444 1024 ut
1488 984 1595 1025 non
1636 969 1812 1026 solum

222 1069 349 1128 Jovi
376 1075 433 1122 et
456 1065 745 1130 Mercurio,
768 1066 787 1085 '
816 1061 1032 1119 ceteris
1061 1062 1165 1117 diis
1185 1060 1587 1133 nuncupativis,
1620 1075 1811 1115 verum

224 1168 285 1215 et
312 1165 513 1214 sanctae
541 1154 814 1216 Triaitati.
856 1167 980 1224 qua:
1007 1166 1139 1209 vera
1178 1151 1286 1208 ﬁde
1322 1152 1564 1211 omnium
1586 1152 1812 1207 creden-

226 1249 368 1305 tium
428 1246 664 1313 colitur,
720 1251 1011 1315 praesumat
1048 1259 1108 1303 se
1136 1245 1157 1265 ‘
1183 1243 1421 1300 auferre.
1476 1241 1622 1309 Sed,
1669 1242 1812 1298 sicut

225 1339 478 1396 Psahuus
520 1337 588 1393 de
619 1348 686 1391 eo
728 1335 1065 1406 pronuntiat,
1112 1342 1387 1404 quaeretur
1416 1343 1698 1405 peccatum
1752 1332 1814 1389 il—

225 1431 355 1494 lius,
369 1440 540 1498 usque
556 1427 623 1483 ad
638 1427 804 1482 ictum
824 1425 967 1482 oculi
980 1426 1243 1481 ioanitum
1259 1423 1486 1492 factum,
1502 1434 1558 1479 et
1574 1425 1687 1495 ipse
1700 1438 1810 1479 non

223 1520 840 1592 invenietur,de
860 1519 967 1577 ﬁne
984 1520 1260 1591 perdatur.
1295 1537 1314 1571 ι
1340 1518 1515 1577 Homo
1544 1518 1755 1589 peccati
1784 1537 1804 1572 ι

224 1613 444 1677 dicitur,
470 1611 615 1683 quod
634 1619 859 1683 peccato
878 1625 949 1667 ei
974 1618 1091 1666 toto
1128 1622 1187 1665 se
1214 1606 1485 1676 subiiciet.
1514 1608 1686 1664 Homo
1722 1608 1809 1662 di-

223 1707 370 1762 citur
402 1704 676 1769 diabolus,
725 1714 832 1759 nun
880 1714 1110 1773 propter
1138 1711 1414 1767 naturam,
1462 1701 1557 1757 sed
1590 1710 1812 1772 propter

222 1795 439 1866 culpam
462 1804 518 1851 et
544 1792 935 1849 inﬁrmitatem.
967 1790 1106 1847 Hinc
1145 1792 1410 1861 scriptum
1433 1799 1518 1848 est
1544 1791 1601 1847 in
1630 1791 1808 1845 Evan—

223 1890 383 1963 gelia,
413 1887 558 1959 quod
600 1886 995 1943 dormientibus
1038 1884 1352 1941 hominibus
1377 1882 1621 1939 inimicus
1649 1883 1803 1936 homo

223 1979 677 2054 superseminavit
698 1979 719 2001 ⁶
740 1977 1007 2033 zizaniam
1032 1975 1087 2031 in
1112 1975 1292 2030 medio
1322 1974 1487 2030 tritici
1517 1971 1697 2045 :quod
1726 1972 1809 2027 ui-

222 2073 421 2128 mirum
462 2070 701 2142 praelatis
730 2068 1067 2140 negligenter
1102 2066 1390 2137 agentibus
1427 2064 1684 2134 antiquus
1710 2064 1808 2119 ho-

223 2166 323 2222 stis
349 2166 417 2221 de
445 2164 572 2219 ﬁliis
594 2163 734 2219 lucis
784 2163 914 2218 iacit
962 2161 1103 2221 ﬁlios
1132 2160 1512 2223 tenebrarum,
1542 2166 1617 2225 et,
1663 2157 1809 2228 quod

223 2261 380 2318 dulce
396 2267 536 2325 erat,
562 2258 902 2315 convertitur
924 2257 983 2313 in
1009 2270 1279 2313 amarum.
1307 2272 1327 2307 ς
1364 2253 1618 2309 inimicus
1644 2253 1807 2307 homo

222 2353 326 2410 hoc
376 2352 505 2408 fecit
546 2353 589 2418 ‘,
616 2369 640 2405 ι
671 2351 815 2422 quod
848 2348 1051 2407 diaboli
1080 2360 1296 2417 semper
1339 2346 1599 2411 cilicium,
1648 2344 1807 2400 bonis

219 2444 363 2499 mala
398 2442 725 2499 immiscere.
766 2439 1011 2497 Hominis
1032 2422 1269 2497 neruine
1284 2450 1453 2508 genus
1506 2436 1807 2491 humanum

219 2537 566 2610 intelligitur,
585 2534 743 2606 juxta
768 2534 901 2590 illud
920 2533 1147 2591 Joannis
1172 2533 1229 2587 in
1249 2530 1577 2602 Apocalypsi
1604 2546 1618 2583 :
1648 2546 1668 2579 ι
1690 2525 1807 2585 Sub

218 2630 290 2687 iis
312 2628 668 2701 tribaspiagis
690 2626 869 2684 occisa
883 2633 969 2683 est
986 2636 1113 2696 pars
1140 2624 1444 2689 hominum,
1464 2624 1533 2679 de
1558 2621 1701 2691 igne,
1726 2619 1808 2677 fu-

216 2736 312 2778 mo
336 2729 393 2777 et
416 2720 697 2792 sulphure,
720 2730 843 2791 quas
882 2718 1250 2790 procedebant
1270 2716 1337 2773 de
1363 2730 1459 2773 ore
1481 2728 1673 2771 eorum
1702 2715 1742 2777 ι,
1779 2734 1798 2767 ι

216 2812 343 2867 dum
368 2810 634 2883 siquidem
656 2817 845 2882 partes
867 2807 1086 2881 generis
1108 2805 1333 2863 humani
1355 2805 1626 2863 mirandae
1654 2813 1807 2871 sunt,

214 2902 275 2958 id
296 2906 406 2969 est,
423 2903 583 2959 activi
604 2910 661 2957 et
680 2900 1087 2971 contemplativi
1112 2917 1127 2954 :
1148 2898 1310 2955 tertia
1321 2905 1408 2953 est
1428 2896 1803 2968 reprolmrum.

215 2994 292 3049 iis
309 2994 413 3049 sibi
436 2993 665 3049 diversa:
690 3002 867 3064 pinnae
903 2990 1205 3047 redduntur
1232 2988 1289 3044 in
1327 2987 1564 3055 inferno,
1610 3002 1806 3044 secun-

216 3087 350 3142 dum
372 3085 581 3141 diversa
639 3083 947 3149 commissa,
998 3082 1196 3153 quibus
1217 3082 1235 3102 *
1270 3078 1600 3136 consciendo
1638 3076 1804 3134 occisi

216 3188 350 3238 sunt
370 3179 424 3235 in
436 3180 540 3236 hac
552 3177 776 3245 mundo,
788 3192 908 3247 qua:
926 3174 1216 3233 commissa
1230 3188 1296 3229 ex
1315 3171 1699 3243 praedicatione
1714 3170 1810 3225 mi-

216 3275 518 3331 nistrorum
542 3271 861 3327 Antichristi
880 3268 1204 3341 procedunt.
1222 3269 1261 3324 li
1287 3269 1433 3324 enim
1456 3268 1636 3338 ignem
1655 3274 1809 3321 aeter-

212 3378 352 3425 num
381 3365 593 3423 sensuri
636 3372 790 3430 sum,
818 3363 911 3436 qui
936 3361 1322 3433 cupiditatibus
1350 3361 1464 3415 suis
1490 3359 1697 3414 nullam
1718 3358 1809 3415 hic

217 3459 515 3517 terminum
538 3464 859 3529 posuerunt.
909 3455 985 3511 Ibi
1040 3454 1190 3510 fumo
1214 3452 1552 3519 adicientur,
1574 3451 1671 3521 qui
1714 3466 1809 3507 su-

213 3552 423 3624 perbite
460 3551 549 3606 hic
566 3546 808 3606 tenebris
832 3554 1195 3613 excmcantur,
1240 3545 1276 3599 ii
1310 3544 1559 3599 faetorem
1588 3542 1811 3611 sulphu-

215 3645 298 3701 ris
329 3642 626 3710 habebunt,
652 3638 746 3714 qui
783 3643 910 3697 dum
952 3641 1219 3705 viverent,
1252 3636 1436 3692 fmtori
1486 3651 1544 3691 se
1581 3634 1809 3691 luxurias

214 3736 341 3794 sine
356 3736 594 3791 teinedie
606 3734 980 3790 subdiderunt.
999 3728 1241 3785 Hominis
1254 3728 1475 3784 nomine
1488 3727 1810 3800 patriarcha

216 3825 615 3898 signiﬁcantur,
635 3823 789 3895 juxta
825 3815 958 3877 illud
989 3840 1001 3875 :
1042 3838 1061 3872 ι
1090 3818 1165 3873 De
1191 3817 1332 3873 coelo
1348 3816 1810 3888 prospexitsnper

216 3918 364 3974 ﬁlios
391 3916 668 3973 hominum
694 3914 740 3983 ³,
801 3934 820 3967 ι
856 3913 1001 3984 quod
1041 3904 1279 3967 Verbum
1326 3910 1420 3965 Dei
1452 3922 1552 3979 per
1596 3920 1810 3963 assum«

214 4017 373 4083 ptam
400 4006 790 4064 humanitatem
817 4004 1061 4063 visitavit
1088 4004 1325 4069 Judteos,
1366 4000 1433 4055 de
1473 3999 1809 4070 patriarcha.

218 4114 347 4157 rum
393 4100 563 4171 stirpe
596 4098 934 4171 progenitos.
964 4094 1140 4151 Aliter
1183 4093 1297 4149 ibi:
1331 4111 1349 4145 ι
1386 4092 1529 4146 Deus
1572 4090 1640 4145 de
1669 4089 1808 4146 coelo

214 4194 522 4268 prospexit,
559 4213 577 4247 ι
602 4182 747 4265 quod
797 4191 1046 4247 Christus
1089 4204 1191 4260 per
1236 4185 1533 4258 apostolos,
1577 4184 1669 4256 qui
1694 4182 1810 4239 creti

214 4287 501 4351 dicuntur,
529 4282 767 4339 visitavit
808 4283 1117 4338 universam
1154 4277 1464 4351 progaaiem
1510 4275 1806 4347 primorum

214 4382 511 4449 paternum
542 4384 558 4430 ι
585 4374 729 4446 quod
762 4392 784 4425 ι
812 4374 867 4428 in
910 4384 1127 4449 omnem
1185 4379 1387 4424 terram
1430 4367 1602 4423 exivit
1639 4376 1807 4421 sanus

216 4472 436 4523 eorum.
470 4480 489 4519 ι
522 4465 799 4539 Legumur
826 4465 913 4520 alii
948 4464 1226 4519 hominum
1274 4468 1327 4517 et
1354 4460 1412 4514 in
1452 4458 1616 4523 malo,
1651 4458 1805 4529 juxta

218 4559 359 4616 illud
390 4577 404 4613 :
454 4570 472 4611 ι
507 4560 890 4615 Verumtamen
921 4560 938 4579 ‘
965 4556 1059 4611 ﬁlii
1111 4554 1394 4610 hominum
1432 4551 1475 4619 ⁸,
1506 4572 1527 4604 ι
1560 4551 1705 4621 quod
1748 4550 1806 4605 in

220 4648 510 4707 mundanis
545 4658 785 4723 sperant,
820 4648 1123 4705 imitatores
1150 4648 1568 4703 mundanorum.
1601 4663 1620 4696 ‹
1654 4643 1805 4698 Meu-

220 4745 392 4799 daces
439 4740 533 4799 ﬁlii
571 4745 848 4799 hominum
900 4743 955 4797 in
1012 4741 1230 4797 stateris
1277 4740 1321 4805 ⁸,
1366 4738 1508 4809 quod
1557 4735 1805 4790 fraudem

222 4834 454 4900 faciunt,
482 4842 590 4891 nati
618 4835 795 4889 sohtm
842 4835 896 4889 in
918 4832 1223 4904 promissis,
1249 4831 1344 4886 sed
1380 4836 1436 4884 et
1464 4829 1518 4883 in
1544 4826 1805 4898 petitivis,

220 4928 346 4983 sive
373 4927 427 4981 iu
474 4928 732 4999 iudiciis:
780 4932 839 4981 ut
872 4925 995 4997 quis
1027 4933 1090 4980 ut
1116 4922 1407 4995 decipiant,
1455 4932 1807 4991 quoscunque

219 5026 502 5092 poterant,
530 5019 801 5091 quomodo
828 5018 931 5090 ipsi
959 5019 1027 5073 de
1052 5016 1288 5072 vanitate
1328 5016 1382 5071 in
1420 5014 1674 5084 idipsum,
1706 5012 1812 5067 hoc

220 5121 336 5177 est,
367 5113 421 5167 in
448 5114 739 5169 renitatem
774 5113 1090 5177 tendentes;
1119 5111 1185 5167 de
1215 5109 1455 5165 vanitate
1492 5122 1726 5178 namque
1754 5107 1809 5162 in

222 5206 527 5261 vanitatem
557 5208 804 5273 tendunt,
829 5206 922 5276 qui
966 5214 1067 5276 per
1088 5202 1308 5258 fraudes
1351 5203 1418 5258 ad
1454 5201 1685 5257 divitias
1716 5215 1808 5255 ve-

220 5300 409 5362 niunt,
438 5299 518 5354 vel
548 5306 645 5369 per
668 5298 883 5353 divitias
914 5297 968 5351 in
996 5296 1302 5366 superbiam
1338 5310 1399 5350 se
1426 5292 1711 5349 extollunt.
1742 5291 1808 5347 Et

222 5386 529 5447 notandum
595 5391 739 5462 quod
783 5390 961 5447 omnis
1017 5390 1161 5446 ﬁlius
1206 5388 1443 5444 hominis
1484 5396 1570 5443 est
1612 5386 1802 5453 homo;

1916 507 2028 563 Deo
2075 515 2296 564 creante
2324 507 2499 565 factus
2523 518 2646 577 est;
2694 510 2839 566 unde
2878 527 3266 587 nonnunquam
3303 517 3494 577 distin-

1914 606 2151 672 guuntur
2196 601 2445 658 homines
2499 612 2553 658 et
2602 602 2699 659 ﬁlii
2733 603 3043 673 hominum;
3074 607 3168 681 qui
3216 616 3276 665 ut
3319 609 3491 669 Adam

1913 694 2189 751 hominem
2246 695 2570 763 imitantur,
2619 696 2855 753 homines
2913 708 3216 767 vocantur:
3283 711 3340 758 et
3399 704 3494 774 qui

1913 783 2211 851 Christum,
2256 785 2424 841 tilium
2453 786 2711 854 hominis,
2740 786 2842 857 filii
2869 788 3095 845 homim's
3120 790 3491 847 nominentur.

1913 875 2049 941 Hinc
2090 877 2351 948 scriptum
2391 885 2476 935 est
2510 896 2524 933 :
2572 897 2591 933 ι
2640 877 2896 935 Homines
2934 889 2990 936 et
3030 879 3271 954 iumenta
3314 882 3494 939 salva-

1911 958 1999 1029 bis
2023 972 2044 1003 ⁸
2076 991 2089 1026 :
2120 992 2140 1026 ι
2187 972 2436 1029 carnales
2469 973 2617 1029 enim
2648 974 2926 1047 temporali
2974 976 3147 1031 salute
3190 976 3493 1046 potiuntur,

1911 1080 2032 1136 quin
2052 1080 2155 1136 per
2180 1066 2566 1122 abundantiam
2586 1065 2975 1127 misericordiae
3001 1068 3194 1125 divinae
3226 1078 3283 1125 et
3308 1069 3497 1125 bestiis

1911 1142 2213 1215 coulmunis
2254 1163 2337 1211 est
2362 1174 2375 1210 :
2398 1155 2501 1225 ﬁlii
2538 1165 2719 1212 autem
2748 1157 3035 1221 hominum,
3070 1159 3163 1228 qui
3192 1174 3300 1214 nou
3320 1158 3491 1213 Adam

1910 1251 2204 1317 hominem,
2245 1250 2341 1306 sed
2368 1248 2642 1307 Christum
2668 1250 2866 1305 Filium
2895 1251 3129 1307 hominis
3163 1252 3447 1307 imitantur
3480 1270 3495 1306 :

1917 1359 1936 1394 ι
1977 1340 2037 1399 in
2084 1340 2324 1410 tegmine
2369 1338 2579 1396 alarum
2629 1348 2843 1401 tuarum
2883 1340 3179 1411 sperabunt
3214 1341 3269 1407 ⁷,
3313 1361 3332 1394 ι
3388 1356 3493 1395 non

1909 1431 2115 1489 scilicet
2142 1431 2200 1485 in
2254 1430 2321 1486 iis
2351 1446 2471 1503 quae
2508 1432 2707 1487 dantur
2738 1432 2915 1496 malis,
2956 1433 3050 1488 sed
3076 1433 3128 1487 in
3164 1433 3498 1503 proiectione

1910 1523 2297 1581 misericordia:
2352 1532 2458 1580 tuae
2501 1531 2557 1580 et
2603 1514 2990 1579 miserationis.
3044 1522 3333 1577 Sciendum
3370 1536 3499 1577 vero

1910 1615 2054 1686 quod
2085 1615 2246 1670 homo
2273 1614 2787 1685 aliquandodicitur
2806 1628 2908 1683 per
2939 1622 3211 1680 naturam,
3247 1613 3497 1685 aliquan-

1910 1708 1981 1763 do
2015 1722 2113 1777 per
2147 1707 2385 1778 cuipam,
2420 1706 2710 1777 aliquando
2749 1720 2848 1776 per
2890 1706 3173 1775 rationem,
3206 1706 3500 1777 aliquando

1834 1793 1883 1856 Β
1908 1815 2007 1870 per
2036 1800 2435 1865 inﬁrmitatem,
2476 1784 2769 1869 aliquando
2809 1814 2907 1869 per
2944 1799 3370 1859 similitudinem.
3397 1799 3500 1855 alia
3616 1831 3620 1836 -

1906 1891 2122 1962 quando
2147 1906 2245 1962 per
2280 1890 2555 1957 virtutem,
2584 1889 2875 1962 aliquando
2896 1905 2995 1960 per
3029 1889 3359 1946 fatuitatem.
3396 1889 3500 1945 Per

1906 1992 2174 2047 naturam,
2229 1990 2290 2036 ut
2324 1982 2375 2037 in
2419 1980 2621 2037 Genesi
2660 2000 2673 2036 :
2729 1999 2748 2033 ι
2784 1981 3074 2039 Faciamus
3118 1982 3391 2039 hominem
3434 1982 3502 2039 ad

1907 2074 2312 2133 similitudinem
2342 2082 2582 2131 nostram
2626 2074 2677 2140 ⁸;
2719 2093 2737 2126 ι
2771 2075 2914 2145 quod
2953 2075 3010 2130 in
3053 2076 3233 2133 anima
3263 2075 3331 2131 ad
3359 2075 3499 2130 ima-

1908 2168 2084 2237 ginem
2116 2167 2208 2222 Dei
2239 2168 2402 2225 homo
2434 2165 2611 2223 factus
2640 2174 2743 2223 est.
2784 2166 2855 2225 Et
2880 2166 3045 2225 alibi:
3077 2184 3098 2220 ι
3134 2166 3308 2223 Homo
3342 2175 3502 2223 natus

1907 2265 1992 2313 est
2020 2258 2081 2315 in
2112 2272 2176 2312 ea
2213 2297 2229 2323 ,
2278 2276 2299 2310 ι
2332 2257 2477 2325 quod
2500 2256 2754 2313 Christus
2784 2258 3081 2315 humanam
3107 2266 3357 2313 naturam
3384 2273 3502 2314 sus—

1906 2349 2049 2420 cepit
2078 2349 2138 2407 in
2168 2348 2432 2409 Ecclesia.
2471 2347 2578 2404 Per
2607 2348 2841 2421 culpam,
2872 2350 2933 2409 in
2978 2350 3182 2409 Paulo:
3216 2368 3237 2403 ι
3266 2351 3402 2409 Cum
3433 2352 3507 2415 sit

1906 2442 2049 2501 inter
2074 2458 2172 2499 vos
2203 2442 2376 2510 zelus,
2411 2452 2469 2499 et
2500 2444 2799 2511 contentio,
2844 2460 3029 2503 nonne
3052 2445 3301 2505 homines
3340 2444 3362 2477 ⁹
3390 2465 3410 2499 ι
3446 2444 3501 2501 id

1906 2541 2011 2600 est,
2040 2548 2222 2591 nonne
2246 2533 2541 2604 culpabiles
2584 2534 2760 2591 estis?
2786 2543 2842 2591 et
2868 2535 2885 2556 ¹
2906 2535 3039 2595 item
3072 2554 3085 2591 :
3122 2554 3142 2588 ι
3180 2535 3368 2593 Nonne
3384 2551 3505 2592 car-

1905 2625 2056 2681 nales
2077 2626 2231 2694 estis,
2260 2635 2318 2682 et
2336 2627 2633 2683 secundum
2660 2628 2935 2685 hominem
2956 2630 2973 2648 *
2997 2629 3324 2685 ambulatis?
3354 2649 3374 2687 ι
3395 2628 3503 2685 Per

1906 2717 2200 2773 rationem:
2232 2716 2306 2772 ιιι·
2322 2717 2396 2773 ibi
2425 2736 2439 2773 :
2470 2720 2488 2769 ἀ
2531 2718 2589 2775 Si
2619 2718 2937 2790 (secundum
2975 2719 3273 2793 hominem)
3299 2736 3505 2792 pugna-

1905 2806 1961 2861 vi
1994 2806 2069 2865 ad
2100 2806 2309 2863 bestias
2342 2806 2543 2878 Ephesi
2583 2807 2659 2873 “l;
2708 2827 2729 2861 ι
2767 2808 2944 2878 primo
2992 2807 3264 2880 sapienter
3312 2818 3501 2869 contra

1908 2897 2216 2977 incredulos
2246 2898 2536 2970 disputavi,
2580 2916 2599 2953 ι
2633 2898 2764 2969 quid
2794 2899 2927 2955 mihi
2954 2899 3193 2971 prodest,
3230 2901 3277 2957 si
3298 2901 3502 2959 mortui

1906 3002 2013 3045 non
2042 2989 2374 3061 resurgunt?
2409 3011 2431 3045 ι
2454 2989 2537 3046 Ad
2560 2989 2764 3048 bestias
2778 2992 3075 3049 secundum
3098 2993 3371 3051 hominem
3405 3008 3504 3064 pu-

1907 3098 2096 3154 gnare,
2126 3092 2214 3138 est
2235 3092 2427 3140 contra
2448 3082 2756 3141 incredulos
2786 3084 3181 3141 rationabiliter
3207 3085 3502 3156 disputare.

1833 3148 1882 3216 ο
1910 3148 2019 3231 Per
2042 3148 2303 3241 virtutem,
2355 3177 2491 3231 utin
2522 3175 2752 3233 Psalmis
2796 3195 2816 3229 ι
2848 3175 3085 3233 Accedet
3108 3176 3272 3233 homo
3290 3148 3373 3231 ad
3410 3189 3506 3230 cor

1912 3270 2081 3325 altum
2110 3270 2174 3335 “,
2220 3289 2242 3324 ι
2286 3270 2339 3324 id
2365 3279 2467 3335 est,
2508 3270 2781 3327 virtuosus
2808 3269 3036 3339 quilibet
3070 3268 3140 3327 ad
3176 3267 3500 3338 profundam

1912 3356 2444 3431 contemplationem,
2492 3360 2623 3417 vel:
2658 3378 2679 3412 ι
2716 3360 2937 3419 accedet
2979 3360 3141 3419 homo
3171 3360 3240 3415 ad
3284 3374 3381 3415 cor
3424 3357 3505 3414 alo

1913 3461 2026 3508 tum
2058 3455 2122 3520 ι’,
2158 3472 2177 3506 ι
2202 3454 2346 3524 quod
2369 3460 2560 3524 Sponte
2596 3452 2778 3508 veniet
2804 3452 3052 3509 Christus
3085 3452 3153 3508 ad
3178 3450 3504 3523 profundum

1908 3545 2176 3616 passionis
2219 3559 2330 3601 sum
2360 3543 2668 3601 consilium.
2696 3543 2832 3601 item
2861 3560 2875 3597 :
2911 3562 2930 3596 ς
2972 3543 3092 3599 Non
3121 3544 3345 3609 timebo,
3373 3542 3503 3613 quid

1912 3636 2073 3691 faciet
2122 3637 2139 3657 ’
2200 3654 2222 3689 ι
2274 3644 2381 3691 etc.
2432 3633 2539 3690 Per
2582 3633 2978 3705 inﬁmitatem,
3022 3642 3084 3691 ut
3132 3635 3186 3691 in
3234 3633 3500 3691 Jeremia:

1917 3745 1938 3780 ‹
1979 3727 2296 3783 Maiedietus
2349 3727 2512 3782 homo
2539 3725 2633 3796 qui
2674 3726 2899 3783 conlidit
2933 3725 2987 3781 in
3031 3724 3249 3785 homine
3287 3724 3352 3791 ³³,
3396 3743 3417 3777 ι
3451 3724 3505 3783 id

1912 3829 2016 3885 est,
2048 3820 2141 3891 qui
2172 3828 2362 3890 sperat
2392 3819 2444 3873 in
2474 3818 2710 3873 inﬁrmo.
2748 3817 2851 3873 Per
2875 3817 3199 3887 fatuitatem,
3226 3828 3285 3871 ut
3311 3817 3364 3871 in
3403 3815 3504 3870 Pa-

1914 3910 2156 3966 rabelis:
2206 3929 2225 3962 ι
2267 3908 2462 3965 Suavis
2500 3922 2582 3965 est
2630 3908 2835 3967 homini
2876 3909 3031 3978 panis
3063 3909 3326 3965 mendacii
3359 3908 3423 3973 ”,
3477 3927 3498 3961 ι

1914 4004 1967 4059 id
1992 4010 2096 4067 est,
2122 4001 2297 4057 dulcis
2323 4010 2409 4057 est
2451 3999 2601 4056 fatuo
2624 4000 3139 4057 doctrina....itatis.
3179 4000 3287 4055 Per
3313 3999 3501 4055 simili-

1912 4093 2169 4157 tudinem,
2214 4100 2276 4147 ut
2322 4092 2376 4147 in
2410 4094 2427 4113 '
2458 4088 2799 4164 [Evangelio]
2832 4109 2846 4146 :
2882 4110 2901 4144 ι
2937 4090 3126 4148 Simile
3155 4098 3240 4147 est
3282 4104 3504 4163 regnum

1912 4185 2172 4242 cwlorum
2203 4184 2407 4239 homini
2438 4184 2571 4255 regi,
2606 4182 2650 4215 ¹⁵
2680 4203 2699 4236 ι
2734 4191 2841 4239 etc.

1982 4276 2277 4333 Ηοπὶιίιεδ
2300 4284 2431 4333 sunt
2470 4277 2762 4342 daemones,
2810 4282 2871 4332 ut
2908 4275 2965 4330 in
2991 4274 3129 4333 Joh:
3166 4293 3187 4327 ι
3221 4274 3430 4331 Vadent
3447 4283 3504 4330 ct

1911 4370 2130 4425 venient
2160 4383 2324 4440 super
2347 4384 2471 4425 eum
2500 4368 2788 4425 horribiles
2814 4367 2887 4435 ¹⁸;
2923 4388 2945 4423 ι
2977 4368 3121 4439 quod
3150 4368 3372 4439 spiritus
3394 4383 3502 4423 ma-

1912 4462 2061 4534 ligni,
2085 4462 2333 4532 quamvis
2354 4461 2644 4532 aliquando
2662 4461 2749 4518 vel
2771 4462 2897 4518 raro
2918 4462 2989 4518 ah
3006 4462 3194 4533 iniquo
3222 4462 3496 4528 recedant,

1909 4555 1979 4609 ad
2008 4568 2133 4608 eum
2169 4561 2348 4608 tamen
2379 4555 2639 4609 continuo
2674 4553 2920 4609 redeunt.

1980 4644 2190 4699 Hamus
2219 4654 2306 4700 est
2342 4654 2531 4700 sancta
2570 4645 2830 4709 Ecclesia,
2859 4644 3035 4701 ut'in'
3057 4643 3328 4701 Psalmis:
3364 4664 3384 4698 ι
3432 4647 3500 4702 Et

1906 4738 2250 4807 requiescere
2268 4752 2369 4793 eos
2398 4736 2565 4794 faciet
2594 4738 2989 4808 superbumum
3014 4750 3167 4793 suam
3200 4738 3273 4805 ¹⁷;
3310 4758 3329 4791 ι
3355 4741 3495 4809 quod

1909 4831 2051 4885 Deus
2078 4829 2266 4884 electis
2294 4830 2407 4885 suis
2454 4831 2511 4884 in
2552 4838 2739 4890 sancta
2778 4828 3015 4886 Ecclesia
3050 4831 3284 4899 quietem
3332 4832 3494 4902 spiri-

1908 4923 2107 4979 tualem
2147 4924 2371 4993 praebet.
2422 4920 2650 4989 Hamus,
2688 4937 2844 4978 sacra
2880 4921 3177 4992 Scriptura,
3216 4932 3276 4978 ut
3300 4924 3353 4979 in
3391 4922 3497 4979 Ge-

1909 5018 2064 5073 nesi:
2102 5036 2122 5069 (
2165 5015 2428 5072 Proditxit
2473 5014 2615 5071 Deus
2643 5015 2711 5070 de
2754 5016 2921 5070 humu
2956 5031 3117 5072 omne
3148 5015 3349 5087 lignum
3372 5016 3492 5088 pul-

1908 5108 2100 5167 chrum
2136 5112 2254 5166 visu
2284 5110 2360 5176 19;
2410 5126 2428 5163 ι
2468 5112 2615 5181 quod
2644 5112 2784 5166 Deus
2812 5111 2967 5166 nobis
2994 5110 3047 5166 in
3079 5110 3360 5183 Scriptura
3409 5128 3494 5165 sa-

1908 5216 2001 5257 cra
2047 5202 2187 5256 vitas
2234 5209 2551 5257 sanctorum
2606 5201 2827 5257 Patrum
2860 5201 3192 5259 manifestat.
3249 5201 3489 5269 Hamus,

1909 5291 2063 5350 mens
2091 5294 2375 5364 cujuslibet
2394 5295 2589 5363 sancti,
2628 5304 2690 5352 ut
2717 5296 2772 5352 in
2800 5296 3067 5369 Propheta
3095 5314 3109 5351 :
3145 5316 3165 5349 ι
3202 5295 3375 5366 Super
3388 5298 3492 5350 hu-

1908 5402 2058 5443 mum
2082 5388 2268 5459 populi
2296 5388 2406 5445 mei
2455 5388 2623 5460 spiam
2654 5397 2715 5445 et
2749 5403 2939 5460 vepres
2979 5390 3054 5457 ης
3095 5408 3115 5443 ι
3156 5388 3303 5460 quod
3328 5388 3491 5444 etiam

304 5619 324 5650 ¹
354 5614 538 5676 Matth.
561 5628 681 5681 xm,
705 5558 903 5679 25,28:
942 5614 969 5685 Ἰ
1005 5610 1172 5685 Apoc.
1202 5607 1620 5685 ιιιδὸτᾸ-Ρειιι.
1644 5625 1762 5675 xm,
1794 5607 1847 5685 l_.
1880 5606 2087 5685 '{APsaln
2108 5622 2218 5673 ιιι,
2252 5606 2338 5685 l0.
2381 5607 2402 5638 ⁵
2426 5605 2617 5685 ιδιά.)
2639 5605 2781 5685 Psal.
2814 5622 2978 5672 xxxv,
3003 5606 3106 5685 8L"
3131 5605 3266 5685 ιιιίρ.
3304 5604 3326 5639 ⁸
3352 5603 3487 5662 Gen.

226 5706 268 5755 ι,
291 5690 386 5745 26.
424 5691 446 5722 θ
475 5675 646 5745 Ῑίϐοιε.
670 5675 752 5749 ιιι,
787 5675 844 5743 3.
890 5684 971 5739 ¹⁰Ι
998 5675 1125 5755 Cor.
1153 5699 1244 5750 xv,
1267 5681 1356 5755 52ἶ
1388 5682 1428 5715 ¹¹
1456 5681 1599 5755 Psal.
1627 5695 1781 5745 LXIII,

1916 5678 2111 5755 ’__P§al.
2144 5694 2215 5743 v1,
2246 5678 2303 5755 ξ,
2333 5686 2388 5755 et
2412 5693 2540 5755 cm,
2570 5677 2623 5734 8.
2652 5678 2696 5709 ⁸³
2722 5677 2835 5755 Jer.
2866 5693 2976 5733 xvn
2996 5714 3011 5743 ,
3040 5676 3096 5732 ὅ.
3134 5675 3179 5709 ιδ
3201 5675 3361 5734 Prov.
3394 5692 3488 5748 xx,

230 5748 319 5819 i7.
356 5762 401 5795 ¹⁸
444 5761 631 5821 Matth.
680 5748 944 5827 “111,25.
977 5757 1020 5790 "
1049 5754 1171 5815 Job.
1196 5748 1293 5823 xx,
1334 5753 1425 5812 25.
1457 5753 1499 5787 ¹⁷
1522 5752 1624 5810 lsa.
1664 5768 1778 5821 xxv,
1824 5752 1875 5807 i.
1928 5750 1970 5782 ¹⁸
2001 5749 2137 5809 Gen.
2170 5766 2227 5815 ιι,
2261 5749 2311 5806 9.
2349 5749 2391 5781 ⁸⁸
2416 5749 2518 5807 lsa.
2554 5765 2725 5817 xxxn,
2749 5748 2835 5804 l3.
