3972 6336
450 347 554 404 959

1097 339 1156 393 Β.
1197 335 1451 392 RABANl
1485 333 1702 390 MAURI
1740 331 2057 388 ARCHIEP.
2097 333 2404 390 MOGUNT.
2445 331 2728 388 OPERUM
2767 331 2946 388 PARS
2983 332 3066 414 Ill.

3617 329 3722 385 960

451 467 686 515 mentem
724 453 830 509 viri
857 451 1031 508 sancti
1071 449 1326 505 vitiorum
1371 460 1758 516 nonnunquam
1783 447 2031 514 punctio-
2058 451 2113 510 Α
2136 448 2278 516 quod
2322 446 2568 502 Christus
2618 446 2931 516 angelorum
2955 454 3012 500 et
3059 447 3336 500 honnnum
3373 455 3625 496 naturam
3667 444 3724 497 in

451 563 550 604 nes
577 544 925 602 conturbant.

526 633 810 690 Humilitas
837 631 1094 701 exprimit
1117 629 1372 683 virtutem
1417 634 1863 692 mansuetudinis,
1882 633 2038 694 ,uxta

2137 536 2465 607 perfectione
2495 535 2750 607 possedit,
2784 555 2802 587 ι
2845 551 3008 590 unam
3051 549 3206 591 ovem
3233 533 3490 603 perdidit,
3528 554 3548 585 ι
3581 534 3727 602 quod

2140 628 2373 682 humana
2403 635 2597 682 natura
2631 627 2812 698 periit.
2852 646 2870 679 ι
2906 627 3121 682 Dimisit
3148 642 3278 698 ergo
3312 625 3612 697 nonaginta
3633 640 3726 679 ηον

455 727 588 784 illud
619 742 634 778 :
664 745 682 777 ι
708 726 842 781 Vide
867 722 1234 780 humilitatem
1258 733 1437 774 meam
1460 720 1478 750 ³
1499 758 1514 787 ,
1546 738 1565 769 ι
1594 717 1613 739 ¹
1641 718 1858 772 attende
1877 731 2041 787 quam
2138 735 2260 774 vem
2297 720 2352 774 in
2384 718 2618 784 deserto,
2645 727 2706 772 ut
2729 734 2893 772 unam
2929 718 3212 783 inveniret,
3251 735 3268 768 ι
3311 715 3460 786 quod
3484 730 3727 770 summos

455 820 670 878 humilis
701 836 840 884 sum,
869 826 1061 874 contra
1083 819 1365 884 superbos,
1389 815 1480 884 qui
1495 829 1582 868 me
1613 821 2037 884 persequuntur:

459 933 479 968 ι
520 923 576 970 ει
602 913 752 982 eripe
777 927 863 965 me
893 930 911 960 ι
949 911 1016 964 ab
1044 908 1272 964 aliorum
1303 905 1699 977 persecutione,
1739 923 1757 954 ι
1787 903 1929 973 quod
1961 903 2040 959 le-

453 1021 577 1076 gem
606 1015 752 1061 tuam
775 1017 888 1060 non
917 1017 1036 1058 sum
1064 999 1281 1064 oblitus,
1311 1016 1330 1048 ι
1377 1012 1496 1065 quae
1538 995 1793 1065 praecepit
1823 993 2041 1048 humili-

455 1105 626 1155 tatem
665 1096 1082 1159 observandam,
1140 1100 1198 1147 et
1236 1090 1554 1145 charitatem
1604 1089 1768 1142 etiam
1813 1087 2046 1142 inimicis

457 1187 838 1244 exhibendam.
858 1190 887 1250 ε·
918 1184 975 1239 ld
995 1191 1098 1247 est,
1141 1177 1486 1234 aliiictionem
1530 1175 1923 1247 persecutionis
1959 1189 2048 1230 so-

457 1287 570 1343 nat,
591 1276 748 1344 juxta
775 1274 941 1329 illud:
981 1293 998 1323 ι
1035 1271 1162 1326 Haec
1195 1285 1284 1324 me
1310 1268 1586 1324 consolata
1613 1276 1696 1322 est
1723 1269 1779 1321 in
1829 1265 2049 1320 humili-

457 1378 569 1425 tate
599 1384 719 1424 mea
758 1369 810 1433 ¹;
866 1387 884 1419 ι
924 1365 978 1420 id
1024 1373 1129 1430 est,
1167 1379 1292 1433 spes
1329 1361 1503 1417 erexit
1543 1377 1630 1416 me
1665 1361 1720 1415 in
1762 1359 2049 1415 afﬂictione

457 1476 598 1526 mea,
635 1461 777 1530 quod
801 1459 905 1512 nisi
932 1471 1056 1526 spes
1086 1454 1374 1510 consolans
1399 1455 1653 1524 erigeret.
1696 1451 1914 1506 afﬂictio
1949 1467 2050 1506 nos

459 1549 679 1604 omnino
705 1547 1030 1603 destrueret.
1071 1563 1089 1595 ι
1126 1543 1452 1607 Cloriemur,
1498 1543 1705 1614 inquit,
1738 1543 1792 1596 in
1827 1540 2051 1597 tribula-

460 1640 718 1704 tionibus,
749 1639 882 1694 certi
908 1637 1054 1708 quod
1077 1636 1123 1691 si
1156 1636 1534 1704 compatimur,
1567 1635 1732 1689 etiam
1754 1648 2050 1704 conregna-

459 1731 636 1786 bimus
665 1730 704 1784 ³.
763 1749 782 1781 ι
819 1729 974 1786 Unde
1016 1728 1328 1784 consolatus
1367 1737 1470 1796 est,
1532 1747 1550 1779 ι
1584 1726 1728 1796 quod
1775 1727 2049 1796 eloquium

2142 811 2450 881 angelorum
2477 812 2671 866 choros
2695 810 2848 880 quasi
2885 809 3100 878 reliquit
3138 810 3194 864 in
3233 808 3391 874 ctelo,
3433 815 3495 860 ut
3535 807 3728 861 huma-

2143 919 2271 957 num
2319 919 2485 974 genus
2531 910 2827 973 repararet.
2863 920 2882 952 ‹
2919 901 3085 957 Ovem
3121 899 3386 971 perditam
3429 898 3663 961 invenit,
3705 917 3727 948 ι

2145 995 2356 1064 quando
2389 1005 2638 1050 naturam
2665 997 2954 1050 humanam
2977 995 3033 1048 in
3063 1008 3121 1049 se
3163 993 3418 1062 suscepit.
3481 1011 3500 1041 ‹
3539 989 3734 1044 Inven-

2148 1098 2256 1142 tam
2289 1103 2441 1143 ovem
2469 1087 2524 1141 in
2550 1087 2789 1141 humeris
2816 1085 3054 1156 gaudens
3077 1085 3277 1154 posuit,
3325 1103 3344 1135 ι
3379 1097 3505 1137 cum
3539 1081 3738 1134 huma-

2147 1194 2271 1234 nam
2302 1185 2571 1241 naturam,
2606 1191 2768 1247 quam
2791 1175 2859 1230 de
2887 1174 3042 1229 nobis
3067 1172 3373 1241 assumpsit,
3403 1170 3560 1226 cruci
3594 1167 3738 1235 adigi

2149 1279 2338 1340 sponte
2361 1267 2628 1338 permisit,
2662 1266 2742 1320 vel
2780 1265 3036 1335 imposuit
3063 1263 3370 1319 inhumeris
3399 1261 3516 1316 suis
3542 1279 3558 1312 :
3595 1257 3742 1328 quod

2149 1369 2426 1432 peccatum
2457 1359 2677 1414 humani
2698 1358 2910 1429 generis
2935 1358 3077 1412 Deus
3101 1354 3444 1426 passionibus
3471 1351 3595 1407 suis
3615 1365 3743 1422 pro—

2149 1450 2282 1520 priis
2320 1448 2575 1518 expiavit.
2619 1467 2638 1498 1
2685 1446 2766 1500 Ad
2807 1448 3023 1502 domum
3051 1447 3230 1511 rediit,
3277 1464 3296 1497 ι
3345 1459 3469 1498 cum
3500 1443 3580 1497 ad
3627 1456 3743 1496 cm-

2149 1540 2230 1595 los
2249 1539 2511 1595 ascendit.
2535 1557 2555 1589 ‹
2589 1538 2805 1592 Amicus
2833 1547 2888 1591 et
2908 1537 3114 1592 vicinos
3133 1535 3467 1598 convocavit,
3506 1553 3528 1584 ι
3567 1547 3744 1602 quau-

2153 1633 2221 1686 do
2241 1638 2458 1685 sanctos
2484 1628 2725 1700 angelos,
2748 1628 2905 1698 quasi
2933 1629 3002 1683 ad
3033 1626 3512 1698 congratulandum
3539 1625 3744 1678 huma.

2153 1742 2237 1781 na:
2274 1725 2432 1781 saluti
2473 1725 2741 1788 invitavit,
2789 1724 2882 1794 qui
2919 1741 2938 1774 ι
2976 1723 3135 1779 amici
3163 1721 3278 1789 ejus
3319 1740 3337 1772 ι
3377 1727 3524 1785 sunt,
3597 1717 3746 1787 quod

460 1833 612 1877 tuum
642 1820 934 1876 viviﬁcavit
975 1834 1064 1874 me
1089 1819 1134 1884 ⁸.
1169 1839 1187 1870 ι
1214 1819 1356 1888 quod
1384 1817 1674 1889 promissio
1711 1824 1798 1873 tua
1831 1819 1900 1873 ad
1920 1833 2047 1888 pas-
2072 1808 2121 1868 B
2147 1834 2335 1874 vocem
2366 1817 2481 1886 ejus
2501 1815 2738 1887 perfecte
2768 1815 3095 1871 custodiunt.
3129 1835 3146 1866 ‹
3175 1813 3350 1870 Vicini
3377 1814 3494 1884 ejus
3535 1833 3558 1863 ι
3593 1821 3743 1874 sunt,

460 1913 626 1968 sionis
666 1911 1004 1969 tolerantiam
1031 1909 1294 1964 animavit
1325 1923 1432 1964 me.
1480 1906 1796 1973 Humilitas,
1821 1907 2052 1962 delecta-

461 2003 662 2058 tionem
703 2012 873 2068 notat,
915 2001 1070 2071 juxta
1107 1999 1236 2054 illud
1276 2018 1287 2052 :
1339 2019 1357 2052 ε
1400 1998 1556 2066 Quod
1603 2007 1918 2067 persecutus
1971 2004 2054 2052 est

462 2095 712 2151 inimicus
758 2096 994 2150 animam
1035 2107 1212 2148 meam
1262 2093 1304 2156 ⁵,
1349 2111 1368 2144 ι
1402 2090 1548 2160 quod
1592 2098 1772 2146 motus
1819 2087 2052 2144 carnalis

462 2187 757 2244 insurrexit
780 2187 1086 2258 opprimere
1111 2204 1132 2236 ι
1154 2184 1390 2239 animam
1418 2199 1619 2249 meam,
1651 2203 1668 2234 ι
1698 2183 1867 2246 idest,
1884 2180 2052 2235 ratio-

463 2293 589 2332 nem
617 2293 814 2332 meam.
869 2295 888 2328 ι
932 2275 1246 2330 Humiliavit
1285 2274 1342 2328 in
1390 2282 1536 2328 terra
1578 2272 1745 2327 vitam
1795 2286 1993 2336 meam,
2027 2289 2046 2322 ι

465 2366 519 2422 id
543 2377 646 2434 est,
679 2368 872 2439 dejecit
900 2367 957 2421 in
986 2375 1325 2422 terrenarum
1370 2365 1667 2434 appetitum
1687 2363 2054 2419 conversatio-

465 2469 590 2510 nem
611 2472 811 2522 meam,
830 2457 975 2526 quod
988 2455 1273 2511 retrahens
1294 2470 1384 2510 me
1401 2456 1470 2510 ab
1493 2469 1680 2510 amore
1703 2463 2050 2521 aeternorum,

469 2546 664 2616 dejecit
694 2547 752 2601 in
790 2548 1087 2617 appetitum
1107 2554 1468 2604 terrenorum.
1502 2543 1808 2610 Humilitas,
1842 2545 2056 2600 satisfa-

470 2639 701 2694 ctionem
752 2640 975 2706 indicat,
1020 2639 1175 2710 juxta
1211 2637 1345 2693 illud
1388 2655 1402 2690 :
1443 2656 1461 2688 ι
1502 2635 1748 2692 Alﬁictus
1789 2653 1909 2692 sum
1946 2636 1988 2703 ⁸,
2029 2656 2048 2688 ι

469 2745 660 2798 corpus
687 2729 939 2786 videlicet
971 2728 1211 2800 jejuniis,
1259 2729 1476 2800 vigiliis,
1530 2719 1715 2783 multis
1755 2729 2056 2784 afﬂictioni-

469 2822 566 2876 bus
585 2835 889 2889 macerans,
923 2840 942 2873 ‹
976 2829 1031 2877 et
1052 2821 1365 2876 humiliatus
1387 2835 1507 2875 sum
1531 2821 1712 2886 nimis,
1753 2841 1772 2872 ι
1818 2821 2054 2876 animam

467 2911 670 2967 scilicet
719 2911 1080 2968 amaritudine
1135 2911 1479 2967 severissime
1536 2926 1782 2981 premere
1833 2927 2052 2977 curans,

467 3003 672 3058 crebris
705 3005 954 3074 suspiriis
977 3011 1032 3059 et
1053 3003 1303 3060 lamentis
1333 3005 1602 3072 quatiens,
1632 3013 1688 3060 et
1720 3013 1845 3060 ante
1869 3005 2055 3061 oculos

468 3096 586 3166 ejus
611 3097 851 3152 omnium
877 3097 1144 3154 scelerum
1173 3112 1415 3152 meorum
1442 3105 1683 3153 stercora
1736 3112 2050 3167 congerens.

541 3188 765 3256 Humor,
794 3190 1232 3259 concupiscentia
1258 3190 1460 3254 carnis,
1492 3197 1552 3242 ut
1580 3190 1632 3243 in
1673 3188 1772 3244 Job
1816 3207 1828 3242 :
1869 3209 1886 3240 ι
1920 3191 2054 3245 Dor-

468 3279 568 3333 mit
596 3279 895 3336 Behemoth
919 3281 977 3335 in
1005 3280 1140 3335 locis
1185 3280 1527 3336 humentibus
1569 3281 1614 3345 ",
1652 3300 1670 3331 ι
1716 3281 1769 3335 id
1797 3290 1902 3347 est,
1935 3283 2052 3336 dia-

471 3372 621 3426 bolus
667 3371 900 3441 quiescit
953 3372 1008 3426 in
1045 3371 1112 3426 iis
1153 3372 1246 3440 qui
1295 3372 1544 3428 carnales
1589 3363 2054 3442 concupiscentias

473 3469 672 3516 amant.

545 3549 824 3607 Humeruli
871 3553 1140 3622 praeconia
1179 3561 1304 3607 sunt
1342 3551 1745 3622 prophetarum,
1787 3561 1848 3605 nt
1892 3551 1948 3605 in
1992 3551 2058 3606 li-

467 3644 581 3699 bris
624 3643 831 3716 Regum
879 3663 893 3699 :
931 3664 950 3697 t
987 3643 1264 3700 Humeruli
1300 3643 1320 3665 '
1359 3645 1543 3700 decem
1581 3659 1676 3714 per
1704 3642 1926 3714 angulos
1962 3643 2055 3697 ba-

467 3737 543 3791 sis
580 3738 623 3801 “,
672 3756 692 3788 ι
735 3736 790 3791 id
832 3743 918 3791 est
963 3751 1062 3807 per
1094 3744 1329 3806 quatuor
1355 3743 1543 3806 partes
1582 3733 1790 3800 mundi,
1831 3734 2057 3803 prophe-

468 3835 644 3880 tarum
672 3827 938 3895 pneconia
983 3826 1321 3882 honorantur

538 3915 802 3972 Humerus
823 3927 908 3974 est
933 3918 1046 3972 vita
1092 3917 1330 3983 socialis,
1376 3925 1438 3974 ut
1464 3917 1520 3972 in
1549 3916 1689 3972 Job:
1728 3939 1745 3969 (
1785 3917 2084 3974 Humerus“

467 4008 583 4077 ejus
621 4012 638 4028 ‘
671 4009 936 4064 amictura
983 4025 1078 4063 sua
1121 4011 1282 4065 cadat
1327 4009 1371 4075 ’,
1428 4031 1446 4062 ι
1497 4010 1550 4064 id
1583 4018 1690 4076 est,
1727 4011 1775 4065 si
1816 4010 2057 4066 hoc-ma-

467 4100 576 4152 lum
603 4097 728 4167 feci,
756 4101 866 4154 vita
886 4115 1004 4155 mea
1029 4101 1245 4156 socialis
1267 4116 1296 4155 a
1321 4117 1577 4172 compage
1603 4102 1884 4158 charitatis
1911 4111 2052 4156 ruat.

468 4189 751 4256 Humerus,
798 4206 934 4261 opus
984 4191 1224 4261 justitiae,
1271 4201 1331 4247 ut
1370 4193 1428 4247 in
1468 4191 1611 4248 Job:
1659 4212 1678 4245 ι
1738 4191 1810 4248 Ut
1850 4193 1908 4247 in
1950 4193 2052 4247 bu-

467 4294 614 4334 mero
639 4295 760 4335 meo
797 4291 1008 4352 portem
1052 4283 1201 4338 illum
1237 4284 1304 4351 ¹⁰,
1349 4303 1368 4335 ι
1405 4283 1459 4338 id
1485 4294 1591 4351 est,
1627 4288 1685 4339 in
1730 4300 1897 4356 opere
1932 4300 2056 4342 meo

469 4371 752 4426 Dominum
790 4372 1040 4448 portabo.
1080 4372 1368 4442 Humerus,
1400 4391 1534 4447 opus
1569 4377 1874 4448 proprium,
1903 4386 1965 4432 ut
1999 4379 2056 4432 in

467 4465 605 4521 lsaia
647 4481 661 4518 :
707 4483 725 4516 ι
777 4459 1408 4536 ῡὶεεοορει-ἰίιιηηειιυηι
1460 4480 1612 4525 tuum
1665 4470 1734 4534 η,
1797 4491 1815 4522 ι
1861 4471 1915 4526 id
1950 4479 2053 4536 est,

467 4559 686 4614 ostende
733 4573 953 4628 pravam
1003 4559 1266 4615 actionem
1307 4568 1474 4615 tuam.
1540 4560 1824 4624 Humerus,
1879 4561 2076 4627 labor,"

473 4659 530 4705 nt
581 4651 634 4704 in
685 4650 883 4708 Genesi
926 4671 938 4705 :
1001 4671 1020 4703 ι
1069 4651 1360 4722 Supposuit
1412 4654 1694 4708 humerum
1732 4655 1798 4708 ad
1836 4664 2055 4723 portan-

469 4745 594 4797 dum
627 4744 690 4809 ",
735 4765 754 4795 »
780 4744 834 4798 id
856 4753 959 4811 est,
991 4745 1159 4800 vitam
1183 4744 1506 4804 laboriosam
1531 4745 1909 4816 apprehendit.
1943 4744 2056 4798 Hu-

469 4849 662 4898 merus,
697 4849 826 4889 caro
869 4835 1090 4902 Christi,
1126 4838 1142 4856 '
1183 4855 1199 4888 ι
1237 4837 1402 4908 cujus.
1422 4838 1706 4909 imperium
1754 4852 1917 4907 super
1955 4839 2056 4892 hu-

471 4940 676 4979 merum
718 4927 833 4996 ejus
864 4927 940 4993 ";
983 4948 1001 4979 ι
1039 4928 1181 4998 quod
1211 4944 1448 4995 crucem,
1491 4945 1653 4999 quam
1702 4929 1822 4983 aliis
1861 4931 2056 5000 praedi-

468 5019 629 5082 cavit,
653 5019 878 5088 ipsemet
909 5021 963 5075 in
987 5036 1150 5076 carne
1174 5023 1393 5093 propria
1430 5023 1699 5089 toleravit,
1728 5030 1784 5078 et
1810 5037 1906 5092 per
1930 5038 2052 5077 cru-

467 5123 606 5172 cem.
638 5126 798 5180 quam
829 5111 1064 5167 moriens
1089 5113 1146 5167 in
1186 5113 1427 5168 humeris
1458 5114 1668 5178 habuit,
1701 5113 1826 5167 data
1863 5120 1948 5167 est
1972 5111 2053 5166 eis

468 5211 707 5272 potestas
738 5205 790 5258 in
819 5206 956 5261 cmlo
1001 5217 1056 5261 et
1090 5207 1144 5260 in
1171 5215 1335 5261 terra.
1380 5206 1485 5260 Per
1516 5207 1812 5271 humerum,
1845 5206 2054 5276 passio-

468 5309 586 5360 nes,
616 5303 675 5350 ut
700 5295 753 5350 in
781 5297 1068 5368 Evangelio
1098 5317 1110 5351 :
1151 5318 1168 5349 ε
1203 5299 1327 5368 quis
1351 5315 1425 5354 ex-
1443 5299 1594 5354 vobis
1620 5299 1801 5364 homo,
1833 5299 2052 5368 qui'ha-

468 5385 558 5441 bet
584 5395 797 5442 centum
821 5403 950 5443 oves
965 5389 1030 5454 ‘5,
1049 5398 1187 5456 etc.;
1223 5411 1241 5443 ι
1272 5391 1433 5446 homo
1454 5398 1670 5446 centum
1690 5406 1819 5446 oves
1843 5390 2051 5456 habuit,

2079 4521 2134 4582 D

2150 1911 2293 1980 quod
2321 1909 2573 1964 continue
2608 1907 2746 1964 facie
2773 1909 2841 1963 ad
2871 1907 3063 1963 faciem
3104 1907 3254 1962 illum
3282 1906 3584 1976 aspiciunt.
3623 1901 3744 1955 Hu—

2151 2018 2346 2066 merus,
2381 2016 2558 2066 mens,
2607 2000 2761 2072 juxta
2809 2000 2984 2077 illud:
3028 2021 3046 2051 ‹
3083 2000 3209 2056 Sem
3248 2008 3302 2053 et
3327 1998 3526 2068 Japhet
3577 1997 3749 2051 vesti-

2152 2100 2392 2146 mentum
2435 2092 2804 2161 imposuerunt
2849 2090 3090 2146 humeris
3120 2090 3252 2154 suis,
3300 2097 3355 2142 et
3402 2101 3750 2158 operuerunt

2152 2182 2387 2237 verenda
2438 2181 2609 2252 patris
2658 2182 2742 2236 sui
2792 2182 2998 2236 aversis
3043 2180 3282 2235 vultibus
3323 2181 3383 2231 ".
3444 2200 3463 2231 ι
3503 2198 3527 2230 σ
3567 2179 3694 2234 Noe
3723 2198 3743 2231 ι

2153 2273 2350 2343 quippe
2377 2291 2396 2324 ι
2430 2274 2514 2328 vir
2543 2272 2724 2342 justus
2742 2273 3011 2342 plantavit
3035 2273 3252 2328 Vineam
3286 2292 3305 2325 ι
3328 2313 3342 2337 ,
3375 2282 3433 2327 ει
3455 2272 3748 2336 Christus,

2153 2365 2244 2433 qui
2273 2372 2554 2434 peccatum
2579 2380 2688 2420 non
2717 2363 2848 2420 fecit
2889 2381 2985 2436 per
3019 2364 3192 2434 legem
3229 2363 3458 2418 exsolvit
3499 2380 3750 2436 synago-

2154 2471 2297 2526 gam.
2317 2463 2346 2506 ἰ
2379 2455 2492 2512 Νοε
2522 2457 2659 2512 bibit
2686 2458 2753 2512 de
2768 2457 2896 2511 vino
2921 2456 3093 2512 vinea:
3122 2471 3233 2511 sua:
3262 2455 3329 2521 ⁸⁸,
3357 2474 3374 2507 ι
3399 2465 3456 2508 ει
3481 2454 3754 2511 Christus

2154 2557 2406 2619 expertus
2436 2556 2520 2604 est
2557 2549 2926 2603 austeritatem
2956 2562 3257 2618 synagogas.
3307 2564 3325 2596 ι
3358 2545 3470 2601 Νοε
3496 2547 3752 2602 inebria-

2157 2649 2244 2696 tus
2272 2650 2373 2705 est,
2411 2661 2428 2693 ι
2477 2649 2535 2697 et
2553 2639 2804 2697 Christus
2831 2640 3014 2695 multis
3043 2639 3346 2710 opprobriis
3366 2639 3622 2710 repletus
3645 2651 3750 2694 est.

2161 2751 2179 2782 ι
2221 2729 2334 2786 Νοε
2362 2731 2596 2787 nudatus
2611 2741 2717 2797 est,
2751 2752 2769 2784 ι
2804 2741 2859 2787 ει
2883 2731 3133 2786 Christus
3154 2729 3484 2800 fugientibus
3524 2742 3756 2800 aposto-

2156 2821 2222 2876 lis
2250 2822 2397 2877 solus
2425 2822 2648 2878 relictus
2677 2831 2760 2877 est
2791 2841 2803 2876 :
2834 2822 2919 2877 vel
2950 2828 2968 2841 '
2999 2819 3254 2877 Iudaicus
3284 2829 3386 2885 est,
3407 2821 3560 2890 quod
3594 2822 3757 2876 inﬁr-

2155 2914 2316 2969 mitas
2352 2915 2601 2986 apparuit
2643 2934 2661 2965 ι
2705 2915 2760 2968 in
2802 2915 2960 2970 domo
3005 2929 3120 2977 sua,
3174 2934 3193 2966 ι
3227 2914 3281 2969 id
3308 2922 3408 2980 est,
3469 2913 3525 2967 in
3583 2914 3757 2969 domo

2155 3007 2398 3063 Judaica.
2438 3025 2459 3059 ‹
2495 3007 2608 3062 Νοε
2644 3007 2916 3072 dormivit,
2953 3027 2972 3059 ι
3009 3015 3065 3060 et
3083 3005 3332 3061 Christus
3359 3013 3622 3060 mortuus
3646 3017 3756 3060 est.

2165 3119 2182 3148 ι
2230 3098 2429 3156 Videns
2467 3109 2648 3154 autem
2681 3109 2836 3169 pater
2869 3099 3147 3164 Chanaan,
3205 3121 3222 3150 ι
3270 3098 3475 3154 scilicet
3523 3097 3754 3163 Cham,

2165 3209 2182 3240 «
2235 3190 2470 3246 verenda
2522 3191 2691 3261 patris
2737 3191 2820 3244 sui
2849 3205 2970 3245 esse
2996 3191 3213 3253 nudata,
3265 3188 3536 3243 nuntiavit
3575 3188 3755 3250 foras,

2157 3287 2212 3332 et
2259 3278 2430 3334 irrisit
2475 3279 2540 3344 ι’,
2577 3299 2597 3332 ι
2633 3279 2776 3348 quod
2813 3279 3074 3334 nimirum
3123 3279 3361 3348 reprobi,
3416 3278 3510 3346 qui
3559 3277 3758 3332 callidi

2157 3374 2304 3431 sunt,
2336 3375 2397 3421 ut
2436 3365 2638 3422 faciant
2666 3368 2827 3434 mala,
2863 3367 3278 3438 ignominiosam
3296 3367 3500 3423 Christi
3531 3369 3760 3438 passio-

2156 3472 2304 3522 nem,
2349 3467 2404 3512 et
2433 3472 2567 3513 sono
2605 3467 2814 3513 tantum
2865 3460 3014 3515 vocis
3061 3460 3362 3530 profitendo
3411 3460 3755 3518 amicitiam.

2157 3554 2211 3600 et
2239 3545 2380 3602 male
2415 3547 2645 3602 vivendo
2676 3552 2693 3567 '
2725 3549 3062 3603 exhonorant
3092 3568 3104 3602 :
3143 3547 3312 3604 Cham
3337 3549 3482 3605 enim
3512 3551 3758 3604 callidas

2158 3639 2578 3710 interpretatur;
2637 3661 2655 3692 ‹
2697 3641 2824 3697 Sem
2859 3657 2990 3698 vero
3030 3651 3086 3696 ct
3117 3641 3312 3711 Japhet
3353 3641 3760 3697 vestimentum

2156 3732 2530 3800 imposuerunt
2569 3734 2812 3788 humeris
2860 3733 2994 3798 suis,
3045 3742 3100 3788 et
3133 3740 3470 3804 operuerunt
3501 3735 3758 3788 verenda

2155 3825 2325 3894 patris
2349 3825 2433 3880 sui
2472 3825 2678 3879 aversis
2715 3823 2953 3879 vultibus
2985 3824 3059 3888 '3;
3109 3843 3128 3876 ι
3163 3825 3305 3892 quod
3347 3823 3478 3878 boni
3529 3821 3752 3886 fideles,

2157 3914 2272 3968 sive
2305 3914 2371 3970 de
2399 3913 2617 3980 Iudaeis,
2648 3915 2763 3969 sive
2791 3915 2859 3969 de
2884 3913 3180 3980 Gentibus,
3211 3929 3318 3968 non
3343 3915 3396 3969 in
3429 3930 3572 3971 sono
3599 3917 3758 3972 vocis

2158 4015 2389 4074 tantum,
2443 4017 2504 4062 ut
2549 4007 2786 4077 reprobi,
2837 4009 2930 4065 sed
2971 4010 3027 4064 in
3076 4008 3347 4064 mentibus
3389 4010 3510 4064 suis
3543 4010 3756 4066 habent

2158 4108 2268 4156 tam
2308 4105 2512 4172 grande
2546 4103 2863 4173 mysterium
2906 4103 3053 4169 ﬁdei,
3101 4113 3156 4158 et
3193 4103 3469 4159 honorant
3493 4103 3755 4160 infimum

2157 4201 2214 4246 et
2257 4191 2481 4246 stultum
2532 4192 2649 4257 Dei,
2716 4208 2838 4247 cum
2887 4208 3084 4264 magna
3123 4195 3447 4260 reverentia,
3513 4195 3623 4249 hoc
3675 4207 3760 4250 est

2163 4303 2182 4336 ι
2221 4285 2430 4340 aversis
2457 4285 2718 4350 vultibus,
2756 4305 2774 4336 ι
2809 4287 2952 4354 quod
2991 4283 3185 4340 fortius
3213 4293 3297 4341 est
3347 4285 3418 4340 et'
3441 4287 3758 4356 sapientius

2158 4375 2486 4431 hominibus.
2530 4375 2677 4442 Sem,
2721 4377 2812 4445 qui
2856 4376 3153 4430 nominatus
3196 4377 3621 4444 interpretatur,
3664 4377 3760 4432 Ju-

2160 4468 2305 4522 dteos
2340 4466 2616 4536 exprimit,
2649 4466 2742 4535 qui
2763 4481 2862 4534 per
2885 4451 3052 4520 multa
3083 4466 3304 4534 praemia
3337 4465 3538 4522 famosi
3567 4480 3754 4523 erant.

2158 4557 2351 4628 Japhet
2375 4567 2576 4623 autem,
2603 4558 2694 4627 qui
2723 4557 2965 4613 dilatatio
2987 4557 3207 4624 dicitur,
3237 4559 3515 4628 significat
3557 4571 3758 4630 gentes

2159 4650 2357 4718 ubique
2394 4649 2636 4704 diffusas.
2690 4669 2708 4700 ε
2754 4649 2924 4704 Porro
2973 4649 3085 4707 Noe
3114 4653 3180 4706 de
3226 4666 3416 4706 somno
3455 4652 3754 4722 evigilans,

2158 4742 2328 4797 filium
2373 4757 2548 4807 suum,
2602 4740 2773 4796 Cham
2813 4742 2878 4806 ",
2915 4762 2932 4793 ›
2968 4758 3076 4798 non
3126 4743 3181 4796 in
3220 4743 3358 4812 ipso,
3398 4743 3495 4798 sed
3531 4746 3584 4796 in
3641 4742 3758 4796 filio

2156 4836 2295 4906 ejus,
2341 4837 2358 4855 '
2397 4835 2649 4904 quoniam
2686 4833 2936 4891 Christus
2973 4851 3004 4890 a
3035 4845 3206 4890 morte
3239 4843 3512 4906 resurget,
3559 4849 3757 4889 omnes

2157 4927 2417 4998 reprobos
2451 4927 2757 4996 passionem
2801 4941 2953 4982 suam
3007 4926 3316 4992 irridentes,
3365 4941 3475 4982 non
3519 4926 3576 4980 in
3623 4927 3754 4990 hoc,

2158 5020 2302 5091 quod
2344 5017 2569 5090 perfecti
2608 5026 2754 5082 sunt,
2787 5018 2882 5072 sed
2903 5019 2958 5072 in
3011 5033 3175 5088 opere
3211 5033 3425 5084 eorum,
3475 5019 3624 5089 quod
3667 5020 3755 5074 fa-

2157 5115 2328 5180 ciunt,
2362 5113 2488 5168 odio
2517 5113 2736 5167 habent.
2773 5111 2926 5167 Unde
2951 5114 3265 5168 evenienter
3291 5113 3554 5168 Chanaan
3581 5115 3757 5170 inter-

2158 5213 2402 5274 pretatur
2423 5213 2602 5258 motus
2624 5219 2832 5269 eorum,
2863 5204 2918 5259 id
2937 5213 3054 5270 est,
3080 5219 3218 5274 opus
3240 5219 3452 5260 eorum.
3484 5204 3754 5260 Chanaan

2158 5306 2242 5351 est
2269 5311 2456 5351 servus
2497 5296 2726 5350 fratrum
2762 5310 3004 5362 suorum,
3035 5297 3181 5366 quod
3209 5311 3345 5366 opus
3383 5299 3750 5368 reproborum

2159 5389 2406 5445 fidelibus
2435 5389 2603 5444 servit
2630 5387 2714 5442 vel
2743 5389 2811 5443 ad
2836 5389 3282 5443 exercitationem
3316 5389 3615 5458 patientiae,
3661 5387 3749 5441 vel

543 5541 557 5571 ¹
613 5540 992 5608 Psahcxvnt,
1055 5541 1177 5596 155.
1234 5543 1254 5572 ⁹
1301 5541 1434 5597 Ibid.
1490 5557 1542 5595 v.
1578 5541 1668 5596 50.
1720 5541 1740 5572 ⁸
1791 5540 1832 5594 ll
1892 5540 2032 5594 Tim.

2156 5579 2172 5604 ,
2232 5537 2449 5600 11,12.
2513 5537 2535 5568 ⁵
2592 5537 2734 5591 Psal.
2769 5552 3002 5608 νεινιῃ,
3060 5536 3153 5608 50.
3207 5537 3227 5568 ⁸
3265 5536 3406 5608 Psal.
3459 5551 3636 5599 cxut,
3690 5535 3745 5608 5.

470 5609 662 5682 [Ρβει.
719 5628 926 5677 xxxvn,
958 5606 1010 5668 9.
1066 5614 1084 5644 ’¹
1137 5611 1257 5666 Job.
1304 5629 1395 5678 xc,
1445 5613 1530 5666 16.
1591 5611 1694 5665 EtIll
1744 5612 1875 5682 Reg.
1923 5611 2052 5676 vu,1

2185 5609 2205 5639 °
2245 5608 2364 5664 Job.
2403 5625 2567 5682 xxxi,
2608 5607 2782 5682 22.__‘°
2829 5606 2959 5682 lbi_d_.
3005 5606 3182 5682 v.§6.
3223 5607 3430 5682 “‘l_sa._
3456 5623 3623 5682 μνη,
3663 5607 3741 5682 ξ..

545 5680 681 5766 Cen.
715 5697 864 5766 suis,
899 5676 984 5738 15.
1017 5683 1062 5715 ¹³
1085 5683 1187 5740 lsa.
1218 5699 1292 5746 ιχ,
1324 5676 1452 5736 6.“
1483 5682 1614 5738 Luc.
1646 5698 1735 5749 xv,
1758 5682 1792 5736 4
1821 5676 1876 5736 ει
1903 5696 2016 5750 seq.

2154 5680 2253 5737 Len.
2289 5697 2365 5747 ut,
2389 5681 2478 5766 ἓξ,
2512 5681 2601 5734 20.
2637 5678 2678 5710 ⁸⁸
2704 5677 2855 5734 Vers.
2890 5678 2976 5732 2i.
3007 5677 3045 5708 "
3083 5677 3235 5732 νει-ε.
3266 5676 3356 5732 22.
3389 5678 3432 5708 ι’
3463 5676 3615 5732 Vcrs.
3647 5678 3740 5730 i5.

465 5747 518 5818 ,⁸⁸
551 5749 702 5805 V’et‘s.
725 5750 813 5812 24,
