3972 6336
199 385 296 444 961

1151 385 1562 444 ALLEGORI/E
1599 386 1664 442 IN
1707 388 1984 447 SACRAM
2026 389 2489 450 SCRIPTURAM.

3326 425 3330 434 -
3355 398 3462 455 962

197 504 265 559 ad
289 499 592 572 profectum
621 497 919 570 sapientiae.
952 498 1218 555 Humerus
1259 502 1527 573 signiﬁcat
1554 503 1768 560 fortitu-
1793 509 2059 570 Aomnes
2122 504 2326 559 inimici
2373 504 2576 560 Christi
2622 503 2708 562 vel
2759 505 3016 563 Ecclesiae
3072 507 3464 580 significantur.

198 597 393 660 dinem,
422 592 578 662 juxta
613 591 746 647 illud
783 609 797 646 ε
835 609 855 644 ι
895 592 1164 663 Expandit
1191 595 1306 676 alas
1333 611 1460 654 suas
1499 598 1536 660 ί,
1577 617 1595 649 ›
1630 598 1774 666 quod

200 688 342 743 dedit
389 687 470 741 eis
505 683 907 740 misericordias
942 701 1087 752 suas,
1148 703 1167 736 ‹
1203 695 1257 740 et
1303 688 1594 758 assumpsit
1623 702 1718 743 eos
1747 708 1766 741 ι

197 778 263 833 de
289 791 514 832 numero
541 775 877 846 perditorum
920 777 988 830 ad
1017 760 1304 832 numerum
1355 779 1735 834 salvandorum
1757 821 1772 846 ,

202 887 220 919 ι
257 877 415 938 atque
443 867 679 936 portavit
709 866 763 920 in
794 867 1033 923 humeris
1061 869 1192 934 suis,
1247 889 1264 920 ι
1301 871 1444 939 quod
1474 870 1528 925 in
1560 870 1775 926 fortitu-

195 961 315 1018 dine
340 975 436 1014 sua
465 958 585 1014 illos
614 960 958 1014 sustentavit.
991 959 1257 1016 Humerus
1287 963 1559 1034 signiﬁcat
1586 963 1770 1030 fortes,

189 1045 337 1115 juxta
373 1047 502 1102 illud
533 1061 551 1098 :
585 1065 604 1098 ι
637 1047 929 1103 Exsultabo
969 1057 1023 1104 et
1047 1050 1284 1106 dividam
1309 1051 1603 1108 Sichimam
1632 1055 1652 1084 '
1681 1072 1699 1106 ι
1732 1059 1770 1106 '.

194 1139 430 1194 Sicbima
495 1139 743 1192 humerus
802 1139 1228 1210 interpretatur,
1301 1143 1456 1211 quasi
1527 1142 1774 1197 Christus

191 1231 394 1285 diceret
433 1248 445 1284 :
502 1229 850 1285 Exsultanter
889 1231 1123 1303 implebo
1163 1232 1546 1298 obedientiam,
1598 1239 1653 1286 et
1695 1231 1775 1286 sic

191 1327 448 1397 quosdam
478 1342 545 1382 ex
575 1326 825 1397 gentibus
859 1324 1094 1381 ferendis
1125 1327 1142 1344 '
1172 1327 1424 1382 omnibus
1450 1327 1588 1382 meis
1621 1334 1774 1398 aptos

189 1419 244 1474 in
271 1427 477 1489 partem
505 1433 779 1472 assumam
805 1433 1002 1473 meam.
1049 1416 1154 1472 Per
1190 1418 1452 1483 humeros,
1491 1434 1775 1475 conversa-

188 1511 380 1574 tiones,
410 1517 469 1563 ut
496 1509 552 1563 in
579 1507 870 1579 Evangelio
900 1526 913 1562 :
957 1526 976 1559 ‹
1009 1507 1189 1564 Onera
1216 1498 1579 1579 importabilia
1607 1510 1776 1580 impo-

187 1609 322 1655 nunt
359 1599 603 1654 humeris
640 1598 920 1653 hominum
954 1599 996 1663 ³,
1033 1618 1050 1650 ι
1095 1598 1152 1654 id
1195 1607 1296 1663 est,
1331 1602 1581 1656 mandata
1613 1601 1772 1657 nimis

188 1691 370 1760 gravia
396 1689 452 1743 in
481 1691 497 1708 '
530 1689 972 1744 conversationes
1007 1687 1394 1757 subiectorum.

260 1779 660 1846 Holocaustum,
696 1781 840 1850 quod
870 1790 1034 1834 totum
1064 1781 1333 1835 incensum
1358 1781 1578 1848 dicitur,
1603 1783 1769 1852 signi-

189 1873 315 1928 ﬁcat
360 1873 634 1939 maritum,
709 1873 794 1928 vel
838 1873 1004 1929 vitam
1063 1874 1537 1944 contemplativam
1584 1895 1596 1930 :

183 2057 454 2110 incensum
494 2057 687 2112 Latine
721 2057 940 2111 dicitur.
972 2057 1049 2111 De
1088 2068 1318 2128 utroque
1357 2060 1620 2130 scriptum
1645 2069 1764 2116 est:

191 2167 210 2200 ι
250 2148 400 2204 Tunc
433 2149 740 2218 acceptabis
762 2149 1088 2204 sacriﬁcium
1112 2149 1362 2218 justitize,
1385 2153 1529 2221 quod
1555 2153 1600 2207 si
1629 2154 1771 2208 muri

182 2237 487 2294 Ierusalem
524 2240 774 2296 aediﬁcati
826 2240 888 2305 ις
920 2259 937 2290 ι
983 2241 1088 2295 hoc
1125 2248 1227 2306 est,
1265 2241 1310 2295 si
1363 2241 1773 2311 impassibilitas

182 2335 241 2383 et
271 2329 646 2384 immortalitas
679 2337 1001 2385 caeterarum
1029 2329 1287 2383 virtutum
1314 2331 1650 2386 munimenta
1676 2331 1771 2386 ﬁlii

183 2419 444 2474 Ecclesiae
490 2421 698 2476 reddita
728 2420 950 2486 fuerint,
994 2438 1012 2470 ‹
1051 2428 1179 2475 tunc
1209 2429 1422 2490 gratum
1461 2422 1690 2477 habebis
1718 2432 1774 2476 et

184 2512 498 2583 frequenter
520 2515 750 2584 accipies
781 2512 1130 2578 sacriﬁcium,
1162 2533 1181 2565 ι
1205 2515 1350 2584 quod
1398 2516 1773 2586 unusquisque

182 2620 293 2659 non
318 2605 385 2659 de
416 2605 614 2670 alieno,
651 2605 746 2660 sed
773 2606 839 2660 de
873 2621 970 2660 suo
996 2605 1214 2674 proprio
1247 2603 1458 2670 offeret,
1486 2622 1592 2661 non
1623 2608 1772 2662 vide-

181 2695 314 2751 licet
343 2696 554 2750 hircum
583 2705 638 2752 et
668 2705 886 2751 taurum
909 2695 1164 2765 jugulans
1195 2707 1348 2750 extra
1377 2713 1465 2762 se;
1501 2698 1596 2752 sed
1622 2698 1778 2752 luxu-

180 2788 323 2842 riam
351 2798 514 2858 atque
549 2788 854 2858 superbiam
892 2787 1167 2856 perimens
1197 2790 1250 2843 in
1279 2804 1358 2844 se.
1406 2807 1424 2840 ι
1461 2790 1778 2860 Acceptabis

177 2879 509 2944 oblationes,
553 2899 570 2931 ι
605 2879 838 2948 plurima
865 2878 1070 2933 scilicet
1112 2877 1374 2933 beneﬁcia
1401 2880 1591 2934 activae
1615 2880 1772 2945 vitae;

185 2988 206 3019 ‹
254 2976 311 3023 et
371 2968 707 3033 holocausta,
764 2988 782 3020 ι
828 2967 994 3022 vitam
1032 2966 1239 3023 scilicet
1283 2968 1774 3038 contemplativam,

180 3062 298 3117 sive
341 3063 682 3134 martyrium,
737 3061 828 3117 ubi
865 3061 1002 3116 nihil
1043 3059 1240 3116 saeculo
1286 3069 1633 3126 reservatur;
1684 3063 1778 3117 sed

181 3162 359 3208 totum
389 3155 500 3210 Deo
525 3153 821 3208 intenditur
845 3153 935 3208 hic
961 3153 1016 3206 in
1041 3152 1295 3222 praesenti
1324 3171 1336 3206 :
1363 3153 1490 3222 quid
1518 3153 1572 3207 in
1596 3151 1776 3208 futuro

1654 1876 1768 1932 ὅλον
1795 1867 1846 1927 Β

185 1964 394 2030 Graece,
427 1977 593 2020 totum
639 1965 868 2030 Latine;
916 1967 1138 2024 καυστόν
1185 1967 1271 2021 vel
1299 1974 1514 2031 καυστὶς
1558 1969 1766 2036 Graece,
1815 1983 1825 1988 “

1882 615 1900 648 ι
1933 597 2101 652 Erant
2129 608 2311 654 autem
2339 607 2466 654 tunc
2495 601 2609 656 dies
2636 601 2968 673 Azymorum
3001 603 3080 669 ¹⁰;
3116 623 3137 657 ι
3177 607 3321 675 quod
3341 623 3470 678 pro-

1872 688 1958 745 cul
2003 689 2165 745 dubio
2194 690 2470 747 tribulatio
2505 691 2744 749 ﬁdelium
2781 689 2976 766 magna
3025 705 3108 750 est
3155 697 3470 755 solemnitas

1873 778 2235 836 inimicorum.
2289 799 2309 832 ‹
2351 781 2524 850 Quem
2569 801 2694 841 eum
2731 787 3202 857 apprehendisset,
3239 791 3389 845 misit
3413 793 3468 846 in

1875 885 2150 927 carcerem
2183 874 2224 905 “
2250 891 2265 939 ;
2308 894 2326 927 ι
2361 876 2504 944 quod
2523 886 2811 948 postquam
2843 880 3096 938 inimicus
3117 881 3333 938 ﬁdelem
3354 885 3472 939 ani-

1874 975 2039 1028 mam,
2211 966 2568 1022 tentationum
2621 969 2828 1041 laqueis
2872 972 3088 1028 irretire
3283 975 3471 1030 statim

1875 1067 2117 1114 coarctat
2156 1075 2278 1114 eam
2322 1059 2376 1116 in
2405 1063 2771 1120 omnimodam
2811 1067 3240 1134 tribulationem,
3263 1075 3318 1123 et
3339 1069 3468 1124 hinc

1875 1149 2002 1204 inde
2037 1151 2430 1212 tentationibus
2464 1163 2522 1209 et
2569 1156 2822 1228 malignis
2874 1159 3155 1229 spiritibus
3201 1169 3256 1216 et
3288 1162 3472 1229 pravis

1873 1240 2204 1306 hominibus,
2235 1243 2302 1298 de
2325 1245 2520 1315 quibus
2551 1256 2677 1318 apte
2705 1250 3071 1320 subjungitur,
3115 1253 3261 1322 quod
3308 1273 3326 1304 ι
3355 1261 3468 1308 tra-

1874 1330 2011 1386 didit
2069 1343 2300 1402 quatuor
2346 1340 2797 1406 quaternionibus
2855 1345 3086 1398 militum
3152 1345 3465 1401 custodien-

1877 1423 2004 1479 dum
2037 1425 2102 1479 “.
2136 1446 2154 1477 ι
2199 1426 2472 1485 Adhibitis
2509 1433 2653 1486 enim
2695 1435 3019 1490 satellitibus
3055 1437 3192 1502 suis,
3239 1439 3331 1508 qui
3374 1453 3472 1508 per

1873 1525 2108 1587 quatuor
2141 1521 2329 1576 mundi
2370 1521 2590 1580 climata
2623 1525 2811 1582 ﬁdeles
2862 1527 3008 1584 intus
3044 1537 3100 1584 et
3126 1519 3367 1586 exterius
3388 1531 3472 1585 in-

1871 1607 2119 1677 quietare
2150 1626 2256 1665 non
2283 1621 2518 1678 cessant,
2555 1615 2792 1670 custodit
2829 1616 3083 1672 inimicus
3109 1619 3344 1674 animam
3367 1621 3470 1675 etsi

1871 1697 2253 1765 deluctantem,
2303 1704 2542 1758 nondum
2587 1713 2770 1760 tamen
2805 1707 2962 1778 plene
3015 1712 3466 1776 consentientem,

1873 1792 2045 1848 donec
2070 1810 2190 1850 eam
2233 1797 2301 1851 ad
2341 1797 2558 1868 plenam
2603 1800 2940 1857 voluntatem
2990 1819 3144 1858 suam
3169 1787 3464 1860 adducens

1872 1885 2050 1941 valeat
2090 1887 2366 1944 devorare.
2420 1889 2668 1957 Quandiu
2713 1893 2858 1948 enim
2902 1895 2958 1948 in
2993 1909 3056 1950 ea
3101 1894 3246 1976 lucet
3288 1896 3466 1966 aliqua

1871 1979 2102 2035 scintilla
2125 1981 2254 2037 boni
2273 1985 2472 2040 acerba
2493 1993 2580 2040 est
2599 1986 2850 2042 dentibus
2872 1987 3096 2044 inimici.
3117 1988 3269 2044 Unde
3292 1989 3472 2059 sequi-

1871 2076 1962 2124 tur
1977 2085 2003 2148 :I
2019 2088 2039 2122 ‹
2069 2071 2268 2128 Veiens
2290 2084 2412 2142 post
2433 2076 2634 2146 pascha
2654 2076 2956 2146 producere
2975 2091 3098 2132 eum
3123 2079 3322 2148 popqu
3345 2080 3418 2144 ‘3;
3444 2100 3464 2132 ι

1869 2169 1933 2214 ut
1965 2133 2217 2218 videlicet
2243 2163 2345 2218 sibi
2375 2133 2629 2232 subditis,
2655 2133 2776 2237 ἰιιιί
2800 2181 2900 2238 per
2934 2169 3074 2222 mala
3107 2133 3470 2225 delectatione

1871 2265 1971 2306 sua
2003 2259 2059 2306 et
2077 2267 2340 2308 consensu
2377 2254 2552 2310 ﬁdelis
2577 2256 2772 2312 animae
2798 2258 2953 2327 quasi
2981 2258 3292 2327 paschalem
3318 2257 3465 2314 fece-

1870 2352 1995 2396 rant
2028 2341 2449 2412 jucunditatem,
2506 2346 2734 2416 plenum:
2773 2357 2830 2404 et
2860 2348 3160 2418 perfectum
3204 2351 3462 2422 gaudium

1872 2433 2172 2500 exhiberet,
2229 2436 2356 2491 dum
2403 2439 2836 2495 consentientem
2880 2442 3117 2496 animam
3166 2442 3234 2496 ad
3287 2450 3466 2497 actum

1873 2539 2045 2594 usque
2076 2525 2415 2594 perduceret.
2469 2525 2623 2594 Quod
2663 2531 2708 2584 si
2755 2529 2894 2586 forte
2931 2531 3170 2596 fecisset,
3217 2533 3323 2587 nisi
3369 2548 3470 2602 pro

1873 2613 2034 2682 hujus
2055 2615 2405 2686 supplicantis
2430 2619 2686 2674 Ecclesiae
2707 2620 2922 2676 devotio
2950 2621 3304 2677 subvenisset.
3336 2621 3470 2678 Nam

1877 2704 2005 2759 dum
2041 2723 2060 2756 ι
2109 2705 2313 2772 Petrus,
2337 2707 2659 2764 servabatur
2695 2710 2748 2764 in
2801 2725 3040 2778 carcere,
3085 2713 3258 2768 oratio
3308 2713 3474 2768 ﬁebat

1876 2793 1994 2849 sine
2045 2794 2449 2852 intermissione
2488 2799 2556 2852 ad
2603 2799 2773 2854 Deum
2802 2817 2902 2870 pro
2937 2815 3002 2857 eo
3027 2801 3091 2854 “.
3122 2803 3141 2822 '
3181 2822 3199 2854 ι
3231 2801 3350 2857 Non
3391 2812 3473 2858 est

1878 2885 2218 2954 aliquatenus
2247 2887 2621 2954 dubitandum,
2654 2889 2946 2958 plurimum
2985 2891 3168 2946 valere
3203 2891 3473 2947 tribulatis

1879 2975 2310 3044 deprecationem
2339 2977 2594 3033 Ecclesiae
2619 2978 2784 3033 totius
2832 2979 3127 3034 assiduam.
3167 2998 3186 3031 ι
3215 2979 3352 3035 Cum
3378 2997 3474 3035 au-

1879 3073 1987 3120 tem
2018 3067 2382 3136 producturus
2420 3083 2543 3124 eum
2571 3078 2720 3124 esset
2753 3069 3014 3137 Herodes,
3060 3071 3115 3126 in
3150 3071 3264 3142 ipsa
3316 3081 3474 3127 nocte

1880 3165 1999 3213 erat
2019 3157 2212 3214 Petrus
2237 3159 2512 3214 dormiens
2537 3160 2678 3216 inter
2693 3161 2828 3216 duos
2852 3161 3072 3228 milites,
3092 3162 3307 3216 vinctus
3327 3171 3475 3218 cate-

186 3267 204 3299 ι
229 3249 248 3265 ‘
275 3255 485 3302 tantum
512 3248 789 3319 imponent
811 3261 970 3316 super
995 3220 1163 3301 altare
1182 3253 1332 3300 tuum
1347 3220 1572 3300 vitulos:
1597 3266 1614 3298 ›
1635 3248 1777 3316 quod
1805 3220 1850 3284 Ο
1880 3250 1966 3304 nis
2002 3249 2212 3306 duabus
2253 3251 2328 3316 ‘5;
2375 3271 2394 3303 ι
2429 3252 2572 3320 quod
2607 3267 2731 3307 cum
2779 3253 3032 3308 inimicus
3059 3220 3172 3308 tam
3207 3253 3297 3308 diu
3341 3253 3475 3308 ﬁde-

179 3339 416 3394 ofI‘erent
450 3341 547 3396 tibi
584 3356 754 3396 novos
777 3341 1001 3413 pepulos
1037 3350 1094 3396 et
1122 3341 1458 3407 innocentes,
1502 3357 1778 3412 nunquam

181 3431 421 3502 amplius
444 3432 634 3504 iugum
668 3434 878 3503 peccati
910 3442 1242 3504 portaturos.
1275 3433 1408 3488 Item
1442 3451 1454 3487 :
1491 3452 1510 3485 ι
1541 3433 1779 3489 Introibo

181 3519 239 3572 in
262 3520 486 3574 domum
509 3528 656 3574 tuam
686 3541 705 3573 ι
736 3531 994 3576 aeternam
1020 3522 1076 3576 in
1108 3523 1262 3578 ctelis
1285 3523 1328 3586 ⁸,
1353 3524 1410 3576 in
1439 3522 1776 3590 holocaustis,

181 3609 239 3664 in
268 3626 500 3681 corpore
529 3620 584 3666 et
610 3612 789 3667 anima
812 3611 1116 3683 puriﬁcatis
1141 3630 1154 3665 :
1185 3613 1316 3682 quid
1349 3613 1582 3666 iterum?
1614 3632 1632 3664 ‹
1667 3611 1777 3667 Ho-

183 3703 435 3758 loeausta
470 3703 762 3759 medullata
802 3703 1026 3760 offeram
1055 3704 1155 3760 tibi
1185 3703 1228 3768 °,
1258 3705 1361 3759 hoc
1388 3714 1494 3768 est,
1521 3705 1781 3760 interiora

182 3808 308 3847 mea
360 3794 555 3849 divinae
602 3795 886 3849 charitatis
926 3797 1047 3866 igne
1087 3795 1389 3851 flagrantia.
1445 3795 1588 3850 Nihil
1634 3796 1778 3850 enim

181 3887 384 3941 melius
415 3887 664 3942 medullis

258 3977 502 4034 Herodes
531 3978 803 4052 signiﬁcat
827 3980 1124 4045 diabolum,
1142 3978 1299 4048 juxta
1327 3979 1458 4034 illud
1483 3977 1782 4049 ﬁgurativa:

181 4070 450 4126 Ecclesiae
489 4072 546 4126 in
570 4072 797 4128 Actibus
841 4072 1250 4142 apostolorum:
1295 4092 1313 4124 ι
1349 4072 1494 4126 Misit
1542 4071 1782 4127 Herodes

185 4178 286 4218 rex
336 4179 554 4229 manus,
607 4173 665 4218 ut
691 4163 954 4235 afﬂigeret
981 4166 1242 4234 quosdam
1288 4163 1357 4220 de
1385 4164 1628 4219 Ecclesia
1663 4165 1715 4228 ";
1757 4183 1775 4215 ι

179 4256 340 4325 quod
372 4255 636 4321 diabolus,
667 4256 760 4324 qui
784 4271 879 4310 rex
918 4264 1004 4311 est
1046 4256 1287 4310 omnium
1336 4254 1624 4319 malorum,
1675 4269 1782 4308 non

179 4355 376 4402 cessat
403 4347 618 4401 mittere
645 4346 906 4401 nefandas
935 4345 1256 4402 bellatorum
1287 4361 1509 4400 suorum
1533 4352 1782 4400 catervas

179 4443 259 4496 ad
311 4439 660 4497 aﬂlictionem
706 4441 967 4499 ﬁdelium.
1004 4461 1022 4493 ‹
1066 4441 1276 4497 Occidit
1321 4443 1462 4496 enim
1499 4441 1780 4505 Jacobum,

179 4531 423 4586 fratrem
471 4531 709 4598 Joannis,
767 4532 944 4604 gladio
993 4533 1048 4600 ⁸;
1099 4553 1118 4585 ι
1183 4532 1328 4604 quod
1378 4533 1638 4603 quosdam
1689 4531 1781 4600 qui

178 4623 396 4678 divinae
425 4624 613 4692 gratia:
654 4624 948 4679 familiares
991 4625 1329 4690 exstiterant,
1353 4640 1451 4694 per
1495 4625 1597 4678 hoc
1645 4623 1790 4693 quod

179 4715 328 4768 vitia
360 4730 454 4769 sua
487 4715 827 4770 colluctando
878 4716 1226 4786 subegerunt,
1267 4714 1528 4784 pestifera
1565 4727 1789 4781 persua-

179 4807 356 4862 sione
382 4806 691 4861 trucidavit.
721 4804 956 4862 Jacobus
979 4807 1124 4877 enim
1162 4805 1407 4871 luctator,
1439 4805 1674 4859 Joannes
1693 4803 1791 4858 Dei

177 4898 375 4970 gratia
401 4899 616 4952 dicitur.
649 4917 667 4949 ι
703 4895 940 4954 Videns‘
960 4898 1104 4954 enim
1133 4899 1275 4967 quod
1303 4897 1544 4966 placeret
1564 4893 1786 4960 Iudaeis,

178 4989 454 5058 apposuit
504 4989 906 5060 apprehendere
945 4997 1000 5044 et
1045 4989 1269 5043 Petrum
1295 4987 1316 5018 θ
1358 5007 1370 5040 :
1417 5006 1435 5038 ι
1483 4986 1626 5056 quod
1678 5001 1788 5041 non

180 5082 378 5139 solum
427 5081 661 5137 minores
687 5089 779 5137 aut
813 5081 1114 5136 mediocres
1161 5079 1403 5134 diabolus
1429 5086 1638 5134 tentare
1661 5078 1787 5132 niti-

179 5183 312 5237 tur,
348 5173 443 5228 sed
469 5181 524 5229 et
549 5188 791 5228 summos
815 5172 871 5227 in
901 5171 1141 5227 Ecclesia
1177 5171 1345 5234 viros,
1379 5169 1652 5240 agnitione
1689 5169 1808 5224 Dei.

182 5276 254 5322 et
285 5267 491 5322 virtute
516 5267 836 5324 constantiae
881 5265 1137 5335 praeditos
1169 5263 1316 5318 velut
1343 5264 1541 5318 invitos
1564 5271 1620 5318 et
1646 5263 1789 5317 reui-

183 5369 386 5414 tentes
431 5360 757 5430 aggreditur,
803 5359 1159 5415 considerans
1205 5358 1309 5412 hoc
1356 5357 1624 5428 ingratum
1677 5356 1792 5413 fore

185 5448 530 5504 Christianae.
551 5449 700 5514 ﬁdei,
724 5448 920 5518 quibus
943 5449 1057 5517 ipse
1079 5455 1274 5517 praeest
1305 5447 1572 5502 inimicus.
1600 5446 1794 5502 Petrus

183 5542 515 5610 agnoscens
539 5540 624 5594 vel
691 5541 871 5607 ﬁrmus
930 5540 1332 5608 interpretatur.
1391 5537 1494 5592 Per
1539 5535 1752 5594 Iudaeos
1777 5578 1794 5606 ,

1881 3339 1985 3394 lem
2010 3341 2342 3412 exagitasset
2371 3341 2760 3397 tentationibus
2913 3343 3343 3398 consentientem
3377 3358 3471 3396 ns-

1883 3447 1988 3502 que
2043 3432 2110 3487 ad
2160 3429 2360 3498 aetum,
2419 3434 2742 3504 produceret
2787 3436 2842 3490 in
2888 3443 2998 3490 tam
3033 3434 3300 3506 profunda
3364 3443 3473 3488 tam

1882 3524 2114 3580 obscura
2150 3535 2365 3597 tamque
2400 3527 2623 3583 densata
2659 3529 2960 3584 tentatione
3003 3531 3336 3601 negligenter
3366 3530 3478 3600 agit

1884 3615 2056 3670 virilis
2091 3615 2240 3685 prius
2285 3619 2303 3636 ‘
2354 3617 2752 3674 edoloravimus
2785 3638 2798 3672 :
2831 3634 2863 3672 a
2909 3620 3240 3675 daemonibus
3279 3620 3477 3689 quippe

1882 3715 1940 3760 et
1962 3708 2145 3777 pravis
2175 3707 2487 3763 hominibus
2515 3707 2957 3764 circumvallatus
2979 3707 3093 3776 jam
3133 3708 3312 3764 fuerat
3329 3723 3478 3762 eom-

1882 3798 2021 3867 pede
2042 3798 2345 3853 dilectionis
2359 3807 2522 3868 atque
2547 3814 2845 3854 consensus
2865 3800 3140 3854 astrictus.
3175 3817 3193 3850 ι
3213 3799 3480 3854 Etcusto—

1885 3891 1980 3946 des
2002 3899 2128 3943 ante
2153 3890 2350 3944 ostium
2382 3891 2759 3946 custodiebant
2785 3906 3063 3946 carcerem
3095 3909 3108 3945 :
3145 3910 3166 3943 ›
3195 3891 3337 3962 quod
3360 3907 3478 3945 ma-

1882 3979 2015 4050 ligni
2065 3979 2286 4049 spiritus
2316 3980 2384 4034 ad
2427 3981 2534 4036 hoc
2560 3981 2886 4048 omnimodis
2933 3981 3236 4052 invigilant,
3290 3991 3352 4037 ut
3379 3984 3474 4036 ob-

1887 4079 2040 4127 truso
2066 4071 2343 4140 peccatori
2369 4069 2728 4126 confessionis
2749 4071 2899 4126 aditu
2921 4071 3198 4126 tribulatio
3220 4072 3476 4127 tentatio-

1885 4163 1972 4218 nis
2009 4161 2159 4218 nullo
2205 4161 2365 4216 modo
2406 4161 2712 4225 minuatur;
2757 4161 2850 4216 sed
2898 4161 3080 4232 potius
3122 4169 3278 4217 aucta
3316 4162 3478 4216 robo-

1887 4262 2058 4309 retur.
2117 4251 2224 4308 Sed
2267 4267 2387 4322 quae
2421 4267 2547 4322 spes
2578 4252 2633 4306 in
2663 4259 2812 4308 tanta
2840 4252 3199 4308 necessitate?
3252 4251 3380 4322 quid
3427 4251 3476 4306 ei

1883 4347 2205 4418 profuerunt
2242 4347 2517 4400 orationes
2565 4345 2858 4402 Ecclesiae?
2897 4345 3037 4400 Audi
3093 4363 3106 4399 :
3164 4363 3183 4396 ι
3238 4344 3308 4399 Et
3353 4358 3480 4416 ecce

1887 4440 2108 4513 angelus
2159 4439 2371 4495 Domini
2405 4439 2578 4494 astitit
2620 4438 2692 4504 ¹⁶;
2734 4459 2752 4490 ι
2805 4439 2950 4508 quod
2987 4437 3240 4493 Christus
3297 4434 3477 4506 magni

1889 4531 2098 4587 consilii
2146 4530 2366 4600 angelus
2405 4529 2664 4598 adiuvare
2688 4529 2901 4584 ﬁdelem
2927 4543 3083 4584 suum
3108 4535 3334 4598 paratus
3356 4525 3475 4578 fuit.

1899 4645 1917 4678 ‹
1959 4627 2028 4681 Et
2062 4625 2244 4681 lumen
2275 4624 2486 4680 refulsit
2531 4624 2588 4678 in
2635 4623 2944 4678 habitacula
2985 4621 3242 4685 carceris,
3283 4639 3302 4672 ι
3339 4618 3480 4689 quod

1892 4717 2072 4772 divina
2123 4716 2297 4787 gratia
2336 4713 2674 4770 corruscavit
2703 4713 2759 4766 in
2810 4721 2989 4766 mente
3039 4710 3366 4780 peccatoris,
3422 4707 3474 4761 in

1889 4825 1996 4880 qua
2023 4809 2199 4864 locum
2229 4808 2381 4879 prius
2416 4807 2686 4862 habuerat
2707 4803 2982 4859 tribulatio
3019 4801 3193 4856 anxia:
3229 4799 3480 4856 tentatio-

1890 4904 1993 4956 nis.
2059 4919 2077 4951 ι
2117 4899 2488 4968 Permissoque
2533 4898 2702 4953 latere
2729 4895 2877 4951 Petri
2929 4893 3184 4950 excitavit
3213 4909 3336 4949 eum
3384 4911 3396 4946 :
3455 4913 3474 4945 ι

1890 4992 2032 5062 quod
2059 4993 2336 5060 increpata
2365 4990 2483 5060 ejus
2505 4987 2754 5044 socordia
2777 4989 2845 5043 de
2870 4985 3222 5045 conversione
3251 4986 3478 5051 monuit,

1893 5085 2079 5140 dicens
2105 5099 2123 5136 :
2157 5105 2174 5133 ι
2225 5083 2398 5152 Surge
2448 5079 2736 5144 velociter;
2778 5099 2797 5132 ι
2829 5094 2895 5134 ac
2932 5079 2978 5133 si
3004 5077 3197 5133 animae
3230 5077 3476 5133 diceret:

1891 5174 2012 5230 Cito
2044 5174 2236 5230 resiste
2259 5172 2566 5237 tentationi,
2591 5171 2678 5226 cui
2707 5171 2908 5225 diutius
2937 5169 3280 5226 consensisti:
3309 5189 3326 5219 ι
3352 5169 3480 5223 Sur-

1890 5281 1976 5338 ge,
1999 5287 2018 5318 ›
2046 5265 2100 5320 id
2120 5275 2221 5328 est,
2251 5265 2318 5320 ad
2335 5263 2694 5319 conﬁtendum
2717 5277 2960 5333 praepara
2981 5269 3034 5316 te
3059 5279 3071 5315 :
3095 5279 3115 5312 ι
3141 5260 3313 5331 Surge
3335 5257 3480 5312 velo-

1892 5355 2051 5422 citer,
2096 5376 2115 5409 ›
2171 5356 2224 5410 id
2272 5364 2377 5422 est,
2425 5369 2496 5410 ne
2545 5351 2728 5408 tardes
2763 5353 3005 5408 converti
3046 5352 3114 5407 ad
3172 5349 3479 5414 Dominum,

1894 5462 1964 5502 ne
1991 5445 2228 5513 differas,
2277 5446 2422 5518 quod
2455 5461 2603 5501 mors
2632 5459 2740 5501 non
2771 5447 2968 5500 tardat.
3001 5463 3021 5495 ‹
3061 5443 3128 5498 Et
3169 5440 3484 5497 ceciderunt

1896 5549 2102 5596 catenae
2131 5541 2198 5595 de
2247 5540 2496 5595 manibus
2526 5538 2666 5609 ejus,
2699 5556 2718 5591 ›
2744 5537 2891 5609 quod
2937 5535 3120 5593 divina
3169 5533 3341 5605 gratia
3386 5544 3483 5585 cor

277 5693 296 5723 ¹
352 5691 510 5744 Deut.
562 5708 736 5755 xxx",
785 5693 872 5746 11.
932 5692 952 5722 ²
990 5689 1132 5744 Psal.
1170 5705 1298 5753 cvn,
1348 5690 1400 5744 8.
1451 5689 1471 5719 ³
1513 5688 1702 5759 Matth.
1757 5709 1779 5746 ι

1880 5708 1925 5759 I,
1964 5694 2018 5748 4.
2089 5693 2109 5723 ⁸
2137 5692 2278 5747 Psal.
2325 5709 2386 5758 ι,
2419 5692 2508 5747 21.
2545 5693 2565 5724 ⁸
2590 5691 2736 5748 Psal.
2767 5707 2820 5757 v,
2853 5693 2906 5747 8.
2957 5690 2977 5720 ⁸
3023 5688 3166 5744 Psal.
3215 5703 3339 5759 va,

187 5763 216 5797 ⁷
262 5759 394 5817 Act.
435 5777 532 5826 xu,
563 5762 610 5814 1.
643 5763 817 5818 “Ibid.
865 5777 915 5816 v.
947 5762 1001 5814 2.
1042 5762 1063 5791 ⁹
1093 5760 1228 5816 Ibid.
1259 5775 1311 5812 v.
1345 5761 1396 5814 5.
1435 5759 1474 5789 ¹⁰
1505 5758 1636 5815 Ibid.
1677 5763 1718 5792 “
1767 5761 1898 5819 Ibid.
1951 5781 2002 5818 v.
2043 5763 2097 5817 4.
2151 5765 2192 5794 ¹²
2237 5764 2371 5820 Ibid.
2417 5764 2460 5795 "
2501 5762 2631 5818 Ibid.
2666 5762 2710 5794 “‘
2735 5762 2867 5817 Ibid.
2901 5777 2953 5816 v.
2999 5760 3051 5814 5.

199 5833 252 5865 “
281 5832 424 5887 Ibid.
463 5848 517 5886 v.
546 5833 600 5886 7.

3099 5759 3142 5791 ¹⁵
3172 5758 3305 5814 Ibid.
3340 5773 3392 5812 ν.
3424 5758 3477 5812 6.
