3972 6336
642 421 747 478 963

1271 418 1335 477 Β.
1374 416 1629 477 RABANI
1665 414 1885 478 MAURI
1922 410 2237 474 ARClllEP.
2276 412 2586 473 MOGUNT.
2626 410 2914 471 OPERUM
2948 412 3128 473 PARS
3161 412 3246 475 Ill.
3693 433 3760 494 θα

636 532 942 607 peccatoris
996 531 1319 599 illustrante,
1375 542 1431 589 et
1474 531 1715 604 praefatis
1759 528 2211 585 admonitionibus
2236 531 2290 591 Α
2312 528 2455 598 quod
2480 526 2628 583 misit
2652 527 2910 584 Dominus
2944 529 3189 601 angelum
3218 544 3383 597 suum,
3405 540 3453 586 et
3473 533 3633 605 eripuit
3645 545 3761 603 mede

640 625 930 689 excitante,
976 639 1272 679 consensus
1297 633 1350 679 et
1393 623 1675 681 delectatio
1709 621 1966 681 deﬁciunt
2012 620 2078 677 ab
2107 619 2212 675 ini-

640 716 861 786 quitatis
909 716 1139 772 actione.
1187 735 1207 768 ι
1254 716 1399 771 Dixit
1438 725 1618 773 autem
1664 714 1884 787 angelus
1930 714 1996 770 ad
2044 728 2209 768 eum:

634 804 1010 877 Przecingere,
1061 805 1293 861 viriliter
1338 819 1437 879 age
1484 804 1535 872 ¹;
1572 824 1592 858 ι
1638 822 1658 856 ε
1705 803 2059 877 Praccingere,
2098 821 2116 856 ι
2146 801 2215 857 ad

635 896 773 954 bene
809 899 1138 969 operandum
1167 910 1411 971 praepara
1447 906 1519 952 te.
1552 915 1571 948 ε
1603 894 1957 969 Praecingere,
2008 915 2029 949 ι
2073 892 2215 951 desi-

633 996 824 1046 nentes
870 991 1022 1047 sinus
1071 990 1383 1064 cupiditatis
1429 988 1801 1061 restringendo
1839 986 2049 1065 collige.
2094 1006 2113 1040 ‹
2148 988 2216 1043 Et

634 1078 816 1135 calcea
848 1088 902 1135 te
943 1080 1146 1153 caligas
1175 1091 1296 1139 tuas
1317 1081 1373 1147 ’ς
1410 1100 1429 1132 ι
1457 1080 1511 1136 id
1539 1086 1642 1143 est,
1675 1078 1872 1136 adhibe
1912 1078 2213 1139 actionibus

632 1169 743 1225 tuis
770 1171 1097 1227 munitiones
1120 1180 1259 1238 tuas,
1300 1186 1367 1227 ne
1410 1171 1578 1245 spinis
1603 1170 1997 1229 desideriorum
2023 1185 2213 1226 carna-

630 1259 761 1316 lium
786 1260 1014 1319 uiterius
1036 1260 1404 1319 vulnerentur.
1432 1256 1549 1329 Quo
1569 1258 1736 1327 facto,
1764 1260 2024 1331 subjecit:
2057 1281 2074 1313 ‹
2096 1260 2213 1317 Cir-

630 1348 824 1406 eumda
872 1352 968 1408 tibi
1000 1354 1379 1409 vestimentum
1430 1360 1581 1407 tuum
1619 1352 1675 1418 ²,
1713 1371 1733 1406 ι
1790 1351 1847 1409 id
1893 1358 2000 1418 est,
2050 1348 2213 1409 indue

626 1444 914 1513 pristinam
962 1444 1121 1501 ﬁdem
1149 1454 1204 1501 et
1227 1444 1495 1517 justitiam
1534 1453 1701 1512 tuam,
1732 1459 1892 1516 quam
1940 1442 2211 1498 dormiens

628 1534 872 1604 abiecisti
898 1553 913 1590 :
945 1555 967 1589 ε
999 1534 1068 1591 Et
1098 1550 1327 1607 sequere
1365 1534 1499 1611 [me]
1528 1535 1570 1603 ⁸,
1607 1555 1625 1588 ι
1680 1543 1743 1590 ut
1773 1550 1806 1589 a
1831 1542 2002 1590 morte
2032 1548 2212 1590 resur-

626 1638 760 1697 gens
806 1641 1083 1698 nunquam
1124 1627 1379 1701 deinceps
1430 1627 1701 1694 moriaris,
1760 1626 1856 1682 sed
1910 1640 2124 1696 semper
2156 1624 2209 1683 in

623 1717 865 1775 novitate
888 1718 1155 1776 ambules.
1199 1740 1219 1772 ε
1262 1721 1327 1774 Et
1353 1719 1541 1776 exiens
1590 1718 1917 1790 sequebatur
1955 1734 2077 1774 eum
2109 1716 2151 1785 ⁸,
2185 1736 2204 1770 ι

624 1808 770 1880 quod
794 1810 969 1868 ﬁdelis
1008 1813 1189 1867 anima
1225 1808 1422 1868 talibus
1461 1809 1917 1867 admonitionibus
1954 1808 2212 1869 divinitus

2314 618 2564 675 manibus
2602 617 2850 685 Herodis,
2900 621 3046 676 etde
3082 621 3227 677 omni
3273 627 3622 695 exspectatione
3649 632 3761 701 μεω.

2312 708 2553 767 Iudaica:
2582 711 2624 765 '.
2664 730 2683 764 ι
2727 710 2924 765 Anima
2973 713 3169 783 quippe
3203 713 3357 771 nimis
3379 729 3408 769 a
3433 730 3484 779 se
3504 715 3628 793 longe
3648 736 3758 779 renes

2314 802 2405 870 sit,
2443 804 2660 875 quando
2687 820 2867 876 pravae
2890 806 3217 876 suggestioni
3252 806 3537 867 delectando
3563 814 3762 871 oommtit

2311 892 2371 948 ln
2402 909 2460 950 se
2483 904 2666 950 autem
2702 896 3013 963 revertitur,
3053 898 3266 967 quando
3300 897 3483 955 malum
3522 899 3763 961 deserant

2312 982 2513 1043 bonum
2540 1001 2699 1057 agere
2724 986 2965 1057 perfecte
2996 986 3239 1055 molitur,
3264 989 3373 1049 sive
3398 990 3453 1045 in
3473 1006 3523 1046 se
3545 995 3762 1059 revertitur,

2310 1084 2368 1135 et
2407 1077 2582 1147 qualis
2621 1077 2751 1137 olim
2782 1094 2813 1133 a
2847 1079 2959 1137 Deo
2992 1077 3137 1141 facta
3174 1079 3293 1148 fuit,
3328 1090 3382 1139 et
3414 1082 3595 1157 qualem
3626 1101 3765 1158 tepet-

2311 1168 2483 1223 cattdo
2516 1167 2727 1235 iecerit,
2753 1168 3036 1240 qualisque
3066 1171 3263 1231 iterum
3283 1188 3375 1243 per
3399 1174 3487 1231 Dei
3515 1176 3691 1245 gratiam
3707 1179 3763 1241 sit,

2309 1256 2578 1315 veraciter
2599 1256 2859 1313 intuetur.
2887 1257 3129 1329 DeniQue
3157 1274 3414 1319 consensu
3433 1263 3764 1335 pravitatisabjc-

2312 1356 2400 1403 cto
2432 1361 2554 1402 cum
2586 1348 2745 1403 noxia
2773 1346 3134 1407 deieetabone
3163 1358 3219 1406 et
3254 1351 3359 1406 vita
3388 1352 3588 1423 pessima
3619 1370 3763 1411 consae-

2310 1437 2496 1493 tudine
2531 1436 2645 1506 jam
2686 1436 2754 1494 ad
2783 1455 2843 1496 se
2872 1439 3112 1513 perfecte.
3152 1440 3360 1497 rediens
3393 1443 3549 1497 anima
3579 1446 3762 1516 cognoscit

2277 1522 2283 1529 ’
2313 1536 2369 1584 et
2401 1528 2649 1584 meminit
2684 1528 2739 1585 in
2778 1529 2974 1602 quibus
3000 1528 3203 1586 malum
3240 1530 3357 1587 fuit.
3395 1531 3530 1593 Unde
3570 1536 3763 1593 conﬁtetur

2311 1634 2369 1675 se
2410 1635 2517 1674 non
2547 1620 2762 1690 quidem
2801 1637 2900 1695 pro
2927 1624 3249 1681 meritorum
3279 1640 3481 1683 suorum
3498 1629 3760 1699 prarogatin,

2311 1709 2403 1766 sed
2416 1726 2515 1780 per
2524 1710 2739 1767 caelitus
2751 1712 3004 1768 emissam
3025 1713 3127 1770 sibi
3152 1714 3375 1787 gratiam
3392 1715 3451 1771 de
3461 1720 3763 1787 potestatem

2310 1798 2446 1871 cipis
2460 1800 2805 1857 tenebrarum
2827 1818 3157 1875 suorumque
3171 1804 3452 1860 satellitum
3469 1821 3570 1863 eSSe
3586 1814 3759 1875 ereptam.

622 1900 906 1974 inspirata,
934 1903 1160 1975 ahjectis
1190 1904 1374 1975 pravis
1402 1902 1871 1968 delectationibus,
1911 1902 2108 1973 quibus
2132 1901 2206 1955 ir-
2228 1880 2280 1945 Β
2307 1890 2399 1962 qui
2421 1891 2650 1963 maligne
2672 1893 3059 1963 exspectabant
3100 1909 3222 1949 eam
3253 1894 3321 1950 ad
3340 1906 3543 1952 mortem
3560 1896 3760 1967 usque'ti

622 1994 786 2050 retita
813 2003 919 2061 est,
950 1995 1139 2068 incipit
1169 1997 1313 2052 bona
1341 1996 1698 2052 desiderando
1739 1994 1891 2065 sequi
1922 2002 2207 2050 vocantem

622 2083 933 2152 Dominum,
966 2086 1182 2143 tametsi
1202 2084 1441 2143 nondum
1466 2086 1725 2159 perfecte.
1758 2084 1912 2143 Unde
1931 2085 2205 2156 sequitur:

630 2190 650 2225 ι
680 2172 749 2229 Et
790 2174 1106 2243 nesciebat,
1158 2175 1303 2248 quod
1344 2190 1533 2232 verum
1564 2182 1669 2242 est,
1717 2174 1861 2249 quod
1908 2171 2072 2230 ﬁebat
2112 2187 2211 2245 per

622 2264 906 2338 angelum:
945 2266 1252 2324 aestimabat
1286 2276 1468 2324 autem
1493 2283 1553 2327 se
1583 2268 1761 2324 visum
1789 2266 1969 2323 videre
1996 2283 2010 2320 :
2040 2283 2060 2317 ι
2095 2264 2210 2339 ple-

625 2348 858 2427 Eumque
891 2356 1039 2413 enim
1084 2356 1144 2412 ﬁt
1178 2366 1239 2412 ut
1286 2358 1490 2426 anima,
1521 2357 1802 2414 diabolicis
1827 2355 2212 2414 tentationibus

621 2441 717 2499 diu
756 2445 1092 2517 multumque
1112 2446 1359 2519 fatigata,
1386 2462 1511 2505 cum
1539 2462 1599 2505 se
1626 2448 1882 2505 divinitus
1906 2448 1975 2504 ad
2000 2448 2210 2521 patien-

622 2533 758 2588 tiam
798 2543 855 2590 et
879 2536 948 2591 ad
975 2526 1385 2594 conversionem
1415 2540 1625 2601 moneri
1645 2540 1831 2605 sentit,
1873 2554 1981 2595 non
2011 2540 2032 2560 *
2055 2546 2212 2611 putat

622 2639 744 2682 esse
766 2626 1005 2685 divinam
1046 2628 1490 2703 admonitionem,
1525 2644 1688 2705 quam
1716 2631 1861 2688 intus
1890 2628 2061 2698 audit,
2112 2630 2209 2686 sed

618 2717 801 2789 potius
827 2718 1065 2793 aliquam
1094 2718 1496 2795 phantasticam
1525 2722 1877 2787 delusionem,
1913 2737 2076 2793 quam
2107 2737 2205 2777 au-

621 2806 741 2866 dire
771 2810 927 2866 solita
964 2810 1086 2879 fuit,
1133 2813 1276 2869 unde
1304 2829 1529 2870 necesse
1557 2822 1660 2879 est,
1688 2822 1747 2871 ut
1775 2810 2035 2869 Dominus
2057 2810 2207 2871 circa

618 2900 765 2957 illam
797 2902 903 2959 tale
940 2902 1072 2977 quid
1100 2913 1243 2981 agat,
1277 2921 1385 2977 quo
1408 2920 1468 2962 se
1496 2920 1604 2961 non
1630 2906 1971 2977 phantastice
2002 2903 2203 2971 deludi,

617 2993 713 3049 sed
747 2993 1006 3053 divinitus
1033 2996 1313 3054 admoneri
1345 2997 1649 3053 certissime
1687 2997 1845 3052 sciat.
1902 2993 2202 3067 Sequitur:

624 3104 643 3136 ι
688 3082 1058 3144 Transeuntes
1094 3096 1272 3149 autem
1302 3089 1538 3159 primam
1587 3096 1645 3144 et
1691 3086 1980 3143 secundam
2022 3093 2204 3145 custo-

617 3177 783 3246 diam,
813 3190 1080 3237 venerunt
1106 3181 1173 3236 ad
1199 3190 1415 3252 portam
1442 3179 1697 3247 ferream,
1718 3194 1837 3251 qua:
1858 3180 2002 3235 ultro
2017 3187 2203 3251 aperta

615 3276 700 3323 est
730 3268 811 3325 eis
837 3268 880 3323 '.
922 3290 941 3323 ι
974 3268 1218 3325 Primam
1239 3280 1296 3326 et
1323 3271 1619 3328 secundam
1659 3271 1960 3329 custodiam
1990 3270 2201 3337 transit,

617 3357 709 3428 qui
735 3358 971 3428 primum
1000 3375 1324 3415 consensum
1360 3367 1416 3415 et
1448 3360 1862 3416 delectationem
1903 3360 2119 3415 noxiam
2147 3359 2201 3414 in

617 3447 812 3517 quibus
841 3464 872 3502 a
900 3449 1113 3505 diabolo
1152 3450 1454 3507 custoditus
1484 3457 1586 3516 est,
1617 3450 1927 3522 paenitendo
1955 3458 2011 3505 et
2035 3450 2204 3507 conli-

618 3541 782 3595 tendo
828 3540 1175 3617 derelinquit.
1220 3544 1411 3601 Restat
1437 3544 1614 3601 adhuc
1638 3554 1787 3616 porta
1817 3543 1989 3614 ferrea
2016 3560 2031 3600 :
2061 3545 2204 3614 quod

616 3629 868 3687 videlicet
901 3634 1094 3693 animm
1123 3648 1155 3689 a
1200 3635 1343 3691 malo
1377 3634 1649 3691 declinare
1692 3643 1747 3691 et
1772 3635 1973 3691 bonum
2026 3634 2204 3691 facere

620 3722 961 3793 deliberanti,
1013 3728 1337 3803 quandoque
1387 3728 1736 3801 pertinaciter
1773 3728 2033 3785 obsistit‘
2068 3730 2203 3785 dura

619 3819 951 3875 consuetudo
972 3822 1254 3891 peccandi,
1286 3837 1406 3892 qua:
1426 3830 1646 3894 generat
1670 3812 2038 3877 diﬂicultatem
2062 3822 2203 3878 bene

615 3904 826 3964 vivendi
855 3926 870 3963 :
906 3926 1026 3983 quae
1063 3911 1320 3969 nimirum
1356 3911 1708 3980 consuetudo,
1745 3913 1849 3969 nisi
1877 3913 2058 3968 divina
2081 3929 2204 3986 gra-

616 4000 715 4067 tia,
755 4000 810 4055 in
858 4003 1020 4060 terris
1046 4004 1063 4025 ⁶
1100 4006 1261 4065 ducet
1298 4005 1573 4061 hominem
1620 4005 1689 4061 ad
1734 4004 1905 4071 illam,
1945 4005 2031 4060 cui
2060 4020 2201 4077 prae-

617 4101 702 4148 est
730 4091 990 4161 Herodes,
1019 4095 1314 4163 civitatem,
1357 4095 1461 4153 hoc
1481 4104 1587 4164 est,
1626 4094 1693 4151 ad
1724 4103 2017 4152 tartaream
2044 4112 2198 4151 man-

617 4186 856 4254 sionem;
903 4189 997 4245 sed
1027 4189 1217 4261 angelo
1245 4199 1516 4261 praeeunte
1555 4197 1610 4244 et
1649 4188 1880 4245 ducente
1909 4198 2068 4262 porta
2093 4188 2202 4247 fer-

618 4293 709 4333 rea
738 4278 881 4336 ultro
914 4284 933 4301 "
969 4282 1239 4353 reperitur
1268 4299 1280 4336 :
1322 4281 1467 4354 quod
1498 4280 1699 4337 Christi
1740 4284 1914 4354 gratia
1952 4284 2201 4354 prteduce

617 4379 672 4426 et
691 4372 1008 4440 comitante,
1042 4374 1166 4431 licet
1189 4376 1479 4448 longaevior
1497 4386 1551 4432 et
1574 4377 1762 4432 durior
1786 4379 2059 4434 exstiterit
2076 4394 2204 4450 pra-

617 4477 684 4518 va
715 4458 1105 4522 consuetudine
1121 4465 1279 4523 facile
1300 4469 1647 4541 dirumpitur,
1680 4478 1736 4525 et
1759 4471 1939 4528 aditus
1968 4473 2203 4530 exeundi

618 4555 903 4625 ptenitenti
940 4558 1136 4615 anima:
1164 4561 1450 4630 pandatur.
1501 4581 1519 4613 ι
1577 4561 1643 4617 Et
1680 4573 1942 4619 exeuntes
1979 4580 2199 4637 proces-

619 4658 807 4707 serunt
843 4650 1025 4709 vicum
1063 4667 1251 4708 unum.
1298 4670 1317 4706 ι
1364 4652 1515 4709 Tunc
1540 4654 1684 4710 enim
1712 4657 1990 4727 peccatrix
2020 4657 2201 4713 anima

616 4752 831 4812 portam
866 4740 1101 4800 ferream
1141 4745 1254 4805 exit
1279 4760 1403 4803 cum
1439 4746 1628 4805 duram
1664 4750 1924 4818 peccandi
1970 4765 2201 4807 consue-

621 4832 860 4889 tudinem
901 4837 1121 4893 deserit.
1173 4837 1325 4897 Tunc
1360 4849 1544 4897 autem
1586 4840 1641 4896 in
1687 4842 1867 4899 vicum
1924 4846 2199 4915 procedit,

620 4938 746 4978 cum
798 4923 852 4978 in
903 4923 1155 4982 libertate
1194 4935 1249 4983 et
1276 4928 1628 4999 amplitudine
1674 4930 1827 4987 bona:
1873 4935 2202 5004 operationis

620 5026 792 5082 usque
824 5014 892 5070 ad
919 5014 1161 5071 debitum
1206 5015 1346 5073 bene
1384 5019 1597 5075 vivendi
1641 5020 1847 5077 homini
1885 5022 2103 5078 modum
2147 5030 2204 5081 et

618 5104 868 5161 ordinem
905 5106 1136 5178 perﬁcit.
1184 5127 1204 5160 ‹
1254 5108 1325 5165 Et
1354 5110 1610 5166 continuo
1649 5112 1898 5168 discessit
1928 5114 2155 5184 angelus
2183 5117 2200 5136 "

622 5198 690 5254 ab
732 5213 839 5255 eo:
878 5220 899 5255 ›
955 5217 1061 5258 non
1106 5203 1252 5273 quod
1295 5204 1531 5267 animam
1577 5206 1929 5275 poenitentem
1967 5215 2023 5262 et
2065 5207 2204 5263 bene

620 5296 892 5355 viventem
922 5296 1173 5356 Christus
1218 5296 1440 5355 omnino
1470 5297 1717 5364 deserat;
1750 5297 1845 5353 sed
1872 5300 2013 5368 quod
2048 5299 2196 5357 illam

618 5386 790 5449 libero
828 5388 1056 5449 arbitrio
1097 5389 1273 5469 gratia
1310 5388 1603 5445 comitante
1642 5389 1965 5455 committat,
1994 5398 2057 5445 ut
2095 5392 2200 5449 sibi

621 5478 845 5537 dimissa
885 5481 1079 5545 discat,
1122 5496 1155 5535 a
1188 5494 1298 5551 quo
1329 5478 1405 5543 illi
1437 5487 1541 5546 est,
1570 5485 1631 5535 ut
1664 5480 1803 5537 bene
1837 5481 2004 5549 vivat,
2040 5483 2200 5554 eique

618 5570 827 5638 gratias
850 5570 1218 5626 indesinenter
1251 5576 1394 5641 agat.
1422 5566 1575 5625 Unde
1607 5578 1792 5641 aperte
1821 5570 2195 5644 subiungitur:

627 5672 649 5711 ι
689 5659 761 5715 Et
783 5659 978 5717 Petrus
1012 5661 1083 5716 ad
1129 5675 1191 5717 se
1228 5672 1483 5717 reversus
1512 5661 1690 5717 dixit:
1728 5660 1883 5718 Nunc
1916 5663 2031 5719 scio
2071 5676 2203 5721 vero

2308 1985 2730 2055 producendam.
2750 1982 3008 2050 Herodes,
3024 1986 3119 2059 qui
3135 1982 3439 2042 inuocantes
3450 2002 3612 2057 pueros
3624 1987 3759 2051 occidit,

2308 2075 2580 2147 principes
2617 2090 3051 2153 persecutorum,
3094 2080 3189 2151 qui
3230 2090 3412 2136 contra
3448 2078 3758 2139 Ecclesiantsz-

2310 2166 2497 2235 viunt,
2541 2167 2843 2241 ﬁguraliter
2879 2170 3157 2240 exprimit.
3200 2171 3351 2239 Quod
3394 2173 3521 2227 enim
3554 2171 3760 2229 innocentes

2308 2259 2462 2332 pueri
2494 2258 2807 2319 referuntur
2847 2262 3017 2319 occisi
3046 2260 3096 2329 ⁸,
3129 2262 3394 2335 signiﬁcat
3431 2278 3517 2334 per
3543 2262 3637 2321 vita
3671 2262 3760 2316 inm-

2309 2354 2544 2409 centiam
2569 2363 2625 2409 et
2652 2354 2976 2411 humilitatis
3004 2355 3265 2415 meritum
3291 2356 3357 2413 ad
3386 2356 3597 2428 martyrii
3620 2352 3758 2425 glorias

2306 2445 2755 2516 perveniendum.
2792 2445 2947 2514 Quod
2991 2446 3109 2505 bini
3148 2447 3315 2503 occisi
3350 2456 3495 2513 sunt,
3530 2444 3706 2503 doctrina
3728 2452 3759 2496 et

2307 2537 2621 2608 operatione
2656 2536 2925 2610 perfectos
2954 2538 3181 2595 indicat.
3210 2537 3362 2607 Quod
3388 2530 3522 2592 inira
3545 2540 3559 2559 ‘
3586 2534 3759 2611 simplices

2307 2636 2364 2684 et
2386 2626 2581 2685 idiotas
2604 2627 2726 2694 ﬁde,
2753 2637 2934 2684 tamen
2957 2644 3067 2685 non
3096 2628 3204 2685 ﬁde
3224 2627 3520 2687 constantia:
3533 2624 3659 2681 fortes
3669 2638 3758 2694 :qu

2309 2720 2615 2777 denuntiat.
2649 2718 2803 2788 Quod
2838 2740 2857 2773 ‹
2892 2722 2948 2775 in
2984 2718 3306 2778 Bethlehem
3333 2728 3385 2779 et
3409 2720 3458 2775 in
3480 2719 3672 2779 omnibus
3687 2716 3757 2771 ini-

2306 2810 2410 2869 bus
2434 2813 2550 2884 ejus
2576 2832 2595 2865 ι
2621 2812 2789 2869 occisi
2812 2822 2974 2880 sunt,
3020 2815 3266 2873 ostendit
3287 2828 3391 2869 non
3412 2810 3559 2869 solum
3579 2810 3619 2865 in
3632 2807 3756 2868 vim

2306 2900 2451 2956 unde
2480 2900 2735 2956 Ecclesia:
2765 2901 2932 2971 cmpit
2968 2901 3161 2974 origo,
3201 2903 3296 2963 sed
3335 2901 3485 2957 etiam
3518 2900 3537 2921 ⁶
3558 2898 3757 2971 quicunque

2308 3002 2576 3052 terrarum
2601 2996 2838 3069 perﬁdos
2865 2997 3169 3054 servituros
3195 3008 3253 3053 et
3276 2998 3451 3063 ﬁdeles
3472 3009 3571 3055 esse
3590 3004 3757 3049 comm-
3842 3058 3843 3065 η

2307 3085 2423 3141 dos.
2454 3085 2609 3154 Quod
2655 3085 2731 3142 illi
2760 3087 2925 3147 occisi
2962 3096 3123 3157 sunt,
3153 3097 3211 3146 et
3246 3087 3480 3151 Christus
3499 3080 3754 3149 evasihimJ-
3842 3084 3843 3135 ἰ

2305 3186 2438 3233 nuat
2477 3178 2695 3250 quidem
2745 3196 2971 3253 corpore
3020 3190 3295 3254 martyres
3328 3195 3473 3253 posse
3496 3176 3646 3255 ριξήωὶ
3670 3192 3681 3227 :
3704 3170 3755 3226 ted

2309 3267 2583 3326 Christum
2609 3270 2756 3325 nullo
2779 3273 2939 3328 modo
2962 3288 3127 3343 posse
3148 3272 3233 3329 vel
3256 3274 3539 3333 viventibus
3556 3269 3621 3327 vel
3638 3264 3755 3325 occis

2308 3362 2390 3418 eis
2420 3361 2644 3435 auferri.
2679 3358 2834 3421 Unde
2868 3363 3164 3437 Apostolus
3197 3383 3212 3421 :
3263 3383 3283 3417 ‹
3320 3362 3440 3421 Sive
3468 3362 3669 3423 vivimus.
3691 3356 3755 3411 site

2307 3456 2604 3523 morimur,
2653 3452 2869 3513 Domini
2917 3473 3106 3519 sumus
3156 3457 3203 3514 '.
3262 3478 3285 3521 ι
3323 3454 3538 3515 Herodes
3579 3446 3756 3513 αἱωά

2308 3548 2605 3605 mulatores
2651 3549 2938 3620 exprimit,
2970 3565 3095 3607 cum
3143 3564 3333 3623 magos
3369 3549 3420 3605 in
3456 3544 3691 3604 Bethlehem
3716 3534 3754 3593 ιδ

2308 3639 2688 3709 inquirendum
2730 3639 3017 3711 diligenter
3039 3656 3271 3711 puergm
3309 3640 3480 3703 mittit.
3509 3637 3649 3695 Adhuc
3670 3628 3753 3685 enim

2305 3728 2444 3783 velle
2466 3745 2525 3786 se
2550 3731 2781 3787 adorare
2806 3729 3041 3795 simulat,
3071 3740 3137 3786 ut
3164 3730 3314 3786 illum
3336 3729 3492 3801 possit
3510 3725 3750 3790 exstinguat-

2308 3816 2416 3875 Sed
2439 3820 2575 3875 nihil
2601 3829 2686 3877 est
2714 3821 2923 3877 malitia
2960 3822 3201 3879 hominis
3229 3831 3415 3883 contra
3437 3818 3660 3879 consilium
3675 3807 3751 3867 dﬁ-

2306 3909 2512 3965 uitatis.

2382 4020 2401 4054 ι
2430 3998 2600 4061 Hodie
2621 4002 2780 4075 genui
2798 4012 2848 4059 te
2866 4000 2931 4072 ‘°,
2954 4000 3239 4063 iaitPater
3256 4006 3323 4063 ad
3337 4002 3513 4061 Filium
3529 4000 3748 4069 ιφιθηφω
3838 4034 3839 4049 ξ

2302 4094 2475 4167 possit
2501 4095 2617 4151 dies
2662 4094 2752 4153 ille
2791 4095 2846 4151 in
2900 4098 3187 4169 prophetia
3218 4098 3389 4154 dictus
3432 4078 3750 4155 videri,‘l“‘"d°

2304 4188 2601 4245 secundum
2628 4204 2850 4245 carnem
2874 4202 3031 4246 natus
3058 4198 3161 4257 est,
3184 4199 3244 4247 ut
3270 4208 3289 4242 ‹
3318 4186 3468 4258 genui
3493 4204 3511 4238 ι
3532 4178 3750 4247 intentiamr

2303 4284 2447 4355 gigni
2477 4284 2608 4353 feci,
2641 4293 2821 4341 tamen
2851 4286 2995 4355 quod
3036 4285 3191 4339 hodie
3218 4284 3533 4356 prmseutiam
3557 4270 3746 4359 signiﬁcat.

2304 4386 2359 4431 et
2379 4378 2435 4431 in
2462 4377 2768 4434 mternitate
2795 4394 2899 4435 non
2930 4378 3265 4449 praeteritum
3286 4386 3367 4433 est
3385 4373 3641 4445 quidquam
3661 4370 3747 4457 (Ιηξὲ

2304 4471 2526 4528 desierit
2559 4487 2712 4539 esse;
2754 4488 2857 4533 nec
2890 4470 3129 4527 futurum
3165 4480 3279 4537 est,
3308 4467 3455 4541 quasi
3494 4460 3668 4520 nondum
3691 4458 3744 4503 ειιῑ

2307 4565 2404 4619 sed
2448 4580 2687 4635 praesens
2738 4573 2982 4629 tantum,
3033 4565 3177 4636 quod
3234 4558 3479 4635 quidquid
3523 4560 3589 4611 est
3622 4551 3747 4636 Sall”

2307 4631 2570 4715 aeternum
2595 4658 2875 4715 divinitus.
2908 4656 3013 4713 Sed
3050 4631 3108 4713 id
3143 4631 3343 4714 dictum
3377 4631 3606 4720 accipitur
3627 4631 3747 4738 :15?

2306 4753 2469 4809 hodie
2508 4753 2669 4824 genui
2698 4761 2753 4809 te
2774 4792 2791 4820 ,
2820 4772 2840 4805 ι
2874 4751 2961 4808 vel
2998 4760 3149 4807 notat
3187 4748 3477 4821 specialiter
3500 4740 3613 4796 illum
3642 4728 3745 4824 dit“:

2307 4861 2417 4918 quo
2458 4812 2539 4901 de-
2551 4853 2726 4901 matre
2762 4812 2923 4900 natus
2949 4852 3034 4901 est
3068 4844 3185 4901 sine
3215 4812 3401 4914 patre,
3446 4838 3572 4909 juxta
3604 4824 3643 4880 id

2307 4908 2529 5008 angelus
2556 4936 2863 5009 pastoribus
2901 4936 2978 4991 ait
3023 4954 3034 4968 -
3084 4954 3103 4989 ‹
3135 4908 3406 4991 Annuntie
3428 4924 3556 5029 vobis

2310 5006 2600 5101 magnum,
2626 5028 2769 5099 quod
2796 5036 2957 5083 natus
2982 5036 3065 5083 est
3107 5026 3261 5083 vobis
3287 5023 3437 5081 hodie
3460 5016 3641 5101 salvat!)r

2306 5086 2564 5183 Seducum
2586 5086 2699 5177 ὶιὸχ
2729 5120 2915 5187 fuerit,
2941 5120 3111 5191 quaeri
3136 5124 3337 5189 potest.
3362 5128 3452 5173 cur
3470 5100 3643 5196 ειηεεξυὲ

2307 5215 2481 5270 dixit?
2513 5213 2621 5271 Sed
2648 5220 2807 5268 nocte
2834 5188 2995 5267 uatu—s
3019 5188 3294 5282 aptissime
3310 5206 3452 5263 hodie
3470 5193 3591 5261 nan
3608 5188 3741 5282 άίεξξυῗς

2300 5305 2455 5376 cuius
2503 5304 2761 5360 nativitas
2807 5270 3073 5359 νεῑιιειίιέ
3089 5301 3272 5357 mundi
3328 5297 3548 5361 tenebras

2302 5366 2410 5453 ιιοή
2438 5396 2740 5467 ignoratur.
2784 5393 2921 5451 Huic
2956 5393 3130 5450 simile
3173 5401 3259 5450 est
3294 5387 3427 5462 quad
3448 5382 3617 5438 Nam“
3633 5366 3741 5467 ET:

2303 5456 2497 5561 gelist;
2536 5487 2706 5543 refert
2735 5484 2941 5542 dixisse
2967 5483 3251 5541 Dominum
3278 5456 3426 5538 beato
3453 5474 3585 5565 P9“?

2708 5540 3068 5644 Admeni,dico
3093 5575 3217 5640 tibi,
3249 5572 3383 5643 quod
3413 5576 3464 5621 tu
3830 5600 3831 5637 ξ

2302 5676 2493 5736 nocte,
2541 5666 2859 5741 priusquam
2898 5636 3087 5736 gallus
3132 5636 3218 5720 bis
3264 5636 3443 5717 vocem
3486 5640 3666 5707 de“,
3693 5636 3741 5678 ⁸⁸

696 5795 713 5826 ι
742 5796 869 5865 Act.
911 5814 1007 5865 ιιι,
1033 5802 1086 5856 8.
1141 5801 1319 5858 ’lbid.
1372 5801 1553 5857 'lbid.
1610 5800 1789 5856 ‘lbid.
1850 5802 2029 5859 'lbid.
2070 5805 2204 5862 v.9.

2316 5805 2453 5863 Ibid.
2485 5823 2538 5862 v.
2565 5807 2651 5862 l0.
2685 5809 2704 5840 "
2732 5805 2865 5863 Ibid.
2897 5821 2947 5859 v.
2982 5805 3071 5860 ll.
3102 5802 3125 5836 ⁸
3154 5791 3462 5861 Mat.u,16.
3501 5784 3520 5816 ⁹
3541 5772 3737 5836 BOD-"ﬂ

624 5862 679 5929 8,
714 5864 754 5896 ¹⁰
782 5864 922 5919 Psal.
954 5862 1016 5935 tt,
1042 5871 1094 5924 7.
1124 5872 1161 5904 “
1191 5872 1321 5929 Luc.
1358 5890 1417 5940 It,
1448 5872 1537 5928 10.
