3972 6336
232 394 321 457 θα
1170 396 1693 460 Αιωςοωςιιι
1727 398 1807 458 SA

1915 384 2506 459 Αιίέοιιιῐνπυιωι
3372 400 3478 461 ses

232 526 309 569 me
335 524 395 569 es
436 516 732 583 negaturus
769 512 809 567 ί.
865 528 889 567 s
943 509 1117 571 Hodie
1153 523 1310 573 notat
1340 517 1610 586 passionis
1654 516 1802 575 utili-
1826 517 1879 581 Δ
1900 514 2072 581 riunt,
2100 530 2221 585 quae
2252 521 2381 573 tunc
2406 512 2745 585 aperiuntur,
2770 526 2895 571 eum
2914 516 2983 573 ad
3009 525 3253 575 nostram
3278 519 3480 577 intelli-

235 612 427 661 tatem:
461 604 514 659 in
550 605 651 661 hac
686 615 868 674 nocte,
900 607 1272 667 acerbitatem.
1318 609 1495 667 Hodie
1526 612 1800 685 signiﬁcat
1897 605 2134 676 sentiam
2179 605 2502 676 loquuntur,
2548 605 2802 665 dicuntur
2846 606 2981 667 ﬁdes
3028 617 3087 664 et
3113 612 3434 680 pmnitentia
3461 652 3480 679 ,

231 713 374 754 omne
396 706 609 769 ωψσε
636 697 651 719 ⁸
677 700 1081 772 genere,juxta
1099 701 1266 761 illud:
1294 721 1315 757 ς
1341 701 1529 768 Hodie,
1546 704 1595 759 si
1608 718 1798 761 vocem
1891 696 2045 767 iuxta
2072 697 2203 757 illud
2229 716 2242 753 :
2276 717 2295 750 ‹
2324 699 2392 757 Et
2418 697 2600 755 clausa
2630 707 2713 757 est
2728 699 2895 770 janus
2926 700 2973 769 ',
3005 721 3027 756 ι
3054 704 3198 773 quod
3227 706 3380 775 prius
3425 707 3481 763 in

229 791 332 863 ejus
380 789 667 847 audieritis
720 792 766 858 ²,
825 809 847 845 ι
894 793 1249 865 supplendum
1290 805 1378 855 est
1412 811 1446 851 a
1499 797 1797 868 superiori,
1897 786 2069 845 Deum
2090 787 2296 847 sanatis
2318 788 2372 845 in
2400 790 2589 861 requie
2611 792 2923 849 constituatis
2948 793 3138 853 inutile
3170 794 3279 851 erit
3304 797 3484 867 impiis

230 894 345 941 tunc
369 884 601 956 pepulus
622 882 747 955 ejus
782 893 837 942 et
861 898 990 943 oves
1022 886 1143 956 ejus
1169 888 1357 957 eritis,
1394 906 1417 942 ο
1451 889 1616 945 nolite
1642 890 1801 945 obtu-

1915 880 2111 939 ideset
2137 882 2405 952 patientia
2434 897 2450 937 :
2476 884 2620 955 quod
2648 886 2841 942 beatus
2868 890 2889 915 ‘
2914 886 3021 945 Job
3054 888 3181 945 dicit
3229 903 3245 944 :
3283 906 3307 945 ι
3341 890 3491 947 Ecce-

229 992 340 1033 rare
366 975 532 1034 conde
560 986 743 1033 vestra
796 996 812 1033 ι
851 994 871 1031 ι
904 979 1143 1036 emollita
1168 981 1347 1051 potius
1388 997 1453 1039 ea
1470 985 1513 1049 ,‘l
1541 991 1797 1056 tanquam
1893 973 2062 1046 index
2090 983 2217 1033 ante
2255 973 2478 1045 ianuam
2504 988 2615 1035 stet
2646 979 2708 1035 ιι.
2745 1000 2767 1035 ι
2795 979 2910 1039 Hoc
2935 990 3057 1050 est,
3094 984 3241 1054 quod
3264 992 3483 1055 aposto-

227 1066 395 1124 mollis
434 1081 563 1125 cm
588 1067 882 1140 inag'nem
918 1071 1065 1143 regis
1086 1071 1263 1129 nostri
1286 1072 1537 1145 recipere
1556 1058 1795 1130 valeant.
1898 1064 1983 1123 ius
2009 1066 2209 1124 Paulus
2241 1068 2321 1124 ait
2369 1086 2385 1124 :
2418 1088 2439 1123 σ
2474 1069 2737 1128 Dominus
2773 1083 3051 1146 proponet
3077 1077 3143 1130 “.
3184 1095 3207 1129 ι
3241 1077 3345 1133 Vel
3386 1093 3485 1148 per

1891 1156 2137 1231 ianuam,
2169 1159 2567 1229 misericordia,
2592 1172 2653 1218 ut
2684 1179 2849 1235 supra
2878 1183 2891 1220 :
2921 1184 2942 1219 ι
2973 1174 3030 1224 et
3061 1166 3251 1225 claua
3279 1178 3361 1225 est
3390 1167 3481 1239 ja-

322 1318 335 1333 ,
407 1329 417 1333 _
775 1319 798 1333 ,
982 1202 1007 1260 Ι
1330 1324 1351 1333 _
1891 1202 2029 1317 una,
2060 1269 2083 1304 ι
2110 1251 2166 1307 id
2185 1261 2294 1319 est,
2322 1262 2507 1325 aperta
2534 1202 2623 1311 est
2657 1202 3051 1315 nurs'erieordia.
3138 1280 3145 1285 ο

225 1319 506 1379 Inductus.
764 1319 989 1379 Istum.
1317 1324 1537 1397 Iugum.

225 1390 389 1446 Intus.
765 1381 1047 1446 Intestina.
1317 1395 1349 1446 I
1353 1398 1594 1446 animis.

1970 1343 2142 1446 [eius
2181 1355 2311 1405 sunt
2347 1319 2763 1419 pmdicatoros,
2794 1358 2856 1407 It
2882 1353 2939 1408 in
2963 1350 3071 1409 Ιώ
3106 1365 3129 1408 3
3157 1368 3181 1406 ι
3233 1351 3488 1427 quuid

225 1390 389 1449 Intus.
765 1390 1047 1450 Intestina.
1316 1390 1595 1457 Iordanis.

225 1456 500 1533 Imperigo.
764 1461 1038 1521 Iuventus.
1317 1464 1349 1521 1
1353 1470 1514 1533 aspis.

1915 1390 2045 1493 ...;.
2068 1390 2283 1508 ρατυῖξ
2298 1390 2939 1514 ίυῖἆξῖιζᾌῖίέίξέἱῖ
2963 1390 3075 1501 ἷῖσ
3098 1390 3216 1514 ἐπὶ,
3233 1390 3488 1517 ἱιῖῗιιὲἶὲ

223 1508 499 1616 ζὶίἦξξὲἔί
764 1508 1038 1616 iis???"
1900 1536 1961 1585 tu
2014 1529 2457 1601 deprehendlsti,
2504 1508 2723 1604 quas.
2765 1537 3155 1607 mmini-es
3199 1508 3338 1595 me.
3377 1508 3491 1610 ’μοι

223 1602 531 1729 imm.
738 1604 1029 1729 fma.
1316 1607 1547 1729 53m:
1901 1627 2148 1699 exempla
2183 1602 2609 1729 praecedentium
2637 1602 2833 1702 parere
2875 1634 3108 1690 debent?
3151 1634 3352 1703 Ilius,
3384 1602 3489 1692 in:

223 1676 531 1737 Ierusalem.
762 1676 1029 1799 fdutmta.
1321 1676 1547 1737 Insula.

223 1741 455 1798 Iuvenes.
797 1764 933 1809 gms.
1317 1748 1531 1809 Infans.

1915 1676 2149 1790 perfecti,
2180 1676 2243 1780 ἧς
2281 1723 2514 1782 inlibris
2536 1676 2845 1798 enim}?
2876 1676 3141 1801 £15.35.
3151 1676 3490 1800 ἐἶιῖιῖὶὶίέὲἑὶ

1732 1850 1741 1866 .
1826 1894 1867 1901 Δ
1900 1764 2253 1886 una...
2296 1764 2859 1888 ..."';:..“:;;:.;..
2876 1764 3129 1893 “ius
3155 1764 3486 1879 ;.;;;:*::‘:".

221 1881 411 1941 Iam.
762 1886 1056 1949 Iudicium.
1274 1906 1282 1915 -
1318 1889 1435 1947 Ira.
1825 1894 1875 1960 Β
1902 1881 2193 1980 «μηκίιιιυε
2212 1881 2363 1982 imp'u
2390 1912 2858 1982 persecutionibus
2875 1881 2991 1971 sa.
3012 1913 3203 1971 ﬁdeles
3220 1914 3490 1981 cruciant,

292 1995 605 2065 larinate,
660 1999 891 2056 emtaste
937 1994 1306 2070 desiderium,
1348 2010 1410 2060 ut
1456 1998 1513 2061 in
1556 1998 1741 2062 Exodo
1782 2020 1798 2060 :

226 2106 249 2141 ι
286 2088 486 2146 Aurum:
507 2082 566 2147 et
588 2098 874 2164 argentum
900 2098 955 2150 et
978 2108 1053 2151 ais
1073 2102 1129 2151 et
1176 2095 1469 2152 iacinctum
1496 2092 1539 2163 ³,
1574 2116 1592 2149 ι
1618 2090 1676 2153 id
1695 2104 1797 2163 est,

221 2180 537 2252 sapientiam
584 2190 643 2237 et
695 2181 1060 2254 eloquentiam
1089 2226 1104 2253 ,
1158 2184 1692 2257 praedestinationcm
1747 2192 1804 2243 et

222 2272 547 2330 desiderium
568 2276 811 2333 caeleste.
845 2276 952 2335 Per
978 2278 1261 2336 incinctum
1280 2322 1295 2348 ,
1324 2283 1546 2354 praemia
1574 2288 1798 2352 aeterna,

219 2374 285 2420 ut
310 2365 365 2425 in
401 2366 666 2424 Castico:
697 2387 719 2421 ι
746 2368 939 2426 lienus
972 2372 1155 2443 sponsi
1176 2372 1460 2431 tornatiles
1487 2384 1665 2430 aurea:
1690 2374 1802 2445 ple-

218 2468 304 2514 nae
323 2458 569 2517 incinctis
590 2459 635 2528 ⁸,
666 2476 687 2513 ι
722 2462 867 2533 quod
900 2478 1064 2535 opera
1083 2504 1099 2531 ,
1124 2480 1244 2536 quae
1273 2464 1522 2523 Christus
1552 2468 1607 2521 in
1637 2481 1803 2538 opere

217 2554 486 2621 exercuit,
519 2554 805 2626 sapientia:
847 2554 1097 2616 claritate
1135 2558 1474 2632 fuigescunt,
1504 2567 1560 2616 et
1583 2560 1801 2617 aeternis

214 2646 453 2714 prmmiis
479 2646 640 2719 digna
668 2656 816 2705 sunt.

286 2736 466 2809 Jaspis
516 2746 604 2795 est
650 2738 818 2807 ﬁdes,
859 2751 922 2797 ut
946 2740 1003 2797 in
1029 2738 1168 2799 Isaia
1199 2760 1213 2797 :
1248 2760 1269 2796 ‹
1301 2738 1507 2800 Pomm
1531 2738 1804 2814 jaSpiden

214 2830 617 2903 propugnatio
673 2841 763 2889 tua
789 2833 835 2901 ⁵,
871 2852 894 2888 ι
925 2836 1071 2906 quod
1122 2835 1192 2891 ad
1240 2834 1402 2892 ﬁdem
1442 2834 1806 2907 multiplican-

216 2922 343 2979 dam
372 2924 631 2982 miracula
658 2926 802 2985 Deus
824 2928 878 2985 in
905 2924 1145 2987 Ecclesia
1169 2927 1321 2986 facit.

285 3013 469 3071 Ianua
482 3025 569 3073 est
588 3015 859 3085 Christus,
875 3016 1035 3091 juxta
1058 3018 1189 3077 illud
1205 3023 1260 3077 in
1280 3021 1572 3093 Evangelio
1592 3020 1760 3078 Marci
1788 3040 1800 3077 :

220 3123 243 3157 ‹
279 3104 348 3161 Et
370 3112 564 3165 euntes
578 3106 825 3183 discipuli
847 3113 1168 3170 invenerunt
1180 3112 1385 3185 pullum
1401 3114 1567 3171 asinae
1580 3114 1805 3188 ligatum

1903 2012 2067 2070 quam
2097 2000 2217 2057 alia
2242 2001 2655 2071 tribulationes,
2689 2016 2826 2077 quas
2853 2005 2955 2061 soli
2982 1998 3211 2078 perfecti
3245 2006 3491 2078 aequani-

1902 2089 2068 2146 miter
2096 2090 2333 2149 tolerare
2358 2100 2607 2165 possunt.

1973 2180 2219 2239 Idumwa
2264 2192 2350 2241 est
2392 2186 2702 2257 gentilitas,
2732 2194 2793 2243 ut
2832 2187 2888 2244 in
2909 2182 3142 2245 Psalmis
3171 2200 3187 2243 :
3223 2202 3245 2240 ο
3274 2187 3334 2243 in
3367 2186 3493 2243 ldu—

1903 2286 2097 2331 tnaeam
2123 2276 2411 2334 extendam
2441 2279 2872 2337 calceamentum
2897 2290 3080 2336 meum
3111 2279 3177 2346 “,
3232 2296 3254 2333 ι
3290 2278 3347 2334 id
3375 2287 3494 2346 est,

1902 2378 2075 2438 usque
2120 2370 2189 2424 ad
2214 2370 2573 2442 gentilitatem
2610 2373 2927 2446 pertingere
2967 2371 3165 2427 iaciam
3196 2369 3359 2427 ﬁdem
3404 2369 3494 2425 iu-

1903 2462 2235 2519 earnationis
2262 2478 2419 2520 meae.

1973 2553 2272 2610 Jerusalem
2311 2554 2468 2625 juxta
2510 2557 2898 2632 metonymiam
2945 2557 3286 2614 habitatores
3348 2554 3497 2613 illius

1905 2646 2145 2704 civitatis
2164 2649 2423 2718 exprimit
2455 2666 2470 2717 ;
2507 2664 2671 2720 quam
2702 2651 2846 2708 Deus
2870 2650 3037 2706 Pater
3057 2650 3270 2721 planxit
3298 2648 3497 2705 allecto

1905 2737 2090 2793 dicens
2121 2756 2135 2793 :
2172 2758 2192 2791 ς
2225 2737 2562 2807 Jerusalem,
2609 2740 2910 2798 Jerusalem
2931 2781 2948 2807 ,
2991 2752 3114 2811 qua:
3140 2740 3346 2797 occidis
3370 2754 3498 2811 prc-

1902 2829 2099 2899 phetas
2127 2829 2193 2895 ¹⁵,
2230 2848 2250 2884 ι
2285 2840 2390 2887 etc.
2444 2830 2605 2887 Juxta
2660 2832 2973 2904 allegoriam
3014 2846 3147 2888 vero
3200 2829 3500 2887 Ierusalem

1905 2920 2228 2994 intelligitur
2239 2922 2483 2981 Ecclesia
2503 2936 2742 2997 presens
2762 2924 2987 2991 Christi,
3005 2931 3121 2981 toto
3131 2924 3262 2980 orbe
3280 2922 3495 2990 diﬂ‘nsa,

1906 3014 2047 3070 utin
2074 3014 2213 3072 Isaia
2246 3035 2260 3071 :
2296 3030 2315 3068 ι
2345 3015 2523 3088 Super
2544 3030 2730 3074 muros
2755 3022 2898 3083 tuos,
2928 3013 3230 3073 Jerusalan
3251 3056 3267 3083 ,
3290 3015 3497 3073 consti-

1908 3105 1986 3161 tui
2026 3107 2279 3164 Custodes
2312 3107 2376 3175 ⁸⁸,
2414 3122 2433 3160 ι
2486 3107 2542 3163 id
2571 3116 2677 3177 est,
2728 3121 2891 3181 super
2934 3114 3235 3163 conventus
3264 3115 3416 3174 tuos,
3463 3122 3498 3163 ο

211 3206 374 3254 extra
429 3199 655 3271 januam
719 3200 775 3258 in
839 3202 984 3261 bivio
1050 3202 1092 3273 ⁸,
1148 3224 1169 3259 ›
1227 3206 1371 3281 quod
1422 3205 1805 3277 praedicatores

1915 3196 2171 3263 Eceteaia,
2204 3199 2359 3271 posui
2380 3198 2653 3271 praelatos.
2685 3196 2849 3254 Juxta
2879 3196 3266 3272 tropologiam,
3323 3196 3378 3254 id
3417 3207 3502 3254 est

210 3291 393 3348 sancti
448 3292 505 3348 in
552 3295 866 3352 universum
912 3296 1173 3353 mundum
1220 3299 1288 3355 ad
1328 3299 1732 3373 praedicandum
1773 3312 1804 3355 a

1915 3289 2169 3346 moralem
2198 3302 2416 3347 sensum
2442 3331 2458 3357 ,
2494 3291 2672 3346 anitna
2704 3302 2933 3362 quasque
2966 3302 3155 3347 saneta
3197 3288 3498 3345 Jerusalem

211 3383 449 3442 Domino
505 3384 760 3445 destinati
818 3384 1146 3447 invenerunt
1196 3393 1453 3464 populum
1520 3392 1805 3449 nationum

208 3485 564 3548 peccatorum
610 3479 833 3537 funibus
878 3480 1185 3550 irretitum,
1233 3491 1289 3539 et
1314 3484 1501 3540 multis
1528 3485 1806 3542 erroribus

210 3569 585 3641 impiicatum,
629 3574 746 3630 sine
789 3574 1026 3633 Christo.
1083 3576 1263 3632 Janua
1319 3577 1636 3650 intelligitur
1672 3593 1805 3635 con-

206 3662 469 3731 scientia,
500 3664 713 3722 dicente
742 3662 970 3723 Domino
998 3667 1051 3722 in
1074 3667 1400 3739 Apocalypsi
1432 3686 1445 3722 :
1475 3687 1493 3721 ι
1530 3668 1691 3735 Ecce,
1721 3676 1807 3725 sto

206 3752 282 3811 ad
311 3757 517 3813 ostium
558 3770 615 3814 et
658 3756 831 3831 p'ulso.
862 3758 921 3815 Si
950 3761 1074 3831 quis
1102 3760 1337 3815 audierit
1364 3774 1553 3817 vocem
1604 3774 1807 3827 meam,

204 3858 268 3906 et
291 3850 575 3920 aperuerit
610 3850 868 3922 januam,
898 3852 1136 3908 introibo
1164 3853 1232 3908 ad
1272 3852 1455 3919 illum,
1500 3862 1557 3909 et
1582 3853 1810 3909 coenabo

203 3955 339 3997 cum
372 3956 459 4007 eo,
510 3951 564 3998 et
598 3943 690 3999 ille
738 3959 953 3999 mecum
1008 3940 1051 3998 '.
1089 3962 1109 3995 ι
1144 3942 1406 4000 Dominus
1449 3952 1629 3999 autem
1659 3951 1812 3998 stans

203 4029 283 4085 ad
307 4030 513 4086 ostium
536 4032 733 4102 pulsat,
759 4036 903 4105 quod
923 4033 1118 4102 juvare
1140 4043 1367 4105 paratus
1392 4035 1600 4091 crebris
1621 4035 1810 4091 admo-

202 4121 521 4178 nitionibus
546 4122 906 4181 dormientem
933 4125 1169 4191 excitat,
1206 4136 1266 4181 ut
1295 4124 1343 4182 ei
1367 4142 1464 4184 cor
1488 4143 1646 4183 suum
1679 4141 1810 4198 ape-

200 4212 328 4268 riat
358 4231 374 4267 :
405 4212 560 4283 cujus
583 4226 773 4272 vocem
795 4218 977 4285 audit,
1005 4218 1252 4290 quisquis
1278 4218 1395 4293 ejus
1420 4219 1811 4275 admonitioni-

198 4302 316 4360 bus
337 4302 544 4363 obedit.
567 4306 758 4378 Aperit
774 4307 1021 4380 januam,
1046 4309 1138 4382 qui
1162 4311 1393 4385 repulsis
1408 4312 1659 4369 vitiorum
1676 4310 1813 4368 seris

198 4392 452 4453 Domino
495 4399 720 4454 mundat
769 4401 1179 4458 conscientiam.
1230 4398 1312 4458 Ad
1361 4402 1507 4459 illam
1551 4402 1813 4461 Dominus

194 4489 424 4558 intrat,
472 4493 625 4564 cujus
659 4508 756 4549 cor
798 4506 898 4564 per
941 4496 1173 4567 gratiam
1202 4490 1487 4552 inhabitat.
1537 4492 1672 4552 Cum
1720 4496 1813 4552 illo

196 4596 443 4639 caenare
464 4582 679 4651 dicitur,
700 4584 757 4640 in
778 4585 930 4659 cujus
958 4585 1063 4642 ﬁde
1083 4592 1139 4641 et
1160 4602 1325 4658 opere
1343 4587 1663 4644 delectatur.
1692 4588 1812 4659 lpsc

1908 3393 2056 3441 recte
2088 3393 2336 3451 vocatur,
2385 3394 2448 3440 ut
2487 3380 2541 3441 in
2584 3384 2723 3440 Isaia
2768 3402 2783 3439 :
2830 3394 2850 3437 t
2898 3383 3109 3457 Surge,
3152 3380 3495 3448 illuminare,

1857 3475 1861 3481 ’
1907 3470 2210 3531 Jerusalem
2260 3475 2329 3541 η,
2366 3494 2386 3527 ιι
2445 3472 2499 3531 id
2544 3478 2667 3540 est,
2709 3486 2740 3528 a
2802 3473 3047 3530 tenebris
3080 3473 3401 3546 ignorantia
3447 3480 3502 3528 te

1908 3567 2078 3636 erige,
2105 3574 2161 3622 et
2186 3564 2332 3621 illam
2358 3567 2608 3636 pertinge
2637 3565 2974 3631 claritatem,
3016 3578 3051 3620 o
3094 3566 3294 3621 anima.
3340 3562 3504 3620 Juxta

1912 3668 2208 3729 anagogen,
2237 3656 2339 3714 hoc
2359 3667 2444 3714 est
2466 3656 2880 3729 intelligentiam
2914 3656 2982 3713 ad
3015 3658 3296 3727 Superiora
3319 3657 3505 3713 dicen-

1909 3758 2018 3805 tem
2040 3791 2056 3816 ,
2083 3749 2384 3805 Jerusalem
2404 3790 2420 3815 ,
2449 3749 2716 3804 habitatio
2747 3748 2985 3804 caelestis
3012 3750 3204 3820 patriae
3222 3790 3237 3815 ,
3284 3760 3404 3818 qua:
3432 3762 3501 3804 ex

1911 3842 2115 3898 sanctis
2140 3842 2348 3914 angelis
2372 3850 2428 3895 et
2455 3834 2765 3895 hominibus
2795 3847 3026 3904 constat,
3059 3848 3120 3893 ut
3140 3838 3193 3894 in
3224 3837 3457 3894 Psalmis
3486 3855 3501 3893 :

1917 3951 1935 3984 ι
1972 3931 2299 4001 Jerusalem,
2327 3948 2447 4003 quae
2467 3932 2767 3988 aediﬁcatur
2791 3940 2851 3986 at
2881 3930 3070 3986 civitas
3102 3930 3145 3963 ¹⁸
3164 3971 3179 3998 ,
3214 3948 3233 3983 ι
3270 3931 3413 4000 quod
3436 3944 3505 3986 ex

1910 4020 2280 4079 innumerisin
2300 4036 2466 4078 unum
2489 4022 2938 4078 convenientibus
2956 4020 3049 4077 illa
3072 4034 3303 4093 superna
3327 4024 3501 4094 patria

1912 4118 2263 4181 construitur,
2304 4116 2371 4172 iis
2400 4112 2575 4172 tribus
2600 4115 2861 4172 extremis
2886 4124 3011 4186 apte
3036 4114 3292 4171 convenit
3318 4133 3330 4168 :
3359 4115 3503 4186 quod

1912 4210 2246 4279 Jerusalem,
2278 4210 2411 4265 visio
2438 4210 2585 4281 pacis
2616 4209 3025 4282 interpretatur,
3051 4208 3300 4278 quamvis
3340 4207 3503 4262 multa

1912 4303 2171 4360 distantia
2207 4318 2221 4357 :
2252 4316 2376 4358 nam
2408 4316 2515 4374 pax
2549 4310 2860 4358 sanctorum
2888 4300 2944 4355 in
2976 4309 3117 4356 terra
3148 4300 3504 4371 peregrinan-

1914 4396 2051 4452 tium
2080 4411 2185 4451 non
2230 4402 2409 4466 potest
2435 4395 2641 4467 aequari
2666 4395 2789 4467 paci
2814 4401 3127 4450 sanctomm
3155 4392 3210 4448 in
3237 4392 3376 4449 casio
3405 4392 3421 4411 ⁶
3451 4398 3505 4447 et

1913 4493 2026 4549 Deo
2055 4493 2422 4563 regnantium.

1988 4584 2135 4657 Ignis
2159 4584 2488 4658 estSpiritus
2508 4590 2747 4653 sanctus,
2770 4580 2903 4639 utin
2925 4580 3247 4655 Evangelia:
3270 4601 3289 4633 ι
3318 4580 3498 4653 Ignem

192 4690 351 4731 vero
377 4690 500 4730 cum
527 4676 757 4732 Domino
784 4686 993 4744 coenat,
1025 4694 1185 4749 quem
1221 4679 1404 4737 divina
1431 4680 1730 4737 consolatio
1756 4690 1811 4738 et
1837 4669 1893 4732 D
1915 4681 2040 4736 veni
2085 4680 2302 4736 mittere
2353 4681 2409 4736 in
2452 4689 2653 4736 terram
2673 4721 2689 4747 ,
2735 4688 2791 4735 et
2833 4676 2963 4749 quid
3008 4672 3133 4734 volo
3167 4676 3274 4732 nisi
3303 4684 3363 4731 ut
3409 4690 3500 4731 ar-

193 4784 457 4843 superna
486 4772 772 4829 retributio
798 4776 1088 4831 confortat.
1119 4774 1323 4844 Ianua,
1352 4785 1480 4835 sunt
1505 4777 1813 4833 intellectus

192 4861 423 4918 divina:
453 4860 770 4937 Scriptura},
791 4864 947 4937 juxta
977 4865 1111 4922 illud
1142 4883 1157 4921 :
1197 4885 1217 4919 ι
1251 4866 1317 4922 Ει
1349 4867 1625 4923 mandavit
1650 4868 1812 4923 nubi-

192 4954 317 5013 bus
346 4957 584 5029 desuper
612 4956 655 5024 °,
712 4980 731 5012 ι
758 4960 864 5016 hoc
885 4967 1004 5027 est,
1030 4956 1227 5015 summi
1276 4960 1427 5016 verbi
1454 4961 1811 5032 praeconibus.

197 5071 223 5104 ς
269 5050 349 5108 Ει
362 5050 566 5121 januas
578 5052 698 5109 caeli
713 5055 946 5125 aperuit,
972 5074 992 5107 ι
1014 5055 1271 5111 Dominus
1293 5055 1550 5126 apostolis
1571 5071 1812 5122 sensum,

188 5156 269 5203 ut
301 5146 682 5220 intelligerent
706 5147 1037 5219 Scripturas.
1067 5148 1247 5204 Ianua
1273 5148 1389 5205 cwli
1407 5164 1599 5205 omnes
1620 5149 1812 5207 dicun-

189 5247 329 5304 tur,
364 5253 468 5308 per
495 5254 633 5309 quos
666 5236 760 5297 alii
790 5241 859 5296 ad
896 5240 1172 5297 caelestem
1206 5240 1596 5301 beatitudinem
1627 5242 1809 5314 ingre—

186 5329 473 5399 diuntur,
525 5347 662 5407 quas
708 5333 965 5391 nimirum
996 5332 1258 5397 Dominus
1290 5341 1418 5391 tunc
1443 5333 1651 5405 aperit,
1687 5348 1812 5388 eum

182 5432 309 5474 eos
372 5418 441 5476 de
492 5423 720 5481 secretis
746 5423 860 5480 suis
903 5425 972 5479 ad
1018 5422 1293 5494 publicum
1338 5423 1489 5479 exire
1534 5423 1681 5479 facit.
1714 5421 1814 5479 Vel

172 5506 406 5580 januas
428 5512 553 5571 coeli
581 5523 732 5582 sunt,
762 5512 853 5585 qui
879 5514 1037 5572 nobis
1060 5501 1637 5585 sacram'Scripturam
1679 5529 1809 5586 ape-

1920 4772 2049 4830 deat
2078 4772 2167 4828 "‘l
2210 4794 2230 4826 ι
2260 4780 2316 4828 et
2343 4770 2606 4845 Spiritum
2663 4781 2911 4829 sanctum
2956 4772 3011 4827 in
3051 4786 3148 4829 cor
3194 4782 3505 4835 terrenum,

1921 4878 2084 4933 terra,
2112 4874 2301 4923 vocata
2331 4874 2417 4921 est
2441 4876 2654 4921 terrena
2682 4863 3038 4929 conscientia,
3065 4877 3188 4933 quae
3209 4862 3335 4917 dum
3364 4874 3507 4915 sem-

1920 4973 2018 5029 per
2046 4968 2289 5013 terrenas
2312 4956 2671 5029 cogitationes
2692 4965 2748 5011 et
2768 4954 3016 5011 sordidas
3044 4956 3099 5009 in
3124 4969 3184 5010 se
3209 4951 3455 5024 congerit
3475 4966 3506 5004 a

1922 5046 2172 5120 malignis
2197 5044 2868 5121 spiritibus‘conculcatur.
2888 5046 2946 5102 In
2974 5047 3116 5102 hanc
3137 5055 3334 5101 terram
3364 5044 3507 5098 Deus

1921 5142 2103 5215 ignem
2149 5143 2356 5209 mittit,
2387 5158 2510 5197 cum
2542 5140 2686 5197 illam
2728 5138 2912 5197 amato
2954 5138 3189 5215 Spiritus
3224 5139 3395 5199 sancti
3419 5138 3503 5193 in-

1921 5236 2121 5293 cendit.
2156 5232 2307 5291 Tunc
2331 5235 2488 5291 ardet
2517 5244 2659 5292 terra
2681 5276 2699 5302 ,
2729 5251 2853 5303 cum
2880 5232 3086 5291 relictis
3110 5232 3504 5302 concupiscen-

1924 5330 2013 5389 tiis
2042 5332 2059 5349 '
2093 5327 2442 5385 conscientiis
2464 5327 2533 5383 ad
2555 5343 2797 5384 amorem
2825 5326 2920 5383 Dei
2943 5326 3114 5385 fervet
3139 5325 3335 5399 frigida
3356 5322 3507 5394 prius

1923 5422 2280 5481 conscientia.
2328 5420 2478 5493 Ignis
2521 5421 2843 5495 intelligitur
2868 5424 3128 5489 citat-itas,
3164 5430 3225 5476 ut
3254 5420 3311 5477 in
3346 5415 3508 5473 Levi-

1924 5514 2080 5571 tico:
2122 5532 2141 5566 ι
2191 5513 2339 5587 Ignis
2375 5515 2430 5570 in
2475 5513 2631 5570 altari
2674 5530 2891 5587 semper
2915 5513 3126 5571 ardebit
3171 5511 3240 5579 “,
3296 5529 3316 5561 ι
3364 5504 3512 5579 quod

280 5675 305 5707 ³
342 5668 521 5731 Marc.
557 5686 674 5740 ιιι,
713 5670 803 5731 '50.
858 5674 887 5707 '
912 5673 1056 5731 Psal.
1112 5684 1261 5739 xcrv,
1301 5673 1355 5731 8.
1416 5668 1438 5705 ⁸
1480 5664 1649 5729 Exod.
1684 5678 1807 5739 xxv,

1955 5672 2012 5728 t.
2086 5672 2109 5705 ι
2138 5670 2293 5729 Cant.
2324 5686 2381 5740 ν,
2426 5672 2513 5728 is.
2576 5670 2719 5729 'lsa.
2768 5680 2879 5735 uv,
2924 5660 3014 5740 ta.
3051 5650 3298 5740 fliam.
3332 5678 3409 5729 xi,
3449 5663 3506 5740 ρ.

180 5901 324 5957 xu,
359 5886 682 5945 501"]..ev.
714 5888 905 5945 νι.12.

180 5744 215 5779 ν
270 5715 1355 5870 ligatum."ipsattaafef'
1378 5744 1400 5776 ο
1442 5715 1911 5811 ιιῐῖίῖχΐίοι⁷¹
1936 5715 2293 5811 ’τἰαοοῐῗῗ
2317 5715 2381 5801 é.’
2431 5715 2887 5807 ῖῗῬιιῆῗἼνῗὲῖ
2928 5715 3014 5771 ’π
3044 5715 3409 5801 afﬁxi;
3446 5715 3501 5793 ἱ.

182 5814 253 5851 ⁸⁸
278 5815 307 5870 l
401 5828 488 5870 ea.
518 5832 662 5870 xxiv.
692 5818 745 5870 ’5.
782 5817 824 5849 ⁸⁸
844 5816 989 5870 Psal.
1018 5832 1108 5870 nx
1138 5824 1193 5870 et
1218 5832 1345 5870 cvu.
1388 5812 1431 5848 ⁸⁸
1457 5814 1606 5870 Matt.
1631 5830 1790 5870 xxm.
1815 5806 1904 5870 εν.
1940 5815 1983 5848 ⁸⁸
2012 5815 2115 5870 lsa.
2142 5831 2274 5870 mi.
2307 5814 2360 5870 6.
2396 5816 2437 5849 "
2466 5816 2569 5870 lsa.
2607 5830 2693 5870 ιιι.
2722 5831 2759 5868 ι.
2788 5810 2831 5846 ’³
2862 5809 3005 5869 Psal.
3036 5825 3180 5870 cxxr,
3212 5810 3263 5869 ’5.
3299 5807 3341 5841 ¹⁹
3365 5804 3499 5863 Luc.

401 5828 488 5889 eg.
518 5804 662 5889 xxiv,
692 5818 745 5873 '5.
782 5817 824 5849 ¹⁴
844 5816 989 5889 Psal.
1018 5832 1108 5873 ιιι
1138 5804 1193 5874 et
1218 5832 1345 5872 cvu.
1388 5812 1431 5848 ⁸⁸
1457 5814 1606 5872 Matt.
1631 5804 1790 5884 XXIII,

1940 5815 1983 5848 “
2012 5815 2115 5871 lsa.
2142 5804 2283 5881 uti,
2307 5814 2360 5871 6.
2396 5816 2437 5849 "
2466 5816 2569 5872 lsa.
2607 5830 2693 5880 LX,
2722 5804 2831 5868 ι.’¹³
2862 5809 3005 5869 Psal.
3036 5825 3180 5875 cm,
3212 5810 3263 5869 '5.
3299 5807 3341 5841 "
3365 5804 3499 5863 Luc.
