3972 6336
640 397 742 453 967

1270 377 1354 439 Β(
1375 369 2232 438 ΒΑΒΑΝΓΜΑΗΒΓΑΒΟΗΙΕΡ.
2270 373 2580 432 MOGUNT.
2610 369 2838 428 OPERU

2181 369 2232 431 P.
2270 373 2580 432 MOGUNT.
2610 369 2895 428 OPERUM
2933 368 3111 424 PARS
3145 368 3230 425 III.
3696 379 3749 436 θα

637 505 921 565 cbaritatis
949 502 1110 557 ardor
1134 515 1346 572 semper
1369 501 1424 555 in
1445 508 1625 555 mente
1652 506 1839 554 nostra
1865 511 1985 552 esse
2010 496 2202 562 debet,
2230 499 2285 558 Α
2305 493 2488 548 lumen
2513 493 2758 549 veritatis
2786 492 3086 556 continent,
3113 498 3170 544 et
3211 487 3336 543 aliis
3362 488 3649 559 praebengin
3667 496 3754 554 bene»

629 597 786 667 juxta
815 593 946 648 illud
973 609 988 646 :
1023 609 1043 642 ‹
1078 590 1222 662 Ignis
1243 597 1372 646 ante
1388 589 1562 659 ipsum
1589 587 1881 658 praecedet,
1902 592 1958 640 et
2002 582 2214 639 inﬂam-

638 689 807 744 mabit
857 687 911 741 in
956 683 1185 740 circuitu
1233 682 1483 738 inimicos
1527 679 1646 750 ejus
1698 679 1750 747 ⁸,
1805 699 1822 731 ι
1881 677 2212 735 et’ardehit

643 794 737 834 eos
765 779 805 842 ',
831 791 951 846 quae
994 774 1230 844 undique
1272 773 1487 828 fuerant
1529 771 1681 842 prius
1710 769 1944 834 inimici,
1974 777 2035 824 ut
2077 767 2211 822 ﬁant

635 868 826 924 'amici.
874 866 1042 936 Ignis,
1069 865 1270 920 bonum
1312 863 1667 927 desiderium,
1705 861 1846 916 utin
1877 859 2159 931 Scriptura
2196 878 2208 912 :

645 981 663 1013 ι
704 961 782 1014 De
802 959 1016 1015 excelso
1036 957 1187 1014 misit
1209 957 1386 1028 ignem
1407 956 1461 1010 in
1488 955 1702 1011 ossibus
1723 954 1860 1009 meis
1885 954 1906 984 '
1932 970 1947 1018 ;
1980 973 1999 1006 ι
2031 952 2086 1007 id
2106 960 2210 1016 est,

644 1054 846 1108 bonum
877 1049 1202 1106 desiderium
1236 1049 1291 1102 in
1317 1046 1546 1102 fortibus
1575 1045 1993 1115 cogitationibus
2031 1043 2167 1098 meis
2197 1060 2210 1095 :

636 1143 768 1198 Item
798 1142 954 1212 juxta
976 1140 1104 1196 illud
1125 1139 1340 1196 dicente
1367 1153 1565 1208 sponso
1591 1137 1648 1191 in
1675 1135 1900 1191 Cantico
1925 1135 1993 1190 de
2013 1134 2215 1189 virtute

635 1233 944 1288 dilectionis
972 1250 985 1285 :
1024 1249 1043 1282 ι
1077 1229 1262 1286 Fortis
1285 1236 1371 1284 est
1394 1236 1472 1282 ur
1483 1243 1629 1284 mors
1652 1226 1889 1290 dilectio,
1914 1225 2048 1280 dura
2075 1225 2217 1280 sicut

636 1323 882 1378 infernus
923 1319 1236 1389 aemulatio:
1267 1318 1545 1388 lampades
1588 1317 1727 1387 ejus,
1778 1315 2052 1386 lampades
2079 1314 2217 1384 ignis

636 1422 797 1484 atque
819 1413 1154 1468 ﬂammarum
1176 1410 1199 1442 ³
1227 1427 1242 1476 ;
1284 1429 1304 1461 ι
1349 1425 1412 1465 ac
1450 1408 1494 1464 si
1526 1422 1736 1478 sponsa:
1766 1415 1950 1475 aperte
1973 1404 2210 1459 diceret:

601 1555 604 1558 .
634 1506 878 1571 Dilectio,
904 1521 1067 1576 quam
1097 1519 1226 1576 erga
1271 1511 1326 1559 te
1349 1500 1534 1566 habui,
1582 1499 1683 1554 fuit
1725 1498 1914 1554 eﬂicax
1941 1504 2000 1552 ut
2028 1511 2176 1551 mors
2200 1537 2215 1561 ,

635 1598 782 1667 quod
807 1611 906 1667 per
947 1611 1068 1651 eam
1117 1595 1299 1650 anima
1329 1607 1449 1648 mea
1488 1605 1673 1647 amore
1714 1588 1958 1659 sejuncta
2001 1595 2119 1652 est,
2163 1596 2218 1642 et

637 1689 781 1744 sicut
825 1687 1072 1742 infernus
1119 1685 1283 1741 nullis
1320 1683 1650 1740 cruciatibus
1691 1681 2011 1736 miserorum
2054 1696 2086 1734 a
2121 1696 2217 1736 sua

633 1781 922 1838 severitate
979 1782 998 1802 "
1056 1787 1422 1836 commutatur
1477 1796 1489 1832 :
1536 1778 1616 1833 sic
1650 1776 1952 1842 aemulatio,
2005 1775 2060 1829 id
2103 1783 2215 1840 est,

2314 583 2515 654 placito
2539 585 2634 640 Dei
2680 583 3028 639 immobiliter
3065 589 3483 652 perseverantes.
3513 601 3529 634 ι
3559 583 3612 638 Et
3641 588 3673 640 si
3691 592 3753 656 quis

2315 676 2394 730 eis
2420 675 2652 730 voluerit
2691 689 2906 740 nocere,
2961 673 3102 745 ignis
3129 673 3274 728 exiet
3316 673 3380 728 de
3406 687 3493 727 ore
3529 687 3672 730 eorum
3688 679 3752 738 ¹¹,ι

2317 765 2368 820 id
2392 775 2494 830 est,
2523 767 2772 822 doctrina
2813 765 3070 836 procedet
3115 765 3181 820 de
3221 764 3485 820 locutione
3504 779 3664 821 eorum.
3687 788 3699 818 ι
3723 771 3754 823 [ι

2315 857 2597 912 devorabit
2639 857 2889 913 inimicos
2934 872 3123 913 eorum
3148 857 3210 922 ι’,
3256 875 3274 906 ι
3310 857 3449 926 quod
3488 856 3528 911 si
3562 859 3652 926 quis
3683 876 3755 928 prr-

2317 947 2578 1004 dicationi
2603 963 2790 1004 eorum
2817 948 3152 1004 contenderit
3170 947 3413 1012 obviare,
3439 947 3516 1003 vel
3556 962 3628 1004 eos
3645 967 3666 1004 a
3683 955 3754 1006 reri

2317 1045 2430 1092 tate
2457 1051 2739 1104 revocare,
2783 1037 3028 1094 doctrina
3053 1037 3348 1107 spiritualis
3373 1051 3436 1092 ex
3461 1051 3616 1092 eorum
3648 1042 3755 1108 prati

2316 1128 2532 1184 catione
2580 1129 2859 1200 procedit,
2907 1143 3028 1199 quae
3062 1129 3168 1184 sibi
3205 1129 3537 1185 adversantes
3559 1130 3754 1186 confundet

2317 1218 2495 1289 Ῑσηὶε,
2531 1219 2849 1276 excellentia
2897 1219 3232 1290 temporalis,
3265 1229 3325 1275 ut
3371 1220 3424 1275 in
3467 1220 3554 1276 Iob
3603 1241 3614 1277 :
3659 1224 3754 1278 «δεῖ

2317 1308 2620 1379 splendebit
2667 1309 2884 1364 ﬂamma
2929 1310 3069 1382 ignis
3105 1309 3221 1378 ejus
3272 1310 3349 1376 ¹³,
3387 1329 3407 1363 ι
3443 1312 3568 1380 quod
3608 1328 3680 1366 non
3713 1315 3754 1367 dia:

2317 1401 2538 1456 durabit
2565 1398 2782 1456 ﬂamma
2819 1403 3150 1459 excellentia:
3181 1402 3354 1474 impii.
3384 1402 3538 1475 Ignis,
3561 1419 3712 1468 avarus.
3731 1421 3756 1459 ει

2318 1491 2375 1546 in
2404 1490 2544 1548 Iob:
2577 1510 2597 1545 ι
2628 1491 2773 1564 Ignis
2802 1494 3024 1550 devorat
3049 1493 3400 1550 tabernacula
3425 1510 3588 1551 eorum
3609 1494 3683 1560 “,l
3700 1499 3753 1567 qui,

2319 1585 2373 1640 id
2399 1593 2508 1651 est,
2540 1595 2705 1642 aestus
2752 1588 2980 1643 avaritia
3007 1591 3288 1645 excruciat
3337 1601 3532 1646 mentes
3565 1590 3754 1660 impiorum.

2319 1674 2467 1746 Ignis
2489 1717 2504 1743 ,
2561 1675 2733 1742 zelus,
2763 1697 2782 1729 ι
2819 1675 2891 1733 Ut
2930 1679 3108 1750 ignem
3151 1679 3356 1736 faceret
3393 1679 3456 1736 de
3487 1680 3604 1736 calo
3627 1681 3754 1736 descen-

2321 1769 2475 1834 dere,
2512 1753 2532 1821 ί
2566 1769 2620 1826 id
2649 1781 2751 1836 est,
2782 1779 2844 1825 ut
2873 1771 3050 1826 zelum
3081 1771 3292 1829 faceret
3327 1773 3590 1843 procedere
3622 1775 3668 1827 de
3697 1788 3754 1826 car-

640 1871 947 1928 (ilectionis
970 1871 1246 1942 exsecutio
1273 1872 1288 1890 '
1317 1869 1525 1925 nullum
1550 1869 1788 1925 hostium
1811 1867 2161 1923 tentamentis
2186 1881 2216 1919 a
2246 1863 2294 1924 B
2321 1857 2479 1914 dibus
2502 1858 2812 1915 sublimium
2841 1861 3103 1917 virorum.
3138 1861 3319 1934 Ignis,
3353 1862 3618 1929 tribulatio,
3639 1863 3754 1917 dicen:
3800 1925 3801 1932 η

634 1979 768 2019 cura
797 1962 988 2018 salutis
1015 1963 1265 2018 humana:
1297 1962 1474 2032 potuit
1501 1975 1780 2018 revocare.
1827 1960 1970 2027 Quid
2004 1958 2217 2014 multa?

633 2054 951 2125 Quicunque
980 2054 1284 2109 dilectionis
1328 2068 1457 2109 vasa
1489 2051 1645 2118 fiunt,
1677 2061 1732 2107 et
1761 2052 1908 2106 intus
1935 2050 2218 2106 desideriis

631 2145 788 2200 bonis
814 2144 1058 2212 fervent,
1101 2154 1156 2201 et
1179 2145 1313 2201 foris
1337 2145 1518 2201 lucent
1546 2144 1812 2201 evidentia
1842 2144 1998 2218 home
2021 2158 2216 2213 opera-

635 2237 814 2292 tionis.
844 2237 1026 2308 Ignis,
1060 2240 1222 2294 ardor
1247 2239 1588 2305 sanctitatis,
1633 2245 1694 2293 ut
1720 2239 1776 2293 in
1796 2237 1934 2292 Isaia
1967 2255 1981 2291 :
2018 2255 2037 2287 ι
2074 2237 2218 2292 Deus

634 2327 773 2396 imis
803 2335 886 2382 est
932 2329 987 2380 iu
1011 2327 1143 2382 Sion
1167 2327 1208 2394 ’⁵,
1243 2348 1261 2380 ι
1291 2329 1346 2384 id
1371 2338 1474 2394 εει,
1506 2329 1664 2398 cujus
1707 2328 2013 2383 sanctitatis
2057 2327 2220 2382 ardor

636 2417 692 2471 in
718 2418 963 2473 Ecclesia
991 2427 1094 2474 εει.
1116 2419 1283 2489 Ignis,
1314 2421 1496 2476 lumen
1526 2421 1784 2486 scientias,
1816 2427 1877 2474 ut
1900 2420 1954 2474 in
1984 2419 2168 2474 Exodo
2199 2433 2214 2472 :

645 2527 664 2558 ι
704 2508 834 2562 Erat
860 2519 1039 2564 autem
1077 2512 1285 2580 species
1318 2512 1501 2583 gloriae
1524 2513 1738 2567 Domini
1765 2512 1918 2582 quasi
1963 2511 2100 2580 ignis
2123 2526 2213 2565 ar-

639 2598 774 2653 dens
838 2600 892 2665 ”,
954 2619 973 2651 ι
1035 2602 1176 2671 quod
1244 2603 1311 2657 ad
1374 2603 1779 2658 similitudinem
1842 2602 2034 2657 divina:
2101 2601 2215 2672 glo-

637 2690 731 2744 riae
775 2693 1023 2761 perducit
1065 2694 1292 2749 scientia
1349 2696 1663 2750 succedens.
1718 2695 1900 2765 Ignis,
1960 2709 2215 2765 persecu-

640 2783 735 2846 tio,
781 2793 842 2838 ut
883 2785 938 2840 in
969 2784 1291 2857 Apocalypsi
1342 2805 1356 2842 :
1395 2805 1413 2838 ι
1452 2785 1596 2858 Ignis
1623 2787 1826 2840 mixtus
1867 2794 1950 2841 est
1990 2785 2044 2840 in
2095 2801 2218 2840 san-

638 2875 798 2943 guine
847 2875 902 2940 ⁶,
953 2894 972 2927 ›
1033 2875 1088 2930 id
1131 2885 1253 2941 εει,
1303 2877 1612 2948 persecutio
1667 2875 1974 2932 Iudaeorum
2029 2884 2218 2931 contra

640 2967 912 3036 apostolos
937 2968 1204 3038 processit
1227 2984 1399 3040 usque
1426 2970 1496 3025 ad
1543 2969 1822 3040 sanguinis
1873 2967 2214 3034 eﬂ‘usionem,

641 3059 658 3076 ¹
685 3058 736 3116 'td
765 3066 850 3113 est
880 3058 1112 3125 invidiae,
1162 3069 1223 3114 ut
1265 3060 1318 3114 in
1351 3059 1452 3116 Job
1498 3079 1510 3115 :
1546 3079 1565 3112 ε
1601 3061 1744 3132 Ignis
1784 3061 1880 3117 Dei
1918 3063 2114 3119 cecidit
2150 3063 2218 3118 de

641 3147 782 3202 cmlo
809 3147 852 3212 ",
889 3167 908 3200 ι
948 3149 1092 3218 quod
1145 3151 1495 3219 permittente
1545 3151 1654 3207 Deo
1703 3153 1771 3208 ab
1823 3153 1952 3222 ipsis
1992 3153 2218 3208 summis

2316 1949 2525 2006 Joanne
2550 1952 2606 2006 in
2642 1953 2964 2026 Apocalypsi
3013 1975 3026 2010 :
3076 1973 3096 2008 ‹
3130 1955 3306 2012 Pedes
3347 1958 3458 2028 ejus
3489 1957 3650 2014 similes
3679 1959 3752 2011 auri-
3800 1973 3801 1980 η

2317 2040 2508 2098 chalco
2553 2042 2692 2098 sicut
2738 2045 2792 2098 in
2831 2046 3046 2102 camino
3083 2047 3225 2118 ignis
3277 2047 3506 2106 ardentis
3539 2048 3592 2113 ι’,
3632 2067 3646 2100 ι
3685 2048 3752 2117 ηειεὲ
3800 2103 3801 2118 χ

2316 2135 2700 2204 praedicatores
2735 2137 3056 2194 Antichristi
3083 2142 3456 2211 purgabuntur
3477 2157 3562 2212 per
3580 2141 3751 2212 experien-

2319 2225 2449 2281 tiam
2474 2227 2807 2298 gravissima:
2832 2229 3219 2288 tribulationis.
3236 2232 3588 2289 Aurichalcnm
3599 2233 3696 2289 enim
3708 2247 3752 2301 per

2319 2319 2548 2374 multam
2573 2322 2912 2378 exactionem
2936 2332 3180 2380 mutatur
3211 2325 3268 2380 in
3292 2327 3409 2382 auri
3429 2327 3638 2382 colorem.
3661 2323 3750 2394 Ignis.
3800 2321 3801 2388 1

2317 2405 2581 2473 vindicta,
2621 2417 2683 2464 ut
2711 2409 2764 2463 in
2805 2411 3020 2466 cantico
3049 2411 3450 2468 Deuteronomii
3480 2431 3493 2468 ;
3523 2432 3538 2464 ι
3563 2412 3666 2482 Ignis
3689 2425 3751 2462 suc-
3800 2399 3801 2494 ξ

2318 2518 2516 2559 census
2535 2513 2620 2560 est
2664 2505 2719 2560 in
2761 2505 2946 2562 furore
2983 2523 3105 2564 meo
3128 2507 3193 2573 ",
3241 2529 3260 2562 ι
3289 2510 3428 2580 quod
3447 2509 3636 2564 vindicta
3651 2513 3750 2575 parata

2321 2601 2424 2660 est,
2453 2609 2541 2648 me
2569 2595 2740 2660 irato,
2777 2613 2796 2647 ι
2831 2605 2887 2651 ει
2912 2596 3123 2652 ardebit
3145 2613 3320 2669 usque
3351 2598 3416 2652 ad
3441 2597 3604 2651 inferni
3621 2592 3751 2649 novissi-

2317 2702 2439 2753 ma,
2486 2687 2605 2742 sine
2650 2687 2761 2744 ullo
2807 2688 2990 2745 futuro
3031 2691 3274 2748 remedio
3319 2692 3358 2723 "
3404 2710 3420 2743 ι
3471 2688 3587 2760 quod
3624 2701 3691 2741 non
3711 2693 3749 2736 est

2317 2778 2402 2834 bis
2459 2779 2513 2833 in
2563 2781 2741 2850 ipsum
2769 2782 3045 2839 vindicare
3087 2802 3100 2838 :
3136 2785 3282 2855 quod
3327 2785 3413 2840 hic
3455 2792 3526 2839 est
3561 2796 3638 2853 pa!
3667 2792 3749 2848 pm?

2318 2865 2475 2960 finita
2498 2909 2513 2934 ,
2538 2910 2544 2914 .
2570 2871 2665 2926 sed
2701 2872 2874 2942 culpis
2911 2889 3097 2929 eorum
3125 2891 3298 2945 parva
3324 2875 3614 2948 ρι-οιοηεω,
3644 2870 3747 2940 19mg,

2320 2957 2549 3013 inferior
2574 2961 2827 3030 spiritus,
2850 2971 2909 3018 ut
2938 2965 2995 3019 in
3023 2964 3258 3022 Psalmis
3286 2981 3303 3018 :
3340 2985 3358 3018 ι
3395 2964 3684 3022 Transivimns
3705 2971 3748 3027 per
3800 2957 3801 3030 1

2318 3050 2497 3122 ignem
2528 3063 2584 3108 et
2610 3070 2807 3125 aquam
2840 3057 2919 3123 η,
2971 3077 2990 3108 ι
3023 3057 3078 3113 id
3112 3067 3198 3114 est
3221 3101 3238 3127 ,
3287 3075 3383 3130 per
3425 3053 3744 3114 ardoremadver-

2319 3143 2497 3199 sitatis
2537 3153 2590 3200 et
2620 3145 2856 3202 lenimen
2895 3151 3300 3219 prosperitatis.
3345 3150 3507 3221 Ignis,
3530 3146 3684 3203 vesania
3702 3143 3747 3194 iw-

639 3216 981 3309 principibus
1025 3216 1331 3297 Judaeorum
1384 3243 1584 3298 invidia
1632 3216 1920 3314 processit.
1977 3245 2109 3300 Item
2160 3245 2216 3299 in
2243 3216 2290 3280 ο
2319 3235 2630 3304 Patientia},
2664 3245 2725 3291 ut
2753 3237 2810 3292 in
2853 3216 3128 3296 Psalmis:
3164 3260 3184 3292 ι
3225 3216 3458 3296 Tradidit
3494 3236 3745 3330 possessioneﬂ

639 3327 960 3400 Apocalypsi
993 3349 1006 3383 :
1060 3349 1079 3382 ι
1115 3331 1181 3385 Ει
1207 3332 1414 3400 primus
1441 3332 1662 3402 angelus
1717 3335 1845 3390 tuba
1887 3335 2087 3390 cecinit
2112 3335 2156 3402 ⁸,
2189 3354 2210 3388 ι

641 3421 784 3488 quod
831 3429 1006 3476 cmtus
1035 3422 1400 3492 apostolorum
1447 3423 1594 3480 clara
1623 3440 1756 3482 voce
1800 3426 2037 3482 intonuit
2062 3467 2078 3494 ,
2109 3447 2128 3479 ‹
2161 3436 2216 3482 ει

641 3509 784 3564 facta
807 3519 892 3565 est
913 3512 1118 3582 grando
1147 3515 1164 3532 ‘
1190 3513 1322 3569 dura
1341 3555 1355 3579 ,
1394 3534 1414 3568 ι
1469 3515 1719 3573 videlicet
1754 3518 2136 3581 comminatio,
2162 3527 2217 3574 et

646 3617 664 3648 ‹
704 3598 843 3667 ignis
867 3601 1061 3656 mislus
1088 3610 1171 3657 est
1195 3603 1250 3657 in
1277 3604 1556 3674 sanguine,
1587 3625 1606 3656 ι
1633 3607 1774 3676 quod
1789 3607 1992 3662 invidia
2005 3604 2217 3662 Iudaic-

641 3705 762 3743 rum
787 3699 975 3746 contra
1017 3693 1289 3763 apostolos
1315 3696 1582 3764 processit
1604 3711 1776 3768 usque
1803 3698 1872 3753 ad
1899 3697 2215 3753 eﬂ'usionem

638 3781 933 3852 sanguinis,
970 3803 989 3834 ‹
1021 3794 1076 3839 ει
1106 3786 1124 3804 ‘
1154 3784 1352 3842 missus
1381 3795 1494 3853 est,
1543 3807 1561 3840 ›
1597 3789 1741 3858 quod
1767 3789 1872 3845 hoc
1902 3789 2102 3844 factum
2131 3797 2216 3845 est

639 3872 692 3926 in
742 3871 962 3940 Iudaea,
994 3891 1212 3932 vomere
1258 3877 1392 3949 legis
1418 3880 1652 3936 exculta.
1709 3899 1728 3932 ι
1781 3881 1847 3936 Ει
1893 3882 2052 3936 tertia
2089 3897 2216 3952 pars

639 3965 894 4021 arborum
943 3979 1288 4024 concremata
1333 3980 1446 4037 est,
1497 3981 1552 4027 et
1607 3988 1765 4028 omne
1816 3973 2000 4028 fenum
2046 3973 2217 4029 viride

637 4057 979 4112 combustum
1039 4067 1141 4114 est.
1196 4077 1215 4110 ι
1286 4059 1448 4114 Terra
1493 4060 1761 4132 signiﬁcat
1807 4061 2092 4118 inferiores
2158 4062 2215 4116 in

639 4144 865 4212 Iudaeis;
897 4150 1130 4216 arbores,
1161 4151 1409 4218 altiores,
1440 4166 1671 4223 quorum
1704 4169 1831 4226 pars
1859 4155 2088 4224 reproba
2115 4169 2214 4210 ex-

641 4246 839 4290 caecata
857 4245 940 4292 est
963 4254 1062 4308 per
1082 4240 1257 4310 ignem
1282 4241 1497 4296 invidiae
1521 4259 1536 4308 ;
1561 4242 1740 4313 fenum
1762 4243 1943 4308 viride,
1967 4243 2217 4300 carnales

642 4325 1036 4395 intelliguntur,
1061 4330 1153 4400 qui
1174 4331 1353 4386 saeculi
1376 4332 1585 4402 gaudiis
1604 4333 1825 4389 omnino
1846 4335 2010 4390 dediti
2029 4349 2217 4390 omnes

640 4420 894 4474 excaecati
920 4430 1062 4476 sunt.
1092 4421 1170 4478 Ne
1195 4425 1340 4479 enim
1366 4423 1543 4480 locum
1573 4433 1627 4481 et
1651 4435 1865 4498 gentem
1893 4429 2213 4498 perderent,

641 4506 916 4566 Christum
943 4519 1000 4568 et
1031 4515 1304 4584 apostolos
1323 4514 1664 4582 occiderunt,
1684 4525 1738 4573 et
1767 4519 1887 4574 ideo
1912 4535 1943 4573 a
1965 4528 2110 4576 terra
2125 4521 2216 4576 illa

641 4613 736 4667 per
765 4608 934 4655 totum
959 4601 1222 4658 eliminati
1252 4604 1549 4674 perierunt.
1577 4605 1749 4677 Ignis,
1777 4609 2044 4675 doctrina,
2073 4619 2132 4665 ut
2162 4611 2216 4665 in

641 4690 958 4761 Apocalypsi
979 4691 1023 4756 ',
1038 4692 1104 4748 de
1119 4693 1302 4749 Enoch
1319 4701 1374 4749 et
1389 4694 1502 4750 Elia
1515 4711 1646 4752 voce
1658 4697 1858 4754 Christi
1873 4699 2069 4754 dicitur
2085 4717 2132 4754 ε(
2149 4700 2218 4755 Ει

643 4777 781 4834 dabo
817 4781 1026 4838 duobus
1051 4785 1276 4840 testibus
1307 4787 1462 4854 meis,
1495 4807 1513 4838 ι
1542 4787 1726 4844 Enoch
1749 4789 1953 4845 scilicet
1991 4797 2046 4846 et
2065 4791 2214 4856 Eliae,

641 4869 864 4924 verbum
926 4875 1348 4944 prmdicationis,
1403 4897 1421 4928 ι
1471 4887 1528 4934 ει
1577 4879 1974 4948 prophetabunt
2005 4883 2022 4902 ‘
2071 4881 2215 4936 mille

643 4961 888 5019 ducentis
902 4969 1200 5037 sexaginta,
1225 4971 1408 5026 amicti
1429 4971 1667 5056 saccis”:
1689 4973 1831 5041 quod
1845 4973 2216 5041 praedicabunt

644 5054 816 5110 tribus
836 5059 992 5114 annis
1003 5069 1058 5115 et
1072 5062 1315 5130 dimidio,
1331 5054 1682 5134 praeferente—5
1698 5065 1938 5119 habitum
1953 5067 2221 5135 poeniten-

616 5145 751 5211 .tiaa,
776 5162 882 5202 non
903 5151 1046 5218 quod
1069 5153 1386 5220 poenitentia
1413 5155 1704 5226 indigeant,
1733 5155 1954 5226 quodin
1983 5170 2042 5210 se
2068 5171 2219 5212 com-

641 5233 791 5304 plent
817 5253 997 5309 Opere,
1023 5244 1164 5311 quod
1189 5243 1323 5300 alios
1345 5244 1560 5300 docent.
1597 5265 1616 5297 ι
1657 5245 1751 5300 Hm
1771 5255 1898 5301 sunt
1926 5247 2044 5301 duae
2067 5247 2224 5303 olivae

644 5332 698 5379 et
746 5327 851 5384 duo
895 5332 1220 5388 candelabra
1255 5334 1510 5399 lucentia,
1539 5336 1592 5389 in
1620 5344 1913 5407 conspectu
1943 5337 2038 5392 Dei
2066 5345 2226 5393 teme

642 5423 848 5477 stantes
901 5421 965 5490 ‘°,
1013 5442 1031 5475 ι
1072 5424 1215 5494 quod
1260 5423 1468 5495 Spiritu
1511 5436 1698 5482 sancto
1739 5428 1928 5496 repleti
1969 5436 2025 5484 et
2077 5428 2132 5483 in
2166 5443 2227 5483 se

719 5599 734 5630 ³
757 5600 899 5657 Psal.
945 5619 1089 5669 xcvr,
1119 5603 1174 5659 3.
1202 5607 1223 5637 ²
1251 5606 1452 5664 Thren.
1499 5626 1539 5674 ι,
1570 5611 1624 5664 5.
1667 5609 1689 5640 ³
1715 5608 1875 5666 Cant.
1899 5625 2016 5677 Vill,
2050 5610 2103 5664 6.
2138 5610 2160 5642 ⁵
2186 5609 2274 5666 Isa

721 5707 735 5718 .
760 5671 781 5701 ⁸
804 5673 968 5718 Anna-
999 5690 1112 5718 νιιι-
1141 5675 1193 5718 ’1-
1230 5675 1252 5706 ο
1292 5677 1452 5718 Anno,
1487 5695 1538 5718 τι
1593 5681 1626 5718 z
1676 5680 1716 5710 ιο
1746 5680 1858 5718 Ihm
1910 5696 1943 5718 ν
1985 5681 2019 5718 Α
2076 5681 2115 5712 ιι
2150 5681 2262 5718 Ibid

2150 5609 2274 5718 *llsa
2298 5626 2450 5677 χχιιι,
2476 5613 2530 5668 9.
2584 5613 2810 5695 "_Exod.
2845 5631 2996 5680 xxxv,
3027 5617 3115 5671 l7.
3153 5616 3174 5647 ⁸
3205 5615 3360 5684 Apoc.
3387 5599 3548 5718 vnn;-

2175 5682 2262 5718 hul
2313 5697 2345 5718 ν
2402 5682 2432 5718 ἓξ
2483 5683 2525 5713 11
2553 5683 2664 5718 llud
2719 5686 2762 5716 ιι
2800 5685 2890 5718 [Ah
2938 5702 3069 5718 -.ν-η
3119 5687 3150 5718 κ
3199 5686 3242 5718 ιι
3266 5683 3363 5718 ιηιικ
3393 5687 3464 5718 xv.
3545 5701 3554 5712 -
3646 5714 3653 5718 _

810 5680 968 5751 Apoc.
999 5690 1113 5736 vm,
1141 5680 1193 5727 7.
1230 5680 1252 5706 '
1287 5680 1456 5751 Apoc:
1475 5680 1881 5751 _xr,_5.r‘_°_lbid.
1910 5696 1961 5733 v.
1985 5681 2038 5734 4.
2076 5681 2115 5712 ¹¹
2149 5681 2286 5751 Ibid:
2313 5697 2367 5734 v.

1985 5681 2038 5734 4.
2076 5681 2115 5712 ¹¹
2149 5681 2286 5751 Ibid:
2313 5697 2367 5734 v.
2399 5682 2452 5736 5.
2483 5683 2525 5713 η
2553 5683 2686 5738 Ibid.
2719 5686 2762 5716 "
2790 5685 2909 5742 Job.
2938 5702 3092 5751 xvm,
3117 5687 3169 5742 5.
3199 5680 3376 5751 “Iob;
3393 5687 3470 5751 δεῖν,
3488 5680 3553 5751 1”;

909 5743 1061 5822 Deut.
1094 5760 1264 5822 χχχιι,
1410 5747 1450 5822 ‘_'
1475 5736 1605 5802 Ibid.
1657 5748 1872 5822 "Aljsal.
1897 5766 2025 5822 μγ,
2063 5751 2148 5805 12.
2191 5736 2211 5782 ν¹

1945 5766 2025 5822 xv.
2063 5751 2148 5805 12.
2191 5736 2238 5782 θη
2261 5750 2404 5806 Psal.
2447 5736 2652 5818 ωωινὶι,
2676 5736 3231 5822 ’48.“ῑο”ἰιὲξιί’.“’χὶὶχ,
3262 5736 3316 5807 '5,
3342 5747 3378 5778 ιι
3409 5736 3513 5796 Ibid.

647 5668 735 5723 16.
760 5671 781 5701 ⁸
802 5673 968 5740 Apoc.
999 5690 1113 5736 vm,
1141 5675 1193 5727 7.
1230 5675 1252 5706 ’
1287 5677 1327 5730 A

651 5807 814 5859 15.”
858 5809 976 5866 .lob.
1008 5828 1159 5878 XXXI,
1201 5807 1288 5868 is.
1321 5815 1369 5847 ιι
1410 5817 1568 5873 Prov.
1598 5832 1674 5882 Vl,
1703 5819 1793 5871 ετ.
1828 5820 1875 5851 π
1897 5807 2033 5874 1ωαί

2318 3343 2506 3384 eorum
2549 3331 2659 3402 igni
2689 3331 2758 3398 ι’,
2789 3350 2809 3384 ›
2839 3332 2895 3387 id
2920 3343 3005 3390 est
3025 3375 3040 3399 ,
3084 3335 3432 3405 patientiam,
3478 3334 3526 3388 in
3548 3344 3624 3402 qua
3657 3338 3743 3417 Ροδδξ

2318 3420 2446 3476 dere
2475 3423 2672 3478 debent
2701 3424 2910 3480 animas
2952 3441 3112 3494 suas,
3152 3443 3256 3498 per
3277 3425 3614 3498 impatientiam
3633 3417 3743 3472 desth

2317 3513 2582 3580 permisit.
2611 3533 2630 3565 ι
2663 3513 2943 3571 Possessio
2972 3516 3084 3587 igni
3117 3519 3370 3581 traditur,
3397 3535 3413 3567 ι
3440 3511 3611 3585 quando
3625 3504 3742 3598 Pam

2316 3605 2392 3659 tia
2417 3605 2473 3660 in
2502 3622 2608 3677 qua
2635 3607 2845 3664 animas
2870 3618 3082 3665 nostras
3105 3612 3464 3680 possidemus,
3488 3620 3567 3676 per
3579 3595 3743 3688 ἰωνίάέίξ

2318 3695 2448 3750 tiam
2480 3697 2765 3768 expellitur
2809 3718 2823 3753 :
2871 3700 3013 3771 ignis
3053 3701 3433 3772 purgatorius,
3476 3697 3551 3767 qui
3582 3683 3742 3761 apparebil

2321 3797 2447 3845 ante
2476 3789 2677 3846 faciem
2703 3791 2919 3846 Domini
2954 3791 3022 3846 ad
3049 3791 3315 3862 judicium
3339 3786 3591 3849 venientis,
3613 3781 3683 3870 ἱρεέ
3705 3779 3740 3870 é‘

2319 3880 2658 3948 intellectus,
2710 3882 2778 3937 de
2819 3897 2926 3953 quo
2951 3881 3198 3938 Psalmus
3242 3883 3468 3953 loquitur
3506 3896 3519 3932 :
3555 3893 3568 3925 ι
3605 3867 3740 3960 Igiliim

2320 3981 2604 4042 conspectu
2655 3971 2770 4042 ejus
2815 3974 3134 4030 exardescet
3161 3974 3230 4038 '°,
3273 3994 3290 4025 ι
3327 3972 3457 4045 quod
3492 3970 3534 4024 in
3568 3961 3741 4046 ultimm"i
3800 3993 3801 4044 γ

2320 4061 2461 4117 dicio
2487 4063 2627 4132 ignis
2649 4071 2852 4118 terram
2881 4072 3092 4130 exuret,
3132 4064 3460 4135 conﬂagrans
3484 4061 3500 4080 ⁶
3523 4065 3652 4110 tamen
3669 4052 3739 4135 381:5
3800 4059 3801 4102 1

2321 4125 2556 4220 spatium
2599 4159 2860 4220 quantum
2901 4125 3101 4208 dudum
3139 4125 3415 4224 occupavit
3452 4125 3738 4230 diluviunniit
3800 4189 3801 4230 1

2321 4218 2375 4294 in
2427 4218 2657 4296 circuitu
2697 4241 2814 4312 ejus
2861 4251 3153 4312 tempestas
3203 4218 3376 4297 vaiida
3422 4239 3488 4300 ἰ,
3529 4253 3544 4286 ι

2319 4330 2503 4400 paleas
2525 4331 2636 4403 igni
2665 4311 3020 4403 deputandas.
3057 4332 3223 4403 Ignis,
3257 4332 3404 4389 dolus
3427 4313 3684 4382 Antichristi.
3710 4311 3736 4355 υι

2321 4422 2375 4476 in
2404 4421 2542 4478 libro
2567 4421 2815 4479 Iudicum
2847 4443 2861 4479 :
2893 4444 2910 4476 ι
2943 4425 3268 4496 Egrediatur
3293 4424 3425 4496 ignis
3443 4421 3500 4476 de
3521 4403 3734 4504 dum“???

2321 4513 2543 4570 devoret
2586 4515 2780 4572 cedros
2833 4516 3024 4572 Libani
3051 4519 3131 4585 ",
3185 4539 3202 4570 ι
3265 4515 3398 4587 quod
3434 4509 3557 4568 dolus
3583 4501 3734 4592 mansti

2321 4607 2577 4677 procedet
2624 4609 2694 4663 ab
2740 4607 3079 4665 Antichristo
3105 4650 3121 4675 ,
3173 4617 3228 4665 et
3259 4606 3453 4664 occidet
3487 4590 3733 4677 sanctos“?
3800 4607 3801 4664 ἶ

2323 4665 2594 4756 Ecclesiae.
2631 4699 2808 4772 Ignis,
2851 4665 3180 4765 lux'uria,'ut
3206 4703 3260 4757 in
3283 4699 3379 4755 Job
3406 4717 3418 4752 :
3444 4665 3730 4784 Ignis

2320 4763 2684 4862 perditionem
2716 4763 2884 4849 trahit
2929 4794 2997 4848 ".
3040 4763 3172 4850 Item
3205 4763 3484 4850 Salomon;
3517 4801 3532 4834 ι
3569 4763 3729 4844 Ουίείῗιθ
3800 4825 3801 4828 η

2319 4883 2502 4938 condit
2553 4883 2731 4954 ignem
2765 4883 2822 4938 in
2870 4885 2991 4940 sinu
3019 4899 3118 4941 suo
3139 4927 3154 4949 ,
3209 4894 3264 4941 et
3291 4881 3569 4947 vestimenta
3601 4862 3728 4954 Silam“

2318 4953 2702 5030 comburentur
2743 4977 2824 5030 “?
2873 4995 2891 5026 ι
2939 4977 3116 5048 ignem
3169 4978 3358 5048 quippe
3403 4973 3450 5027 in
3485 4966 3576 5022 Sin“
3605 4953 3728 5050 me?
3800 4965 3801 4992 ξ

2323 5063 2452 5118 dere
2494 5073 2580 5119 est
2634 5065 2906 5120 luxuriam
2951 5033 3237 5138 diligenter
3262 5033 3522 5122 ⁸(ίεευιιειιιε
3553 5050 3591 5104 in
3623 5033 3725 5138 αξτδῗί

2321 5157 2644 5212 vestimenta
2665 5158 3006 5226 comburere,
3040 5130 3124 5216 est
3149 5161 3366 5214 virtutes
3387 5152 3547 5209 animm
3561 5151 3630 5212 Ρετ
3649 5130 3726 5182 1""

2322 5246 2460 5301 riam
2486 5247 2753 5318 deperire.
3445 5324 3525 5348 tu
3587 5297 3725 5348 md“

2397 5337 2565 5411 Ignis,
2597 5339 3032 5410 concupiscentia
3050 5383 3065 5408 ,
3091 5349 3154 5397 ut
3177 5350 3331 5413 supra
3359 5355 3372 5391 :
3405 5352 3422 5386 ι

2327 5403 2506 5498 ignem
2531 5403 2587 5485 in
2608 5431 2732 5486 sinu
2753 5403 2851 5488 suo
2876 5432 2957 5487 "‘i
2989 5453 3008 5486 ι
3038 5403 3180 5502 quod
3198 5403 3348 5488 nemo
3364 5403 3703 5497 ιιοιεειὶιιίεὶκ*1111

3347 5647 3360 5662 .
3387 5615 3487 5661 vin,
3507 5594 3548 5662 7·
3580 5575 3720 5662 11913;."

3539 5730 3570 5758 η
3587 5714 3666 5775 Μ.
3680 5720 3718 5758 ιι.
