3972 6336
585 307 684 364 971

1231 305 1293 360 Β.
1335 305 1589 361 RABANI
1629 306 1851 362 MAURI
1887 303 2210 360 ΑιιωιιΕΡ.
2252 303 2564 362 MOGUNT.
2606 306 2799 364 OPERl

2151 303 2210 358 P.
2252 303 2564 362 MOGUNT.
2606 306 2891 364 OPERUM
2929 307 3111 366 PARS
3147 310 3228 366 Ill.
3647 331 3716 388 9η

587 429 732 494 quod
767 421 995 478 Domino
1023 429 1329 476 extremum
1370 427 1659 475 exercente
1696 418 1957 489 judicium
1981 433 2170 473 omnes
2197 425 2251 484 Α
2274 417 2390 471 bor.
2421 416 2696 484 Iordanis,
2740 418 3070 474 instabilitas
3107 397 3261 492 hujus
3301 424 3428 492 vitae,
3451 437 3502 484 ut
3538 433 3582 488 in
3616 399 3719 500 libris

585 514 780 584 iniqui,
809 513 902 583 qui
926 513 1032 568 nisi
1059 511 1367 568 habitacula
1402 512 1707 566 daamonum
1750 509 1866 564 sine
1894 510 2165 579 poeniten-

587 609 680 664 tite
725 607 966 662 remedio
992 607 1148 673 ﬁunt,
1179 618 1235 662 et
1279 607 1394 676 ipse
1435 604 1702 667 diabolus,
1747 603 1838 673 qui
1869 604 2036 658 totius
2068 619 2164 658 no-

587 707 714 754 stra:
744 699 936 754 mortis
967 713 1128 752 causa
1158 706 1260 762 est,
1301 698 1354 752 in
1382 711 1570 766 pcenas
1597 696 1856 766 gehennae
1877 694 2169 748 detruden-

567 795 696 854 .tur,
753 803 875 857 qua:
927 795 1146 858 propter
1197 787 1583 842 obscuritatem
1632 793 1686 840 et
1745 785 2167 856 profunditatem

567 891 829 951 .staguum
873 880 1238 936 nominantur.
1279 878 1552 948 Infernus,
1597 877 1847 941 avaritia,
1893 876 2034 931 sicut
2070 890 2168 946 per

585 972 934 1028 Salomonem
987 973 1042 1026 in
1071 970 1354 1026 Parabolis
1386 970 1432 1024 'z
1472 989 1489 1020 ι
1533 968 1659 1024 Tria
1691 977 1817 1023 sunt
1841 967 2166 1023 insaturabi-

585 1065 678 1129 lia,
710 1075 765 1120 et
806 1073 1080 1133 quartum,
1109 1063 1253 1132 quod
1294 1077 1574 1131 nunquam
1607 1061 1758 1126 dicit,
1803 1061 2005 1130 Suﬁicit
2036 1073 2052 1112 :
2086 1060 2168 1114 in-

581 1157 792 1221 fernus,
847 1166 904 1210 et
949 1170 1011 1210 os
1046 1155 1238 1220 vulvae,
1289 1165 1344 1209 et
1397 1164 1561 1218 terra,
1613 1169 1732 1222 quae
1784 1170 1890 1209 non
1937 1154 2166 1208 satiatur

583 1263 742 1318 aqua.
771 1247 915 1318 Ignis
938 1262 1068 1302 vero
1099 1262 1373 1316 nunquam
1405 1245 1562 1310 dicit,
1594 1243 1815 1315 Sufﬁcit.
1853 1265 1872 1298 ι
1916 1244 2162 1313 Infernus

581 1345 778 1413 quippe
823 1351 910 1397 est
952 1341 1342 1396 immoderatus
1383 1353 1536 1394 amor
1581 1338 1833 1401 habendi,
1881 1336 1974 1406 qui
2021 1351 2164 1388 nun-

581 1451 743 1504 quam
792 1433 1059 1494 satiatur;
1093 1448 1149 1486 οε
1179 1429 1364 1494 vulvas,
1414 1428 1480 1483 ad
1529 1427 1798 1482 luxuriam
1857 1424 2164 1482 indefessus

581 1529 782 1589 hiatus;
809 1526 941 1596 ignis
968 1524 1110 1578 enim
1131 1532 1218 1577 est
1244 1521 1470 1585 invidia,
1500 1519 1683 1575 nescia
1707 1519 1961 1573 deﬁcere.
1981 1517 2164 1572 Potest

577 1619 726 1672 enim
755 1616 946 1686 inferni
975 1615 1194 1671 neruine
1219 1611 1467 1668 diabolus
1499 1612 1555 1666 in
1581 1611 1687 1667 hoc
1723 1610 1844 1665 loco
1867 1609 2160 1679 designari,

577 1712 668 1781 qui
699 1711 765 1766 de
804 1708 1108 1781 perditione
1149 1707 1432 1762 hominum
1474 1704 1659 1759 satiari
1690 1718 1796 1758 non
1827 1710 2023 1772 potest.
2065 1700 2160 1755 Ιη-

2271 505 2476 576 Regum
2502 506 2544 537 ¹³
2571 547 2585 572 ,
2620 507 2766 562 Elias
2808 518 2863 562 ct
2889 509 3110 564 Elisacus
3151 515 3448 571 transierunt
3480 520 3716 587 Iordanem:

2269 598 2411 666 quod
2441 597 2694 655 Christus
2735 607 2790 653 et
2827 601 2942 671 ejus
2987 616 3242 671 sequaces
3288 604 3584 667 instabilitate
3616 617 3720 687 hujus

2269 690 2454 744 saeculi
2489 692 2678 746 mundi
2723 692 2950 763 vestigia
2989 699 3279 750 transeunt.

2337 782 2543 838 Iuncus
2591 793 2678 839 est
2723 785 2954 854 quilibet
2997 787 3228 852 auditor,
3260 799 3314 844 ut
3339 791 3388 845 in
3414 792 3557 848 lsaia:
3589 798 3720 856 «Oris.

2269 884 2357 929 tur
2383 875 2437 930 in
2464 889 2528 929 ea
2557 875 2704 930 viror
2728 877 2925 932 calami
2949 884 3004 931 et
3017 877 3162 947 junci
3191 877 3263 945 ιδ,
3296 899 3313 932 ι
3344 884 3530 952 quodin
3558 886 3720 946 Ecclesia

2267 975 2352 1021 est
2386 966 2750 1036 spiritualium
2797 969 3183 1040 magistrorum
3222 973 3460 1029 sanctitas
3492 985 3537 1029 et
3563 979 3721 1050 discipu-

2267 1056 2443 1110 lorum

2337 1147 2623 1220 Iuniperus
2671 1157 2753 1204 est
2817 1151 3091 1207 stabilitas
3139 1152 3419 1221 charitatis,
3463 1167 3514 1211 ut
3550 1161 3591 1213 in
3625 1161 3722 1218 libris

2265 1237 2472 1311 Regum
2497 1257 2512 1294 :
2551 1259 2568 1292 ι
2601 1240 2845 1312 Cumque
2866 1243 3083 1297 sederet
3114 1243 3292 1299 subter
3319 1262 3463 1302 unam
3481 1248 3720 1322 junipenun,

2263 1334 2454 1403 petivit
2483 1334 2676 1390 anima:
2703 1350 2814 1390 suae
2857 1343 2915 1390 ut
2953 1345 3258 1393 moreretur
3287 1340 3360 1406 ιδ,
3405 1360 3421 1391 ι
3468 1344 3581 1412 quod
3611 1347 3723 1414 peritL

2265 1437 2388 1484 etus
2441 1429 2684 1497 quilibet,
2736 1431 2954 1498 quando
2991 1430 3047 1484 in
3101 1433 3522 1501 perseverantiam
3565 1438 3722 1492 ardent's

2270 1518 2554 1573 charitatis
2601 1533 2660 1574 se
2703 1521 2974 1588 humiliat,
3017 1531 3144 1577 tunc
3191 1525 3334 1594 cupit
3377 1526 3624 1582 dissolviet
3651 1545 3723 1583 esse

2265 1623 2390 1662 cum
2445 1609 2706 1664 Christo:
2755 1612 2898 1680 quod
2935 1613 3226 1683 juniperus
3274 1615 3360 1670 diu
3400 1632 3581 1672 servare
3611 1621 3723 1690 ignem

2263 1701 2546 1756 asseritur;
2580 1701 2685 1756 Per
2702 1701 3010 1773 juniperum
3053 1716 3296 1774 peccata,
3321 1715 3376 1760 ut
3403 1707 3450 1761 in
3483 1706 3626 1764 Iobzi
3659 1712 3722 1766 iis

577 1806 778 1876 femus,
823 1803 1039 1858 caecitas
1085 1801 1303 1866 mentis,
1355 1806 1415 1854 ut
1443 1799 1499 1854 in
1530 1797 1798 1854 Psalmis:
1838 1815 1856 1847 ι
1895 1795 2160 1862 Quoniam
2189 1801 2239 1862 Β
2265 1791 2358 1846 dix
2409 1791 2790 1862 juniperorum
2847 1794 2880 1828 *
2933 1794 3040 1850 erit
3087 1796 3239 1850 cibus
3280 1811 3449 1852 eorum
3488 1799 3549 1862 “,
3589 1819 3602 1850 ι
3636 1803 3723 1869 quod

577 1909 684 1950 non
711 1903 795 1950 est
842 1895 895 1949 in
935 1901 1109 1948 morte
1135 1893 1228 1962 qui
1260 1905 1470 1946 memor
1492 1891 1562 1945 sit
1591 1890 1664 1943 tui
1694 1906 1705 1940 :
1740 1889 1792 1942 in
1818 1886 2030 1942 inferno
2059 1902 2158 1940 au-

576 2001 685 2044 tem
714 1988 838 2058 quis
865 1985 1216 2042 confitebitur
1241 1983 1338 2038 tibi
1366 1983 1425 2036 ’?
1467 2001 1486 2035 ι
1519 1990 1740 2036 mortem
1792 1986 1951 2034 vocat
1972 1978 2159 2033 crimi-

577 2083 700 2138 nale
738 2089 1058 2152 peccatum:
1101 2076 1244 2147 quod
1272 2084 1583 2144 contempta
1621 2073 1806 2128 divina
1850 2071 1968 2142 lege
2013 2085 2161 2125 com-

573 2175 830 2238 mittitur,
871 2173 927 2227 in
967 2185 1075 2241 qua
1122 2178 1299 2225 morte
1335 2175 1418 2223 est
1446 2167 1568 2236 quis
1615 2166 1706 2235 qui
1750 2166 2036 2219 immemor
2078 2171 2164 2217 est

577 2267 690 2322 Dei.
721 2265 998 2333 Infernum
1021 2273 1206 2318 autem
1229 2261 1431 2317 mentis
1479 2259 1775 2313 caecitatem
1813 2256 1980 2310 dicit:
2017 2255 2162 2324 quod

573 2358 668 2430 qui
697 2372 872 2413 cazcus
909 2355 965 2409 in
1017 2362 1198 2408 mente
1250 2361 1357 2416 est,
1409 2349 1638 2404 Domino
1689 2363 1796 2403 non
1843 2346 2156 2401 conﬁtetur.

575 2450 845 2518 Infernus,
872 2444 1198 2515 desperatio,
1224 2452 1280 2497 ut
1307 2443 1362 2496 in
1405 2439 1633 2496 Psalmis
1659 2456 1672 2492 :
1704 2459 1721 2488 ι
1764 2437 1948 2507 Neque
1973 2452 2161 2492 omnes

573 2542 667 2611 qui
701 2537 1034 2596 descendunt
1093 2536 1146 2591 in
1191 2533 1462 2589 infernum
1504 2532 1557 2597 ³,
1598 2551 1618 2584 ι
1651 2530 1791 2601 quod
1834 2530 1925 2600 qui
1966 2532 2158 2600 despe-

573 2641 716 2699 rant,
747 2632 1038 2688 Dominum
1066 2645 1172 2685 non
1209 2628 1466 2684 laudant:
1502 2646 1521 2678 ι
1549 2626 1748 2698 impius
1792 2641 1917 2682 cum
1952 2626 2161 2681 venerit

571 2729 624 2782 in
654 2725 981 2797 profundum
1010 2723 1304 2786 malorum,
1333 2719 1654 2775 contemnit.
1687 2739 1706 2772 ι
1740 2717 2011 2786 Infernus,
2033 2731 2159 2786 pec-

571 2827 754 2874 catum
793 2814 1105 2879 criminale,
1142 2823 1200 2868 ut
1247 2813 1300 2867 in
1326 2811 1598 2867 Psalmis:
1644 2829 1661 2862 ι
1715 2809 2061 2864 Descendunt
2104 2809 2160 2863 in

569 2910 844 2965 infernum
892 2905 1212 2970 viventes‘,
1253 2923 1271 2957 ι
1305 2903 1358 2957 id
1403 2911 1508 2968 est,
1548 2909 1830 2971 peccatum
1876 2897 2160 2954 criminale

569 3003 914 3060 committunt
949 2999 1203 3056 scientes.
1237 2996 1511 3066 Infernae,
1543 3011 1635 3050 aer
1669 2994 1771 3048 iste
1808 2992 2158 3063 caliginosus,

567 3108 624 3153 ut
659 3099 712 3152 in
751 3094 990 3167 Epistola
1032 3092 1212 3147 Petri:
1247 3093 1279 3126 ἰ
1317 3110 1334 3140 ι
1374 3088 1714 3144 Rudentibus
1752 3086 1950 3144 inferni
1977 3085 2158 3142 detra-

2262 1883 2704 1953 coneupiscentia
2759 1894 3112 1955 peccatorum
3186 1895 3267 1943 est
3321 1888 3566 1947 delectatio
3599 1909 3723 1962 pmo-

2264 1989 2384 2030 rum
2395 2013 2409 2028 .

2331 2065 2532 2137 Iugum
2575 2076 2661 2123 est
2706 2069 3012 2126 dominium
3055 2070 3281 2139 Christi,
3325 2082 3380 2128 ut
3423 2074 3470 2128 in
3494 2075 3721 2146 Evangelia:

2268 2180 2288 2212 ι
2325 2160 2721 2232 Tollitejugum
2746 2161 2974 2236 [meum]
3005 2180 3169 2234 super
3198 2181 3308 2232 vos,
3333 2177 3450 2232 etc.,
3470 2167 3615 2237 jugum
3632 2169 3720 2222 enim

2263 2267 2446 2308 meum
2492 2268 2659 2308 suave
2689 2263 2774 2309 est
2806 2255 2847 2286 ³⁷
2870 2295 2884 2320 ,
2923 2274 2942 2305 ι
2993 2256 3140 2325 quod
3187 2256 3294 2311 Deo
3333 2257 3362 2289 “
3388 2257 3547 2322 seruit,
3583 2270 3725 2326 regnare

2261 2356 2376 2414 est;
2417 2358 2464 2401 et
2493 2364 2625 2403 onus
2655 2364 2829 2402 meum
2866 2349 2996 2416 leve,
3038 2349 3182 2420 quod
3207 2365 3309 2406 non
3345 2359 3458 2404 sunt
3477 2349 3725 2419 importabilia

2262 2447 2534 2512 praecepta
2563 2440 2680 2495 Dei.
2729 2439 2988 2496 Difﬁciles
3018 2441 3224 2496 etenim
3265 2457 3357 2513 per
3399 2441 3540 2495 ardua
3572 2454 3724 2510 gressus.

2262 2531 2510 2601 quaedam
2537 2531 2838 2604 magniﬁcis
2864 2541 2991 2589 sunt
3031 2551 3252 2605 aequora
3273 2535 3468 2590 animis.
3493 2534 3656 2604 Iugum,
3675 2546 3725 2585 re-

2263 2627 2412 2700 ligio,
2460 2636 2521 2684 ut
2569 2629 2626 2684 in
2661 2629 2892 2686 Psalmis
2939 2649 2952 2684 :
3005 2649 3026 2682 ι
3083 2629 3426 2703 Projiciamus
3463 2645 3489 2683 a
3537 2628 3649 2683 nobis
3674 2627 3725 2695 ju-

2265 2737 2389 2789 gum
2425 2721 2504 2785 “,
2540 2741 2559 2775 ι
2599 2721 2655 2777 id
2705 2730 2809 2789 est,
2863 2723 3211 2790 resistamus,
3264 2739 3328 2778 ne
3373 2725 3598 2792 imponant
3631 2719 3726 2774 nobis

2262 2809 2638 2866 Christianam
2665 2810 3011 2881 religionem,
3043 2812 3132 2867 vel
3161 2813 3235 2866 ita
3277 2827 3339 2866 ex
3371 2820 3502 2882 parte
3521 2807 3724 2863 Judaomm

2265 2904 2752 2960 eontradicentium
2785 2904 3030 2972 Christo,
3065 2925 3082 2956 ι
3122 2905 3473 2976 dirumpamus
3496 2899 3722 2955 vinculacu-

2264 3013 2406 3062 rum,
2453 3017 2473 3050 ι
2506 2997 2560 3052 id
2589 3005 2673 3052 est
2699 2999 3095 3069 apostolorum,
3133 2999 3178 3052 si
3227 2997 3492 3068 possimus,
3529 2993 3646 3047 verba
3671 3004 3724 3043 θο-

2249 3105 2408 3156 runt,
2438 3106 2506 3146 ne
2532 3106 2632 3147 nos
2661 3091 2925 3158 vinciant,
2969 3099 3050 3159 et,
3087 3092 3132 3146 si
3171 3107 3276 3147 non
3302 3090 3553 3161 possimus,
3581 3103 3595 3134 ι
3621 3081 3723 3153 pmii-

567 3202 686 3249 ctos
712 3191 766 3245 in
818 3197 1084 3242 tartarum
1127 3186 1179 3250 ⁵,
1220 3205 1238 3236 ι
1277 3182 1425 3253 quod
1460 3180 1707 3236 diabolus
1737 3178 2033 3250 caliginoso
2063 3177 2162 3232 hu-
2188 3160 2236 3226 (ἶ
2267 3183 2475 3238 ciamus
2505 3198 2535 3236 a
2561 3183 2716 3237 nobis
2741 3184 2932 3254 jugum
2983 3183 3252 3252 ipsorum,
3292 3160 3312 3232 ί
3345 3181 3395 3234 id
3432 3172 3723 3244 est,crpellen-

562 3284 653 3354 jus
681 3283 824 3336 aeris
850 3280 970 3334 loco
997 3277 1216 3332 malitia:
1247 3290 1358 3330 sua:
1381 3270 1596 3328 vinculo
1626 3270 1906 3342 religatur.

641 3372 842 3427 Insula:
882 3378 1009 3424 sunt
1046 3367 1330 3432 Ecclesiae,
1357 3375 1418 3420 ut
1445 3365 1502 3420 in
1524 3363 1754 3419 Psalmis
1783 3381 1795 3416 :
1835 3382 1856 3416 ι
1885 3362 2161 3418 Laetamur

570 3457 760 3520 insula
787 3461 968 3516 multm
1000 3460 1042 3514 ⁸.
1079 3479 1099 3510 ι

639 3553 897 3608 Intestina
936 3561 1063 3607 sunt
1112 3565 1311 3608 arcana
1350 3549 1516 3606 verba
1561 3549 1679 3614 Dei,
1725 3556 1788 3603 ut
1827 3547 1883 3602 in
1929 3546 2154 3602 Exodo:

573 3669 591 3702 ι
625 3648 799 3718 Caput
836 3662 958 3701 cum
988 3645 1218 3717 pedibus
1265 3653 1321 3700 et
1361 3643 1634 3699 intestinis
1661 3643 1680 3673 "
1705 3684 1719 3708 ,
1754 3663 1772 3694 ι
1802 3643 1835 3677 ’⁵
1877 3656 1986 3696 non
2025 3639 2162 3696 divi-

565 3741 750 3797 uitatis
789 3738 992 3794 Christi
1030 3737 1348 3808 mysterium
1383 3746 1441 3792 et
1467 3735 1827 3791 humanitatis
1867 3742 2030 3804 atque
2074 3747 2160 3790 se-

565 3840 841 3888 cretorum
865 3829 1156 3884 verborum
1185 3827 1280 3883 Dei
1309 3826 1666 3899 spiritualiter
1695 3825 2034 3897 intelligetis.
2066 3825 2160 3880 In-

565 3925 778 3987 testina,
831 3921 1096 3976 interiora
1141 3919 1339 3974 mentis
1383 3927 1607 3983 nostrae,
1659 3926 1717 3974 ut
1758 3919 1814 3973 in
1855 3917 2102 3974 Levitico
2139 3935 2152 3970 :

572 4035 592 4068 ι
629 4014 783 4070 Lotis
826 4013 1099 4083 intestinis
1143 4011 1366 4082 aqua“,
1401 4033 1421 4064 ι
1479 4011 1623 4081 quod
1665 4021 1793 4066 tunc
1836 4011 2016 4080 placet
2046 4009 2157 4064 Deo

564 4106 895 4164 sacriﬁcium
945 4114 1229 4170 nostrum,
1299 4105 1345 4159 si
1399 4104 1597 4160 mentis
1647 4113 1846 4160 nostrae
1894 4104 2156 4162 interiora

561 4187 1070 4269 compunctionibus
1095 4196 1354 4251 mundata
1395 4195 1619 4252 fuerint.

637 4291 909 4347 (institores
945 4299 1072 4346 sunt
1113 4289 1413 4360 prophetat,
1451 4291 1592 4344 utin
1623 4288 1763 4346 Iob:
1818 4308 1837 4341 ι
1887 4289 1946 4345 Si
1982 4289 2157 4345 calca-

563 4385 742 4441 verint
789 4398 948 4447 eam,
1001 4381 1099 4437 ﬁlii
1154 4382 1466 4437 institorum
1507 4382 1564 4448 ’,
1619 4402 1639 4434 ι
1687 4383 1830 4452 quod
1886 4382 2150 4453 Apostoli,

561 4478 655 4548 qui
703 4477 804 4532 ﬁlii
848 4483 974 4532 sunt
1021 4475 1432 4546 prophetarum,
1487 4475 1829 4547 Synagogam
1877 4476 1943 4532 ad
1988 4476 2150 4532 ﬁdem

561 4585 671 4625 non
695 4569 1088 4641 produxerunt.
1120 4566 1368 4632 Institor,
1409 4565 1681 4633 Christus,
1719 4577 1780 4623 ut
1806 4569 1861 4623 in
1909 4568 2150 4624 Parabo-

563 4658 668 4716 lis:
715 4681 733 4712 ι
766 4660 934 4716 Facta
979 4669 1065 4715 est
1104 4658 1261 4726 quasi
1313 4659 1470 4713 navis
1509 4659 1778 4716 institoris
1823 4661 1902 4727 ¹⁰,
1939 4681 1959 4714 ι
2008 4664 2153 4732 quod

561 4752 812 4810 Christus
850 4753 1150 4811 Ecclesiam
1191 4768 1347 4808 suam
1393 4753 1461 4808 ad
1505 4762 1721 4824 portam
1747 4764 1966 4811 aeternae
2013 4757 2155 4811 salu-

564 4845 635 4900 tis
661 4846 927 4915 perducit.

635 4937 892 4992 Iordanis
931 4947 1015 4994 est
1039 4940 1176 4995 ordo
1195 4938 1620 5010 baptizatorum,
1653 4948 1714 4994 ut
1743 4939 1798 4994 in
1822 4938 1925 4996 Iob
1950 4959 1962 4994 :
1994 4960 2012 4992 ι
2043 4940 2151 4996 Ha-

561 5033 655 5089 bet
693 5031 948 5088 ﬁduciam
992 5033 1138 5103 quod
1177 5030 1433 5089 Iordanis
1459 5019 1654 5090 inﬁuaf
1683 5034 1739 5089 in
1767 5049 1830 5090 os
1866 5034 1985 5105 ejus
2017 5035 2058 5066 “
2079 5074 2095 5100 ,
2127 5053 2146 5085 ι

563 5130 706 5202 quod
734 5137 842 5183 nun
896 5126 1071 5183 solum
1109 5127 1374 5196 inﬁdeles,
1407 5130 1503 5186 sed
1552 5129 1717 5185 etiam
1764 5129 1950 5184 ﬁdeles
1993 5143 2152 5200 posse

563 5238 755 5295 rapere
793 5221 1038 5278 diabolus
1065 5232 1311 5292 putatur.
1353 5222 1630 5288 Iordanis,
1677 5223 1973 5286 humilitas,
2005 5233 2064 5278 ut
2095 5224 2148 5277 in

560 5312 836 5370 Psalmis:
877 5331 898 5364 ι
931 5311 1144 5368 Memor
1167 5326 1266 5367 ero
1295 5313 1375 5366 tui
1421 5314 1490 5367 de
1530 5322 1676 5369 terra
1719 5313 1973 5369 Iordanis
2016 5315 2090 5380 ",
2124 5335 2142 5366 ι

558 5404 616 5462 id
640 5414 742 5470 est,
783 5405 849 5460 de
889 5403 1215 5458 humilitatis
1258 5419 1391 5458 mea:
1425 5404 1723 5460 stabilitate
1769 5405 1846 5460 tui
1888 5406 2144 5460 recorda-

636 5537 842 5627 iPrpv.
867 5541 1114 5627 “1:15;.
1197 5538 1343 5627 Psal.
1375 5556 1458 5627 vr,
1565 5542 1603 5627 ,³
1633 5542 1790 5627 Psal.
1837 5558 1987 5607 cun,
2168 5544 2364 5627 ‘nPsal.
2417 5561 2510 5601 LIV
2533 5587 2548 5610 ,
2713 5543 2770 5627 __'
2803 5543 3036 5627 _ll_Petr.
3080 5561 3166 5627 ιι,
3282 5535 3711 5627 :P‘sali-Igﬂjll";

2222 5582 2364 5600 ...ιη
2421 5582 2501 5601 ι...
2606 5582 2690 5600 ιν.
2810 5582 2850 5599 ..
3088 5582 3124 5600 ..
3195 5582 3246 5597 -..

2015 5616 2068 5669 5.
2109 5618 2148 5647 ¹⁰
2183 5615 2342 5671 Prov.
2387 5587 2658 5680 χχιιιίΜ.
2713 5618 2753 5648 ⁸³
2794 5615 2894 5671 Iob
2935 5634 3019 5680 χι,
3075 5585 3241 5672 18.’-¹⁸
3278 5609 3407 5668 Psal.
3437 5618 3525 5680 ιιι,
3551 5582 3680 5680 ἰο-Ἠ

558 5609 594 5681 1
619 5609 790 5664 Exod.
833 5627 932 5673 xu,
984 5611 1035 5662 9.
1079 5611 1099 5641 ⁸
1137 5610 1267 5664 Lev.
1317 5628 1392 5675 Ix,
1441 5613 1503 5665 14
1565 5613 1587 5643 ⁸
1626 5613 1728 5669 Iob
1775 5631 1968 5681 xxvm,

2177 4529 2232 4590 D

2267 3283 2348 3329 tes
2378 3275 2445 3329 de
2476 3274 2673 3330 ﬁnibus
2723 3275 2950 3341 nostris,
3000 3291 3070 3330 ne
3107 3275 3262 3331 nobis
3309 3278 3574 3344 imponatur
3607 3269 3722 3338 jugum

2263 3365 2588 3421 Christianae
2642 3365 2941 3438 religionis.
2991 3365 3172 3421 Aliter
3219 3381 3284 3420 ex
3331 3372 3470 3435 parte
3524 3358 3664 3414 Christi
3693 3359 3724 3405 el

2263 3457 2652 3528 apostolorum,
2708 3477 2726 3508 ι
2783 3458 3188 3528 dirumpamus,
3242 3476 3261 3508 ι
3311 3454 3612 3525 despiciainus
3650 3455 3720 3500 tan-

2263 3567 2428 3622 quam
2459 3552 2674 3606 inﬁrma
2723 3560 2993 3606 tormenta
3029 3566 3240 3618 eorum,
3290 3569 3308 3601 ι
3355 3559 3404 3604 et
3431 3545 3721 3618 projiciamusa

2262 3645 2420 3700 nobis
2445 3644 2660 3716 jugum,
2697 3663 2717 3695 ι
2745 3643 2799 3698 id
2836 3653 2940 3709 est,
2973 3659 3078 3714 pro
3109 3643 3277 3698 nihilo
3302 3649 3570 3712 reputemus
3592 3628 3722 3687 blandi-

2263 3745 2444 3791 menta
2489 3749 2698 3789 eorum.
2755 3753 2773 3784 ι
2821 3732 2960 3805 Iuga
3009 3734 3175 3790 boum
3218 3733 3320 3788 emi
3361 3732 3561 3802 quinque
3594 3724 3636 3787 η,
3662 3716 3722 3772 νῆά

2262 3836 2364 3894 est,
2409 3828 2583 3882 instar
2630 3827 2950 3897 cupidorum
2995 3836 3051 3881 et
3099 3825 3369 3881 fatuorum
3409 3835 3564 3878 curam
3605 3810 3720 3870 salutis

2260 3934 2395 3974 mea:
2422 3917 2656 3989 neglexi,
2687 3935 2787 3988 pro
2808 3918 3049 3989 quinque
3075 3933 3329 3974 sensuum
3352 3916 3584 3984 voluptate
3602 3917 3720 3962 cama-

2261 4010 2412 4065 lium.
2435 4009 2655 4081 Iugum,
2687 4011 2997 4082 captivitas,
3030 4021 3091 4066 ut
3109 4012 3163 4066 in
3189 4008 3562 4067 ecclesiastico:
3591 3998 3719 4053 «Grave

2253 4101 2442 4174 jugum
2471 4119 2634 4174 super
2657 4103 2797 4159 ﬁlios
2821 4103 2972 4159 stola:
2994 4105 3113 4176 (sic)
3141 4106 3209 4171 ³ο,
3231 4125 3249 4156 ι
3273 4104 3323 4158 id
3347 4112 3442 4168 est,
3461 4110 3609 4170 magna
3629 4088 3719 4157 ωΡί·

2260 4197 2402 4253 ditas
2432 4199 2676 4253 continet
2709 4213 2882 4269 genus
2927 4200 3250 4265 humanum,
3278 4198 3330 4253 id
3357 4207 3450 4261 est,
3477 4233 3488 4248 .
3511 4232 3523 4247 .
3548 4229 3560 4244 .
3584 4229 3595 4242 .
3618 4182 3720 4249 tuslu'

2259 4290 2442 4358 stitia,
2477 4301 2537 4346 ut
2564 4291 2620 4346 in
2649 4290 2925 4347 Ieremia:
2962 4313 2981 4344 ‹
3021 4293 3234 4348 Bonum
3277 4301 3358 4347 est
3386 4290 3488 4344 viro
3509 4284 3582 4356 qui
3611 4285 3719 4349 Ροτίθ

2257 4386 2334 4440 vit
2356 4384 2542 4455 jugum
2572 4387 2643 4442 ab
2671 4386 3037 4442 adolescentia
3071 4402 3193 4453 sua,
3229 4403 3246 4437 ι
3284 4385 3336 4440 id
3359 4392 3454 4449 est,
3473 4393 3600 4436 eam.
3624 4411 3633 4424 ι

2257 4477 2462 4534 cultum
2486 4477 2712 4547 justitiae
2739 4495 2771 4533 ιι
2806 4479 3063 4549 pritnaava
3094 4486 3251 4533 aetate
3277 4489 3389 4533 sua.
3424 4472 3606 4542 Iugum.
3637 4472 3715 4531 Pe“

2255 4580 2459 4637 catum,
2488 4578 2549 4625 ut
2573 4571 2647 4626 ibi
2671 4586 2686 4624 :
2721 4589 2740 4623 ι
2769 4569 3380 4642 Computrescetjugum
3404 4563 3559 4622 afacie
3573 4551 3713 4642 010W

2254 4665 2398 4735 quod
2425 4663 2639 4720 deﬁciet
2662 4641 2949 4733 peccatum
2984 4664 3038 4719 in
3063 4641 3348 4735 prtesentia
3375 4658 3575 4731 Spiritus
3591 4641 3714 4703 sancti-

2252 4760 2474 4832 Jugum.
2521 4759 2828 4832 ponderosa
2859 4760 3129 4816 habitatio
3177 4757 3388 4822 inferni,
3431 4761 3481 4808 ut
3521 4749 3564 4804 in
3598 4738 3715 4799 Isaia!

2259 4873 2278 4904 ι
2317 4849 2514 4924 Iugum
2545 4851 2688 4907 enim
2720 4853 2904 4907 oneris
2950 4853 3069 4924 ejus
3115 4849 3375 4924 superasti
3416 4847 3484 4908 “,
3527 4860 3542 4892 ι
3585 4833 3714 4924 id

2253 4921 2611 5015 ponderosam
2653 4921 3044 4999 habitationem
3088 4944 3140 4998 in
3181 4921 3377 4999 electis
3413 4936 3507 4993 tuis
3534 4921 3713 5016 deviasti-

2256 5012 2353 5091 Est
2377 5037 2542 5107 igitur
2567 5036 3021 5107 quadripartitum
3037 5035 3224 5108 jugum
3252 5050 3266 5089 :
3296 5033 3524 5106 primum,
3544 5027 3605 5076 εει
3621 5012 3714 5112 Cll”

2255 5131 2324 5186 eti
2344 5147 2358 5196 ;
2386 5129 2702 5195 secundum,
2717 5129 2902 5185 mundi
2921 5147 2936 5196 ;
2955 5131 3173 5185 tertium
3186 5170 3200 5196 ,
3213 5125 3428 5199 peccati;
3451 5115 3714 5199 quartude

2255 5195 2414 5280 ferni.
2449 5223 2691 5279 Primum
2719 5195 2950 5278 exornat
2975 5195 3236 5278 sanctitas
3259 5216 3486 5290 justitiam
3510 5195 3711 5302 secundi?

2257 5316 2532 5386 GI‘H‘avit“
2573 5315 2757 5370 unitas
2797 5315 3098 5387 superbiae;
3151 5315 3362 5369 tertium
3397 5303 3556 5379 polluit
3581 5295 3712 5355 initl'"

2256 5417 2338 5463 tas
2371 5407 2661 5480 nequitiae;
2697 5414 2949 5477 quartum
2981 5405 3168 5478 aﬁligit
3207 5399 3471 5460 calamitas
3497 5397 3642 5462 ρωηεο

681 5647 790 5664 Iuno
833 5647 932 5673 ιιι,
985 5647 1035 5662 υ.
1137 5647 1267 5664 μυν-
1317 5647 1392 5675 la,
1445 5647 1503 5665 ιιι
1626 5647 1728 5669 συν
1777 5647 1968 5681 manu,
2015 5647 2068 5669 υ.
2183 5647 2249 5671 rt

681 5721 693 5756 _.
733 5697 797 5756 ιι,
821 5681 873 5734 8.
920 5681 962 5710 "'
990 5681 1298 5756 x_x.\v,
1330 5685 1380 5737 7.
1413 5685 1461 5756 7"
1490 5684 1556 5738 ΙΙΙ
1583 5686 1715 5756 Reg.
1753 5703 1867 5752 xxx,
1898 5687 1951 5740 4.
1986 5687 2028 5718 ¹⁶
2063 5687 2164 5743 Iob
2186 5704 2249 5744 xx

2183 5647 2342 5671 rruv.
2389 5647 2537 5680 ιλιι,
2576 5647 2658 5670 ιιι.
2717 5647 2726 5648 ί
2794 5647 2894 5671 συν
2935 5647 3019 5680 λιι,
3075 5647 3156 5672 ιο.
3278 5647 3407 5668 ιῠιιι·
3437 5647 3525 5663 an":
3557 5647 3567 5650 -

2140 5692 2164 5742 'n
2186 5704 2319 5752 xxx,
2349 5689 2402 5741 4.
2432 5691 2471 5721 ’⁷
2514 5687 2702 5743 Matth.
2740 5706 2818 5756 ιιι,
2842 5690 2930 5744 29.
2978 5689 3018 5721 "'
3058 5688 3197 5745 Psal.
3227 5700 3288 5750 ιι,
3316 5682 3364 5737 5.
3397 5675 3549 5730 l’Luc.
3572 5647 3708 5722 ιιννίθ

559 5676 693 5803 ἓεὲ
733 5697 797 5761 ιι,
821 5681 873 5734 8.
920 5681 962 5710 "'
1004 5681 1104 5735 lsa.
1132 5697 1298 5747 xxxv,
1330 5685 1380 5737 7.
1420 5685 1461 5715 "
1490 5684 1556 5738 ΙΙΙ
1583 5686 1715 5756 Reg.
1753 5703 1867 5752 xu,
1898 5687 1932 5740 4

693 5750 810 5804 ccli.
852 5767 941 5814 XL,
982 5751 1032 5802 1.
1075 5753 1119 5781 ’⁸
1159 5753 1263 5806 lsa.
1306 5769 1358 5818 x,
1399 5755 1487 5811 27.
1531 5757 1576 5786 ’⁸
1615 5757 1718 5810 lsa.
1765 5773 1839 5817 ιχ,
1878 5758 1932 5811 4.
