3972 6336
273 365 386 425 973
1233 379 1649 439 ALLEGORIAI
1689 381 1759 439 IN
1798 383 2077 444 SACRAM
2117 388 2581 450 SCRIPTUMM.
3433 410 3538 468 επ

345 477 569 534 Iustitia
595 485 680 538 est
704 480 856 552 ﬁdes,
893 493 956 543 ut
981 486 1036 544 iu
1064 489 1332 550 Psalmis:
1371 515 1390 548 ι
1425 497 1493 552 Ει
1528 497 1710 569 lingua
1738 513 1858 554 mea
1885 509 1936 572 Α
1961 503 2207 559 sobolem
2241 508 2586 573 conveniunt,
2609 513 2924 580 pudicitiam
2945 517 3184 590 signant,
3207 531 3268 579 ut
3298 524 3352 580 in
3386 528 3534 596 psal-

274 574 913 646 meditabiturjustitiam
947 590 1093 640 tuam
1118 585 1170 652 ¹,
1199 607 1218 640 ι
1249 587 1302 644 id
1343 599 1446 656 εει,
1478 592 1858 661 praedicatores
1961 596 2066 650 mis
2100 614 2112 649 :
2145 615 2164 647 ι
2202 597 2444 656 Tradidit
2487 574 2734 672 grandini
2777 574 3025 674 jument;
3067 574 3254 669 eorum
3309 574 3437 683 “,ri
3484 619 3537 675 id

273 669 381 724 mei
409 669 735 725 nuntiabunt
757 671 917 729 ﬁdem
940 682 1108 744 tuam,
1138 697 1156 730 ι
1189 687 1300 735 tota
1325 682 1432 747 die,
1471 703 1489 734 ι
1517 683 1572 738 id
1593 697 1696 748 est,
1727 702 1858 743 con-
1961 699 2068 755 est,
2099 692 2345 760 permisit
2365 669 2633 753 violentiae
2659 699 2774 754 dari
2801 702 3116 770 pudicitiam
3140 723 3348 776 eorum,
3383 713 3531 768 vidc-

275 761 426 816 tinue
489 761 703 818 laudem
760 773 929 828 tuam,
995 769 1065 824 ad
1119 769 1266 826 illam
1318 773 1580 843 quidquid
1652 775 1860 832 faciunt
1962 778 2110 848 licet,
2137 785 2352 854 quando
2379 803 2593 854 uxores,
2619 807 2740 861 quae
2778 761 2910 852 viris
2955 798 3009 852 in
3036 761 3364 869 adjutorium
3393 806 3535 864 data:

271 855 594 912 referentes.
638 856 884 926 Iustitia,
925 859 1065 916 bona
1110 865 1274 932 actio,
1313 874 1372 920 ut
1417 867 1472 921 in
1521 867 1852 941 Evangelio:
1959 883 2109 941 sunt,
2141 877 2402 935 violenter
2441 855 2792 952 diripiuntur,
2834 890 2987 957 quasi
3028 855 3272 961 iumenta
3317 899 3536 964 grandi-

278 963 300 998 ι
332 945 608 1004 Attendite
645 963 713 1004 ne
755 948 967 1018 justitia
1015 962 1196 1009 vestra
1241 955 1335 1011 ﬂat
1381 973 1567 1014 coram
1623 962 1857 1018 homini-
1959 974 2178 1022 nantur.
2221 968 2475 1026 Iumenta
2504 945 2648 1030 enim
2675 994 2707 1030 a
2741 945 2979 1046 juvando
3005 945 3198 1040 n'omen
3237 945 3531 1059 accipiunt,

271 1037 373 1094 bus
397 1039 440 1102 ‘,
478 1058 498 1092 ι
541 1040 594 1095 id
623 1050 705 1095 est
736 1056 802 1096 nc
831 1058 965 1113 opus
992 1044 1192 1101 bonum
1216 1056 1458 1104 vestrum
1503 1051 1717 1110 faciatis
1757 1069 1856 1125 pro
1957 1065 2104 1115 unde
2131 1069 2185 1116 et
2214 1062 2524 1132 adjumenta
2551 1037 2876 1138 signiticant.
2926 1071 3065 1130 Hinc
3105 1037 3390 1146 scriptum]r
3403 1037 3532 1138 est:

269 1127 434 1184 laude
461 1129 732 1186 humana:
769 1148 833 1190 ac
875 1135 923 1190 si
952 1137 1175 1203 diceret,
1221 1141 1440 1198 videant
1479 1159 1645 1214 opera
1673 1156 1854 1206 vestra
1962 1169 1982 1204 ι
2020 1153 2171 1209 Viam
2199 1127 2329 1211 fecit
2348 1158 2557 1213 semita:
2601 1127 2700 1215 irae
2741 1177 2852 1217 sua:
2887 1164 2973 1230 ¹²;”
3002 1185 3020 1217 ι
3051 1169 3192 1236 quod
3217 1127 3537 1241 amplitudi-

269 1219 556 1241 L____V
1104 1231 1118 1241 .
1610 1239 1622 1241 ε

269 1219 434 1287 bona,
459 1239 566 1278 non
595 1233 653 1278 ut
676 1226 800 1281 inde
823 1229 974 1284 vobis
995 1229 1208 1288 laudem
1235 1244 1500 1304 quaerant,
1531 1239 1628 1294 sed
1647 1248 1707 1296 ut
1733 1241 1850 1310 glo-
1955 1260 2084 1302 nem
2127 1246 2273 1302 dedit
2317 1250 2570 1318 parvitati
2623 1252 2872 1311 vindicta:
2923 1219 3250 1327 suae.1Quasi
3280 1219 3424 1318 enim
3455 1266 3536 1322 ira

267 1314 483 1370 rilicent
510 1315 728 1374 Patrem
753 1330 1014 1388 vestrum,
1043 1326 1136 1394 qui
1165 1327 1218 1380 in
1251 1329 1406 1384 ctelis
1426 1339 1529 1386 est.
1564 1331 1654 1390 Sic
1687 1335 1852 1405 igitur
1954 1339 2206 1394 semitam
2253 1314 2437 1408 habet,
2485 1344 2612 1398 dum
2643 1345 2890 1404 homines
2919 1348 3255 1422 ﬂagellantur
3289 1357 3342 1411 in
3375 1359 3537 1415 rebus

265 1405 467 1462 bonum
495 1423 632 1479 opus
667 1410 763 1465 ﬁat
799 1412 856 1468 in
899 1415 1140 1484 publico,
1169 1428 1437 1488 quatenus
1467 1424 1700 1482 intentio
1729 1444 1848 1483 ma-
1953 1429 2087 1485 suis.
2118 1431 2262 1487 Deus
2291 1434 2436 1490 enim
2479 1435 2575 1489 ira:
2605 1452 2716 1492 sua:
2745 1440 2995 1494 semitam
3025 1441 3174 1509 facit,
3225 1461 3349 1500 cum
3403 1463 3533 1517 pec-

263 1509 394 1556 neat
415 1501 469 1556 in
495 1503 708 1558 occulto
739 1523 751 1559 :
785 1516 839 1562 et
867 1515 926 1561 ut
951 1509 1017 1564 de
1049 1511 1192 1566 bono
1221 1528 1384 1583 opere
1411 1519 1680 1587 proximis
1711 1535 1844 1590 prae-
1951 1531 2168 1577 catores
2185 1521 2330 1588 juste
2361 1525 2618 1582 deserens
2654 1527 2709 1582 in
2737 1528 2945 1586 levibus
2984 1547 3212 1601 peccare
3243 1539 3530 1606 permittit.

261 1591 440 1648 beatis
471 1598 794 1667 exemplum,
833 1608 888 1656 et
916 1618 1168 1659 mensura
1204 1605 1372 1677 fugiat
1397 1609 1648 1666 humana:
1674 1614 1850 1672 laudis
1931 1613 2090 1670 oliuic
2117 1625 2298 1671 autem
2339 1619 2548 1674 semita:
2574 1621 2724 1676 viam
2766 1623 2935 1690 addit,
2978 1642 3100 1680 cum
3131 1643 3224 1682 eos
3255 1630 3306 1685 in
3347 1632 3536 1688 crimi-

261 1686 580 1754 appetitum.
615 1687 836 1746 Iustitia
860 1692 978 1757 Dei,
1021 1695 1265 1768 intellige
1293 1698 1502 1770 ﬂagella
1540 1703 1848 1773 iustifican-
1948 1707 2091 1762 nalia
2127 1709 2324 1764 cadere
2369 1710 2515 1765 sinit.
2562 1711 2714 1768 Unde
2758 1725 2884 1784 apte
2921 1686 3272 1790 'subjungitur
3307 1686 3376 1776 2V!

262 1777 359 1841 tia,
384 1778 450 1834 de
471 1780 666 1848 quibus
697 1783 897 1839 dicitur
922 1805 934 1840 :
973 1807 991 1839 ι
1023 1788 1090 1842 Ει
1117 1787 1360 1856 justitias
1377 1792 1496 1861 ejus
1525 1813 1636 1852 non
1667 1799 1843 1868 repuli
1944 1801 2190 1869 pepercit
2231 1816 2264 1855 a
2305 1810 2482 1856 morte
2511 1803 2798 1860 animabus
2825 1821 3036 1873 eorum,
3072 1831 3091 1862 ι
3123 1828 3354 1881 quorum
3379 1831 3532 1872 mors

261 1884 295 1924 a
325 1887 412 1928 me
435 1873 488 1939 ³,
529 1894 548 1926 ι
600 1877 744 1946 quod
788 1893 897 1932 non
955 1882 1200 1936 recusavi
1268 1881 1528 1956 ﬂagellari
1577 1889 1646 1943 ab
1686 1903 1752 1944 eo
1789 1891 1842 1944 in
1872 1888 1920 1952 Β
1947 1899 2033 1945 εει
2071 1889 2246 1959 majus
2273 1892 2554 1948 criminale
2582 1905 2888 1965 peccatum,
2921 1917 2940 1950 ι
2977 1908 3034 1955 et
3071 1899 3315 1970 jument'a
3342 1921 3532 1964 eorum

260 1971 528 2038 tempore,
567 1979 626 2024 ut
667 1970 839 2026 laetari
875 1987 1088 2029 merear
1125 1976 1180 2031 in
1225 1979 1549 2036 :eternitate.
1600 1981 1840 2048 Justitia,
1947 1981 2002 2038 in
2023 1993 2198 2039 morte
2223 1984 2510 2052 conclusit,
2545 2006 2564 2039 ›
2604 1989 2749 2056 quod
2777 1991 2958 2046 omnia
2984 1993 3294 2062 adiumenta
3319 2013 3532 2068 eorum,

255 2060 565 2128 .empbatice
596 2062 816 2131 ponitur
851 2079 948 2133 pro
985 2066 1166 2136 justis,
1195 2076 1256 2122 ut
1295 2070 1349 2124 in
1393 2072 1648 2141 psalmis:
1697 2094 1714 2126 ι
1751 2073 1846 2129 Ju—
1945 2076 2062 2131 sive
2088 2076 2143 2130 in
2173 2076 2417 2148 jejuniis,
2449 2079 2564 2134 sive
2590 2079 2645 2136 in
2671 2081 3052 2154 eleemosynis,
3082 2087 3195 2144 sive
3239 2090 3296 2143 in
3323 2093 3530 2148 oratio.

257 2147 408 2204 stitia
461 2158 552 2204 tua
573 2151 724 2208 sicut
751 2163 963 2210 montes
1011 2157 1106 2213 Dei
1135 2157 1155 2188 δ
1176 2197 1192 2224 ,
1252 2179 1272 2212 ι
1307 2163 1451 2230 quod
1477 2161 1615 2231 justi
1663 2165 1741 2219 tui
1789 2167 1844 2220 in
1946 2167 2127 2235 nibus,
2148 2171 2386 2240 peccatis
2411 2185 2598 2227 eorum
2621 2189 2690 2228 ne
2707 2175 2812 2230 sibi
2842 2179 3181 2246 prodessent,
3210 2182 3529 2252 implicavit.

255 2237 552 2298 virtutibus
575 2243 837 2311 eminent,
872 2262 982 2301 non
1011 2248 1155 2305 sicut
1181 2260 1396 2308 montes
1434 2254 1634 2319 saeculi,
1657 2272 1844 2327 super—
1946 2258 2046 2315 Vel
2068 2237 2167 2331 per
2184 2263 2447 2330 iumenta,
2482 2265 2748 2323 virtutes:
2793 2277 2851 2323 ut
2892 2285 3054 2340 supra
3103 2273 3308 2328 dictum
3344 2283 3428 2331 est
3468 2277 3522 2331 in

254 2329 346 2386 hia
377 2339 603 2390 tument.
1943 2329 2168 2423 psalmis
2197 2371 2210 2408 :
2250 2373 2268 2406 ι
2299 2329 2550 2411 Jumenta
2588 2373 2778 2413 eorum
2808 2360 2862 2414 in
2897 2329 3072 2418 morte
3103 2365 3388 2431 conclusit,
3427 2387 3446 2419 ι
3477 2368 3534 2423 id

326 2422 542 2482 Iudices
582 2436 706 2483 sunt
734 2430 943 2500 praelati
985 2433 1263 2501 Ecclestzn,
1294 2444 1354 2490 ut
1403 2437 1458 2492 in
1507 2438 1646 2498 libro
1691 2440 1843 2498 Judi-
1941 2422 2050 2510 est,
2105 2441 2419 2516 spirituales
2461 2463 2651 2505 eorum
2699 2451 2932 2508 virtutes
2978 2458 3220 2524 peccatis
3266 2458 3532 2528 implicari

253 2529 419 2569 cum:
458 2535 476 2566 ι
510 2517 667 2574 Dedit
698 2521 779 2580 eis
812 2521 1046 2590 iudices,
1106 2536 1164 2580 ut
1199 2527 1512 2596 judicarent
1544 2545 1638 2587 eos
1665 2533 1686 2564 ⁸
1708 2573 1724 2598 ,
1755 2555 1775 2586 ι
1811 2535 1842 2570 ⁸
1940 2541 2212 2611 permisit.
2260 2541 2534 2610 Iumenta,
2581 2545 3003 2614 praedicatores,
3057 2559 3116 2604 ut
3160 2551 3214 2608 in
3265 2553 3530 2622 psalmis:

252 2607 539 2664 constituit
567 2627 731 2682 super
757 2629 853 2670 eos
882 2617 1162 2686 prmlatos,
1193 2621 1284 2689 qui
1327 2632 1578 2692 regerent
1603 2640 1716 2681 eos.
1742 2626 1842 2681 Ju-
1942 2607 1969 2682 ἓ
2004 2631 2262 2689 Producit
2293 2643 2436 2690 terra
2474 2636 2658 2691 fenum
2680 2638 2943 2707 jumentis
2973 2642 3049 2709 ³³,
3086 2664 3105 2696 ι
3140 2646 3282 2714 quod
3309 2647 3535 2705 inferior

247 2695 419 2764 dices,
468 2702 596 2757 mali
639 2704 866 2773 praelati,
936 2717 991 2764 ut
1039 2710 1094 2763 in
1129 2708 1270 2767 Job:
1303 2732 1322 2764 ι
1360 2713 1593 2771 Adducit
1632 2718 1842 2787 judices
1943 2725 2102 2779 turba
2133 2727 2407 2781 ministrat
2441 2695 2758 2798 temporalia
2804 2695 3048 2788 subsidia
3085 2695 3534 2804 pried'icatoribus

245 2788 309 2846 in
363 2799 637 2860 stuporem
668 2794 718 2862 θ,
753 2817 774 2854 ›
825 2799 969 2866 quod
1007 2815 1206 2870 pravos
1249 2803 1503 2873 praelatos
1546 2807 1688 2862 Deus
1717 2823 1840 2878 per—
1942 2817 2075 2872 Suis.
2110 2815 2364 2874 Jumento
2392 2819 2732 2877 vulneratum
2763 2822 3138 2882 Samaritanus
3165 2829 3419 2900 imposuit
3450 2833 3529 2898 ιδ,

251 2883 406 2940 misit
431 2887 652 2942 sectari.
703 2887 940 2956 Judices,
989 2891 1160 2948 Judaei
1203 2893 1478 2951 Christum
1511 2896 1837 2966 judicantes,
1940 2911 2088 2978 quod
2118 2909 2372 2966 Christus
2419 2913 2714 2970 humanam
2759 2927 3009 2974 naturam
3049 2921 3199 2977 cruci
3237 2921 3376 2995 aﬂigi
3405 2940 3532 2996 per-

251 2986 314 3032 ut
343 2978 396 3033 in
417 2979 520 3038 Job
547 2998 559 3034 :
596 2999 614 3032 ι
656 2982 871 3044 Vultum
895 2984 1138 3053 iudicum
1160 2988 1276 3058 ejus
1313 2991 1524 3060 operuit
1545 2993 1597 3056 ⁷,
1639 3013 1657 3043 ι
1698 2997 1842 3063 quod
1941 3001 2110 3055 misit.
2139 3001 2391 3057 Iumenta
2415 3005 2692 3075 simplices
2721 3007 3118 3080 intelliguntur,
3149 3012 3292 3068 sicut
3319 2978 3532 3087 δειρῆ-

249 3071 423 3126 corda
449 3070 757 3132 Iudaeorum
807 3076 1087 3134 Christum
1125 3079 1484 3148 judicantium
1523 3083 1670 3140 Deus
1693 3086 1722 3120 “
1751 3101 1837 3142 εε-
1939 3086 2126 3149 ‘mitiva
2177 3095 2421 3152 Ecclesia
2451 3070 2694 3168 gentium
2741 3070 2942 3156 dicituvr
2984 3119 3081 3172 per
3107 3070 3368 3162 l’salten:
3408 3070 3440 3160 ι⁸
3465 3110 3533 3166 Et

243 3164 368 3220 cari
399 3166 664 3234 permisit.
1939 3185 2219 3242 benedixit
2261 3189 2341 3243 eis
2380 3164 2515 3256 ﬂ,"
2548 3194 2692 3262 quod
2735 3194 2887 3248 auxit
2931 3195 3075 3252 Deus
3116 3212 3212 3254 eos
3237 3199 3291 3254 in
3321 3201 3533 3258 virtuti-

322 3256 594 3314 Iudicium
631 3269 714 3316 est
741 3261 1020 3330 discretio,
1046 3275 1104 3320 ut
1131 3266 1181 3320 in
1206 3266 1343 3322 Isaia
1379 3286 1391 3322 :
1437 3289 1456 3320 ε
1485 3269 1738 3327 Judicate
1762 3273 1838 3327 in-
1867 3262 1913 3323 β
1944 3279 2086 3334 bus:
2123 3297 2142 3330 ι
2191 3280 2260 3334 Ει
2285 3256 2632 3351 multiplicati
2683 3295 2810 3340 sunt
2857 3288 3020 3344 nimis
3051 3308 3063 3343 :
3102 3310 3121 3341 ι
3171 3291 3244 3346 ita
3299 3302 3360 3348 ut
3413 3304 3529 3351 rete

247 3359 338 3407 ter
365 3367 451 3408 me
480 3363 535 3408 et
555 3353 769 3410 vineam
823 3371 996 3412 meam
1029 3358 1084 3423 ⁸,
1122 3378 1138 3408 ι
1178 3359 1352 3424 idest,
1383 3361 1676 3416 discernite
1703 3363 1846 3420 inter
1944 3380 2310 3440 rumperetur,
2360 3382 2417 3428 et
2457 3375 2657 3430 multus
2706 3377 2869 3446 piscis
2915 3379 3235 3436 laberetur:
3275 3405 3292 3438 ι
3329 3386 3397 3440 Ει
3442 3387 3534 3457 ju-

235 3459 340 3502 ;me
368 3455 424 3500 et
467 3445 675 3516 plebem
731 3463 930 3502 meam.
985 3449 1280 3518 Judicium,
1330 3454 1622 3522 separatio,
1676 3463 1736 3508 ut
1787 3455 1842 3510 in
1941 3474 2125 3518 menta
2173 3479 2364 3519 eorum
2396 3481 2502 3521 non
2535 3467 2863 3522 minoravit:
2906 3489 2922 3519 ι
2958 3471 3102 3541 quod
3144 3473 3416 3547 simplices
3441 3495 3531 3536 eo-

239 3537 524 3608 psalmis:
574 3557 592 3588 ι
641 3539 699 3594 ln
730 3540 930 3596 virtute
977 3549 1068 3596 tua
1111 3540 1295 3611 judica
1341 3560 1444 3609 me,
1479 3565 1497 3598 ›
1550 3545 1605 3602 id
1647 3555 1750 3612 est,
1783 3546 1840 3602 in
1941 3569 2066 3609 rum
2098 3569 2206 3612 non
2254 3558 2570 3624 minoravit,
2619 3560 2762 3629 quod
2806 3560 3082 3632 simplices
3118 3580 3308 3622 eorum
3345 3571 3531 3628 melio-

237 3631 572 3690 Iortitudine
613 3644 703 3690 tua
735 3653 766 3691 a
796 3636 954 3692 malis
984 3653 1070 3692 me
1098 3653 1313 3708 separa.
1346 3638 1646 3707 Iudicium,
1689 3642 1839 3696 dam-
1943 3651 2104 3714 ravit,
2133 3651 2217 3706 vel
2263 3651 2536 3722 simplices
2575 3668 2765 3708 eorum
2813 3655 3072 3711 minorari
3116 3673 3221 3713 non
3257 3664 3524 3730 permisit.

239 3729 428 3794 natio,
456 3737 516 3784 ut
543 3729 597 3784 in
623 3731 842 3787 cantico
885 3730 1331 3788 Deuteronomii:
1382 3752 1400 3784 ι
1451 3732 1508 3786 Si
1556 3749 1756 3788 acuero
1782 3742 1842 3790 ut
1940 3741 2212 3807 Jumenta,
2263 3741 2548 3808 luxuriosi,
2597 3753 2659 3798 ut
2688 3745 2742 3799 in
2773 3744 2962 3801 Joele:
3001 3767 3021 3800 ι
3069 3748 3529 3820 Computruerunt

229 3821 433 3890 «fulgur
461 3822 696 3893 gladium
717 3840 905 3880 meum
933 3823 954 3854 ⁸
978 3865 992 3890 ,
1027 3844 1046 3875 ι
1077 3825 1132 3879 id
1159 3833 1264 3890 est,
1297 3840 1420 3880 cum
1465 3840 1840 3895 praeparavero
1933 3831 2180 3902 iumenta
2212 3839 2264 3888 in
2293 3843 2536 3891 stercore
2560 3851 2659 3891 suo
2685 3837 2758 3903 ιθ,
2794 3858 2812 3890 ι
2859 3840 2911 3893 id
2947 3848 3051 3906 est,
3081 3843 3329 3900 carnales
3359 3848 3529 3906 vitam

239 3914 550 3970 terribilem
575 3916 866 3972 vindictam
889 3933 1099 3984 meam;
1131 3937 1149 3969 ι
1178 3925 1235 3973 ει
1253 3917 1546 3988 arripuerit
1572 3917 1837 3987 judicium
1941 3924 2201 3980 ﬁnierunt
2257 3927 2311 3980 in
2360 3927 2537 3983 fetore
2583 3928 2808 3986 luxuriae
2851 3947 2982 3988 suae.
3032 3933 3284 3992 Iumenta
3329 3941 3528 4014 quippe

245 4023 446 4062 manus
473 4023 611 4074 mea,
648 4030 668 4062 ι
697 4010 752 4066 id
783 4019 888 4076 est,
919 4011 1228 4066 exercuerit
1274 4019 1516 4080 potestas
1540 4025 1658 4064 mea
1689 4009 1838 4065 dam-
1940 4017 1995 4072 in
2023 4027 2264 4072 stercore
2293 4034 2392 4073 suo
2420 4029 2858 4090 computrescere
2898 4032 3011 4092 est,
3059 4029 3354 4096 quemlibet
3394 4032 3525 4088 insi-

241 4101 550 4168 nationem,
585 4103 804 4158 reddam
833 4103 1092 4160 ultionem
1135 4103 1384 4159 hostibus
1414 4103 1549 4157 meis
1591 4117 1725 4158 voce
1753 4103 1837 4159 vel
1935 4111 2146 4180 pidum,
2191 4113 2396 4167 tamdiu
2426 4112 2560 4168 vitio
2605 4115 2897 4182 deservire,
2930 4126 2988 4172 ut
3015 4119 3082 4174 de
3111 4121 3230 4191 ipso
3269 4124 3520 4181 dicatur:

239 4209 418 4264 opere
453 4195 884 4254 adversantibus.
917 4197 1034 4253 Duo
1080 4206 1207 4253 sunt
1252 4194 1454 4251 iudicia
1497 4196 1627 4252 Dei:
1670 4213 1837 4251 unum
1946 4219 1964 4252 ι
2011 4201 2147 4256 Ecce
2182 4203 2294 4274 jam
2335 4202 2492 4260 fetes.
2530 4223 2548 4256 ι
2593 4205 2874 4273 Jumenta,
2916 4225 3044 4266 caro
3089 4213 3314 4281 Christi,
3366 4228 3426 4271 ut
3471 4219 3526 4274 in

243 4287 557 4356 occultum;
590 4289 823 4346 alterum
870 4290 1252 4358 manifestum;
1305 4292 1526 4347 tertium
1571 4289 1835 4360 judicium
1938 4294 2230 4365 Evangelio
2262 4313 2275 4350 :
2315 4314 2333 4347 ι
2363 4295 2622 4366 Imposuit
2649 4297 2992 4355 vulneratum
3021 4317 3185 4373 super
3205 4305 3515 4376 jumentum

241 4397 358 4450 est,
407 4387 577 4443 malos
624 4391 952 4460 prosperari,
997 4391 1169 4446 bonos
1217 4391 1523 4462 ﬂagellari:
1571 4391 1835 4478 quosdam
1938 4404 2117 4456 suum,
2154 4410 2174 4442 ι
2209 4391 2352 4461 quod
2400 4401 2623 4460 peccata
2663 4392 2886 4448 humani
2934 4398 3151 4466 generis
3192 4399 3246 4453 in
3295 4415 3523 4471 corpore

240 4479 425 4536 malos
448 4480 664 4549 ﬂorere,
691 4484 953 4549 quosdam
980 4497 1179 4555 egere:
1214 4485 1344 4540 item
1371 4485 1634 4554 quosdam
1663 4485 1836 4538 bonos
1936 4498 2038 4539 suo
2067 4485 2324 4554 portavit,
2361 4494 2422 4539 ut
2449 4485 2504 4539 in
2540 4483 2771 4540 Psalmis
2804 4500 2818 4539 :
2849 4505 2868 4538 ι
2904 4485 2976 4540 Ut
2998 4486 3301 4555 jumentum
3347 4491 3521 4548 factus

235 4576 435 4646 quiete
459 4577 662 4644 vivere,
688 4580 948 4648 quosdam
976 4580 1200 4634 adversa
1229 4578 1464 4634 mturare
1493 4595 1506 4632 :
1532 4578 1634 4633 iste
1657 4577 1831 4632 malus
1859 4628 1914 4690 Β
1937 4590 2058 4632 sum
2093 4577 2236 4646 apud
2275 4583 2328 4632 te
2350 4577 2415 4644 ",
2454 4593 2475 4628 ι
2508 4576 2563 4631 id
2596 4585 2700 4643 est.
2729 4577 2948 4633 Ῐιῑηηίιίε
2967 4594 3106 4645 sum,
3141 4581 3194 4635 ίη
3233 4593 3527 4654 conspectu

237 4669 498 4741 cligitur;
531 4672 622 4728 ille
651 4673 707 4727 in
749 4674 890 4729 malo
934 4674 1240 4729 deseritur:
1289 4673 1394 4729 iste
1437 4674 1640 4728 bonum
1687 4669 1912 4728 ince-”
1941 4675 2057 4774 tuo:
2298 4761 2312 4773 ο
2362 4769 2373 4774 Δ
2564 4760 2589 4774 ⁸
2654 4768 2662 4774 Δ
2797 4761 2831 4774 ῃ

227 4769 403 4834 ptum
447 4763 677 4834 perlicit,
717 4764 806 4820 ille
835 4765 1104 4821 deseritur
1141 4766 1196 4820 in
1233 4766 1376 4820 malo
1419 4765 1562 4835 quod
1595 4765 1834 4836 incepit:
2007 4759 2534 4868 έαιζςηεδνξιξῑθξιίεθ
2557 4760 2749 4826 fortes:
2781 4761 3263 4868 di‘ceflfefl’OS‘glo
3282 4765 3520 4868 ³ο³¹¹ρ⁰²

236 4852 370 4907 vult
397 4853 534 4909 alius
561 4856 762 4925 perire,
786 4873 891 4911 non
916 4857 1141 4923 sinitur;
1172 4856 1287 4909 vult
1309 4856 1695 4923 alius-salvari,
1727 4873 1836 4912 non
1949 4872 1969 4903 ί
2007 4852 2199 4908 δοΐὶῢο
2220 4852 2396 4920 νοῦῖεν
2415 4851 2663 4957 Ῑξιγθηίξξ,
2700 4852 2845 4957 ειυρά
2859 4853 3066 4957 ξ’ξοίθιίεδ
3086 4855 3376 4957 malignum
3409 4861 3518 4957 “ﬁ

237 4945 300 5002 ei
335 4943 514 5000 datur.
548 4947 624 5002 De
652 4947 738 5032 bis
760 4947 981 5018 judiciis
1009 4948 1250 5018 psalmus
1267 4948 1427 5002 dicit:
1466 4966 1484 4998 ‹
1504 4946 1715 5004 Judicia
1742 4949 1836 5004 Dei
1941 4945 1999 5050 id
2035 4955 2151 5050 es},
2179 4945 2334 5050 votis
2371 4945 2731 5050 spiritualiter
2765 4943 3015 5050 fortibus.
3047 4948 3191 5050 quod
3228 4954 3526 5021 superastis

239 5037 483 5109 abyssus
504 5039 674 5095 multa
700 5039 774 5105 ¹⁰,
813 5059 832 5092 ι
862 5040 1006 5110 quod
1029 5046 1156 5094 sunt
1203 5038 1286 5110 (ut
1319 5039 1396 5093 ait
1415 5037 1726 5109 Apostolus)
1741 5039 1834 5117 in-
1943 5037 2237 5093 diabolum.
2266 5035 2463 5092 Psalmi
2497 5053 2510 5091 :
2545 5057 2564 5088 ι
2595 5034 2830 5092 Juvenes
2850 5045 2907 5092 et
2923 5038 3185 5109 Virgines,
3220 5057 3378 5099 senes
3397 5061 3519 5100 cum

239 5133 1160 5202 comprehensibilia:manifestum
1178 5131 1840 5203 verojudiciumest.red-
1937 5125 2244 5232 iunioribus
2274 5128 2371 5232 ."i
2408 5149 2427 5182 ⁸
2471 5129 2690 5232 illvm“
2741 5129 2872 5184 ἀίοίῐ
2903 5130 3109 5234 fimi“?
3156 5137 3474 5191 οοηειθηίίω
3507 5155 3522 5191 τ

239 5227 385 5284 dare
412 5226 706 5297 unicuique
725 5227 1023 5283 secundum
1053 5240 1218 5297 Opera
1245 5241 1366 5291 sua,
1397 5233 1456 5281 ut
1478 5224 1686 5280 nullum
1707 5239 1836 5296 pec-
1943 5221 2125 5290 [οντων
2152 5220 2390 5290 Virgines
2415 5221 2670 5330 ξαξῑίῑθῐθ
2699 5221 3157 5330 Prmeniintames':
3193 5242 3361 5330 senes.
3389 5243 3522 5330 000.-

235 5327 437 5376 mtum
465 5329 687 5376 maneat
717 5320 973 5386 inultum,
1023 5319 1229 5376 nullum
1274 5326 1422 5375 recte
1447 5317 1654 5375 factum
1695 5319 1837 5374 irre-
1941 5312 2067 5368 sitio
2105 5321 2348 5367 maturos
2376 5330 2389 5365 :
2416 5311 2450 5347 δ*
2464 5311 2702 5383 juvenes,
2739 5313 3063 5384 neopbytos,
3107 5315 3211 5372 hoc
3236 5324 3338 5382 est,
3371 5317 3524 5373 novi-

243 5421 622 5469 muneratum.
1940 5414 2027 5463 ter
2071 5422 2382 5464 conversus.
2440 5406 2684 5472 Iuvenes,
2752 5406 2961 5474 lascivi,
3015 5415 3075 5462 ut
3130 5409 3182 5463 in
3235 5409 3459 5478 psalmis
3506 5426 3521 5466 :

324 5505 574 5561 Iumenta
595 5548 611 5574 ,
659 5522 780 5577 qua:
827 5506 997 5564 semel
1049 5507 1106 5562 in
1153 5521 1297 5562 anno
1347 5506 1415 5561 ad
1442 5503 1839 5578 procreandam
1947 5518 1966 5552 ι
2001 5497 2236 5556 Iuvenes
2269 5513 2456 5556 eorum
2479 5497 2714 5555 comedit
2735 5498 2810 5566 ⁸⁸,
2843 5517 2864 5552 ι
2902 5499 2957 5554 id
2986 5507 3088 5565 est,
3120 5501 3263 5570 quod
3291 5499 3525 5556 lascivos

325 5646 342 5677 ¹
391 5645 533 5701 Psal.
592 5661 778 5711 xxxtv,
835 5645 925 5702 28.
987 5646 1008 5678 ⁸
1065 5645 1256 5701 Matth.
1305 5660 1358 5700 γι
1386 5685 1402 5711 ,
1460 5644 1512 5698 l.
1556 5642 1782 5717 ’__Psa_l._
1801 5657 1934 5717 xvn,
1972 5641 2063 5695 25.
2101 5637 2512 5717 ‘_Psa_l.“xxsv,
2551 5637 2603 5691 7.
2647 5637 2668 5668 ⁵
2697 5634 2821 5717 Jutl.
2866 5652 2926 5717 ιι,
3095 5634 3255 5717 ’,σξορ
3293 5651 3393 5717 x_u,
3436 5636 3521 5690 l7.

437 5687 533 5700 mu,
595 5687 748 5702 ,ΜΠ
839 5687 925 5702 ,ω
1067 5687 1256 5701 ..........
1317 5687 1358 5700 ν.
1466 5687 1512 5698 -.
1613 5687 1758 5701 -.ι-υ-
1801 5687 1934 5710 nm,
1977 5687 2063 5695 -υ-
2162 5687 2304 5694 --π
2561 5687 2601 5691 --
2975 5687 3058 5717 ‘2'
3157 5687 3247 5690 ἠ
3441 5687 3519 5690 '"

245 5687 433 5806 1.101}.
453 5717 658 5806 πέτει·
679 5719 720 5806 εδ
887 5717 1105 5806 χι
1141 5687 1646 5806 Deut-sime;
1691 5708 2456 5806 {Tal-eain7:31-521;
2501 5706 2933 5806 eas-1:38;}:
2954 5705 3089 5806 the.
3118 5706 3522 5806 metue

252 5758 434 5842 μῖντι
755 5758 860 5842 ξιτ·
1143 5758 1650 5854 arietariae
1697 5801 1736 5851 ι,
1755 5758 1820 5840 ’ὗ

1953 5758 2132 5838 ἥξει.
2147 5758 2160 5764 ’
2175 5758 2476 5845 inn—fee.
2501 5758 2604 5832 Ἶῗι
2621 5758 2884 5844 main,
2912 5758 2999 5829 η.
3018 5758 3026 5759 “
3045 5758 3086 5806 it
3118 5758 3521 5838 multum;

254 5857 346 5913 1‘2.
389 5857 434 5890 ²⁰
469 5858 612 5914 Psal.
653 5874 856 5915 Lxxvn.
897 5859 929 5913 6
