3972 6336
560 395 667 458 975

1195 393 1258 449 B.
1298 389 1558 448 RABANl
1595 387 1820 448 MAURI
1855 386 2175 446 ARCHIEP.
2214 383 2526 444 MOGUNT.
2565 382 2854 445 OPERUM
2888 383 3066 441 PARS
3104 383 3192 441 Ill.
3650 398 3728 455 τις

561 531 746 575 eorum
763 515 1064 572 combussit
1085 505 1302 568 ﬂamma
1331 511 1595 566 libidinis.
1613 510 1858 572 Iuvenes,
1892 509 2061 574 leves,
2087 513 2147 562 ut
2172 517 2218 576 Α
2247 507 2388 562 facio
2412 524 2424 560 :
2447 506 2562 577 jam
2591 521 2702 560 non
2725 521 2828 577 ego
2867 520 3062 576 operor
3091 504 3219 560 illud
3245 517 3262 560 :
3296 507 3401 574 sed,
3435 510 3555 580 quod
3574 509 3727 575 habita:

560 607 618 664 in
661 606 809 662 Job:
857 625 876 659 ι
927 604 1195 662 Videbam
1236 619 1321 658 me
1361 601 1610 672 juvenes,
1646 609 1699 656 et
1747 599 2150 656 abscondeban-

559 707 650 753 tur
682 698 730 762 ⁸,
777 715 796 748 ι
833 697 887 752 id
925 704 1030 761 est,
1087 696 1178 764 qui
1215 696 1361 750 leves
1400 694 1454 748 in
1489 695 1730 749 moribus
1761 700 1935 760 erant,
1966 708 2149 748 coram

560 805 650 845 me
667 803 930 859 apparere
962 803 1070 843 non
1099 787 1392 842 audebant.

631 882 886 938 Juventus
915 889 999 935 est
1021 880 1274 950 primaeva
1295 888 1446 943 aetas,
1474 886 1533 931 ut
1555 878 1609 932 in
1640 875 1874 932 Psalmis
1898 891 1913 928 :
1941 893 1960 926 ‹
1982 876 2145 940 Βειιε,

559 973 793 1031 docuisti
823 989 912 1030 me
939 990 968 1028 a
1007 972 1288 1042 iuventute
1323 985 1443 1026 mea
1475 971 1495 1000 '
1515 1011 1530 1035 ,
1570 989 1588 1022 ι
1617 971 1670 1025 id
1696 977 1797 1034 est,
1830 985 1860 1022 τι
1892 970 2148 1038 primaeva

562 1084 707 1124 mea.
755 1066 1036 1132 Iuventus,
1081 1066 1296 1121 initium
1326 1064 1481 1118 bona:
1511 1061 1966 1124 conversationis,
1998 1066 2059 1113 ut
2091 1058 2148 1114 in

561 1159 1020 1214 Deuteronomio:
1060 1178 1078 1210 ι
1123 1157 1276 1212 Sicut
1301 1155 1418 1211 dies
1453 1153 1758 1223 juventutis
1803 1162 1925 1216 tuae,
1969 1153 2044 1206 ita
2093 1157 2149 1206 et

562 1259 815 1306 senectus
841 1260 930 1304 tua
959 1249 981 1282 ³
1001 1289 1016 1315 ,
1057 1269 1075 1302 ι
1122 1249 1172 1303 id
1203 1256 1306 1314 est,
1337 1248 1551 1319 qualem
1582 1245 1812 1300 fervoris
1849 1243 2148 1299 claritatem

560 1341 796 1397 habuisti
825 1342 878 1396 in
911 1339 1209 1411 primordio
1240 1335 1674 1394 conversationis
1719 1343 1848 1400 tute,
1893 1332 2056 1387 talem
2093 1338 2150 1385 et

565 1434 728 1489 modo
758 1434 930 1489 habes
971 1433 1024 1488 in
1059 1431 1166 1485 line
1207 1439 1318 1484 tuo.
1350 1429 1628 1494 Iuventus,
1662 1424 1906 1481 reversio
1947 1423 2016 1476 ad
2045 1422 2144 1477 bo-

561 1542 716 1591 num,
749 1525 886 1580 utin
928 1524 1198 1580 Psalmis:
1236 1541 1254 1574 ι
1299 1519 1672 1576 Renovabitur
1716 1525 1776 1572 ut
1804 1515 1998 1587 aquilae
2034 1513 2146 1568 vita

563 1626 656 1672 tua
697 1615 752 1682 ⁸,
792 1635 810 1668 ι
873 1616 927 1671 id
964 1623 1068 1682 est,
1116 1614 1183 1670 ad
1233 1613 1405 1669 instar
1449 1610 1644 1683 aquilae
1690 1625 1723 1665 a
1777 1623 1943 1681 prava
1987 1615 2144 1663 vetu-

561 1717 707 1764 state

563 1841 568 1844 .
631 1797 727 1853 Ira
758 1797 881 1862 Dei,
917 1813 1028 1854 non
1054 1803 1140 1854 est
1182 1795 1525 1869 perturbatio
1565 1793 1787 1859 mentis,
1837 1793 1933 1849 sed
1978 1807 2146 1863 expe-

2252 600 2307 655 in
2337 615 2423 654 me
2443 609 2751 669 peccatum.
2784 595 2912 654 Scio
2941 593 3083 654 enim
3109 599 3251 669 quod
3271 615 3370 654 non
3393 601 3571 658 habitat
3590 607 3631 660 in
3651 625 3725 674 me,

2249 692 2354 747 hoc
2365 701 2468 758 est,
2488 693 2541 746 in
2557 707 2721 747 carne
2734 708 2854 747 mea
2881 693 3100 746 bonum.
3129 692 3295 763 Igitur
3313 705 3475 750 mente
3499 698 3640 752 servio
3657 699 3726 771 legi

2250 787 2366 852 Dei,
2385 803 2550 843 carne
2575 796 2755 842 autem
2777 787 2894 859 lege
2917 788 3144 858 peccati.
3168 807 3186 839 ι
3205 787 3397 844 Idcirco
3413 788 3540 858 justo
3559 791 3728 849 illudde-

2249 882 2508 937 siderium
2548 889 2832 952 peccatum
2874 890 2958 937 est
2998 882 3223 948 dictum,
3248 882 3382 951 quod
3411 892 3461 937 et
3489 897 3619 954 ptena
3644 900 3727 955 pec-

2248 973 2354 1030 cati
2392 982 2447 1030 et
2489 989 2650 1029 causa
2693 975 2904 1044 peccati
2935 992 2948 1027 :
2998 973 3142 1043 quod
3185 974 3306 1028 dum
3331 978 3346 992 ‘
3371 989 3460 1029 nos
3495 976 3553 1029 ad
3586 976 3727 1046 aliquid

2249 1066 2568 1122 delectando
2609 1074 2815 1131 monet,
2841 1066 2887 1122 si
2932 1065 3318 1131 consentimus,
3342 1067 3392 1120 in
3428 1076 3614 1136 peccato
3644 1083 3729 1139 ope-

2249 1173 2465 1223 ratnur;
2505 1158 2591 1213 sin
2638 1166 2818 1212 autem
2861 1158 2918 1212 in
2956 1158 3114 1213 nobis
3154 1167 3418 1228 operatur,
3453 1161 3572 1228 quod
3605 1171 3728 1216 tamen

2247 1265 2349 1304 nos
2398 1263 2560 1320 agere
2606 1249 2884 1304 dicimur:
2938 1247 3085 1320 quod
3140 1263 3246 1303 non
3294 1257 3374 1303 est
3417 1250 3550 1320 vigor
3584 1261 3728 1306 natura

2247 1339 2457 1406 alienae,
2505 1339 2601 1396 sed
2643 1340 2872 1411 languor
2910 1348 3149 1396 nostrae:
3193 1340 3284 1410 qui
3327 1339 3474 1412 igitur
3507 1341 3729 1396 illicitode-

2247 1429 2450 1484 siderio
2488 1431 2892 1485 consentientes
2940 1430 3149 1499 pariter
3188 1438 3496 1500 cperantur,
3537 1447 3621 1486 non
3654 1447 3729 1487 am-

2246 1521 2438 1578 bulant
2479 1523 2536 1578 in
2561 1523 2679 1593 lege
2715 1521 2952 1586 Domini,
2985 1523 3080 1591 qui
3109 1521 3238 1576 dicit
3266 1540 3278 1575 :
3312 1542 3330 1574 ι
3361 1521 3550 1577 Declina
3572 1539 3597 1576 a
3617 1525 3726 1589 malo,

2245 1621 2302 1669 et
2343 1612 2429 1668 fac
2464 1613 2666 1668 bonum
2694 1612 2736 1666 ⁸.
2773 1632 2793 1666 ι
2849 1613 2952 1680 Qui
3011 1628 3145 1668 vero
3197 1613 3251 1668 id
3291 1615 3443 1670 sentit
3481 1616 3528 1669 in
3564 1631 3635 1678 se,
3668 1616 3728 1670 sed

2245 1705 2296 1760 ei
2352 1705 2775 1761 contradicendo
2821 1721 2929 1761 non
2973 1706 3287 1773 consentit,
3343 1705 3393 1762 in
3445 1706 3544 1779 lege
3583 1707 3727 1763 Domini

2247 1797 2511 1863 ambulat,
2551 1805 2608 1853 et
2647 1797 2792 1853 Deus
2834 1807 2920 1853 est
2960 1798 3236 1868 denique:
3281 1800 3415 1870 quod
3455 1801 3638 1856 tentatio
3655 1803 3725 1856 riu

560 1891 755 1949 tientia
785 1891 948 1962 iustae
974 1891 1229 1958 ultionis;
1260 1890 1367 1956 vel,
1399 1889 1481 1944 ira
1510 1889 1605 1945 Dei
1627 1899 1711 1944 est
1741 1897 1920 1944 motus
1949 1887 2142 1942 animae
2175 1895 2221 1956 Β
2247 1901 2330 1946 εει
2366 1889 2525 1946 bonis
2567 1903 2734 1960 super
2766 1897 2992 1956 terram,
3035 1899 3091 1946 et
3128 1891 3172 1945 si
3213 1907 3244 1945 a
3275 1891 3599 1948 criminalibus
3623 1893 3727 1964 longe

559 1985 834 2042 cernentis
864 1984 1039 2056 legem
1067 1983 1164 2038 Dei
1207 1998 1238 2037 a
1265 1981 1408 2038 malo
1458 1982 1678 2037 homine
1724 1981 2016 2052 praeteriri,
2045 1995 2146 2050 per

558 2092 724 2148 quem
769 2085 977 2132 motum
1006 2074 1178 2130 multa
1204 2075 1594 2139 vindicantur;
1647 2072 1752 2140 vel,
1801 2073 1881 2127 ira
1918 2073 2013 2127 Dei
2063 2080 2148 2126 est

557 2169 886 2235 obscuritas,
942 2184 1063 2238 quae
1110 2167 1461 2238 consequitur
1523 2175 1995 2238 transgressores;
2065 2163 2144 2218 ira

560 2259 656 2316 Dei
688 2269 772 2315 est
801 2274 963 2330 poena
988 2258 1320 2330 purgatoria.
1354 2257 1578 2322 Fervor,
1623 2265 1827 2312 aeterna
1871 2255 2146 2311 damnatio

558 2350 616 2406 in
651 2364 880 2420 corpore
920 2359 976 2406 et
999 2351 1202 2404 anima.
1237 2349 1390 2404 Unde
1433 2335 1486 2403 in
1516 2347 1790 2403 Psalmis:
1829 2367 1846 2399 ι
1894 2347 2142 2413 Domine,

559 2456 632 2497 ne
672 2442 728 2495 in
779 2441 961 2497 furore
1015 2449 1109 2498 tuo
1146 2456 1342 2512 arguas
1372 2456 1481 2506 me,
1515 2448 1622 2495 etc.
1649 2440 1670 2470 ⁸
1714 2460 1733 2494 ι
1778 2439 1930 2495 Sicut
1958 2440 2146 2496 durius

559 2544 645 2590 est
690 2534 844 2607 argui
899 2548 1062 2604 quam
1104 2533 1326 2603 corripi,
1389 2533 1468 2588 sic
1513 2532 1701 2588 durior
1754 2542 1941 2588 noster
1995 2532 2148 2588 furor

557 2641 724 2696 quam
751 2626 851 2681 ira.
882 2625 1053 2698 Argui
1081 2626 1282 2696 quippe
1323 2632 1408 2681 est
1447 2624 1715 2680 accusari.
1761 2623 1864 2680 Ubi
1894 2632 2142 2680 metuen-

557 2717 686 2772 dum
712 2724 818 2782 est,
863 2730 931 2772 ne
970 2717 1244 2772 accusatio
1288 2714 1453 2771 linem
1483 2715 1682 2772 habeat
1713 2716 2141 2774 damnationem.

556 2807 769 2878 Corripi
796 2821 927 2864 vero
971 2807 1040 2862 ad
1067 2807 1508 2862 emendationem
1539 2805 1708 2861 valet.
1738 2805 1819 2862 llli
1855 2805 1911 2860 in
1934 2803 2144 2874 judicio

553 2909 873 2972 arguentur,
903 2901 1007 2956 hoc
1031 2908 1137 2966 est,
1166 2899 1593 2965 damnabuntur,
1621 2899 1766 2970 quod
1795 2899 1915 2954 sine
1948 2897 2144 2954 funda-

555 2999 764 3057 mento,
795 2991 939 3062 quod
967 2991 1217 3047 Christus
1259 3000 1365 3058 est,
1406 2990 1756 3046 invenientur
1789 3007 1803 3043 :
1851 2989 1929 3045 illi
1959 2996 2146 3044 autem

555 3084 939 3156 corripientur,
971 3085 1076 3140 hoc
1112 3091 1215 3150 est,
1269 3083 1730 3148 emundabuntur,
1780 3081 1873 3152 qui
1925 3079 2146 3152 super“

554 3177 908 3233 fundamenta
933 3177 1203 3233 aedificant
1223 3177 1388 3249 ligna,
1423 3175 1631 3242 fenum,
1659 3176 1933 3246 stipulam.
1966 3175 2144 3232 Detri-

2245 1997 2472 2047 sumus,
2530 1997 2640 2037 non
2685 1982 2878 2050 deest,
2936 1997 3064 2038 cum
3112 1983 3216 2038 nisi
3267 1984 3528 2056 aliquando
3565 1985 3629 2040 vel
3661 1986 3726 2040 levi

2243 2081 2468 2146 peccato
2493 2073 2920 2129 consentiamus.
2951 2073 3057 2130 Sed
3077 2075 3223 2144 quod
3247 2075 3301 2129 in
3321 2076 3405 2131 via
3428 2075 3511 2132 Dei
3531 2077 3596 2133 sic
3614 2077 3726 2133 solun

2246 2168 2484 2234 deviant,
2515 2183 2617 2238 pro
2644 2184 2751 2223 non
2777 2166 3132 2239 peccantibus
3158 2176 3214 2223 et
3240 2167 3404 2225 beatis
3424 2169 3613 2224 habendi
3632 2181 3724 2224 sunt

2244 2259 2442 2315 Beatus
2481 2259 2626 2314 enim
2672 2258 2756 2314 cui
2804 2273 2913 2314 non
2955 2258 3245 2328 imputavit
3279 2259 3412 2315 Deus
3449 2262 3723 2330 peccatum".

2245 2355 2396 2412 Solet
2422 2373 2553 2429 ergo
2591 2373 2748 2413 sacra
2785 2355 3068 2429 Scriptura
3096 2374 3206 2414 non
3231 2359 3395 2414 solum
3433 2358 3550 2413 levia
3579 2364 3726 2428 pascua

2245 2463 2343 2520 per
2381 2449 2724 2519 iniquitatem
2775 2451 3126 2526 signiﬁcare_,
3173 2453 3268 2508 sed
3291 2453 3444 2508 etiam
3465 2452 3644 2507 nefanda
3661 2452 3727 2506 cri-

2245 2541 2432 2607 mina,
2479 2543 2623 2597 sicut
2663 2552 2719 2598 et
2761 2545 2828 2599 de
2871 2554 3046 2601 morte
3088 2546 3327 2602 Domini.
3375 2547 3508 2603 Unde
3542 2545 3663 2600 David
3691 2545 3723 2599 in

2245 2647 2476 2702 persona
2501 2632 2703 2690 Christi
2727 2649 2743 2689 :
2777 2655 2794 2687 ι
2827 2635 3050 2692 Intende
3081 2637 3157 2693 ad
3177 2637 3463 2693 visitandas
3481 2651 3628 2692 omnes
3645 2650 3726 2706 gen-

2247 2735 2328 2783 tes
2357 2727 2418 2792 “,
2453 2747 2473 2781 ι
2521 2727 2575 2782 id
2610 2737 2714 2794 εει,
2744 2729 2798 2784 in
2833 2745 3054 2786 censum
3093 2738 3154 2786 te
3195 2730 3387 2801 prtebe,
3406 2739 3553 2802 pater,
3585 2737 3724 2783 utam

2246 2819 2631 2890 compluatur:
2667 2841 2685 2872 ‹
2719 2838 2826 2878 non
2873 2823 3197 2880 miserearis
3236 2823 3504 2887 omnibus,
3541 2819 3610 2892 qui
3642 2833 3723 2890 opt-

2247 2921 2439 2968 rantur
2472 2912 2836 2984 iniquitatem,
2870 2933 2889 2966 ι
2939 2915 2993 2970 id
3032 2923 3140 2981 est,
3186 2931 3295 2971 non
3329 2913 3568 2984 compluas
3598 2910 3720 2967 vellus.

2246 3001 2390 3072 quod
2435 3002 2610 3058 imbre
2657 3003 2846 3075 gratia:
2892 3002 3081 3074 rejecit
3127 3020 3160 3060 a
3201 3019 3300 3060 se:
3343 3013 3394 3059 et
3433 3003 3491 3058 ad
3527 3003 3633 3056 hunc
3661 3012 3721 3052 nc-

2245 3105 2375 3168 gant
2415 3111 2503 3152 me
2542 3097 2784 3162 venisse;
2829 3106 2888 3151 et
2931 3095 3022 3151 alii
3064 3097 3136 3153 de
3181 3113 3288 3152 non
3326 3095 3562 3152 reddendo
3593 3091 3721 3146 malum

2244 3204 2346 3259 pro
2389 3187 2552 3244 malo.
2587 3207 2606 3239 ι
2640 3189 2888 3256 Domine,
2937 3189 2984 3244 si
3021 3187 3130 3244 feci
3175 3187 3340 3253 istud,
3369 3207 3386 3240 ι
3413 3186 3585 3243 scilicet
3603 3180 3722 3237 uelan-

555 3276 798 3323 mentum
822 3267 966 3324 enim
995 3268 1028 3302 *
1050 3267 1352 3337 patiuntur,
1390 3267 1490 3337 ipsi
1519 3263 1648 3322 v‘ero
1686 3266 1821 3322 salvi
1852 3275 2034 3332 erunt,
2063 3268 2143 3322 sic
2169 3263 2215 3327 C
2247 3279 2414 3346 dum;
2461 3279 2591 3350 quid
2629 3289 2715 3335 est
2755 3281 2853 3335 id?
2902 3298 2922 3331 ι
2977 3281 3022 3336 si
3065 3292 3155 3336 est
3195 3280 3444 3350 iniquitas
3477 3279 3522 3333 in
3555 3272 3721 3331 manibus

557 3367 739 3414 tamen
768 3357 924 3425 quasi
949 3371 1048 3426 per
1090 3356 1287 3426 ignem.
1329 3355 1462 3410 Erat
1507 3356 1674 3426 igitur
1701 3357 1806 3412 iste
1845 3357 2139 3428 paenitens,

555 3463 666 3504 non
696 3448 870 3504 solum
899 3455 958 3502 ut
983 3455 1185 3502 aeterna
1214 3447 1560 3502 damnatione
1588 3449 1813 3504 minime
1834 3448 2140 3516 damnetur,

554 3557 746 3597 verum
771 3541 937 3596 etiam
974 3556 1044 3597 ne
1072 3542 1250 3613 panis
1287 3543 1615 3614 purgatoriis
1647 3545 1974 3600 emundetur
2000 3564 2013 3600 :
2045 3545 2141 3602 sed

555 3634 739 3706 potius
765 3636 798 3669 "
845 3635 1156 3705 experiatur
1200 3636 1459 3708 pietatem
1509 3637 1706 3693 mentis
1753 3637 2038 3704 medicina,
2094 3637 2141 3694 si

558 3725 762 3781 sentiat
781 3726 1131 3782 severitatem
1159 3727 1284 3782 irati
1309 3725 1532 3796 iudicis.

629 3815 894 3888 Iniquum
933 3818 1151 3889 proprie
1201 3815 1418 3882 dicitur,
1467 3817 1727 3890 quidquid
1775 3820 1845 3876 ab
1888 3821 2141 3892 aequitate

553 3905 844 3978 discrepat.
873 3907 1025 3964 Unde
1053 3907 1292 3965 Joannes
1335 3909 1391 3964 in
1422 3910 1665 3980 Epistola
1697 3929 1709 3966 :
1750 3933 1768 3963 ί
1808 3911 2019 3981 Omnis,
2054 3915 2138 3970 in-

552 3998 687 4068 quit,
732 4000 823 4069 qui
869 3997 999 4056 facit
1044 4007 1355 4070 peccatum,
1406 4009 1462 4055 et
1503 4001 1844 4072 iniquitatem
1876 4004 2047 4060 facit:
2085 4013 2141 4061 et

552 4097 834 4159 peccatum
891 4099 976 4145 est
1021 4091 1278 4162 iniquitas
1305 4092 1355 4152 ,⁶.
1396 4111 1415 4142 ι
1453 4091 1560 4148 Sed
1607 4109 1728 4149 cum
1771 4097 1945 4151 omnis
1975 4098 2138 4153 homo

553 4181 844 4252 aliquando
866 4182 998 4238 facit
1045 4185 1410 4254 iniquitatem,
1449 4187 1571 4256 quis
1603 4187 1722 4243 sine
1755 4197 1979 4258 peccato
2023 4192 2138 4244 est?

555 4272 722 4328 Juxta
743 4290 928 4329 vocem
952 4275 1164 4341 Psaltaa,
1190 4276 1293 4344 Qui
1324 4286 1617 4348 operantur
1639 4279 2000 4350 iniquitatem,
2028 4299 2135 4338 non

559 4365 840 4421 ambulant
885 4367 939 4422 in
982 4367 1100 4439 lege
1148 4368 1360 4426 Domini
1399 4372 1454 4436 ",
1503 4379 1558 4426 et
1606 4372 1725 4426 ideo
1771 4374 1981 4431 liberati
2026 4393 2133 4433 non

551 4466 698 4510 sunt.
739 4456 872 4524 Quis
906 4473 1038 4530 ergo
1076 4459 1377 4517 liberatus?
1421 4462 1529 4518 Sed
1576 4463 1681 4520 alia
1721 4474 1806 4521 est
1851 4467 2130 4538 iniquitas,

551 4544 656 4601 hoc
687 4555 772 4602 est
798 4557 1078 4618 peccatum
1107 4551 1226 4607 sine
1260 4567 1368 4623 quo
1393 4566 1552 4610 nemo
1581 4565 1692 4622 est;
1712 4566 1766 4612 et
1790 4557 1894 4612 alia
1920 4568 2006 4614 est
2034 4560 2134 4616 ini-

2247 3371 2406 3438 meis,
2441 3391 2460 3423 ι
2511 3372 2615 3427 hoc
2657 3380 2774 3438 est,
2823 3371 2878 3426 in
2921 3372 3182 3442 operibus
3220 3372 3382 3437 meis,
3421 3382 3558 3440 quam
3590 3361 3719 3432 iniqui-

2245 3472 2415 3520 tatem
2461 3465 2598 3521 dicis
2643 3465 2744 3519 tu?
2783 3473 3008 3536 aperte:
3046 3483 3066 3516 ι
3099 3465 3150 3520 si
3177 3464 3380 3521 reddidi
3405 3454 3719 3518 retribuet!th

2244 3557 2378 3612 mihi
2419 3558 2581 3621 mala,
2615 3579 2633 3611 ι
2685 3574 2812 3614 ecce
2854 3559 3136 3630 iniquitas,
3183 3573 3330 3630 qua,
3367 3558 3504 3628 juxta
3534 3545 3718 3608 lacuaria

2245 3664 2437 3705 vocem
2481 3652 2762 3721 prophetae
2790 3652 2855 3717 “,
2907 3651 3060 3707 sedet
3102 3667 3270 3722 super
3307 3650 3537 3706 talentum
3570 3638 3715 3715 plmnli

2248 3739 2387 3795 Sunt
2421 3742 2586 3796 etiam
2628 3751 2919 3812 operantes
2957 3743 3321 3814 iniquitatem,
3364 3742 3448 3814 qui
3480 3739 3658 3796 volentes
3682 3744 3717 3786 se

2238 3831 2542 3903 iustiﬁcam
2577 3833 2811 3890 fundunt
2842 3834 3056 3906 culpam
3085 3851 3242 3892 suam
3269 3836 3324 3892 in
3348 3843 3617 3895 creatorem,
3639 3822 3717 3882 de"

2242 3923 2324 3978 las
2360 3933 2670 3980 asserentes
2704 3925 3057 3982 dominicales
3091 3941 3188 3982 eos
3223 3941 3452 3991 creasse,
3475 3931 3524 3978 ut
3540 3930 3715 3988 nonpos-

2243 4013 2353 4067 sint
2390 4028 2420 4067 a
2459 4026 2684 4083 peccato
2725 4030 2784 4070 se
2822 4016 3116 4084 abstinere,
3163 4018 3306 4073 sicut
3330 4015 3534 4085 denique
3553 4010 3714 4082 αυίοριι

2243 4119 2436 4164 rantur
2479 4111 2552 4165 ita
2598 4111 2941 4182 iniquitatem
2981 4113 3248 4184 pertinaci
3286 4112 3467 4174 studio,
3493 4117 3540 4166 ut
3561 4107 3588 4160 ii
3607 4113 3713 4169 usque

2242 4201 2309 4256 ad
2349 4202 2508 4257 finem
2550 4203 2674 4257 vita:
2715 4213 3086 4273 perseverent,
3124 4206 3218 4275 qui
3259 4216 3510 4273 nunquam
3541 4195 3714 4253 carebunt

2241 4293 2416 4363 culpa.
2485 4295 2560 4349 De
2609 4294 2807 4350 talibus
2851 4296 3054 4351 dictum
3097 4307 3221 4352 est:
3273 4314 3292 4347 ι
3342 4295 3405 4350 Ει
3444 4291 3713 4360 dispar-talin"r

2239 4403 2466 4454 omnes,
2529 4389 2620 4458 qui
2681 4398 2978 4460 operantur
3020 4391 3357 4461 iniquitatem
3386 4388 3443 4441 ¹³.
3474 4405 3492 4439 ι
3535 4377 3711 4450 Iniqui!“

2238 4480 2456 4550 ponitur
2487 4482 2794 4551 emphatice
2833 4497 2934 4552 pro
2975 4483 3199 4554 iniquis,
3227 4483 3430 4539 dicente
3457 4474 3616 4534 David:
3639 4488 3653 4520 ι
3674 4465 3712 4519 El

2238 4571 2416 4626 omnis
2455 4571 2711 4641 iniquitas
2753 4573 3098 4644 oppilabitos
3125 4591 3281 4631 suum
3307 4575 3368 4640 ιδ,
3399 4591 3416 4624 ι
3457 4567 3572 4642 quod
3590 4569 3710 4618 0mes

551 4636 754 4731 quitas,
782 4653 944 4731 quam
988 4641 1081 4711 qui
1124 4641 1156 4676 ⁸
1208 4651 1527 4712 operantur,
1581 4661 1688 4700 non
1741 4648 2022 4704 ambulant
2071 4651 2127 4706 in
2161 4647 2212 4708 D
2238 4661 2430 4731 iniqui,
2459 4636 2574 4716 sive
2598 4636 2937 4729 Judmﬁm
2981 4665 3244 4730 heretici,
3285 4636 3401 4720 cuin
3424 4636 3517 4716 min
3536 4653 3706 4711 habent

549 4721 670 4796 lege
699 4725 929 4794 Domini,
954 4745 1054 4786 nec
1088 4732 1281 4788 beatus
1308 4742 1411 4800 est,
1448 4737 1882 4808 quandoquidem
1921 4741 1974 4795 id
2008 4756 2133 4811 pec-

552 4826 731 4872 catum
756 4819 826 4874 sit
853 4821 1100 4880 illicitum
1124 4827 1306 4882 carnis
1335 4836 1392 4884 et
1414 4830 1446 4864 ἰ
1477 4829 1727 4887 violentae
1757 4835 2085 4890 desiderium
2112 4854 2126 4903 ;

553 4905 656 4960 hoc
685 4915 1013 4976 postremum
1041 4917 1194 4986 pravi
1243 4917 1425 4986 operis
1474 4919 1529 4973 in
1578 4935 1709 4976 voce
1754 4925 2130 4993 pertinacissi-

551 5013 700 5052 mum
737 5000 991 5068 studium,
1038 5021 1208 5076 usque
1249 5011 1382 5064 adeo
1412 5009 1466 5064 id
1509 5011 1562 5066 in
1590 5012 1894 5072 volentibus
1941 5033 2131 5087 opera-

552 5097 656 5150 tur,
703 5098 761 5143 ut
801 5093 1075 5160 apostolus
1117 5096 1185 5152 de
1215 5099 1306 5154 illo
1336 5101 1449 5155 sive
1497 5117 1594 5158 sua
1645 5105 1761 5160 sive
1787 5107 2127 5166 infirmorum

549 5195 679 5234 voce
706 5185 1036 5250 pronuntiet,
1065 5188 1254 5244 dicens
1278 5207 1291 5243 :
1323 5209 1341 5240 ι
1375 5190 1492 5246 Νοη
1521 5194 1572 5249 id
1594 5198 1737 5266 quod
1759 5198 1880 5253 volo
1902 5200 2124 5268 bonum,

548 5268 651 5362 hoc
687 5269 863 5337 facio;
921 5276 1016 5331 sed
1059 5279 1201 5349 quod
1247 5280 1373 5335 nolo
1424 5283 1650 5352 malum,
1704 5288 1805 5343 hoc
1861 5306 1962 5362 ago
2007 5291 2063 5358 ’ς
2101 5312 2120 5346 ι

545 5360 650 5416 hoc
703 5372 808 5430 est,
849 5365 1034 5423 illicita
1081 5371 1258 5440 cupio.
1305 5371 1585 5439 Quomodo
1625 5393 1754 5450 ergo
1789 5380 1845 5436 in
1892 5360 1978 5437 via
2029 5383 2127 5440 Dei

544 5456 812 5528 ambulas,
832 5475 867 5517 ο
895 5460 1098 5518 Paule?
1123 5462 1219 5533 qSi
1241 5483 1262 5517 ι
1286 5473 1490 5535 autem,
1520 5468 1718 5541 inquit,
1753 5491 1772 5524 ‹
1806 5473 1951 5544 quod
1977 5474 2126 5543 nolo,

2237 4755 2382 4825 quod
2420 4761 2610 4810 contra
2651 4756 2998 4813 manifestam
3035 4758 3318 4813 veritatem
3358 4755 3535 4816 dicant,
3555 4733 3708 4804 contidi

2236 4845 2626 4904 obtnutesceut.

3007 4988 3054 5045 K

2305 5139 2565 5197 Kalendae
2602 5141 2891 5214 aliquando
2924 5144 2981 5200 in
3010 5145 3151 5202 bono
3175 5153 3466 5208 sumuntur,
3487 5147 3536 5196 ut
3554 5137 3597 5192 in
3613 5131 3703 5188 lim

2233 5231 2455 5288 Numeri
2481 5252 2494 5287 :
2529 5253 2546 5285 ι
2578 5234 2636 5289 ln
2679 5234 3132 5293 solemnitatibus
3151 5247 3204 5293 et
3242 5234 3477 5293 Kalendis
3497 5235 3542 5286 et
3561 5228 3603 5282 in
3620 5218 3701 5276 σὺ·

2232 5321 2375 5378 batis
2416 5325 2614 5381 vestris
2639 5326 2713 5393 ¹⁸;
2740 5347 2759 5379 ι
2801 5328 3093 5399 aliquando
3130 5331 3184 5384 in
3225 5329 3382 5394 malo,
3422 5333 3474 5380 ut
3505 5323 3550 5378 in
3581 5312 3698 5373 Isaia:

2238 5433 2258 5466 ‹
2285 5414 2554 5475 Kalendas
2577 5427 2787 5477 vestras
2810 5421 2982 5478 odivit
3006 5422 3186 5479 anima
3209 5437 3327 5478 mea
3350 5421 3408 5474 ".
3437 5438 3456 5472 ι

618 5705 632 5735 ¹
673 5703 779 5793 ξοιξ
808 5721 959 5793 x'zttx:
989 5709 1041 5763 8.
1085 5709 1104 5738 '
1313 5728 1444 5793 in,
1485 5713 1570 5767 l7.
1618 5716 1840 5793 ᾕρειιιζ
1873 5737 2064 5793 xum,
2105 5721 2186 5779 25',

2122 5722 2196 5779 ΞΒ.
2243 5726 2264 5756 ⁵
2297 5725 2438 5783 Psal.
2480 5745 2581 5793 cu,
2622 5732 2676 5786 5.
2713 5732 2734 5764 ⁵
2769 5732 2910 5788 Psal.
2953 5750 3004 5790 vt
3040 5744 3096 5792 et
3133 5751 3344 5793 xxxv".
3381 5733 3424 5786 Ι.
3470 5727 3488 5757 ⁸
3533 5722 3550 5776 Ι
3588 5715 3690 5793 ³⁸³9·

546 5787 628 5834 ιιι,
664 5775 717 5826 4.
760 5777 779 5807 ⁷
823 5775 969 5830 Psal.
1008 5793 1118 5841 xiv,
1155 5781 1209 5834 4.
1253 5781 1274 5812 ⁸
1313 5774 1467 5837 Rom.
1508 5800 1603 5848 vn,
1642 5787 1727 5840 49.
1765 5774 2114 5847 'Psalfxiilxt

551 5842 591 5871 ί²
617 5842 779 5896 Zarh.
808 5860 859 5899 v.
891 5845 944 5901 7.
974 5847 1026 5902 8.
1099 5850 1140 5880 ¹³
1173 5851 1309 5906 Psal.
1339 5869 1444 5907 κει.
1479 5853 1560 5907 10.
1599 5855 1638 5886 ¹⁸
1661 5856 1801 5907 Psal.
1835 5876 1937 5907 CVI-
1971 5862 2058 5907 Δρ-
2102 5865 2114 5895 ¹

2121 5810 2173 5860 ιι,
2205 5796 2303 5860 l5;
2341 5799 2360 5851 l
2387 5799 2532 5854 Petr.
2562 5774 2791 5866 1,11,.11.‘
2815 5774 3362 5872 T'é'iwsii."£x§.‘,“é'.'x’x
3381 5774 3500 5856 Psal.
3527 5803 3636 5850 tum
3656 5780 3689 5833 θ’

2126 5865 2302 5907 ⁸Νηιπιι
2354 5885 2518 5907 ην...
2581 5874 2631 5907 ιι
2693 5874 2737 5904 η
2762 5875 2839 5907 ιε..
2899 5893 2910 5907 .
2966 5877 3028 5907 u

847 5884 859 5899 .
891 5856 944 5901 7.
974 5856 1026 5902 δ.
1099 5856 1140 5880 ¹³
1173 5856 1309 5906 Psal.
1339 5869 1444 5916 xei,
1479 5856 1560 5907 10.
1599 5856 1638 5886 ’⁸
1661 5856 1801 5912 Psal.
1835 5876 1938 5924 cvt,
1971 5862 2058 5916 42.
2102 5856 2325 5921 "Num.
2353 5885 2415 5924 xx

1481 5856 1560 5907 IO.
1599 5856 1638 5886 “
1661 5856 1801 5912 Psal.
1835 5876 1938 5924 cvt,
1971 5862 2058 5916 42.
2102 5856 2325 5921 "Num.
2353 5885 2539 5936 xan,
2580 5856 2659 5927 Μ’.
2693 5874 2737 5904 ¹⁶
2759 5875 2860 5929 lsa.
2890 5856 3049 5936 1.73.
