3972 6336
392 242 497 313 επ

1161 352 1203 408 L

385 463 578 520 Labia.
936 463 1188 524 Labrum.
1487 471 1734 529 Latitudo

381 533 674 591 Labrusca.’
935 535 1068 594 Lac.
1485 545 1671 600 Linea.

380 604 581 661 Lacus.
934 605 1200 667 Lactucaz.
1484 615 1677 670 Littus.

377 675 626 754 Lacerta.
934 677 1265 754 Laguncula.
1487 685 1720 754 Lucifer.

378 744 618 828 Lagena.
933 744 1215 828 Laoryma.
1485 744 1676 828 Ligna.

379 815 591 872 Lamia.
933 815 1180 883 Lignum.
1481 815 1696 883 Linum.

376 886 522 969 Lux.
844 899 845 908 ‘
936 886 1150 969 Lilium.
1481 897 1695 969 Lippus.
1731 949 1734 954 .

374 955 644 1014 Lucerna.
933 962 1150 1019 Lorum.
1481 955 1657 1024 Liber.

374 1024 570 1083 Lumbi
593 1033 632 1084 '.
931 1031 1200 1090 Lectulus.
1480 1040 1729 1096 Locusta.

374 1097 554 1182 Linea.
942 1105 1114 1182 -Ιιειιλ⁸
1478 1109 1798 1182 Longitudo.

372 1163 578 1248 Litum.
929 1173 1166 1248 Legatio.
1634 1163 1641 1165 ﬁ
1656 1163 1662 1247 ί

370 1236 566 1322 Laena.
929 1236 1145 1322 Lepus:
1477 1236 1685 1308 Lectus.

375 1307 630 1387 Libanus.
929 1307 1166 1387 Le'prosi.
1477 1307 1686 1378 Lector.

373 1375 619 1464 Lancea.
929 1375 1199 1464 Le'viatan.

368 1447 638 1534 ζιαηιραε.⁸
926 1457 1101 1534 Lana.
1325 1495 1328 1500 -
1476 1447 1668 1534 Lepra.

366 1517 695 1597 Laquearia.
927 1526 1108 1597 Lapis.
1475 1517 1667 1588 Lo'cus.

367 1588 561 1667 Latus.
925 1588 1188 1667 Laqueus.
1475 1603 1726 1661 Locutus.

365 1657 650 1719 Latrones.
923 1657 1102 1726 Later.
1473 1657 1693 1730 Lumen.

443 1794 610 1852 Labia
636 1807 762 1855 sunt
790 1799 885 1858 Dei
907 1800 1143 1872 judicia,
1193 1814 1253 1862 ut
1295 1806 1350 1862 in
1391 1805 1530 1864 Job:
1568 1827 1587 1861 ι
1620 1808 1688 1864 Ει
1721 1811 1956 1880 aperiret

359 1885 513 1944 labia
555 1904 652 1944 sua
693 1891 789 1947 tibi
817 1893 897 1958 ³,»
930 1894 985 1950 id
1035 1904 1142 1962 est,
1188 1898 1453 1954 revelaret
1479 1897 1682 1966 judicia
1705 1916 1801 1956 sua
1829 1901 1952 1958 sibi.

359 1975 538 2034 Labia
580 1983 744 2038 verba
789 1982 1030 2054 Christi,
1071 1987 1226 2056 juxta
1272 1989 1396 2045 illud
1449 2007 1660 2062 sponsae
1698 2008 1957 2063 sponsum

357 2068 645 2129 laudantis
669 2091 681 2127 :
717 2093 736 2125 ι
767 2073 934 2133 Labia
962 2079 1105 2145 illius
1127 2081 1237 2136 lilia
1264 2080 1522 2137 stillantia
1547 2083 1820 2155 myrrham
1847 2084 1958 2155 pri-

359 2183 512 2223 mam
539 2171 583 2236 ³,
617 2190 636 2224 ι
687 2173 833 2242 quod
873 2175 1036 2231 verba
1087 2177 1347 2233 doctrinae
1410 2177 1636 2246 Christi,
1683 2195 1802 2250 qua:
1841 2179 1958 2234 dul-

359 2258 613 2314 cedinem
659 2263 810 2334 regni
851 2265 1089 2322 caelestis
1121 2269 1462 2340 promittunt,
1505 2280 1871 2343 contemptum
1902 2279 1958 2328 et

359 2351 844 2410 mortiﬁcationem
888 2357 1184 2414 carnalium
1225 2360 1560 2430 voluptatum
1607 2361 1806 2432 ubique
1847 2362 1952 2417 dif-

361 2439 642 2510 fundunt,
695 2453 753 2498 ut
800 2445 1034 2503 libenter
1076 2464 1262 2504 amara
1310 2451 1535 2517 bibant,
1587 2454 1677 2524 qui
1722 2453 1953 2523 gloriosa

360 2535 696 2592 desiderant.
744 2538 932 2607 Labia,
959 2543 1361 2610 praedicatores,
1391 2544 1604 2600 dicente
1641 2561 1842 2615 sponso
1885 2547 1954 2602 ad

359 2642 662 2698 sponsam:
701 2649 720 2683 ι
755 2630 908 2688 Sicut
948 2635 1083 2690 vitta
1125 2637 1376 2692 coccinea
1421 2637 1559 2692 labia
1597 2646 1710 2704 tua,
1747 2647 1802 2694 et
1838 2639 1951 2695 clo-

360 2721 554 2790 quium
603 2732 754 2779 tuum
795 2726 948 2782 dulce
974 2728 1015 2781 ³.
1049 2748 1069 2782 ι
1117 2728 1540 2796 Praedicatores,
1588 2731 1729 2786 labia
1793 2741 1947 2796 sunt,

359 2814 602 2885 dumque
625 2817 812 2874 dentes
838 2827 1040 2885 terunt,
1070 2821 1160 2876 alii
1190 2824 1545 2893 restringunt.
1597 2823 1730 2877 Dum
1759 2823 1951 2880 fluidas

358 2908 721 2978 cogitationes
754 2913 1096 2983 praedicando
1135 2917 1488 2987 restringunt,
1516 2918 1752 2973 coccinei
1783 2928 1944 2974 sunt:

357 2999 507 3069 quod
525 3001 782 3059 Dominici
811 3007 1090 3076 sanguinis
1110 3007 1363 3076 pretium,
1387 3023 1494 3077 quo
1516 3009 1776 3078 redempti
1800 3016 1943 3074 sunt,

1344 238 1758 301 ALLEGORUE
1794 239 1862 298 IN
1903 238 2181 297 SACRAM
2217 232 2676 318 SCRIPTURAM.

1994 353 2048 413 Α
2072 352 2344 408 auditores
2368 353 2436 407 ad
2469 352 2725 408 interiora
2753 347 2991 410 caelestis
3014 340 3162 425 regni
3187 355 3344 428 quasi
3367 357 3497 414 vitia
3523 375 3648 416 mea

3540 248 3640 300 97b

2067 443 2332 499 trahendo
2368 444 2615 520 perduxi.
2659 442 2790 511 Lac,
2831 444 3162 514 innocentia,
3200 457 3258 502 ut
3293 449 3346 504 in
3380 448 3643 508 Cantico:

2070 555 2088 586 ι
2122 534 2252 602 Quae
2289 535 2430 591 lacte
2474 545 2599 591 sunt
2625 535 2759 606 lota:
2780 536 2847 603 “,
2877 555 2896 590 ›
2940 537 2996 592 id
3031 547 3134 605 est,
3178 555 3297 609 qua:
3329 550 3454 596 sunt
3492 543 3649 598 inno-

2062 625 2242 680 centia
2283 633 2542 698 purgatm.
2591 623 2721 693 Lac,
2743 627 2886 683 bona
2907 627 3070 704 actio,
3099 638 3160 684 ut
3181 629 3237 684 in
3262 630 3437 688 Isaia:
3469 653 3488 686 ι
3515 632 3650 690 Bibe

2061 715 2248 770 vinum
2287 723 2344 771 et
2383 717 2468 772 lac
2493 715 2558 784 “,
2592 737 2613 770 ›
2661 718 2714 773 id
2754 726 2874 784 est,
2927 733 3123 775 exerce
3168 720 3466 776 theoricam
3509 737 3643 779 con-

2061 806 2464 877 templationem
2489 817 2545 864 et
2567 808 2762 864 bonam
2790 809 3079 865 actionem.
3126 808 3258 882 Lac,
3300 810 3643 869 blandimen-

2060 910 2175 957 tum
2212 903 2458 972 peccati;
2506 910 2568 958 ut
2613 902 2665 957 in
2706 902 2930 958 Exodo:
2976 921 2994 954 ι
3028 900 3146 958 Νοιι
3189 917 3392 974 coques
3430 903 3645 959 haedum

2058 989 2116 1046 in
2157 991 2302 1048 lacte
2345 993 2536 1048 matris
2573 1009 2682 1048 sua:
2709 993 2776 1059 ",
2810 1013 2829 1046 ι
2874 993 2929 1049 id
2968 1002 3086 1060 est,
3125 1009 3235 1050 non
3274 992 3482 1050 fovebis
3517 1010 3647 1066 pec-

2057 1093 2298 1142 catorem
2343 1086 2398 1141 in
2437 1086 2804 1143 blandimento
2841 1086 3010 1159 culpae
3050 1103 3181 1144 suae.
3228 1085 3356 1155 Lac,
3399 1089 3646 1144 doctrina

2057 1175 2212 1247 legis,
2255 1184 2316 1232 ut
2360 1177 2414 1232 in
2462 1176 2696 1234 Genesi:
2735 1197 2752 1229 ι
2787 1181 2985 1234 Dentes
3027 1179 3144 1250 ejus
3187 1178 3328 1234 lacte
3367 1180 3645 1236 candidio-

2055 1281 2144 1324 res
2169 1268 2236 1334 ¹δ,
2270 1287 2289 1320 ι
2339 1270 2482 1340 quod
2519 1271 2685 1326 verba
2711 1270 2915 1326 Christi
2960 1270 3204 1327 doctrina
3246 1270 3382 1348 legis
3420 1271 3647 1343 profun-

2056 1357 2208 1414 diora
2250 1368 2397 1415 sunt.
2458 1359 2586 1428 Lac,
2638 1361 2950 1432 temporalis
2991 1362 3424 1426 administratio,
3474 1370 3538 1417 ut
3583 1363 3641 1418 in

2053 1449 2319 1506 Ieremia:
2353 1471 2372 1503 ι
2401 1451 2756 1509 Candidiores
2783 1453 2920 1508 lacte
2946 1451 3187 1508 Nazarzei
3205 1452 3270 1520 ",
3299 1471 3316 1504 ι
3349 1453 3492 1522 quod
3513 1468 3643 1508 con-

2053 1542 2350 1613 templativi
2409 1544 2516 1600 illis
2569 1545 2663 1616 qui
2710 1545 3031 1616 temporalia
3074 1545 3640 1616 administrant'spi-

2052 1633 2272 1689 ritualia
2315 1643 2462 1690 sunt.

1978 1712 2029 1772 Β
2127 1724 2299 1780 Lacus
2342 1726 2587 1784 infernus
2631 1735 2747 1795 est,
2792 1739 2853 1784 ut
2893 1729 2947 1784 in
2997 1730 3172 1785 Isaia:
3209 1749 3228 1782 ι
3261 1729 3395 1786 Cum
3441 1729 3508 1785 iis
3546 1730 3642 1800 qui

2061 1811 2457 1871 descenderunt
2497 1817 2552 1870 in
2597 1816 2865 1882 lacum“,
2919 1837 2938 1870 ι
2997 1818 3050 1873 id
3089 1827 3207 1885 est,
3264 1833 3386 1873 cum
3432 1817 3498 1872 iis
3546 1815 3641 1886 qui

2060 1906 2280 1964 fuerunt
2321 1909 2377 1964 in
2423 1908 2714 1965 infernum.
2762 1909 3165 1967 ltem'loannes
3199 1911 3254 1965 in
3279 1908 3638 1981 Apocalypsi:

2065 2021 2085 2056 ι
2116 2003 2185 2058 Ει
2221 2003 2369 2058 misit
2409 2003 2630 2075 angelus
2670 2003 2861 2060 falcem
2909 2020 3058 2060 suam
3099 2005 3153 2059 in
3189 2012 3413 2068 terram,
3439 2010 3495 2058 et
3521 2001 3638 2055 vin-

2059 2097 2316 2153 demiavit
2350 2097 2560 2154 vineam
2613 2105 2790 2159 terrae,
2837 2105 2892 2152 et
2932 2097 3082 2152 misit
3121 2097 3174 2151 in
3215 2097 3388 2151 lacum
3418 2094 3512 2148 ira:
3541 2090 3638 2146 Dei

2058 2188 2239 2259 magni
2266 2187 2330 2253 ¹⁷,
2361 2208 2378 2240 ι
2411 2203 2672 2244 exercens
2707 2189 2851 2244 enim
2893 2188 3027 2243 ordo
3062 2184 3639 2259 przedicatorumjudi-

2057 2279 2201 2334 cium
2259 2295 2415 2334 suum
2483 2289 2669 2335 contra
2717 2288 2992 2345 terrenos,
3203 2277 3467 2332 malorum

2055 2387 2218 2442 quam
2250 2371 2304 2425 in
2331 2381 2474 2426 terra
2499 2372 2825 2436 nutrierant,
2869 2381 2924 2427 et
3108 2371 3227 2427 illos
3255 2372 3308 2426 in
3341 2370 3634 2430 infernum,

2055 2463 2145 2518 ubi
2190 2463 2607 2519 innumerabiles
2644 2464 2930 2518 vindictam
2972 2463 3068 2517 Dei
3109 2462 3484 2517 sustinebunt:
3521 2478 3539 2511 ι
3571 2460 3641 2514 Ει

2055 2555 2294 2611 calcatus
2338 2564 2422 2610 est
2463 2556 2612 2611 lacus
2649 2565 2804 2612 extra
2845 2555 3117 2611 civitatem
3140 2554 3206 2620 ιθ,
3238 2573 3257 2606 ›
3291 2553 3434 2623 quod
3461 2551 3638 2622 puniti

2055 2655 2178 2700 sunt
2225 2647 2278 2700 in
2328 2647 2578 2712 inferno,
2635 2647 2727 2716 qui
2774 2645 2992 2701 fuerunt
3039 2654 3192 2700 extra
3237 2654 3480 2700 sanctam
3528 2642 3634 2698 Ec-

2055 2735 2299 2803 clesiam,
2341 2738 2426 2792 vel
2472 2737 2718 2793 infernus
2759 2737 3057 2809 completus
3095 2746 3179 2792 est
3219 2735 3496 2799 ﬁdelibus,
3532 2752 3551 2784 ι
3581 2741 3638 2788 ει

2053 2829 2221 2883 exivit
2261 2829 2479 2898 sanguis
2513 2829 2578 2885 de
2613 2828 2731 2883 lacu
2771 2842 2939 2898 usque
2973 2828 3039 2882 ad
3079 2826 3264 2881 frenos
3295 2839 3579 2895 equorum,
3610 2844 3628 2875 ι

2055 2921 2198 2990 quod
2240 2937 2338 2992 pro
2377 2929 2620 2992 peccato,
2663 2921 2805 2990 quod
2846 2921 2897 2974 in
2942 2919 3152 2974 inferno
3193 2927 3308 2980 est,
3356 2931 3526 2987 usque
3567 2915 3637 2970 ad

2058 3012 2201 3082 ipsos
2243 3011 2515 3066 daamones
2538 3010 2836 3082 puniendos
2861 3011 2880 3028 ’
2903 3007 3218 3074 exundavit,
3245 3007 3338 3077 qui
3363 3003 3636 3073 subjectos

353 3093 661 3162 praedicare
698 3105 753 3151 et
789 3097 988 3152 imitari
1019 3114 1125 3154 non
1163 3099 1435 3163 desinunt,
1473 3110 1528 3154 et
1562 3100 1716 3170 quasi
1755 3115 1950 3156 coccus
1977 3089 2022 3154 C
2053 3117 2180 3158 suos
2218 3102 2285 3156 ad
2324 3101 2528 3157 malum
2572 3101 2813 3156 trahunt.
2869 3099 3187 3167 Quomodo?
3242 3116 3262 3150 ι
3315 3111 3416 3168 per
3458 3095 3634 3150 stadia

353 3183 449 3240 his
489 3185 688 3242 tinctus
725 3189 953 3260 gemina:
995 3190 1280 3246 charitatis
1320 3192 1512 3246 ardore
1545 3191 1945 3259 ﬂammescunt,

353 3291 594 3346 quorum
637 3279 909 3350 eloquium
954 3281 1109 3338 dulce.
1145 3292 1258 3348 est,
1305 3284 1449 3354 quod
1486 3283 1721 3356 denique
1764 3285 1950 3341 dicunt

353 3368 590 3438 faciunt,
628 3373 1069 3443 praedicationem
1114 3391 1269 3432 suam
1308 3377 1616 3433 hominibus
1657 3378 1814 3449 quasi
1859 3394 1947 3434 sa-

353 3461 516 3534 pidas
553 3479 710 3520 escas
734 3466 753 3487 ⁴
777 3476 1072 3538 opponunt.
1128 3460 1154 3484 ⁸

432 3553 636 3622 Labiu,
679 3557 790 3613 oris
830 3557 1062 3625 locutio,
1114 3569 1174 3614 ut
1218 3558 1274 3614 in
1314 3558 1454 3615 Job:
1493 3578 1513 3612 ι
1545 3559 1946 3617 Tantummodo

353 3644 504 3700 labia
549 3647 697 3703 circa
739 3649 928 3705 dentes
983 3665 1131 3706 meos
1154 3649 1197 3715 ",
1235 3671 1252 3702 ι
1300 3651 1442 3721 quod
1499 3651 1714 3721 quando
1751 3667 1944 3723 passus

355 3745 445 3792 est
471 3738 737 3807 Christus,
771 3743 786 3761 ‘
809 3742 981 3798 solum
1007 3743 1072 3798 de
1099 3743 1189 3798 illo
1214 3744 1538 3798 habuerunt.

433 3829 661 3886 Labrum
690 3841 773 3888 est
797 3834 1114 3904 baptismus,
1143 3835 1274 3889 utin
1298 3836 1452 3890 libris
1475 3835 1680 3907 Regum
1708 3855 1721 3892 :
1753 3855 1772 3888 ι
1802 3836 1946 3892 Duo-

359 3921 540 3978 decim
582 3925 747 3980 boves
789 3927 1076 3994 portabant
1117 3926 1325 3982 labrum
1350 3927 1390 3992 ⁵,
1421 3947 1439 3980 ι
1491 3925 1634 3996 quod
1661 3927 1943 3982 duodecim

359 4016 594 4087 apostoli
619 4016 948 4088 baptismum
974 4017 1360 4088 praedicabant.
1409 4017 1659 4084 Labrum,
1685 4033 1945 4088 compun-

358 4110 492 4174 ctio,
539 4119 599 4164 ut
640 4111 695 4166 in
739 4110 961 4167 Exodo:
1008 4131 1026 4163 ι
1071 4109 1308 4167 Labrum
1351 4127 1558 4167 :eueum
1601 4111 1685 4167 de-
1711 4110 1946 4182 speculis

358 4201 645 4256 mulierum
671 4202 713 4266 ⁸,
743 4222 762 4256 ι
795 4202 845 4258 id
872 4212 976 4268 est,
1001 4203 1069 4258 de
1095 4203 1355 4273 exemplis
1381 4203 1706 4260 animarum.

435 4289 715 4347 Lubruscw
737 4301 863 4350 sunt
889 4293 1033 4358 vitia,
1061 4294 1199 4348 utin
1225 4293 1358 4348 lsaia
1382 4312 1394 4348 :
1421 4313 1438 4346 ι
1465 4293 1536 4350 Ut
1562 4293 1765 4350 faceret
1789 4309 1942 4362 uvas,

362 4384 492 4441 fecit
529 4395 712 4442 autem
750 4387 1028 4452 labruscas
1049 4389 1090 4453 ',
1121 4409 1140 4441 ι
1180 4389 1234 4446 id
1283 4397 1385 4457 est,
1410 4392 1621 4462 speravi
1647 4391 1790 4448 ouod
1818 4406 1942 4462 pro-

359 4475 530 4532 ferret
553 4479 802 4544 virtutes,
833 4479 927 4536 sed
953 4479 1083 4536 fecit
1104 4481 1253 4536 vitia.

433 4568 542 4623 Lac
583 4578 669 4625 est
706 4571 839 4626 ordo
888 4580 1088 4627 nostrae
1137 4572 1506 4643 conceptionis
1530 4613 1546 4640 ,
1595 4582 1656 4628 ut
1697 4573 1753 4628 in
1795 4571 1936 4629 Job:

366 4677 386 4711 ι
422 4656 578 4714 Sicut
623 4660 709 4716 lac
753 4661 984 4718 mulsisti
1029 4676 1139 4728 me,
1169 4683 1187 4715 ι
1233 4662 1287 4718 id
1324 4671 1447 4730 est,
1491 4678 1558 4718 ex
1599 4679 1764 4719 carne
1806 4679 1938 4718 con-

361 4758 552 4820 ceptus
589 4766 728 4807 sum.
774 4750 904 4819 Lac,
945 4751 1169 4822 simplex
1213 4753 1496 4820 doctrina;
1544 4763 1604 4808 ut
1638 4754 1693 4808 in
1733 4754 1938 4810 Paulo:

366 4861 387 4895 ι
420 4843 530 4899 Lac
561 4845 715 4902 vobis
742 4854 928 4916 potum
963 4846 1087 4902 dedi
1121 4861 1300 4902 escam
1321 4847 1366 4913 ⁸,
1395 4866 1414 4897 ι
1446 4845 1501 4901 id
1549 4853 1650 4912 est,
1678 4846 1942 4918 simplicia

359 4941 518 4995 vobis
558 4941 868 5012 przedicavi,
897 4955 1003 4996 non
1043 4939 1220 4996 fortia.
1267 4939 1336 4994 Et
1376 4939 1538 4995 alibi:
1569 4958 1588 4991 ι
1617 4939 1769 4996 Facti
1811 4940 1944 4996 estis

361 5029 559 5098 quibus
601 5029 740 5085 lacte
785 5045 920 5100 opus
961 5037 1090 5096 est,
1139 5045 1244 5084 non
1279 5030 1449 5085 solido
1491 5029 1612 5084 cibo
1632 5029 1674 5083 '.
1706 5049 1724 5082 ι
1766 5028 1942 5084 Laclis

360 5121 582 5176 nomine
608 5121 881 5193 simplices
905 5122 1180 5177 auditores
1215 5121 1477 5192 intellige,
1503 5121 1720 5177 dicente
1746 5136 1944 5192 sponso

363 5214 420 5268 in
440 5214 696 5272 (Iantico:
724 5237 742 5269 ι
774 5217 888 5271 Bibi
912 5215 1097 5271 vinum
1120 5231 1299 5271 meum
1341 5231 1460 5270 cum
1502 5215 1640 5270 lacte
1669 5231 1790 5270 meo
1814 5215 1884 5282 ¹⁰;
1916 5234 1936 5267 ι

361 5307 508 5376 quod
545 5315 601 5364 et
640 5308 810 5366 fortes
847 5307 1149 5365 ctelestium
1189 5308 1569 5379 praedicatores
1592 5317 1647 5364 et
1670 5306 1944 5378 simplices

2051 3194 2198 3249 mille
2235 3201 2509 3257 sexcenta,
2542 3213 2559 3244 ι
2609 3193 2713 3248 hoc
2739 3202 2843 3259 est,
2878 3207 2976 3263 per
2999 3205 3190 3248 omnes
3213 3190 3522 3253 saeculares,
3548 3186 3636 3242 vel

2046 3287 2304 3352 minores,
2344 3285 2426 3341 vel
2475 3283 2726 3356 majores,
2773 3284 2858 3338 vel
2900 3299 3144 3355 magnos.
3193 3281 3436 3338 Stadium
3481 3280 3626 3335 dice-

2045 3380 2230 3445 batur,
2271 3386 2532 3449 quantum
2579 3377 2834 3431 currebat
2859 3373 3117 3430 Hercules
3149 3389 3256 3428 uno
3292 3370 3553 3435 anhelitu,
3575 3377 3634 3423 et

2043 3487 2144 3543 per
2175 3470 2406 3526 stadium
2442 3469 2828 3525 mensurabant
2862 3466 3036 3522 ϐιτεεὶ
3078 3465 3305 3536 plateas,
3343 3464 3396 3519 in
3432 3461 3630 3534 quibus

2043 3563 2310 3618 luderent.
2363 3559 2609 3616 Stadium
2651 3557 2918 3628 significat
2961 3556 3248 3611 mundanis
3276 3551 3630 3609 varietatibus

2045 3655 2284 3719 deditos,
2329 3669 2467 3719 sex,
2512 3649 2826 3715 inferiores;
2881 3657 3132 3713 centum,
3178 3646 3626 3716 excellentiores;

2044 3749 2220 3815 mille,
2267 3745 2768 3802 excellentissimos.
2825 3742 3027 3806 Lacus,
3072 3731 3354 3796 calamitas
3394 3741 3622 3796 mundi:

2044 3850 2104 3896 ιιι
2144 3841 2198 3895 in
2242 3839 2508 3894 Psalmis:
2541 3854 2562 3888 ι
2596 3836 2792 3892 Eduxit
2835 3851 2922 3890 me
2962 3835 3026 3889 de
3069 3833 3192 3889 lacu
3240 3832 3470 3887 miseria:
3501 3832 3566 3898 ¹³,
3601 3853 3622 3886 ι

2045 3934 2097 3988 id
2124 3943 2225 3996 est,
2255 3933 2320 3986 de
2345 3930 2652 3986 calamitate
2680 3929 2884 3982 mundi.
2916 3926 3108 3992 Lacus,
3138 3934 3220 3981 est
3245 3926 3344 3980 iste
3369 3926 3625 3991 mundus,

2045 4039 2167 4079 cum
2191 4022 2528 4077 miseriarum
2554 4017 2978 4090 profunditatem
3009 4033 3114 4073 non
3136 4018 3402 4072 videmus.
3429 4015 3624 4084 Lacus,

2043 4115 2318 4185 corruptio
2342 4113 2542 4178 carnis,
2587 4112 2797 4166 dicente
2835 4109 3050 4165 Christo
3091 4109 3158 4163 ad
3201 4108 3454 4162 Patrem:
3492 4128 3511 4158 ‹
3542 4108 3628 4162 Ad

2045 4215 2118 4272 te,
2161 4205 2408 4269 Domine,
2451 4202 2596 4274 quod
2630 4202 2835 4256 intente
2869 4200 3036 4255 orabo
3064 4207 3304 4269 tempore
3328 4199 3621 4269 passionis.

2045 4297 2187 4352 Deus
2225 4311 2395 4362 meus,
2421 4310 2521 4365 per
2560 4308 2720 4364 quem
2761 4291 2936 4347 factus
2981 4307 3098 4347 sum
3139 4306 3206 4344 ex
3247 4289 3473 4344 muliere
3497 4288 3565 4353 ²⁰,
3599 4307 3618 4340 ι

2046 4392 2064 4411 '
2086 4406 2153 4445 ne
2195 4387 2376 4454 sileas,
2421 4387 2632 4442 dicente
2660 4405 2672 4438 :
2705 4405 2722 4436 ι
2757 4384 2802 4438 Α
2848 4399 2956 4448 me,
2980 4382 3160 4447 Pater,
3191 4381 3236 4437 si
3263 4381 3380 4436 fieri
3408 4387 3622 4450 potest,

2045 4490 2314 4548 transeat,
2357 4497 2388 4536 a
2431 4495 2517 4535 me
2557 4478 2698 4534 calix
2746 4477 2955 4534 iste“:
3006 4491 3074 4531 ne
3114 4475 3329 4545 quando
3373 4481 3550 4528 taceas
3591 4490 3624 4528 ιι

2044 4587 2130 4628 me
2171 4571 2474 4628 clamante:
2517 4568 2696 4633 Pater,
2741 4567 2977 4622 clariﬁca
3024 4564 3215 4620 Filium
3257 4573 3406 4619 tuum
3438 4565 3514 4629 “;
3569 4571 3626 4619 et

2043 4664 2089 4721 si
2131 4673 2308 4720 tacere
2343 4662 2448 4728 vis,
2493 4659 2834 4715 assimilabor
2859 4657 3312 4722 descendentibus
3356 4658 3410 4710 in
3457 4655 3625 4711 infer-

2043 4771 2171 4811 num
2215 4754 2291 4820 “;
2327 4773 2346 4804 ι
2398 4752 2454 4808 id
2491 4759 2607 4817 est,
2647 4749 2770 4806 talis
2806 4764 2900 4804 ero
2947 4746 3132 4817 quales
3165 4756 3292 4802 sunt
3323 4747 3398 4802 illi
3437 4747 3525 4817 qui
3567 4748 3623 4802 in

2044 4843 2444 4915 corruptionem
2471 4840 2654 4896 carnis
2675 4841 2896 4894 cadunt.
2943 4834 3109 4891 Silere
3133 4843 3314 4890 autem
3341 4835 3424 4891 vel
3453 4846 3624 4890 tacere

2043 4937 2276 5003 dicitur,
2329 4935 2546 5006 quando
2594 4949 2701 4989 non
2753 4932 2846 4986 dat
2921 4929 3064 5000 quod
3108 4938 3347 5000 rogatur.
3416 4927 3622 4993 Lacus,

2041 5031 2273 5085 mundus
2312 5029 2434 5094 iste,
2482 5024 2638 5096 cujus
2677 5023 3020 5080 miseriarum
3058 5021 3476 5093 profunditatem
3516 5035 3624 5076 non

2038 5122 2306 5186 videmus,
2331 5130 2386 5175 et
2409 5118 2676 5174 maximus
2717 5117 3008 5172 descensus
3047 5122 3152 5180 est,
3191 5129 3221 5168 a
3250 5113 3358 5168 Deo
3383 5110 3622 5174 deviare,

2040 5222 2095 5270 et
2131 5230 2190 5269 se
2223 5212 2289 5268 ad
2324 5210 2485 5280 hujus
2511 5209 2695 5265 mundi
2733 5208 2981 5264 miserias
3014 5207 3316 5262 inclinare:
3363 5217 3625 5258 ascensus

2042 5319 2170 5359 vero
2205 5302 2462 5367 caelestis,
2506 5302 2571 5356 iis
2612 5299 2848 5356 miseriis
2887 5299 2956 5354 ad
2998 5298 3142 5354 bona
3176 5303 3436 5368 perpetua
3476 5294 3624 5350 festi-

438 5489 454 5520 ⁸
475 5486 594 5544 Job.
627 5506 802 5546 xxxii.
831 5489 920 5546 20.
959 5492 978 5521 ²
1003 5489 1160 5546 Cant.
1190 5505 1247 5556 v,
1277 5491 1362 5544 15.
1421 5491 1442 5521 ³
1462 5490 1618 5545 Cant.
1647 5506 1721 5554 iv,
1751 5492 1804 5546 5.
1833 5499 1854 5522 ⁵
1877 5489 1946 5545 Jo‘

2051 5506 2141 5554 11x,
2170 5489 2260 5542 20.
2300 5489 2322 5520 ⁸
2347 5487 2368 5541 ι
2392 5486 2528 5558 Beg.
2558 5501 2664 5558 vn,
2685 5483 3024 5558 25.115qu.
3047 5493 3280 5558 xxxviii,
3381 5475 3532 5558 τι
3563 5487 3620 5541 v,

361 5558 454 5614 ει.
504 5560 566 5614 ιιι
597 5544 720 5618 Cor.
751 5544 922 5626 im;
974 5544 1270 5626 ouem,
1302 5561 1388 5614 te.
1444 5544 1830 5625 “Canam.
1866 5544 1946 5615 ut

2051 5544 2288 5623 t.v,l‘2.
2324 5544 2696 5622 t'tsaf’tvgt.
2756 5555 2988 5626 'fExod.
3028 5566 3200 5626 _xxm,
3259 5548 3345 5626 l9_.
3399 5546 3447 5626 ξε
3480 5544 3618 5626 gen.

365 5646 515 5695 nix,
549 5632 635 5686 l2.
716 5633 760 5664 ¹⁵
785 5633 983 5686 Thren.
1015 5647 1091 5696 tv,
1123 5633 1174 5685 ἴ.

1271 5630 1439 5685 ⁸⁸1εει.
1477 5647 1700 5692 xxxvi",
1734 5615 1818 5686 l8.
1864 5632 1903 5663 ⁸⁷
1933 5638 1946 5684 ὲ

2051 5646 2097 5685 c.
2130 5615 2244 5693 xiv,
2276 5630 2362 5683 l9.
2404 5628 2447 5661 ⁸⁸
2469 5615 2626 5695 ΙιιίιΙξ,
2662 5645 2706 5681 ιο.
2738 5625 2829 5682 20.
2858 5625 2900 5656 ¹⁰
2925 5623 3064 5680 Psal.
3095 5635 3281 5686 xxxix,
3313 5619 3366 5674 3.
3404 5616 3448 5648 '°
3475 5615 3619 5673 Psal.

370 5717 566 5764 Lxxxv,
599 5704 649 5758 7.
692 5705 734 5748 ³⁸
773 5703 963 5760 Matth.
997 5717 1164 5765 xxvu,
1197 5701 1286 5757 59.
1337 5703 1382 5734 "
1408 5701 1560 5756 Joan.
1597 5717 1728 5767 xvn,
1762 5703 1811 5756 l.
1843 5702 1887 5733 "
1911 5701 2050 5757 Psal.
2083 5717 2251 5766 xxv",
2287 5701 2337 5755 l.
