3972 6336
295 338 399 397 981

1250 344 1663 410 ΑιιΕΟΟΒΙΑΞ
1704 344 1773 412 IN
1811 356 2090 415 SACBAM
2131 359 2589 420 SCRIPTURAM.

3442 375 3549 432 983

293 467 394 524 spe
414 453 846 520 resurrectionis,
868 455 937 511 ad
963 458 1135 514 instar
1153 459 1427 517 durissimi
1454 464 1663 535 lapidis.
1693 466 1871 539 Lapis,
1899 471 1955 532 Δ·
1978 486 2095 526 rum
2126 475 2191 540 ¹³,
2228 495 2246 526 ι
2288 478 2430 546 quod
2459 480 2548 549 qui
2578 480 2705 535 vasa
2733 481 2982 537 veritatis
3011 484 3278 551 existunt,
3314 494 3371 542 et
3402 489 3546 544 intus

292 543 526 613 quilibet
554 543 794 614 iniquus,
819 554 878 600 ut
905 546 959 603 in
988 549 1340 624 Apocalypsi:
1367 572 1385 605 ε
1406 555 1473 610 Et
1496 557 1710 613 sustulit
1734 574 1877 616 unus

290 632 521 703 angelus
545 632 702 688 fortis
727 632 992 705 lapidem,
1024 641 1179 709 quasi
1210 643 1469 700 molarem
1498 660 1782 717 maguum,
1816 657 1875 705 et

290 724 445 778 misit
469 723 525 777 in
546 734 715 789 mare,
739 726 959 785 dicens:
995 729 1107 785 Hoc
1127 731 1329 802 impetu
1354 736 1595 793 mittetur
1611 738 1868 810 Babylon,

288 816 383 870 illa
420 831 612 887 magna
647 819 858 886 civitas,
887 822 924 887 ¹,
958 842 978 876 ι
1010 832 1115 880 etc.
1164 826 1425 899 Angelus,
1461 830 1740 901 Christus,
1776 848 1873 905 pas

288 916 465 962 ternae
490 909 640 964 vocis
670 912 921 976 nuntius,
960 913 1113 984 fortis
1148 926 1264 985 est,
1304 921 1392 976 cui
1426 938 1584 979 nemo
1616 927 1871 984 resistere

284 1005 491 1065 potest.
556 998 742 1067 Unde,
798 1019 818 1053 ‹
872 1002 971 1058 Cui
1009 1007 1204 1063 similis
1264 1025 1424 1068 nemo
1467 1014 1740 1072 invenitur
1762 1020 1806 1072 ³.
1842 1038 1863 1072 ι

282 1084 476 1157 Lapis,
515 1088 743 1159 quilibet
786 1093 986 1164 impius
1031 1105 1252 1169 propter
1290 1101 1547 1159 duritiam
1588 1109 1771 1165 cordis
1814 1118 1871 1167 et

280 1189 636 1248 peccatorum
683 1188 925 1256 pondus,
977 1191 1069 1260 qui
1110 1192 1325 1250 molaris
1363 1199 1625 1255 asseritur
1648 1212 1869 1274 propter

278 1273 684 1332 volubilitatem
734 1281 1072 1338 saecularium
1128 1301 1352 1355 rerum,
1413 1295 1573 1360 quam
1623 1273 1871 1365 sequitur

282 1368 525 1430 tantum,
549 1365 603 1420 in
626 1366 855 1425 Psalmis
882 1388 936 1425 τι
968 1371 1023 1426 lu
1047 1373 1275 1431 circuitu
1301 1377 1449 1449 impii
1477 1381 1755 1441 ambulant
1772 1387 1812 1440 ⁸.
1839 1408 1859 1439 ι

280 1450 518 1524 Magnus
571 1457 732 1512 etiam
782 1459 1011 1528 dicitur,
1065 1474 1310 1536 propter.
1338 1471 1673 1540 potentiam;
1723 1476 1865 1544 quod

278 1543 672 1619 nonnuntjuam
710 1551 977 1610 bonorum
1027 1558 1190 1613 etiam
1225 1561 1551 1619 dominatur.
1602 1543 1753 1622 Mare
1782 1576 1866 1623 est

278 1638 533 1698 infernus
556 1643 752 1700 ardens
780 1663 793 1700 :
828 1646 1085 1720 Babylon,
1106 1652 1388 1711 collocatio
1413 1656 1697 1726 malorum,
1724 1660 1865 1716 sicut

278 1728 452 1800 igitur
481 1734 705 1806 angelus
734 1737 963 1808 lapidem
995 1740 1050 1795 in
1080 1742 1250 1799 altum
1283 1746 1422 1813 tulit,
1454 1758 1511 1803 et
1538 1765 1732 1821 magno
1762 1752 1865 1806 im-

1971 562 2170 620 bonum
2213 569 2539 627 desiderium
2582 578 2681 628 et‘
2710 573 2856 629 intus
2898 576 3095 630 bonam
3138 580 3404 635 actionem
3447 581 3545 637 ha-

1972 652 2117 709 bent.
2152 653 2257 711 Per
2280 658 2567 731 lampades,
2599 660 2815 720 fraudes
2843 666 3212 736 reproborum,
3242 675 3296 723 ut
3324 666 3380 725 in
3401 668 3502 726 Job
3527 689 3540 725 :

1977 766 1997 800 ι
2025 747 2100 803 De
2127 764 2220 805 ore
2245 752 2363 823 ejus
2392 756 2688 823 procedunt
2714 752 2988 828 lampades
3012 757 3079 825 ”,
3110 778 3129 811 ι
3164 759 3304 829 quod
3330 760 3398 815 de
3422 777 3545 831 sug-

1971 842 2215 914 gestione
2257 844 2453 900 diaboli
2501 856 2700 902 exeunt
2733 848 2842 904 doli
2887 858 2942 904 et
2987 848 3224 905 fraudes.
3275 848 3381 905 Per
3405 849 3541 904 lam-

1969 934 2179 1005 padem,
2207 935 2424 993 claritas
2458 939 2873 1008 miraculorum,
2904 950 2963 996 ut
2991 942 3047 997 in
3076 942 3213 999 libro
3241 938 3489 999 Iudicum
3526 962 3538 998 :

1975 1042 1997 1079 ‹
2026 1016 2325 1097 Lampades
2373 1037 2427 1085 et
2475 1026 2935 1103 lagenas'vacuas
2982 1034 3037 1090 in
3096 1037 3271 1093 medio
3323 1038 3541 1111 lagena-

1970 1134 2092 1173 rum
2111 1119 2178 1185 ¹⁸,
2212 1139 2230 1173 ι
2268 1120 2409 1192 quod
2442 1137 2667 1194 corpora
2694 1133 3003 1183 sanctorum
3035 1136 3331 1201 martyrum
3355 1131 3375 1150 ‘
3395 1138 3451 1186 et
3476 1146 3544 1186 ex

1970 1212 2049 1266 eis
2075 1213 2354 1268 miracula.

2038 1302 2280 1372 Laqueus
2323 1312 2408 1361 est
2446 1308 2736 1379 suggestio,
2786 1318 2846 1364 ut
2891 1311 2947 1366 in
2986 1311 3251 1368 Psalmis:
3285 1334 3303 1366 ε
3328 1313 3448 1385 Ipse
3473 1315 3541 1370 li-

1966 1394 2177 1449 beravit
2227 1410 2313 1450 me
2366 1396 2433 1450 de
2488 1397 2682 1468 laqueo
2726 1402 3001 1458 venatoris
3024 1403 3091 1470 “,
3122 1423 3142 1456 ›
3201 1405 3255 1460 id
3304 1413 3424 1474 est,
3477 1406 3543 1463 de

1968 1485 2313 1556 suggestione
2361 1485 2662 1543 dzemonum
2714 1493 3059 1549 tentantium.
3114 1493 3220 1550 Per
3258 1494 3540 1567 laqueum,

1967 1574 2342 1644 deceptioues,
2394 1585 2455 1632 ut
2502 1579 2558 1634 in
2596 1578 2875 1637 Psalmis:
2933 1601 2952 1635 ι
3000 1583 3156 1640 Pluet
3204 1601 3365 1658 super
3412 1603 3542 1658 pec-

1967 1675 2179 1722 catores
2223 1668 2442 1739 laqueos
2467 1670 2533 1729 ".
2566 1691 2587 1723 ι
2639 1672 2694 1728 id
2731 1681 2844 1738 est,
2888 1673 3125 1732 eﬂ'undet
3164 1692 3326 1749 super
3350 1678 3543 1750 impios

1967 1755 2330 1827 deceptiones.

274 1830 410 1891 petu
439 1823 492 1878 in
522 1840 673 1882 mare
699 1826 845 1883 misit
871 1847 883 1883 :
916 1830 990 1885 ita
1016 1831 1267 1891 Christus
1287 1850 1669 1909 nonnunquam
1696 1840 1866 1897 malos
1892 1824 1943 1888 Β
2040 1823 2336 1918 Laquearia
2367 1857 2494 1904 sunt
2518 1851 2792 1924 simplices
2821 1854 2875 1909 in
2910 1854 3149 1911 Ecclesia
3169 1898 3183 1921 ,
3223 1865 3284 1913 ut
3317 1858 3372 1913 in
3403 1858 3541 1914 Can-

278 1914 584 1972 honoribus
611 1926 661 1974 et
692 1920 1042 1992 dignitatibus
1073 1925 1267 1995 elevat,
1294 1938 1357 1983 ut
1382 1931 1436 1985 in
1463 1933 1639 2002 ptenis
1667 1932 1861 1991 inferni

272 2008 501 2077 gravius
530 2010 828 2084 demerget.
882 2013 1118 2088 Beprobi
1153 2019 1297 2076 enim
1327 2030 1529 2092 quanto
1561 2024 1683 2094 plus
1710 2028 1860 2082 exal-

272 2109 487 2169 tautur,
517 2109 667 2159 tanto
698 2106 918 2176 gravius
944 2110 1179 2178 cadent,
1234 2112 1282 2168 si
1333 2129 1441 2169 non
1487 2116 1640 2185 prius
1685 2117 1861 2175 humi-

269 2195 500 2253 lientur.
533 2197 631 2255 Vel
660 2200 771 2255 ita:
805 2203 1023 2259 sustulit
1054 2206 1274 2277 angelus
1310 2207 1544 2280 lapidem
1580 2226 1856 2283 magnum,

269 2288 439 2357 quasi
468 2290 730 2346 molarem
757 2332 772 2357 ,
823 2302 878 2347 et
916 2294 1202 2352 volubilem
1250 2299 1415 2354 mittit
1462 2300 1515 2354 in
1564 2301 1855 2360 infernum.

268 2377 463 2450 Lapis,
493 2380 692 2437 duritia
723 2385 937 2453 cordis,
987 2395 1048 2441 ut
1094 2387 1149 2443 in
1195 2388 1525 2461 Evangelia:
1557 2411 1576 2444 ‹
1608 2391 1858 2463 Nunquid

266 2471 514 2541 lapidem
545 2474 692 2530 dabit
722 2472 885 2531 illi?‘
912 2496 930 2529 ι
972 2478 987 2497 ⁴
1014 2477 1387 2535 Fundamenta
1420 2482 1653 2538 civitatis
1710 2484 1856 2540 omni

266 2559 457 2631 lapide
498 2563 738 2635 pretioso
784 2576 1014 2623 ornata:
1051 2569 1194 2640 quod
1236 2571 1511 2640 prophetae
1543 2579 1600 2626 et
1630 2573 1857 2643 apostoli

263 2654 425 2709 omni
468 2655 728 2713 virtutum
776 2660 1069 2717 stabilitate
1116 2663 1460 2719 decorentur.
1510 2666 1616 2722 Per
1658 2666 1858 2738 lapides

264 2746 691 2815 praedicatores,
725 2757 784 2804 ut
814 2751 867 2806 in
896 2752 1031 2808 Isaia
1057 2768 1083 2808 ει
1104 2774 1123 2805 ‹
1152 2754 1292 2810 Ecce
1320 2763 1560 2812 sternam
1590 2773 1687 2829 per
1711 2760 1858 2815 ordi-

266 2855 402 2895 nem
434 2840 636 2912 lapides
666 2850 786 2899 tuos
809 2844 853 2910 ⁸,
887 2864 906 2897 ι
958 2845 1011 2902 id
1040 2856 1139 2909 est,
1170 2849 1418 2904 ordinate
1472 2850 1857 2920 praedicatores

268 2940 401 2988 tuos
431 2933 637 2991 locabo.
695 2934 800 2990 Per
828 2934 1045 3009 lapides,
1078 2948 1288 2996 mentes
1318 2948 1661 3010 sanctorum,
1702 2953 1763 2999 ut
1800 2943 1855 2999 in

264 3022 418 3079 Job:
453 3045 470 3078 ι
506 3025 656 3084 littus
682 3031 953 3102 sapphiri,
994 3033 1197 3104 lapides
1225 3035 1371 3107 ejus,
1404 3054 1423 3087 ι
1466 3037 1608 3107 quod
1646 3044 1857 3094 mentes

270 3114 517 3172 ﬁdelium
546 3120 784 3177 ctelestia
814 3125 1071 3195 cogitant.
1118 3125 1225 3181 Per
1251 3126 1450 3199 lapides
1478 3129 1748 3201 religiosi,
1794 3139 1859 3186 ut

1965 1940 2109 1995 tico:
2145 1960 2163 1992 ι
2198 1941 2497 2013 Laquearia
2530 1954 2717 2001 nostra
2747 1949 3063 2018 cupressina
3085 1948 3149 2016 ⁸⁸,
3184 1969 3203 2002 ι
3237 1951 3379 2021 quod
3412 1952 3543 2007 sim-

1959 2032 2149 2103 plices,
2176 2034 2269 2104 qui
2299 2043 2426 2089 sunt
2455 2037 2509 2091 in
2535 2034 2799 2106 Ecclesia,
2830 2039 3030 2095 bonum
3057 2054 3124 2096 ex
3154 2055 3213 2097 se
3240 2041 3542 2097 sanctitatis

1961 2126 2183 2182 odorem
2213 2129 2466 2183 emittunt
2492 2128 2556 2185 ιθ.
2954 2162 2993 2205 ο
3207 2194 3214 2202 ,

2030 2217 2190 2273 Later
2213 2227 2297 2276 est
2347 2234 2500 2276 mens
2543 2228 2791 2288 terrena,
2826 2230 2884 2277 ut
2914 2222 2969 2278 in
3026 2222 3347 2278 Ezechiele:
3386 2241 3406 2275 ‹
3438 2222 3539 2277 Fili

1960 2310 2213 2375 hominis,
2238 2310 2510 2368 describes
2530 2311 2585 2367 in
2608 2312 2778 2370 latere
2797 2313 3068 2370 civitatem
3097 2311 3412 2377 Jerusalem,
3444 2312 3490 2345 '°
3517 2332 3536 2364 ι

1960 2402 2105 2473 quod
2164 2402 2418 2473 praelatus
2468 2404 2758 2476 depingere
2806 2406 2968 2485 debet
3014 2406 3069 2460 in
3118 2413 3336 2460 terreno
3376 2401 3542 2459 corde

1960 2492 2184 2561 subjecti
2214 2493 2295 2549 sui
2322 2495 2511 2565 gaudia
2544 2496 2732 2566 patﬁae
2759 2496 3013 2553 celestis.
3042 2494 3277 2563 Lateres,
3319 2495 3536 2565 negotia

1960 2591 2194 2649 terrena,
2224 2592 2283 2639 ut
2312 2586 2366 2640 in
2391 2584 2605 2641 Exodo:
2643 2600 2663 2638 ι
2715 2585 2980 2656 Operibus
3001 2586 3150 2642 duris
3186 2585 3285 2640 luti
3319 2591 3372 2640 et
3402 2585 3419 2605 ’
3462 2583 3542 2637 al-

1961 2675 2095 2730 taris
2139 2675 2183 2706 ²¹
2211 2716 2227 2741 ,
2280 2694 2298 2727 ι
2342 2675 2395 2730 id
2438 2683 2562 2743 est,
2613 2677 2937 2746 ponderosis
2987 2676 3198 2731 actibus
3225 2673 3456 2729 luxuria:
3485 2678 3542 2727 et

1959 2767 2332 2837 occupationis
2369 2767 2662 2823 saecularis.
2692 2766 2799 2822 Per
2823 2767 3011 2821 lateres
3050 2774 3260 2822 mentes
3287 2765 3538 2820 libidino-

1960 2870 2054 2923 sae,
2107 2865 2166 2911 ut
2210 2857 2265 2911 in
2295 2856 2523 2913 Genesi:
2581 2877 2599 2909 ι
2650 2856 2966 2914 Habuerunt
3006 2857 3206 2913 lateres
3254 2872 3353 2929 pro
3394 2856 3543 2912 saxis

1961 2947 2027 3013 ”,
2065 2968 2085 3000 ι
2112 2949 2254 3018 quod
2305 2949 2538 3018 reprobi,
2585 2949 2811 3021 abiectis
2840 2950 3095 3006 oneribus
3123 2948 3301 3015 bonis,
3326 2957 3536 3005 mentes

1959 3038 2277 3095 libidinosas
2309 3041 2605 3110 possident.

2031 3131 2194 3188 Latus
2217 3144 2304 3190 est
2338 3149 2537 3191 corona
2567 3132 2861 3207 iustorum,
2890 3144 2949 3192 ut
2988 3137 3042 3192 in
3071 3135 3330 3193 Psalmis:
3369 3155 3389 3188 ι
3429 3135 3531 3192 Ca-

268 3211 329 3266 in
372 3211 645 3271 Jeremia:
687 3238 705 3269 ‹
746 3218 982 3291 Dispersi
1030 3229 1155 3277 sunt
1198 3222 1403 3295 lapides
1451 3198 1749 3281 sanctuarii
1800 3226 1854 3283 in
1882 3198 1930 3263 ϐ
1960 3227 2091 3283 deut
2119 3242 2149 3281 a
2180 3226 2351 3283 latere
2387 3237 2481 3283 tuo
2522 3227 2667 3284 mille
2694 3228 2762 3297 ”,
2808 3248 2827 3281 ι
2880 3228 2934 3284 id
2976 3236 3078 3295 est,
3112 3226 3378 3284 innumeri
3412 3216 3545 3285 deli;

268 3305 454 3376 capite
512 3310 750 3364 omnium
787 3310 1088 3381 platearum
1110 3308 1152 3381 ‘,
1184 3334 1203 3367 ι
1251 3315 1393 3385 quod
1431 3317 1713 3386 nonnulli,
1762 3320 1857 3391 qui

268 3396 515 3467 religiosi
551 3413 672 3456 esse
704 3398 1034 3472 debuerunt,
1070 3402 1189 3476 plus
1231 3422 1392 3477 quam
1423 3409 1711 3466 dteculares
1747 3417 1858 3467 ter-

270 3488 428 3544 renis
458 3492 686 3563 negotiis
716 3493 1074 3565 implicantur.
1126 3496 1231 3553 Per
1260 3497 1456 3570 lapides
1491 3498 1753 3573 apostoli,
1794 3513 1857 3560 ut

272 3576 333 3631 in
376 3577 564 3634 Exodo
602 3581 808 3653 lapides
854 3585 1135 3642 duodecim
1183 3587 1237 3643 in
1286 3590 1536 3646 rationali
1586 3594 1856 3663 pontificis

270 3675 437 3721 erant
462 3687 475 3721 :
506 3672 651 3741 quod
674 3670 953 3729 duodecim
982 3678 1211 3747 apostoli
1240 3678 1294 3734 in
1324 3679 1427 3736 ﬁde
1444 3679 1649 3737 Christi
1679 3684 1857 3741 excel-

270 3758 454 3815 lentes
474 3762 690 3818 erant".
718 3762 827 3821 Per
866 3765 1084 3839 lapides,
1105 3770 1352 3843 gentiles,
1374 3782 1435 3828 ut
1456 3774 1508 3828 in
1534 3774 1852 3847 Evangelia:

275 3868 299 3902 ‹
334 3852 415 3906 De
459 3851 724 3924 lapidibus
770 3856 891 3913 istis
942 3859 959 3881 ⁴
994 3862 1248 3918 suscitate
1297 3864 1436 3920 ﬁlios
1481 3866 1714 3924 Abrahae
1744 3870 1789 3938 ⁸,
1832 3890 1851 3924 ι

270 3940 327 3996 id
359 3950 473 4010 est,
520 3942 588 3999 de
630 3948 901 4017 gentibus,
935 3948 1178 4022 ﬁguratis
1214 3962 1313 4024 per
1348 3956 1554 4028 lapides
1582 3959 1736 4029 istos,
1762 3964 1779 3983 ‘
1803 3960 1858 4020 id

269 4041 381 4098 est,
411 4048 547 4105 quos
574 4045 701 4093 ante
719 4054 814 4096 vos
843 4042 993 4097 ducis
1019 4059 1181 4100 veros
1206 4046 1409 4105 ﬁdeles.

348 4125 576 4198 Lampus
603 4130 935 4220 est'quilibet
961 4137 1211 4209 simplex,
1234 4148 1294 4195 ut
1321 4142 1375 4197 in
1399 4140 1500 4200 Job
1526 4165 1539 4201 :
1574 4164 1592 4197 ι
1625 4146 1857 4220 Lampas

266 4226 585 4290 contempta
611 4216 673 4313 ’.‘
700 4244 723 4275 ι
780 4226 919 4296 apud
970 4232 1325 4300 cogitationes
1372 4236 1599 4294 divitum
1646 4258 1658 4294 :
1712 4216 1857 4313 quod

267 4308 507 4381 simplex
535 4308 760 4382 quilibet
784 4312 1102 4389 desperatus
1135 4331 1218 4379 est
1251 4323 1305 4380 in
1344 4338 1639 4400 conspectu
1668 4308 1856 4405 super-

264 4399 493 4457 borum.
548 4402 797 4478 Lampus,
844 4426 1072 4469 examen
1118 4412 1347 4485 iudicii,
1394 4399 1559 4477 utiin
1608 4399 1851 4482 Genesi:

273 4513 293 4547 ι
328 4492 567 4584 Lampus
600 4500 743 4572 ignis
776 4504 1044 4562 transiens
1082 4506 1227 4564 inter
1258 4506 1550 4570 divisiones
1584 4515 1704 4572 illas
1729 4518 1792 4584 ιο,
1826 4539 1845 4572 ι

266 4577 421 4656 quod
446 4586 688 4648 terribile
712 4594 810 4649 Dei
827 4594 1090 4667 judicium
1120 4599 1392 4659 discernet
1418 4605 1560 4661 inter
1576 4577 1854 4665 electos'et

263 4678 554 4772 reprobus.
584 4678 689 4772 Per
712 4680 1008 4758 lampadem
1034 4703 1199 4761 opera
1227 4692 1393 4761 bona,
1424 4704 1491 4752 ut‘
1519 4696 1575 4751 in
1611 4698 1856 4772 Evange-

263 4768 345 4825 lio
374 4788 391 4825 :
424 4790 444 4823 Ι
476 4768 664 4831 Oleum
703 4777 757 4833 in
785 4780 932 4836 vasis
964 4783 1081 4839 suis
1105 4800 1229 4841 cum
1265 4786 1605 4859 lampadibus
1628 4791 1694 4860 “,
1726 4812 1747 4846 ι
1770 4768 1856 4850 vid

263 4871 380 4930 est,
406 4864 725 4925 charltatem
752 4870 809 4925 iu
839 4873 1093 4931 cordibus
1114 4877 1227 4934 suis
1250 4893 1373 4934 cum
1396 4881 1651 4950 operibus
1675 4884 1851 4941 bonis.

262 4955 381 5048 Per
400 4954 690 5028 Ιαηιραάεε,
710 4960 853 5018 dona
871 4964 1107 5035 Spiritus
1129 4970 1325 5039 sancti,
1342 4979 1403 5027 ut
1425 4973 1481 5027 in
1499 4972 1817 5048 Apocalypsi
1835 4994 1850 5033 :

270 5067 289 5099 ι
326 5047 551 5121 Septem
578 5052 856 5127 lampades
880 5059 1134 5117 ardentes
1159 5071 1283 5118 ante
1311 5060 1544 5120 tribunal
1569 5067 1635 5134 ¹¹,
1661 5089 1678 5122 ι
1706 5047 1856 5139 quod

264 5148 483 5211 septem
509 5144 529 5163 ’
550 5145 689 5200 dona
709 5145 946 5219 Spiritus
976 5153 1152 5219 sancti
1189 5153 1497 5211 illuminant
1531 5156 1850 5217 Ecclesiam.

263 5229 381 5286 Per
428 5232 693 5305 lampades
743 5236 910 5296 corda
958 5251 1275 5301 sanctorum
1302 5287 1319 5313 ,
1371 5256 1433 5304 ut
1484 5249 1541 5305 iu
1586 5250 1851 5309 Cantico:

271 5343 292 5378 ι
320 5323 633 5387 Lamoades
677 5331 795 5404 ejus
819 5375 836 5402 ,
884 5335 1161 5409 lampades
1208 5342 1348 5414 ignis
1395 5352 1555 5418 atque
1601 5347 1848 5406 ﬂamma-

346 5509 436 5564 Ἀ

1958 3319 2105 3375 cient
2154 3335 2185 3374 a
2240 3335 2436 3375 corona
2477 3319 2767 3390 iustorum.
2813 3319 2997 3387 Latus,
3044 3320 3338 3385 munimen,
3370 3328 3429 3376 ut
3478 3320 3537 3376 in

1958 3406 2262 3467 Parabolis:
2300 3432 2319 3463 ε
2354 3412 2613 3467 Dominus
2639 3412 2746 3467 erit
2770 3412 2827 3466 in
2854 3412 3022 3469 latere
3043 3420 3162 3479 tuo,
3197 3424 3265 3468 ne
3294 3414 3315 3439 "
3345 3415 3530 3486 capia-

1958 3504 2034 3561 ris
2047 3503 2115 3572 ",
2150 3524 2170 3557 ι
2195 3505 2248 3560 id
2273 3513 2376 3572 est,
2393 3505 2669 3561 munimen
2696 3494 2869 3561 aderit
2888 3504 2987 3561 tibi
3014 3502 3177 3572 Deus,
3194 3520 3261 3561 ne
3281 3506 3335 3560 in
3362 3514 3538 3562 tenta-

1960 3598 2107 3653 tione
2146 3600 2163 3619 ‘
2215 3597 2525 3653 vindicatis.
2573 3595 2761 3663 Latus,
2805 3597 3082 3653 meditatio
3123 3598 3536 3668 contemplatio-

1959 3689 2068 3755 nis,
2096 3697 2157 3744 ut
2182 3690 2235 3744 in
2258 3688 2574 3745 Ezechiele:
2618 3706 2639 3740 ‹
2669 3690 2878 3760 Aquam
2902 3688 3268 3759 egredientem
3291 3688 3359 3744 de
3388 3696 3526 3744 tem-

1958 3778 2046 3850 plo
2080 3794 2112 3833 a
2137 3779 2307 3839 latere
2334 3779 2526 3833 dextro
2548 3777 2614 3845 ",
2644 3797 2662 3831 ι
2683 3779 2736 3833 id
2761 3787 2848 3833 est
2883 3779 3312 3849 compunctionis
3340 3794 3534 3841 proce-

1959 3868 2174 3925 dentem
2220 3870 2287 3925 de
2337 3869 2513 3923 anima
2543 3868 2599 3923 in
2643 3868 2996 3925 meditatione
3040 3870 3528 3941 contemplationis.

1958 3955 2332 4026 Latus,mens,
2348 3966 2409 4015 ut
2435 3961 2487 4015 in
2508 3958 2732 4016 Actibus
2753 3960 3156 4031 apostolorum:
3188 3980 3208 4014 ι
3243 3958 3534 4020 Percussu-

1959 4066 2065 4125 que
2111 4052 2282 4109 latere
2322 4049 2468 4108 Petri
2498 4053 2756 4107 excitavit
2801 4066 2924 4107 eum
2958 4053 3181 4124 angelus
3209 4053 3277 4120 “,
3330 4072 3351 4106 ι
3385 4055 3532 4125 quod

1954 4161 2213 4219 percusso
2240 4146 2402 4204 corde
2427 4146 2726 4218 peccatoris
2747 4160 2844 4217 per
2868 4146 3243 4218 paenitentiam
3272 4163 3301 4202 a
3333 4161 3529 4219 pecca-

1958 4248 2012 4297 to
2063 4241 2252 4313 sorgit,
2292 4242 2461 4309 vel,‘a
2496 4249 2719 4312 peccato
2756 4254 2878 4296 eum
2914 4242 3073 4314 erigit
3113 4240 3392 4312 inspiratio
3439 4244 3526 4296 in-

1956 4338 2129 4388 terna.
2154 4332 2259 4389 Per
2275 4332 2441 4388 latera
2466 4334 2572 4389 duo
2591 4332 2954 4401 Testamenta,
2976 4344 3038 4391 ut
3061 4335 3118 4389 in
3138 4334 3398 4391 Psalmis:
3432 4354 3452 4385 ι
3472 4333 3531 4389 ln

1955 4423 2214 4481 lateribus
2234 4426 2423 4482 domus
2442 4434 2565 4492 tuae,
2596 4426 2640 4457 "
2671 4447 2689 4479 ι
2724 4427 2775 4481 id
2802 4437 2904 4494 est,
2932 4427 2984 4482 in
3012 4426 3219 4483 duobus
3243 4432 3533 4483 testamen-

1958 4522 2028 4571 tts
2048 4516 2300 4572 Ecclesia:
2326 4524 2449 4571 tute.
2500 4515 2601 4570 Per
2629 4515 2814 4584 latera,
2845 4517 3138 4572 familiares
3184 4523 3448 4586 petentes,
3473 4523 3533 4570 ut

1960 4608 2016 4665 in
2039 4606 2171 4663 Job:
2206 4626 2226 4659 ς
2260 4606 2336 4664 De
2376 4608 2635 4665 lateribus
2658 4606 2774 4679 ejus
2802 4612 2982 4664 anima
3007 4608 3270 4679 dependet
3297 4607 3362 4675 ⁸⁸,
3404 4628 3423 4662 ι
3477 4608 3531 4663 id

1958 4708 2063 4767 est,
2094 4700 2160 4757 de
2189 4699 2546 4757 familiaribus
2568 4698 2685 4770 ejus
2708 4701 2971 4772 procedit.
3002 4700 3106 4757 Per
3134 4700 3323 4768 latera,
3353 4718 3525 4774 popu-

1956 4793 1994 4849 li
2022 4790 2296 4850 inﬁdeles:
2332 4793 2467 4848 utin
2491 4791 2664 4849 Isaia:
2703 4812 2722 4845 ι
2759 4792 2967 4850 Sedebo
2997 4794 3053 4849 in
3078 4792 3337 4851 lateribus
3364 4797 3530 4868 Aqui-

1956 4886 2097 4943 lonis
2125 4886 2192 4954 ”,
2224 4906 2244 4939 ι
2281 4886 2334 4941 id
2363 4894 2469 4951 est,
2501 4884 2778 4956 quiescam
2807 4886 2861 4941 in
2901 4887 3112 4957 populis
3154 4886 3261 4943 illis
3311 4889 3402 4960 qui
3427 4906 3527 4961 per

1957 4977 2329 5034 inﬁdelitatem
2374 4972 2553 5047 frigidi
2588 4983 2731 5031 sunt.
2762 4975 2867 5031 Per
2892 4974 3059 5032 latera
3083 4978 3264 5050 populi
3315 4977 3527 5035 Judaeu-

1963 5088 2106 5139 rum,
2130 5080 2192 5126 ut
2228 5070 2283 5125 in
2310 5069 2525 5126 Exodo:
2582 5087 2601 5121 ι
2658 5071 2715 5125 In
2743 5071 2999 5128 lateribus
3027 5071 3221 5129 tabulae
3270 5083 3374 5131 tua:
3404 5074 3533 5131 ﬁent

1958 5172 2277 5221 castratum-'2
2306 5158 2372 5227 “,
2406 5178 2427 5213 t
2462 5162 2606 5232 quod
2642 5161 2696 5217 in
2743 5164 2763 5186 '
2805 5163 3015 5234 populis
3061 5162 3356 5237 Synagogm
3399 5166 3531 5221 dira:

1958 5254 2061 5310 sibi
2090 5267 2334 5325 personae
2352 5253 2734 5325 iungebantur,
2764 5254 3125 5337 sacerdotales
3142 5266 3196 5310 et
3222 5255 3400 5327 regiae.
3425 5254 3529 5309 Per

1958 5346 2128 5402 latera
2176 5345 2428 5417 gentiles,
2457 5345 2525 5401 ut'
2557 5347 2611 5401 in
2636 5344 2901 5403 Psalmis:
2944 5365 2964 5400 ι
3001 5336 3153 5404 Mons
3182 5344 3313 5404 Sion
3355 5347 3532 5403 latera

440 5524 568 5599 ροςὲ
591 5528 739 5599 κξῐξε,
894 5521 917 5552 ²
937 5520 1080 5599 Psal.
1102 5538 1367 5599 maxima,
1399 5527 1456 5599 7A,
1485 5527 1538 5583 9.
1578 5528 1599 5561 ⁸
1626 5529 1768 5587 Psal.
1801 5548 1855 5587 ιι

2006 5531 2027 5561 ⁸
2054 5529 2185 5586 Luc.
2217 5546 2297 5596 ιι,
2320 5530 2403 5585 ll.
2430 5530 2451 5562 ⁸
2473 5528 2577 5584 lsa.
2608 5547 2717 5597 LIV,
2743 5528 2869 5587 ll.‘
2892 5532 3091 5590 Thren.
3122 5546 3199 5599 tv,
3227 5534 3279 5587 1.
3308 5534 3331 5567 ⁷
3354 5532 3529 5591 Exod.

264 5591 470 5671 .‘EYE‘J’
500 5582 589 5671 17:
628 5585 865 5671 “.l‘aith:
894 5606 977 5671 πῑιν
1008 5592 1061 5648 9-
1100 5582 1398 5671 ’-ἰοὺκξῇς
1427 5582 1501 5671 5(
1526 5600 1568 5633 ¹⁰
1589 5582 1855 5669 (ἓὲὶπῖἆῆ

1966 5641 1973 5655 .
2027 5582 2297 5671 fuitfuit—3
2319 5582 2445 5667 iis,
2474 5582 3097 5671 1:51pm.ivi—$.75
3124 5582 3291 5661 esse
3321 5582 3529 5671 vui—(6:

268 5649 323 5739 ξς
490 5669 609 5739 _xr.t,
633 5649 1109 5739 ,1ς)..ξ⁸“.1ι](1.ἰγιιζ
1120 5663 1209 5739 lli.
1228 5649 1478 5739 7_““Psal.
1507 5649 1858 5737 nidi-"uiis

1966 5649 2020 5737 ί,
2051 5649 2445 5737 θῗιῐῖὶὲξηῐῗὲζ
2485 5649 2573 5725 is.
2609 5649 2869 5728 suis;
3059 5675 3104 5705 ιο
3138 5649 3344 5730 sitan:
3358 5649 3446 5737 1;:
3477 5649 3534 5727 1'.

266 5720 594 5811 fugaci,
625 5726 791 5811 te}:
808 5729 1047 5811 Gemit,
1072 5720 1211 5811 sq:
1237 5737 1359 5795 Psal
1380 5720 1594 5805 ἆξζϊῖ
1620 5720 1857 5799 ᾖ⁷1>ιεοῖνῖ

1966 5720 2104 5798 “es;
2138 5742 2187 5775 η
2215 5720 2605 5809 sitatam},
2640 5720 2875 5805 43.7.
2902 5720 3030 5798 Κεῖξ
3072 5720 3528 5811 καῖ’·ἱῗῖῗρὲεῑς

271 5807 484 5859 cum.
510 5794 566 5851 5.
630 5796 675 5831 ’⁸
708 5796 812 5856 Job
835 5812 926 5865 sv.
950 5794 1043 5859 21.
1070 5802 1116 5839 ⁸⁸
1138 5805 1241 5863 lsa.
1272 5794 1384 5869 an.
1413 5794 1501 5865 l3.
1528 5811 1581 5846 ⁸⁰
1597 5794 1859 5876 Ειιίῖἇ.⁷

1966 5834 1991 5883 ι,
2011 5794 2108 5876 ἐξ.
