3972 6336
2478 225 2508 252 κ

209 334 317 394 985
863 399 868 402 _
906 323 908 326 ’
1172 333 1592 390 ALLEGORIIE
1631 334 1698 389 IN
1736 334 2015 392 SACRAM
2059 334 2521 392 SCRIPTUBAM.
3380 338 3484 396 986

285 454 456 525 Lepra
510 463 596 510 est
641 464 946 525 peccatum,
998 457 1081 512 vel
1130 457 1264 513 falsa
1308 459 1576 525 doctrina,
1636 467 1696 514 ut
1739 460 1794 514 in
1822 464 1873 524 Α
1900 461 2016 525 liat,
2045 460 2392 516 exaltabitur.
2427 460 2673 531 Lignum,
2699 474 2795 516 cor
2834 458 3090 526 hominis,
3134 470 3192 516 ut
3242 462 3484 520 inlibris

205 549 489 606 Levitico:
527 566 546 599 ι
586 546 748 619 Plaga
791 547 956 619 lepne
979 551 1026 606 si
1055 549 1220 606 fuerit
1248 552 1303 606 in
1335 552 1551 608 homine
1587 554 1601 584 ¹
1631 594 1646 620 ,
1688 574 1706 606 ι
1746 554 1799 610 id

207 651 319 708 est,
348 649 630 712 peccatum
659 639 742 695 vel
774 641 999 698 hazresis
1027 643 1072 697 si
1097 641 1260 698 fuerit
1289 643 1342 698 in
1373 644 1613 700 homine.

282 727 500 802 Leprosi
535 739 663 788 sunt
688 731 955 798 hzeretici,
988 741 1048 788 ut
1083 733 1136 789 in
1165 734 1484 805 Evangelio:
1544 755 1562 786 ι
1599 735 1802 792 Occur-

207 831 408 881 terunt
432 823 480 879 ei
508 823 693 878 decem
722 823 824 877 viri
870 823 1071 894 leprosi
1104 826 1146 890 ³,
1189 845 1206 876 ι
1243 827 1386 896 quod
1413 827 1480 881 ad
1525 826 1802 882 Christum

207 916 367 972 multi
389 915 634 978 veniunt,
663 915 757 985 qui
786 915 937 985 prius
985 915 1309 988 Decalogum
1352 918 1558 988 perisse
1601 919 1800 974 intelli-

206 1015 404 1078 gentes
423 1047 438 1072 ,
462 1007 717 1061 hzeretica
743 1005 961 1062 fuerunt
986 1009 1144 1064 sorde
1175 1008 1447 1064 maculati.

279 1096 419 1154 Lena
441 1107 568 1154 sunt
593 1099 907 1168 temporalia
935 1099 1100 1164 dona,
1131 1107 1191 1155 ut
1219 1100 1272 1155 in
1300 1099 1556 1156 Cantico:
1597 1119 1615 1152 ι
1645 1101 1800 1156 Lmva

208 1183 334 1258 eius
363 1191 464 1246 sub
492 1191 670 1260 capite
702 1206 822 1246 meo
851 1191 890 1255 ³,
930 1211 949 1244 ι
991 1192 1044 1247 id
1071 1201 1177 1259 est,
1229 1193 1550 1264 temporalia
1600 1192 1801 1249 Christi

207 1283 353 1336 dona
385 1281 736 1336 consolantur
757 1283 996 1337 animam
1024 1299 1224 1339 meam.

278 1370 569 1427 Leuiathan
596 1382 681 1428 est
707 1374 973 1440 diabolus,
1022 1383 1082 1429 ut
1115 1375 1169 1430 in
1199 1373 1330 1430 Job:
1395 1393 1414 1426 ι
1457 1376 1640 1431 Parati
1680 1386 1806 1432 sunt

206 1467 480 1523 susc'itare
529 1468 829 1525 Leviathan
870 1469 915 1536 ⁸,
952 1491 970 1524 ι
1019 1471 1164 1542 quod
1217 1471 1320 1526 viri
1389 1473 1564 1527 sancti
1611 1472 1802 1528 diabo-

207 1567 320 1612 lum
352 1558 491 1614 bene
517 1559 751 1616 vivendo
781 1561 1064 1634 instigant.

279 1648 514 1706 Libanus
553 1661 637 1708 est
688 1651 937 1708 Christus
967 1695 983 1721 ,
1045 1661 1106 1708 ut
1181 1653 1236 1708 in
1289 1651 1552 1709 Cantico:
1601 1672 1620 1704 ‹
1668 1652 1803 1724 Spe-

206 1739 482 1812 cies‘ejus
531 1753 592 1799 ut
639 1744 830 1800 Libani
865 1746 908 1810 ⁸,
963 1766 981 1798 ι
1041 1746 1184 1817 quod
1231 1746 1530 1816 spiritualis
1601 1746 1800 1802 Christi

1903 552 2148 624 Regum:
2186 576 2203 605 (
2243 553 2494 608 Prmcidit
2542 553 2742 625 lignum
2776 561 2832 608 et
2879 554 3028 608 misit
3059 554 3204 620 illuc,
3247 557 3484 612 natavit-

1899 661 2008 716 que
2053 649 2257 704 ferrum
2285 649 2349 714 “,
2392 669 2410 701 ι
2443 649 2586 719 quod
2635 649 2884 705 Christus
2913 664 3008 704 cor
3052 651 3378 719 humiliavit,
3426 660 3484 706 et

1901 744 2130 816 gratiam
2173 741 2434 798 restituit.
2479 739 2726 811 Lignum,
2753 741 2964 797 delicia:
2985 741 3314 811 spirituales,
3342 749 3404 798 ut
3429 742 3487 798 in

1901 833 2132 902 Genesi:
2172 851 2190 883 ι
2232 833 2307 886 Ex
2330 831 2477 887 omni
2510 831 2656 901 ligno
2702 831 2940 902 paradisi
2969 831 3224 888 comedes
3251 831 3321 895 ὀ,
3355 851 3373 884 ι
3429 831 3487 886 id

1902 934 2006 990 est,
2037 899 2347 994 spirituales
2373 899 2572 978 sancta;
2594 899 2848 978 Ecclesia:
2876 924 3099 980 delicias
3122 924 3217 980 tibi
3241 923 3484 994 acquire.

1901 1013 2146 1085 Lignum,
2201 1014 2370 1069 sancti
2421 1014 2618 1084 angeli,
2669 1022 2729 1069 ut
2779 1014 2832 1068 in
2880 1015 3196 1071 Ezechiele:
3257 1033 3277 1067 ι
3311 1013 3486 1071 Omne

1903 1107 2104 1179 lignum
2135 1108 2369 1178 paradisi
2407 1124 2512 1162 non
2545 1116 2629 1163 est
2653 1108 3002 1164 assimilatum
3043 1109 3119 1164 illi
3143 1109 3210 1175 “,
3247 1129 3266 1163 ι
3299 1107 3354 1164 id
3381 1115 3487 1175 est,

1906 1200 2084 1256 nullus
2125 1201 2266 1256 inter
2295 1202 2514 1272 angelos
2533 1201 2628 1257 Dei
2656 1202 2957 1272 comparari
2986 1203 3162 1272 potuit
3186 1201 3285 1257 illi.

1977 1289 2143 1360 Ligna
2173 1299 2297 1345 sunt
2325 1291 2424 1346 viri
2454 1291 2651 1356 sancti,
2683 1300 2742 1344 ut
2767 1290 2819 1344 in
2853 1291 3105 1346 Cantico:
3145 1310 3164 1342 ι
3198 1289 3335 1345 Cum
3363 1290 3490 1346 uni-

1904 1381 2078 1436 versis
2105 1381 2263 1451 lignis
2289 1381 2476 1436 Libani
2502 1383 2568 1446 ",
2609 1401 2626 1432 ι
2674 1381 2727 1436 id
2763 1391 2862 1444 est,
2909 1383 2964 1436 in
3003 1383 3255 1437 omnibus
3283 1383 3490 1438 sanctis

1905 1473 1998 1543 qui
2033 1481 2156 1527 sunt
2183 1473 2238 1526 in
2262 1473 2525 1529 Ecclesia.
2555 1472 2746 1544 Ligna,
2781 1473 3029 1544 gentiles,
3053 1483 3113 1528 ut
3140 1473 3192 1528 in
3218 1473 3487 1529 Psalmis:

1911 1583 1930 1616 ι
1964 1565 2366 1619 Saturahuntur
2406 1565 2550 1635 ligna
2582 1565 2756 1634 campi
2791 1565 2858 1630 ”,
2901 1586 2918 1618 ι
2954 1565 3006 1619 id
3039 1573 3142 1626 est,
3178 1563 3493 1619 reﬁcientur

1906 1673 2004 1727 per
2051 1657 2208 1711 ﬁdem
2235 1657 2462 1728 gentiles
2489 1656 2693 1710 mundi.
2727 1653 2894 1726 Ligna
2914 1696 2929 1719 ,
2959 1655 3311 1726 pmnitentes,
3341 1663 3400 1708 ut
3436 1653 3493 1708 in

1906 1749 2167 1804 Psalmis:
2208 1768 2227 1800 ‹
2265 1749 2625 1804 Exsultabunt
2672 1748 2852 1802 omnia
2899 1747 3040 1817 ligna
3080 1745 3337 1801 silvarum
3366 1743 3433 1808 “,
3468 1762 3488 1797 ι

203 1832 385 1888 forma
416 1835 613 1890 decora
642 1844 746 1890 est.
789 1835 1048 1902 Libanus,
1071 1837 1334 1902 Ecclesia,
1367 1838 1504 1892 utin
1536 1836 1800 1893 Cantico:
1837 1836 1883 1895 Β
1911 1841 2053 1908 quod
2096 1842 2148 1894 in
2179 1840 2414 1895 adv’entu
2460 1839 2674 1895 Domini
2711 1839 3063 1908 pmnitentes,
3092 1837 3185 1908 qui
3232 1837 3386 1906 prius
3414 1835 3495 1889 in-

209 1945 230 1978 ‹
275 1926 480 1982 Fluunt
530 1928 734 1998 impetu
791 1929 857 1984 de
907 1928 1113 1984 Libano
1152 1931 1195 1997 ⁸,
1259 1952 1277 1982 ι
1327 1925 1472 2002 quod
1546 1931 1804 1988 doctrina:

203 2017 463 2075 salubres
485 2019 785 2089 procedunt
808 2023 875 2078 de
897 2022 1160 2078 Ecclesia.
1201 2021 1456 2089 Libanus,
1481 2025 1802 2094 baptismus,

201 2109 336 2163 utin
351 2108 605 2165 Cantico:
638 2131 656 2161 ι
691 2111 908 2168 Venide
933 2113 1376 2184 Libano,sponsa
1400 2130 1538 2177 mea,
1571 2136 1589 2166 ›
1624 2116 1676 2170 id
1697 2124 1802 2181 est,

201 2201 446 2258 Ecclesia
466 2218 610 2266 mea,
627 2203 894 2272 baptismo
915 2205 1181 2259 dealbata.
1209 2204 1460 2268 Libanus,
1487 2206 1718 2261 mundus
1735 2205 1808 2260 is-

201 2293 428 2359 te,utin
446 2293 596 2348 libris
624 2293 853 2365 Regum,
876 2295 1020 2350 servi
1049 2294 1357 2351 Salomonis
1371 2296 1804 2368 caedebantligna

199 2386 274 2441 de
297 2385 508 2439 Libano
537 2386 581 2450 ",
623 2387 766 2456 quod
807 2387 1192 2457 prredicatores
1219 2387 1518 2443 Salvatoris
1557 2387 1805 2442 homines

199 2479 606 2534 convertebant
631 2479 697 2534 ad
728 2479 889 2534 ﬁdem
932 2480 985 2534 in
1013 2481 1232 2535 mundo.

278 2568 486 2640 Lingua
516 2580 600 2626 est
643 2571 834 2638 Filius,
886 2580 946 2626 ut
991 2573 1046 2628 in
1092 2573 1340 2644 psalmis:
1384 2595 1402 2627 ι
1441 2575 1648 2647 Lingua
1680 2591 1800 2630 mea

200 2659 448 2715 calamus
500 2660 692 2716 scriba:
718 2661 763 2729 ⁸,
799 2681 818 2714 ι
861 2662 915 2716 id
965 2672 1070 2728 est,
1117 2662 1288 2718 Filius
1319 2680 1470 2719 meus
1512 2681 1636 2720 cum
1685 2662 1807 2734 Spi-

200 2751 319 2806 ritu
341 2758 547 2815 sancto,
573 2759 888 2822 cooperator
931 2767 1084 2808 meus
1109 2763 1212 2808 est.
1262 2753 1490 2825 Lingua,
1521 2771 1626 2809 vox
1650 2755 1806 2810 Chri-

202 2844 301 2909 sti,
335 2843 471 2898 utin
495 2843 776 2899 :Psalmis:
815 2862 834 2896 ι
869 2842 1079 2917 Lingua
1109 2861 1228 2900 mea
1276 2846 1516 2902 adhaeret
1560 2845 1805 2900 faucibus

204 2933 395 3008 [meis]
418 2934 464 3001 ’,
501 2955 520 2988 ι
555 2935 612 2990 id
649 2944 752 3004 est,
808 2950 915 2990 vox
944 2951 1064 2999 mea
1086 2936 1357 2992 obmutuit
1378 2953 1561 2992 coram
1583 2936 1799 2991 Judacis.

201 3025 442 3098 Lingua,
469 3018 714 3084 doctrina
741 3028 1021 3094 haeretica,
1046 3029 1187 3084 utin
1215 3027 1354 3084 Job:
1413 3049 1432 3081 ι
1482 3028 1634 3084 Fune
1675 3029 1806 3100 liga-

200 3117 294 3173 bis
331 3117 564 3189 linguam
595 3116 714 3187 ejus
743 3119 810 3188 ι’,
849 3138 869 3173 ι
905 3119 960 3176 id
984 3128 1068 3176 est
1093 3135 1191 3190 per
1215 3135 1426 3176 sacram
1460 3120 1804 3190 Scripturam

1908 1933 2036 1989 culti
2051 1940 2224 1997 erant,
2241 1940 2460 2003 accepta
2488 1931 2664 1996 venia,
2680 1929 3037 2000 spiritualiter
3060 1927 3492 1983 exsultaverunt.

1908 2025 2097 2096 Ligna,
2142 2026 2368 2079 virtutes
2417 2023 2744 2092 spirituales,
2777 2029 2838 2076 ut
2879 2021 2932 2076 in
2962 2019 3107 2090 lege:
3142 2038 3160 2072 ι
3194 2015 3494 2080 Plantabis,

1910 2121 1960 2173 in
1995 2135 2059 2175 ea
2105 2119 2247 2188 ligna
2276 2115 2573 2187 pomifera,
2611 2137 2627 2167 ι
2660 2116 2712 2170 id
2737 2122 2838 2178 est,
2871 2127 3040 2184 pones
3085 2111 3141 2166 in
3182 2118 3364 2165 mente
3407 2115 3492 2160 tua

1908 2213 2138 2267 virtutes
2165 2211 2471 2281 spirituales
2493 2210 2561 2264 ³⁵.
2585 2207 2776 2280 Ligna,
2799 2208 2952 2273 vitia,
2986 2215 3046 2260 ut
3070 2206 3123 2260 in
3152 2204 3490 2259 Deuterouo-

1909 2303 2052 2358 nio:
2091 2322 2108 2352 ι
2155 2302 2211 2355 In
2240 2300 2540 2356 succisione
2583 2300 2850 2370 lignorum
2880 2297 3085 2352 securis
3113 2293 3370 2366 fugerit"
3398 2307 3497 2346 na-

1908 2398 2019 2451 vim
2046 2393 2117 2458 ",
2149 2414 2166 2443 ι
2203 2395 2221 2412 ⁴
2258 2392 2310 2447 id
2339 2400 2442 2456 est,
2471 2400 2526 2446 et
2553 2400 2925 2460 correptorum
2957 2388 3213 2442 vitiorum
3243 2387 3496 2454 increpa-

1910 2487 1984 2542 tio
2011 2486 2310 2542 excesserit
2360 2499 2689 2540 mensuram.
2741 2481 2930 2552 Ligna,
2969 2479 3326 2551 cogitationes
3361 2476 3498 2531 invi-

1908 2580 2010 2644 (Ῑιε,
2038 2589 2097 2634 ιιι
2145 2581 2196 2634 in
2227 2579 2440 2634 Exodo:
2494 2577 2730 2647 Populus
2751 2574 2947 2630 obtulit
2999 2572 3143 2645 ligna
3173 2569 3382 2626 Sethim
3421 2568 3492 2634 ",

1908 2673 2052 2741 quod
2099 2672 2272 2726 ﬁdelis
2322 2671 2552 2740 quisque
2583 2667 2942 2739 imputribiles
2989 2666 3100 2720 Deo
3143 2663 3498 2733 cogitationes

1908 2763 2083 2820 offert.
2118 2761 2664 2832 Ligna,operationes
2688 2761 2864 2821 bonas,
2891 2757 3017 2812 utin
3041 2755 3237 2809 Paulo:
3269 2773 3287 2805 ι
3319 2752 3500 2823 Super

1908 2853 2316 2908 fundamentum
2347 2852 2451 2907 hoc
2503 2865 2719 2914 aurum,
2754 2855 3061 2918 argentum,
3089 2845 3238 2913 ligna
3280 2843 3350 2907 ’³,
3391 2861 3410 2894 ι
3443 2841 3499 2896 id

1907 2954 2012 3011 est,
2040 2946 2092 3000 in
2123 2945 2228 2999 ﬁde
2253 2943 2454 2999 Christi
2479 2940 2800 2997 munditiam
2823 2936 3236 3006 cogitationum,
3265 2934 3499 2988 nitorem

1907 3037 2264 3100 locutionum,
2294 3035 2670 3091 strenuitatem
2717 3031 3014 3086 actionum.
3052 3026 3238 3097 Ligna,
3295 3023 3491 3093 iniqui,

1907 3137 1967 3182 ut
1990 3130 2042 3181 iu
2065 3125 2202 3182 libro
2233 3124 2514 3180 Judicum:
2553 3128 2569 3144 ‘
2615 3142 2633 3173 ι
2664 3121 2973 3192 lnjecerunt
2991 3118 3135 3188 ligna
3161 3120 3502 3186 utungerent

204 3209 469 3265 devinces
501 3210 816 3267 bareticam
861 3212 1186 3268 doctrinam.
1227 3211 1451 3284 Lingua,
1483 3213 1716 3276 animus,
1745 3221 1804 3265 ut
1831 3196 1876 3259 Ο
1907 3231 2092 3288 regem
2121 3216 2219 3281 ¹⁹,›
2257 3213 2400 3286 quod
2428 3215 2465 3268 ii
2493 3214 2582 3284 qui
2611 3212 2679 3267 ad
2707 3211 2918 3267 libitum
2942 3207 3177 3265 carnalis
3201 3203 3499 3277 voluptatis

202 3303 267 3358 in
292 3301 561 3359 Psalmis:
600 3322 620 3355 ι
657 3303 794 3360 Tota
835 3305 922 3361 die
964 3305 1282 3376 iniustitiam
1315 3305 1575 3375 cogitavit
1619 3305 1800 3374 lingua

203 3404 304 3450 tua
336 3397 400 3463 “,
456 3415 475 3449 ι
512 3397 567 3452 id
595 3405 702 3464 est,
741 3413 955 3469 semper
995 3399 1210 3454 animus
1252 3407 1379 3454 tuus
1409 3396 1668 3469 cogitavit
1692 3397 1802 3451 ini-

202 3499 338 3558 qua.
369 3485 597 3558 Lingua,
630 3489 1015 3559 praedicatores
1056 3489 1175 3556 Dei,
1203 3496 1263 3544 ut
1291 3490 1346 3544 in
1373 3487 1637 3545 Psalmis:
1682 3507 1701 3539 ε
1736 3487 1804 3542 Ει

203 3578 392 3650 lingua
427 3593 548 3634 mea
594 3581 944 3636 meditabitur
981 3579 1251 3650 justitiam
1289 3589 1436 3636 tuam
1477 3580 1540 3633 η.
1573 3600 1593 3632 ι
1626 3581 1644 3600 ⁶
1671 3577 1801 3634 Lin-

201 3689 339 3745 gua,
365 3673 612 3729 doctrina
641 3674 921 3731 sacularis
943 3715 957 3739 ,
987 3683 1048 3729 ut
1071 3675 1124 3729 in
1147 3674 1287 3729 Isaia
1315 3692 1327 3728 :
1362 3679 1378 3694 ‘
1405 3691 1424 3726 ι
1456 3672 1806 3728 Dissolidabit

202 3764 472 3821 Dominus
493 3757 738 3838 linguam.
759 3767 930 3822 maris
958 3766 1184 3844 Egypti
1217 3767 1282 3833 ¹³,
1325 3787 1345 3820 ι
1379 3767 1523 3838 quod
1554 3766 1804 3821 tenebro-

205 3872 336 3914 sam
363 3859 552 3913 mundi
583 3859 888 3917 doctrinam
931 3861 1193 3916 destruet.

280 3948 507 4022 Lignum
571 3960 660 4008 est
708 3953 988 4019 Christus,
1041 3961 1102 4007 ut
1145 3953 1198 4007 in
1244 3951 1568 4023 Apocalypsi
1607 3966 1624 4005 :
1673 3971 1692 4003 ι
1728 3951 1806 4007 De

203 4040 360 4111 ligno
389 4040 536 4108 vitae,
568 4043 712 4113 quod
733 4043 788 4097 in
813 4043 1067 4113 paradiso
1125 4043 1219 4098 Dei
1257 4043 1363 4097 mei
1397 4043 1439 4074 "
1471 4044 1488 4064 ¹
1526 4063 1545 4095 ι
1591 4039 1698 4097 frui
1747 4042 1804 4097 in

203 4131 430 4188 Christo
455 4173 470 4200 ,
502 4133 594 4204 qui
621 4133 866 4191 viviﬁcat
913 4134 1238 4191 Ecclesium.
1284 4133 1618 4220 “‘Lignum,
1646 4149 1800 4200 crux,

203 4232 269 4279 ut
310 4223 366 4279 in
390 4220 658 4281 Ieremia:
690 4245 710 4278 ι
738 4226 1016 4282 Mittamus
1045 4227 1251 4300 lignum
1281 4227 1335 4281 in
1379 4240 1572 4298 panem
1605 4225 1740 4297 ejus,
1777 4245 1797 4278 ι

205 4317 264 4373 id
293 4325 382 4372 est
409 4320 559 4376 cordi
593 4319 712 4390 ejus
761 4336 983 4377 crucem
1037 4321 1409 4377 exhibeamus.
1460 4319 1687 4394 Lignum
1722 4322 1806 4376 in-

201 4417 434 4464 carnata
505 4409 826 4482 Sapientia,
894 4419 954 4468 ut
1025 4413 1080 4468 in
1151 4411 1459 4470 Parabolis:
1500 4432 1518 4465 ι
1575 4413 1804 4485 Lignum

1906 3324 2018 3365 sua:
2045 3308 2327 3380 praalatum
2354 3307 2541 3364 volunt
2568 3307 2786 3361 habere.

1977 3399 2174 3455 Litium
2199 3408 2284 3456 est
2304 3398 2507 3454 candor
2521 3394 2842 3460 divinitatis,
2865 3392 3005 3448 utin
3037 3388 3296 3446 Cantica:
3333 3406 3352 3440 ι
3384 3385 3499 3459 Ego

1906 3507 2028 3548 sum
2065 3491 2238 3546 lilium
2290 3489 2617 3546 convallium
2667 3487 2734 3552 ³ο,
2773 3507 2792 3537 ι
2853 3485 2907 3541 id
2960 3491 3078 3550 est,
3116 3481 3170 3538 in
3221 3478 3502 3536 divinitate

1905 3601 2028 3641 mea
2058 3601 2270 3641 merces
2317 3600 2439 3641 sum
2489 3582 2796 3639 humilium.
2829 3578 3048 3644 Lilium,
3081 3583 3271 3632 sancta
3298 3571 3488 3628 Eccleo

1905 3679 2008 3745 sia,
2033 3687 2092 3734 ut
2123 3679 2176 3733 in
2207 3675 2472 3733 Cantico:
2509 3693 2528 3726 ι
2562 3671 2716 3729 Sicut
2761 3672 2933 3726 lilium
2964 3670 3107 3724 inter
3131 3668 3317 3738 spinas
3341 3665 3410 3730 ³¹,
3463 3683 3481 3715 ι

1905 3771 2048 3840 quod
2075 3770 2416 3842 dogmatibus
2445 3769 2823 3823 haereticorum
2861 3771 3049 3819 sancta
3078 3759 3320 3816 Ecclesia
3364 3772 3502 3828 pun-

1905 3870 2084 3930 gatur.
2139 3859 2376 3925 Lilium,
2427 3858 2705 3914 beatitudo
2760 3854 3016 3917 cmlestis,
3065 3859 3126 3907 ut
3171 3853 3228 3906 in
3278 3847 3498 3905 Exodo:

1912 3974 1930 4006 ‹
1968 3953 2096 4008 Post
2143 3953 2428 4023 scyphum,
2482 3949 2811 4020 sphaerulam
2857 3955 2912 4002 et
2959 3945 3133 4000 lilium
3167 3943 3236 4009 ⁸⁸,
3294 3962 3312 3994 ι
3356 3939 3501 4012 quod

1907 4049 2099 4100 recte'
2127 4043 2508 4114 praedicatores
2545 4049 2601 4096 et
2648 4042 2788 4096 bene
2838 4044 3127 4108 cperantes
3171 4035 3358 4089 virens
3408 4031 3500 4086 illa

1907 4137 2169 4194 fortitudo
2217 4145 2530 4192 remunerat
2564 4143 2635 4190 te.
2685 4133 2791 4189 Per
2835 4131 3028 4197 lilium,
3056 4129 3198 4185 bona
3226 4141 3412 4198 opera,
3444 4133 3504 4180 ut

1907 4230 1961 4285 in
1993 4230 2248 4286 Cantico:
2287 4250 2306 4282 ι
2341 4229 2444 4297 Qui
2472 4228 2712 4299 pascitur
2741 4227 2884 4281 inter
2907 4225 3018 4280 lilia
3046 4223 3114 4292 ⁸³,
3156 4242 3174 4275 ι
3211 4220 3354 4292 quod
3379 4234 3500 4274 sua-

1907 4325 1960 4380 vi
1984 4325 2250 4380 bonorum
2295 4337 2520 4392 operum
2547 4320 2714 4378 odore
2743 4320 3012 4376 laetantur.
3043 4318 3150 4374 Per
3185 4315 3299 4370 lilia
3333 4326 3503 4370 sacrae

1909 4415 2222 4486 Scripturas,
2250 4415 2387 4470 utin
2408 4413 2664 4470 Cantico:
2703 4432 2721 4464 ι
2745 4412 2846 4480 Qui
2872 4418 3165 4482 pascuntur
3196 4409 3336 4464 inter
3358 4405 3493 4470 lilia,

203 4507 336 4561 vitae
377 4514 461 4562 est
491 4507 559 4563 iis
587 4508 680 4578 qui
710 4509 1186 4579 apprehenderunt
1215 4523 1337 4564 eam
1375 4509 1446 4576 '°,
1486 4527 1505 4561 ι
1536 4508 1681 4580 quod
1709 4507 1798 4577 qui
1907 4507 2080 4562 donec
2101 4506 2304 4577 aspiret
2329 4505 2445 4561 dies
2469 4504 2537 4570 ",
2577 4523 2596 4558 ι
2631 4512 2688 4560 ει
2709 4511 2909 4559 sancta:
2934 4502 3128 4557 animae
3149 4497 3320 4554 sacris
3342 4496 3502 4550 modo

203 4597 306 4653 Dei
353 4595 686 4668 Sapientiam
731 4612 831 4668 per
873 4599 1034 4655 ﬁdem
1088 4599 1146 4654 in
1203 4600 1224 4621 *
1273 4640 1286 4654 .
1329 4639 1341 4652 .
1388 4639 1402 4653 .
1451 4639 1465 4653 .
1507 4638 1522 4652 .
1566 4639 1580 4653 .
1620 4607 1804 4652 natam
1831 4581 1884 4643 Ῐ)
1912 4596 2212 4669 Scripturis
2255 4595 2595 4662 reﬁciuntur,
2636 4595 2810 4649 donec
2857 4591 3051 4647 futurae
3101 4590 3227 4645 vitae
3278 4588 3502 4643 claritas

201 4686 520 4755 conﬁtetur,
553 4689 776 4744 mentali
823 4691 892 4745 ab
938 4705 1001 4745 ea
1030 4698 1189 4760 pastu
1239 4689 1504 4744 reﬁcitur.
1555 4686 1803 4759 Lignum,
1911 4699 2188 4763 appareat.
2223 4690 2328 4746 Per
2352 4689 2466 4744 lilia
2495 4687 2760 4744 candores
2791 4684 3056 4748 veritatis,
3081 4691 3140 4737 ut
3167 4682 3221 4736 in
3243 4679 3498 4737 Cantico:

202 4779 440 4851 quilibet
475 4779 675 4851 justus,
712 4790 773 4836 ut
818 4782 874 4836 in
917 4779 1062 4837 Job:
1117 4801 1136 4834 ‹
1178 4780 1409 4851 Lignum
1438 4779 1604 4834 habet
1655 4794 1804 4848 spem
1918 4801 1936 4836 ι
1977 4782 2147 4838 Lahia
2194 4781 2312 4853 ejus
2362 4780 2474 4835 lilia
2520 4777 2586 4842 ³³,
2628 4798 2648 4832 ι
2694 4777 2838 4846 quod
2889 4774 3274 4846 praedicatores
3329 4768 3502 4826 sancti

206 4873 280 4939 *7,
324 4891 342 4924 ι
381 4875 523 4944 quod
539 4875 722 4946 justus
741 4890 958 4945 semper
986 4889 1082 4945 spe
1109 4873 1291 4930 salvus
1318 4873 1512 4928 factus.
1557 4871 1802 4943 Lignum,
1853 4925 1859 4930 ,
1911 4873 2117 4930 Christi
2164 4873 2488 4930 annuntiant
2526 4870 2839 4926 veritatem.
2871 4865 2976 4920 Per
3005 4863 3117 4919 lilia
3153 4860 3398 4934 perfecti,
3426 4866 3505 4950 qut

200 4961 438 5034 quilibet
463 4964 659 5032 elatus,
689 4974 750 5021 ut
775 4967 829 5021 in
858 4966 1155 5036 propheta:
1194 4985 1212 5016 ε
1245 4964 1358 5033 Ego
1383 4963 1526 5020 Deus
1554 4963 1808 5040 humilia-
1911 4968 1966 5022 in
1991 4967 2216 5022 Cantico
2244 4984 2256 5020 :
2288 4986 2306 5018 ι
2335 4965 2539 5020 Venter
2567 4971 2692 5018 tuus
2719 4962 2862 5016 sicut
2883 4973 3108 5014 acervus
3137 4952 3505 5021 tritici,valla—

205 5055 259 5110 vi
306 5054 512 5127 lignum
539 5057 772 5113 sublime
803 5058 867 5123 ⁸³,
909 5077 927 5109 ι
965 5055 1110 5126 quod
1144 5055 1236 5126 qui
1267 5071 1328 5112 se
1355 5054 1580 5120 exaltat,
1626 5054 1802 5108 humi-

1911 5068 1998 5116 tus
2023 5059 2150 5114 liliis
2176 5057 2242 5125 ³⁸,
2273 5079 2290 5111 ι
2308 5056 2450 5128 quod
2464 5064 2665 5112 sancta:
2687 5051 2942 5109 Ecclesiae
2967 5049 3152 5106 ﬁdeles
3178 5049 3314 5104 bona
3335 5059 3502 5115 opera

202 5149 452 5206 liabitur.
479 5149 725 5223 Lignum,
755 5152 982 5222 quilibet
1007 5150 1250 5216 humilis,
1276 5151 1412 5205 utin
1442 5151 1632 5205 eodem
1662 5148 1800 5214 loco,
1908 5160 2185 5215 exercent,
2212 5160 2267 5206 et
2290 5165 2455 5219 opera
2479 5151 2662 5204 carnis
2693 5151 2958 5202 exornant
2991 5135 3455 5216 [exsecrantur‘l].

207 5267 230 5301 ι
265 5254 326 5304 ει
353 5247 588 5305 exaltavi
616 5249 820 5322 lignum
870 5247 1096 5315 humile,
1137 5269 1156 5301 ι
1187 5248 1332 5318 quod
1377 5248 1468 5317 qui
1513 5263 1572 5303 se
1619 5243 1803 5300 humi-
1981 5241 2164 5297 Limen
2189 5250 2272 5299 est
2295 5251 2472 5298 coetus
2497 5241 2732 5312 primum
2756 5237 2968 5295 Veteris
2989 5231 3340 5298 Testamenti,
3364 5227 3500 5286 utin

285 5435 304 5468 ¹
325 5434 456 5490 Lev.
482 5449 603 5501 xm,
623 5435 677 5490 9.
704 5436 724 5466 ²
747 5435 882 5492 Luc.
914 5426 1171 5498 Imb-12.
1207 5435 1227 5467 ³
1256 5434 1413 5490 Cant.
1432 5449 1550 5498 vm,
1579 5432 1632 5487 '5.
1651 5432 1672 5461 ⁸
1703 5431 1802 5488 Job

1936 5431 1991 5486 ε.
2031 5431 2052 5463 ο
2072 5431 2232 5486 Cant.
2262 5431 2316 5497 ε,
2342 5429 2426 5485 15.
2447 5430 2467 5461 ο
2493 5429 2651 5494 una,
2676 5447 2720 5501 υ.
2747 5429 2802 5501 8.
2829 5429 2850 5462 τ
2880 5426 2947 5483 ιιι
2967 5428 3099 5496 Reg.
3117 5441 3174 5501 ιζ,
3195 5423 3336 5501 is.)
3354 5421 3498 5478 Psal.

206 5522 360 5570 μιν,
389 5507 439 5560 2.
468 5504 490 5536 ⁹
515 5491 658 5562 Psal.
690 5523 806 5572 xxt,
844 5491 928 5560 l6.
957 5491 999 5539 η
1030 5491 1130 5562 .lob
1159 5523 1247 5571 xL,
1271 5505 1362 5560 20.
1393 5506 1431 5536 "
1452 5491 1792 5568 Psal.L|,4.‘

1909 5491 2312 5563 sal.xxxrv,28.'
2335 5501 2378 5533 ⁸³
2405 5501 2508 5556 lsa.
2541 5491 2739 5562 x1315.
2770 5499 2813 5532 “
2844 5501 3010 5572 Apoc.
3129 5498 3185 5572 7._
3211 5496 3256 5526 ¹⁵
3284 5491 3395 5548 Jer.
3421 5509 3502 5572 xl,

204 5562 306 5632 29.
340 5562 382 5609 ί⁶
413 5577 572 5632 Prov.
607 5595 688 5634 Ill.
725 5562 808 5634 18.
844 5579 885 5610 ¹⁷
915 5577 1015 5633 Job
1049 5594 1158 5642 xlv,
1193 5562 1246 5631 7.
1294 5577 1336 5607 ’⁸
1369 5577 1564 5630 Ezech.
1599 5562 1729 5636 χιιι,
1762 5574 1802 5628 2

1917 5573 1958 5605 1’
1988 5572 2052 5628 lV
2080 5562 2212 5642 Reg.
2247 5590 2318 5637 τι,
2349 5573 2383 5627 6
2457 5573 2502 5603 ὀ
2535 5572 2668 5627 Gen.
2717 5588 2778 5634 ιι,
2812 5562 2908 5626 16.’
2952 5571 2995 5600 ²¹
3030 5568 3415 5642 Εῑειζιιηδιιιιρ
3445 5562 3499 5618 8.

206 5649 258 5682 ⁸⁸
275 5648 416 5703 Cant
438 5665 513 5712 Iv,
544 5649 697 5702 M."
723 5649 860 5704 Psal.
895 5666 1011 5710 CIII,
1050 5635 1216 5703 l6.“
1245 5647 1390 5703 Psal.
1422 5663 1542 5709 xcv,
1580 5647 1664 5701 l2.
1695 5635 1742 5678 "
1769 5645 1802 5700 Ι.

1926 5662 2038 5705 XIX,
2069 5635 2234 5701 23:"
2248 5635 2537 5709 Deut.x1x,
2563 5642 2614 5696 5.
2651 5644 2694 5674 ⁸⁷
2720 5643 2888 5698 Exod.
2919 5656 3082 5712 xxxv,
3111 5637 3200 5712 2}.
3231 5636 3276 5668 ³⁸
3299 5637 3337 5690 l’.
3371 5635 3498 5712 Ger.

209 5734 300 5784 ιη,
337 5721 421 5784 ιε,
462 5705 547 5775 ιε.
584 5719 923 5782 "Judic.1x,
957 5705 1009 5776 εξ
1039 5720 1083 5750 ³ο
1112 5719 1268 5776 Cant.
1305 5735 1364 5788 ιι,
1405 5719 1454 5774 ι.
1499 5705 1540 5751 εί
1575 5717 1730 5786 lbid.,
1761 5735 1802 5772 υ.

1929 5717 1973 5750 ³³⁸
2006 5716 2174 5776 Exod.
2199 5731 2410 5784 xxxvu,
2440 5705 2533 5770 17.
2559 5714 2606 5747 ³³
2637 5714 2793 5771 Cant.
2830 5729 2916 5780 v1,
2951 5713 3005 5765 2.
3030 5710 3080 5788 ."'
3109 5709 3269 5764 Cant.
3301 5722 3364 5776 ιι,
3411 5705 3500 5763 16.

209 5791 263 5825 ³⁵
296 5789 452 5851 Cant.
483 5808 535 5863 v,
568 5792 650 5847 l5.
701 5791 747 5824 "
793 5791 948 5850 Cant.
981 5807 1074 5860 vn,
1109 5791 1164 5848 2.

2621 5954 2627 5960 Ι
2675 5937 2788 5953 “.~~'.

2619 5963 2696 5981 ,μ’
