3972 6336
578 278 683 335 981

1244 274 1306 329 Β.
1345 271 1599 329 RABANI
1633 269 1853 328 MAURI
1887 265 2203 325 ABCHlEP.
2246 264 2857 322 MOGUNT.OPERUM
2879 263 3064 320 PARS
3104 262 3192 319 ill.
3660 271 3730 328 ω

577 390 890 450 Ezechiele:
932 407 953 442 ι
1007 388 1224 445 Mensas
1267 398 1353 445 est
1404 387 1565 445 limen
1610 394 1782 458 portae
1837 385 1886 449 ⁸,
1926 403 1944 434 ι
2006 380 2147 452 quod
2176 383 2222 444 Α
2253 379 2386 450 fugit
2415 379 2469 433 in
2513 378 2821 442 solitudine,
2852 378 2941 434 ubi
2990 386 3252 449 paratum
3276 375 3454 431 habuit
3475 376 3620 436 locum
3641 383 3726 449 ιζ,

577 483 825 541 Christus
861 482 1203 557 antiquorum
1232 489 1449 552 patrum
1477 481 1671 535 merita
1719 478 1859 548 apud
1885 492 1943 532 se
1984 476 2142 530 dinu-

577 580 772 628 merat.
818 570 1022 640 Limen,
1064 570 1217 635 ﬁdes,
1262 578 1320 626 ut
1348 571 1402 626 in
1432 570 1584 625 libris
1624 569 1867 640 Regum:
1908 585 1926 619 ι
1960 566 2149 622 Manus

584 664 767 736 Dagon
795 662 1050 719 abscissae
1102 670 1260 717 erant
1281 675 1445 733 super
1469 660 1634 715 limen
1664 659 1707 724 ’,
1742 678 1761 710 ι
1795 657 1936 730 quod
1985 671 2147 727 opera

578 752 801 821 diaboli,
823 753 915 826 qui
947 750 1349 824 superstitionis
1377 750 1696 806 curiositate
1728 750 1798 804 ad
1838 756 2098 804 aeternam
2125 747 2147 770 '

573 840 840 914 justitiam
865 845 1131 916 perducit,
1173 843 1446 900 destructa
1495 852 1621 898 sunt
1643 858 1739 913 per
1782 841 1965 897 ﬁdem.
2010 839 2167 896 Nam.

578 933 761 1006 Dagon
786 936 941 1007 piscis
967 935 1195 991 tristitiae
1226 935 1613 1005 interpretatur
1637 934 1692 988 in
1715 932 2148 1007 superliminaria

580 1023 863 1082 domorum
892 1037 948 1085 et
973 1029 1029 1084 in
1054 1027 1443 1084 intentionibus
1467 1027 1790 1084 animarum.

656 1138 843 1194 Linum
884 1149 969 1198 est
1001 1141 1228 1212 populus
1254 1142 1488 1215 gentilis,
1511 1150 1573 1197 ut
1598 1142 1653 1197 in
1692 1142 1863 1197 Isaia:
1904 1161 1922 1194 ι
1955 1140 2151 1197 Linum

580 1227 853 1300 fumigans
886 1246 991 1287 non
1019 1232 1324 1302 exstinguet
1353 1232 1395 1299 ³,
1434 1251 1452 1284 ι
1488 1231 1544 1288 id
1587 1241 1690 1299 est,
1730 1231 1985 1303 populum
2023 1246 2150 1302 gen-

584 1317 732 1373 tilem
771 1334 880 1377 non
904 1321 1198 1379 damnabit.
1242 1321 1454 1389 Linum,
1484 1323 1778 1389 subtilitas,
1808 1332 1867 1378 ut
1897 1323 1952 1377 in
1996 1321 2145 1394 lege:

589 1426 607 1461 ι
643 1409 761 1466 Non
802 1411 992 1468 indues
1012 1422 1216 1469 vestem
1267 1413 1377 1470 lino
1425 1413 1655 1484 lanaque
1698 1422 2005 1470 contextam
2032 1414 2075 1479 ⁸,
2125 1432 2145 1463 ι

580 1503 635 1560 id
669 1514 774 1573 est,
799 1521 904 1562 non
941 1505 1084 1562 intus
1108 1506 1326 1562 malitiae
1360 1506 1710 1562 subtilitatem
1741 1514 1906 1577 teges,
1933 1513 1990 1561 et
2027 1520 2152 1562 san-

580 1596 829 1653 ctitatem
864 1597 997 1655 foris
1041 1600 1311 1655 ostendes.
1353 1597 1564 1665 Linum,
1608 1597 1901 1669 Spiritualis
1944 1596 2152 1652 intelle-

583 1696 721 1755 ctus,
744 1689 875 1745 utin
899 1689 1180 1748 Parabolis
1206 1713 1221 1746 :
1250 1711 1267 1744 ι
1304 1691 1560 1759 Quaesivit
1582 1690 1760 1746 lanam
1781 1698 1835 1746 et
1854 1691 2021 1746 linum
2050 1690 2093 1757 ⁸,
2123 1710 2142 1741 ι

578 1779 730 1849 quod
788 1790 977 1837 sancta
1045 1781 1309 1847 Ecclesia,
1351 1783 1465 1837 sive
1519 1782 1713 1837 devota
1769 1780 1971 1848 anima,
2024 1781 2156 1837 sim-

580 1868 775 1939 plicem
795 1878 851 1928 et
886 1872 1219 1944 spiritualem
1248 1873 1302 1929 in
1326 1888 1481 1931 sacra
1517 1872 1796 1945 Scriptura
1827 1873 2156 1930 intellectum

585 1961 799 2029 quatit.

651 2051 814 2107 Linea
866 2061 951 2110 est
992 2054 1263 2111 occultum
1310 2055 1405 2112 Dei
1442 2055 1745 2125 judicium,
1797 2064 1857 2110 ut
1905 2055 1961 2110 in
2009 2052 2149 2109 Job:

586 2160 605 2192 ε
643 2141 773 2210 Quis
804 2144 1030 2200 tetendit
1063 2160 1226 2216 super
1264 2160 1385 2201 eam
1437 2145 1635 2201 lineam
1677 2146 1744 2199 ‘?
1779 2165 1796 2197 ›
1828 2144 1971 2214 quod
2008 2143 2157 2200 Deus

581 2231 851 2289 occultum
881 2250 1038 2290 suum
1069 2234 1331 2304 judicium
1357 2236 1411 2290 in
1446 2237 1626 2290 anima
1654 2236 1889 2290 humana
1916 2242 2154 2291 exercet.

580 2320 769 2391 Linea,
789 2340 978 2381 norma
1003 2335 1140 2398 aptae
1162 2327 1536 2391 institutiOnis,
1564 2335 1625 2381 ut
1646 2327 1700 2381 in
1733 2326 1885 2382 libris
1913 2325 2155 2397 Regum:

588 2429 608 2463 ι
656 2412 953 2471 Duodecim
1018 2416 1319 2472 cubitorum
1394 2417 1535 2473 linea
1597 2415 1966 2473 columnarum
2011 2418 2033 2450 ⁷
2074 2459 2089 2485 ,
2129 2437 2151 2471 ι

581 2502 724 2570 quod
777 2517 963 2559 norma
1016 2504 1382 2575 apostolorum
1436 2505 1573 2562 alios
1629 2506 2014 2564 praedicatores
2070 2508 2155 2563 in-

583 2594 722 2647 nuit.
1442 2649 1446 2654 .

649 2682 822 2739 Linus
850 2693 937 2742 est
964 2685 1089 2743 ﬁnis
1110 2689 1311 2758 saeculi,
1343 2700 1404 2748 ut
1443 2692 1498 2747 in
1540 2690 1861 2762 Evangelio:
1917 2707 1936 2741 ι
1988 2688 2158 2745 Secus

580 2777 730 2833 littus
782 2779 1034 2837 sedentes
1054 2781 1101 2849 ⁸,
1138 2801 1158 2835 ι
1201 2783 1253 2838 id
1277 2793 1381 2853 est,
1417 2785 1471 2840 in
1502 2783 1609 2839 ﬁne
1664 2782 1843 2839 saeculi
1874 2781 2152 2854 degentes.

583 2867 770 2937 Littus,’
820 2870 1021 2937 fideles,
1049 2881 1111 2929 ut
1138 2874 1193 2929 in
1234 2874 1471 2934 Genesi:
1526 2895 1546 2928 ι
1584 2875 1822 2930 Zabulon
1871 2875 1926 2929 in
1974 2874 2158 2930 littore

583 2961 749 3017 maris
794 2962 1062 3021 habitabit
1106 2966 1152 3033 θ,
1194 2986 1213 3018 ι
1260 2969 1402 3043 quod
1456 2967 1628 3025 fidelis
1656 2966 1883 3039 populus
1912 2967 1966 3021 in
1996 2974 2156 3038 partu

582 3049 703 3107 ﬁdei
728 3054 950 3125 quievit.
982 3054 1175 3125 Linus,
1201 3059 1469 3115 stabilitas
1517 3057 1961 3124 immortalitatis,
2011 3066 2071 3112 ut
2099 3057 2156 3111 in

2250 473 2390 543 quod
2419 481 2608 528 sancta
2653 471 2894 528 Ecclesia
2918 471 3121 526 mentis
3154 469 3481 529 solitudinem
3505 472 3729 541 inveniens,

2248 564 2522 620 Christum
2552 564 2776 618 invenit.
2804 563 2995 629 Locus,
3025 562 3359 624 innocentia,
3384 569 3439 615 ut
3464 562 3513 616 in
3534 562 3729 627 Psalmis;

2255 673 2273 705 ‹
2310 653 2427 709 Non
2454 661 2742 724 cognoscat
2771 652 3001 723 amplius
3030 651 3212 706 locum
3237 666 3388 707 suum
3416 650 3477 716 ¹⁸,
3511 672 3527 704 ι
3556 652 3599 709 id
3629 664 3731 720 est,’

2250 750 2296 807 si
2327 756 2649 822 potestatem
2680 748 2902 819 spiritus
2927 746 3187 801 habentis
3217 760 3376 815 super
3404 754 3454 799 te
3485 749 3733 815 ascenderit,

2248 840 2424 895 locum
2478 848 2628 895 tuum
2677 854 2788 895 non
2834 836 3129 901 dimiserit,
3180 835 3235 890 id
3280 844 3381 900 est,
3427 835 3505 891 si‘
3532 844 3735 906 praesentis

2249 927 2420 983 sibilis
2469 928 2524 982 in
2550 944 2581 982 a
2622 967 2637 981 .
2682 967 2696 981 .
2740 967 2754 980 .
2795 966 2808 980 .
2853 966 2868 981 .
2912 926 3011 981 tibi
3052 925 3421 995 praevaluerit,
3462 926 3735 987 humilitatem

2248 1019 2577 1090 poenitentia:
2625 1033 2735 1074 non
2764 1018 3133 1088 derelinquat.
3184 1015 3373 1081 Locus,
3418 1028 3579 1073 sancta
3617 1019 3735 1076 Eccle

2200 1104 2205 1109 ”
2250 1111 2350 1177 sia,
2398 1110 2537 1166 utin
2584 1108 2715 1166 Job:
2751 1129 2771 1163 ι
2807 1110 2955 1165 Auro
2992 1109 3156 1165 locus
3190 1117 3297 1175 est,
3336 1109 3389 1163 in
3417 1124 3513 1179 quo
3551 1110 3735 1167 conﬂatur

2251 1200 2321 1269 ‘9,
2364 1222 2382 1254 ι
2415 1200 2556 1271 quod
2577 1202 2905 1257 exatninatio
2934 1201 3196 1273 martyrii
3225 1216 3331 1256 non
3358 1201 3573 1272 prodest,
3597 1203 3675 1259 nisi
3700 1206 3733 1259 in

2252 1291 2721 1359 Ecclesia.Locus,
2755 1293 2771 1314 '
2793 1293 3011 1349 dilectio
3044 1293 3175 1347 vitae
3204 1292 3490 1362 prmsentis,
3519 1301 3567 1346 ut
3587 1293 3628 1346 in
3643 1292 3734 1348 Job:

2251 1380 2387 1437 Vitae
2416 1381 2769 1436 delectatione
2795 1382 2989 1451 impius
3016 1380 3262 1449 rapietur
3284 1379 3351 1432 ’°.
3376 1377 3543 1445 ιοσιιε,
3566 1364 3735 1436 ωινέἀη-

2252 1471 2498 1537 lantium,
2530 1472 2665 1527 utin
2696 1470 2825 1527 Job:
2865 1491 2883 1523 ι
2920 1472 3031 1527 Nec
3056 1472 3203 1526 ultra
3227 1471 3506 1526 intuebitur
3523 1473 3735 1529 cumloctts

2252 1561 2368 1631 ejus
2397 1565 2462 1629 η,
2500 1582 2519 1615 ι
2545 1563 2688 1633 quod
2715 1563 2934 1634 impium
2963 1573 3089 1634 post
3120 1574 3355 1617 mortem
3381 1562 3652 1629 adulatores,
3670 1566 3727 1634 qui

2252 1668 2375 1708 eum
2407 1653 2626 1709 adulare
2653 1653 2917 1719 solebant,
2948 1671 3059 1709 non
3092 1654 3409 1710 laudabunt.
3438 1653 3594 1713 ιοσιιε,
3631 1670 3731 1711 mens

2188 1748 2237 1812 Β
2263 1745 2516 1812 hominis,
2553 1755 2613 1800 ut
2660 1745 2714 1799 in
2744 1743 2873 1801 Job:
2914 1750 2931 1767 ‘
2976 1765 2994 1797 ι
3032 1746 3173 1812 Quis
3220 1754 3304 1801 est
3352 1746 3491 1801 locus
3517 1745 3732 1817 intelligen-

2254 1837 2344 1893 tiae
2378 1838 2462 1892 “?
2496 1858 2515 1891 ›
2550 1838 2691 1908 quod
2722 1838 2776 1892 in
2807 1846 2986 1893 mente
3032 1838 3275 1895 hominis
3310 1837 3616 1909 intelligentia
3634 1840 3731 1906 quie-

2255 1930 2376 1985 scit.
2434 1929 2625 1995 Locus,
2678 1930 2953 2002 superbia,
3003 1941 3067 1987 ut
3114 1931 3171 1985 in
3220 1929 3397 1987 Job:‘
3453 1951 3468 1982 ι
3500 1930 3732 1986 Convertere

2255 2022 2448 2093 impios
2472 2022 2536 2076 de
2566 2021 2687 2076 loco
2717 2037 2814 2076 suo
2843 2021 2913 2088 ³³,
2957 2042 2976 2075 ι
3012 2022 3069 2077 id
3095 2030 3202 2087 est,
3234 2022 3441 2076 destrue
3469 2020 3670 2090 superbos
3694 2022 3728 2075 in

2255 2114 2370 2185 ipsa
2398 2113 2648 2183 superbia
2692 2128 2898 2169 eorum.
2925 2112 3119 2181 Locus,
3160 2115 3325 2168 corda
3360 2113 3669 2182 justorum,ut
3695 2113 3728 2165 in

2256 2207 2567 2263 Ezechiele:
2627 2210 2644 2230 '
2696 2225 2715 2258 σ
2754 2205 3040 2261 Benedicta
3093 2206 3267 2279 gloria
3330 2204 3523 2260 Domini
3571 2203 3621 2257 de
3654 2203 3726 2257 loco

2257 2314 2355 2355 suo
2379 2299 2448 2365 “,
2486 2318 2506 2352 ι
2539 2299 2793 2369 quoniam
2843 2298 2909 2354 de
2936 2299 3200 2354 cordibus
3220 2296 3495 2363 iustorum,
3532 2294 3576 2348 in
3598 2293 3725 2362 quibus

2258 2389 2504 2459 quiescit,
2533 2389 2777 2458 procedit
2803 2387 2921 2444 laus
2945 2387 3083 2458 ejus.
3112 2386 3308 2451 Locus,
3333 2385 3622 2443 conversatio
3639 2398 3718 2437 san-

2257 2487 2363 2546 cta,
2392 2487 2452 2534 ut
2497 2479 2550 2534 in
2580 2478 2732 2549 lege:
2772 2498 2789 2531 ι
2824 2478 2883 2534 In
2914 2478 3031 2535 loco
3065 2494 3168 2534 suo
3193 2486 3439 2535 vescetur
3460 2476 3519 2529 iis
3550 2472 3725 2529 carnibus

2257 2570 2329 2638 ",
2364 2591 2383 2624 ι
2414 2571 2557 2641 quod
2587 2571 2680 2641 qui
2725 2570 2777 2625 in
2811 2579 2995 2627 sancta
3026 2578 3160 2625 sunt
3197 2566 3587 2631 conversatione,
3609 2564 3722 2620 divina

2259 2670 2384 2719 sunt
2433 2662 2581 2734 digni
2630 2670 2863 2718 tractare
2908 2670 3276 2718 sacramenta.
3326 2658 3503 2723 Locus,
3545 2655 3725 2711 sanctitas

2256 2753 2399 2816 vitae,
2430 2761 2489 2808 ut
2514 2753 2567 2807 in
2588 2751 2836 2816 Psalmis,
2874 2771 2892 2804 ι
2931 2752 3117 2809 Donec
3145 2751 3412 2806 inveniam
3439 2747 3586 2803 locum
3602 2744 3718 2799 Domi-

2258 2860 2346 2907 no,
2390 2863 2409 2896 i
2457 2844 2510 2899 id
2558 2852 2664 2911 est,
2718 2845 2886 2900 donec
2918 2844 2972 2899 in
3002 2852 3221 2899 tantum
3251 2841 3579 2897 sanetilicetur
3596 2836 3715 2891 animi

2258 2951 2401 3002 mea,
2430 2943 2491 2989 ut
2539 2935 2682 2991 Deus
2724 2934 2780 2989 in
2828 2951 2890 2991 ea
2942 2934 3289 3005 requiescere
3327 2931 3562 3003 dignetur.
3598 2924 3721 2987 Lotus,

2258 3028 2433 3098 patria
2455 3026 2709 3092 caelestis,
2738 3038 2798 3082 ut
2825 3028 2877 3082 in
2910 3026 3176 3084 Psalmis:
3213 3045 3233 3078 ι
3272 3024 3511 3081 Transibo
3534 3021 3577 3074 in
3604 3017 3719 3075 10mm

584 3111 911 3217 Evangelio:
965 3166 984 3200 ι
1024 3111 1315 3220 Discipuli-s—
1325 3111 1975 3213 5.1.3.5inmunis,
1998 3111 2158 3203 Jesus
2183 3112 2231 3177 G
2262 3124 2591 3220 ιδδθΐηίιουη
2614 3124 2973 3220 ,θάπιίνεδίίξε
3016 3124 3088 3192 ’⁸ο
3111 3145 3147 3220 ,³
3183 3124 3236 3180 id
3283 3130 3394 3187 es"
3418 3111 3721 3220 Ρθτιίηθῖηἶδ

582 3237 761 3292 stabat
789 3238 845 3292 in
879 3238 1062 3295 littore
1088 3240 1155 3308 ¹⁰,
1190 3260 1207 3292 ι
1239 3241 1383 3312 quod
1406 3240 1510 3296 illis
1540 3239 1783 3297 mortalis
1800 3239 1927 3295 vitae
1949 3239 2161 3295 fructus

589 3327 944 3386 tolerantibus
982 3331 1095 3403 ipse
1136 3332 1248 3403 jam
1270 3333 1340 3390 ad
1368 3332 1792 3390 immortalitatis
1831 3331 2159 3389 soliditatem

585 3427 925 3488 pervenerat.

658 3506 854 3580 Lippus
896 3518 981 3567 est
1023 3510 1195 3584 caligo
1242 3494 1476 3581 mentis,”
1508 3520 1570 3570 ut
1598 3514 1653 3570 in
1705 3511 1979 3568 Levitico:
2040 3530 2060 3563 ι
2098 3511 2159 3567 Si

584 3595 781 3668 lippus,
810 3599 858 3654 si
879 3600 1070 3674 gibbus
1095 3602 1162 3669 υ,
1197 3623 1217 3657 ι
1246 3604 1300 3659 id
1322 3612 1425 3670 est,
1457 3605 1505 3660 si
1535 3588 1892 3677 occupatione
1912 3602 2160 3660 saeculari

583 3703 820 3760 pressus,
852 3691 898 3749 si
926 3691 981 3747 in
1012 3700 1191 3749 mente
1216 3694 1561 3767 caliginosus.

652 3780 809 3838 Liber
834 3792 917 3841 est
944 3786 1227 3855 praesentia
1257 3785 1374 3853 Dei,
1415 3787 1553 3842 utin
1579 3786 1842 3843 Psalmis:
1881 3806 1900 3838 ι
1931 3785 2161 3841 Delean—

587 3883 675 3929 tur
702 3873 768 3930 de
794 3874 932 3933 libro
960 3876 1085 3933 vita:
1110 3877 1175 3944 υ,
1212 3896 1231 3929 ι
1255 3877 1311 3933 id
1336 3886 1443 3945 est,
1469 3886 1725 3951 appareat
1753 3893 1849 3936 eos
1881 3893 2159 3948 nunquam

583 3966 749 4023 fuisse
795 3968 1026 4039 scriptos
1070 3970 1125 4026 in
1172 3972 1461 4042 praesentia
1514 3972 1609 4028 Dei
1663 3988 1784 4029 cum
1854 3972 2153 4028 salvandis.

583 4056 753 4128 Liber,
801 4058 1074 4130 Christus,
1123 4071 1184 4119 ut
1236 4064 1291 4118 in
1333 4063 1691 4137 Apocalypsi:
1752 4086 1771 4117 ‹
1804 4064 1968 4122 Liber
2015 4065 2157 4120 alius

582 4157 799 4219 apertus
844 4160 950 4218 est,
996 4153 1088 4224 qui
1129 4162 1216 4210 est
1259 4155 1385 4211 vitae
1416 4155 1479 4221 η,
1517 4176 1536 4209 ι
1570 4158 1713 4227 quod
1743 4154 2011 4222 Christus,
2063 4156 2159 4227 qui

581 4248 665 4295 est
688 4239 796 4297 vita
823 4249 1031 4309 nostra,
1052 4243 1105 4299 in
1128 4243 1332 4313 judicio
1355 4244 1557 4302 Iudaeis
1582 4247 1832 4303 omnibus
1853 4246 2151 4318 apparebit.

583 4331 772 4400 Liber,
816 4334 984 4393 Vetus
1038 4336 1441 4395 Testamentum
1470 4382 1485 4406 ,
1539 4350 1599 4396 ut
1640 4341 1695 4397 in
1743 4341 2100 4413 Apocalypsi:
2135 4344 2153 4363 '

2260 3215 2490 3287 patriam
2527 3215 2827 3281 caelestem,
2857 3214 2947 3270 ubi
2972 3224 3057 3273 est
3089 3218 3283 3272 domus
3311 3228 3412 3268 non
3453 3223 3584 3267 manu
3616 3203 3719 3303 facil.

2261 3318 2461 3365 aeterna
2486 3308 2541 3363 in
2565 3308 2738 3365 ctelis.
2789 3307 2893 3364 Per
2922 3304 3148 3376 Locum,
3192 3303 3548 3365 sollicitudines
3569 3302 3717 3354 mentis:

2313 3408 2655 3457 ut.....

2330 3508 2555 3567 Locusta
2580 3519 2665 3569 est
2690 3511 3036 3579 resurrectio,
3066 3511 3213 3579 ut.in
3240 3506 3491 3566 Psalmis:
3516 3506 3530 3524 ‘
3557 3519 3575 3553 ι
3592 3492 3716 3553 Excel-

2261 3620 2356 3662 sus
2382 3621 2501 3663 sum
2533 3606 2675 3663 sicut
2702 3605 2907 3663 locusta
2936 3605 3007 3671 ",
3043 3625 3063 3659 ι
3100 3605 3155 3660 id
3180 3610 3266 3661 est
3289 3602 3355 3658 de
3381 3604 3529 3654 morte
3546 3588 3650 3646 evasi
3668 3586 3718 3639 ἱι-

2261 3707 2569 3770 corruptus.
2597 3699 2857 3765 Locusta,
2882 3698 3199 3771 gentilitas,
3243 3703 3304 3750 ut
3339 3693 3390 3748 in

2266 3808 2288 3845 ι
2323 3789 2726 3862 lmpugnabitur
2764 3790 2972 3846 locusta
2994 3830 3011 3857 ,
3049 3790 3133 3855 ”,
3164 3788 3363 3867 idest,
3406 3772 3717 3870 sanctiﬁcat“?

2260 3882 2536 3957 gentilitas
2579 3883 2647 3939 ad
2692 3882 2980 3939 Dominum
3027 3866 3308 3938 conversa.
3350 3876 3572 3934 Lm“:

2260 3953 2463 4049 gloria,
2493 3982 2556 4030 ut
2583 3975 2636 4029 in
2666 3974 2896 4031 Psalmis
2921 3989 2939 4029 :
2970 3994 2989 4027 ι
3024 3975 3093 4031 Et
3128 3973 3341 4031 labores
3372 3979 3533 4027 eorum

2259 4046 2564 4139 locusta”,
2598 4084 2616 4117 ι
2654 4064 2707 4120 id
2730 4074 2846 4139 est,
2882 4064 3023 4121 bona
3055 4080 3221 4136 opera
3252 4074 3429 4123 eam
3448 4046 3713 4139 ωηιθῶίὲ

2261 4080 2466 4127 locuSta
2494 4080 2564 4131 ",
2598 4084 2616 4117 ι
2654 4080 2707 4120 ια
2805 4080 2846 4131 ι,
2882 4080 3023 4121 bona
3055 4080 3221 4136 opera
3252 4080 3429 4123 eorum
3448 4080 3709 4113 cumcur-—

2261 4156 2344 4211 nis
2368 4134 2558 4227 gloria.
2584 4155 2686 4210 Per
2704 4080 2934 4211 {justas
2950 4155 3145 4223 Judaei,
3169 4165 3227 4213 ut
3243 4156 3295 4210 in
3314 4144 3565 4219 Evangelio
3583 4159 3594 4193 :
3614 4157 3628 4189 ι

2260 4223 2444 4303 custas
2474 4256 2530 4302 et
2558 4245 2662 4301 mel
2691 4247 2938 4303 silvestre
2981 4250 3175 4304 edebat
3218 4246 3291 4312 ³⁸,
3328 4264 3345 4296 ›
3382 4237 3507 4311 quod
3530 4233 3630 4288 Deus
3650 4223 3711 4277 Si“

2259 4339 2473 4421 Judaeos
2491 4349 2546 4394 et
2565 4339 2766 4396 Gentes
2786 4355 2884 4411 per
2904 4339 3060 4395 ﬁdem
3082 4332 3445 4409 incorporavit.
3466 4327 3550 4385 Per

586 4443 627 4521 «-
643 4423 837 4483 Lector
883 4429 1142 4501 scriptum
1173 4430 1321 4488 intus
1347 4440 1406 4487 et
1448 4404 1581 4487 foris
1612 4433 1681 4495 “,
1714 4453 1733 4487 ι
1769 4404 1823 4488 id
1853 4404 2155 4499 δεηθείης
2178 4459 2231 4521 D
2261 4416 2499 4491 haeretici
2526 4474 2543 4499 ,
2584 4441 2637 4488 ut
2689 4432 2742 4488 in
2780 4404 3103 4505 Apocalypsi
3130 4448 3145 4487 :
3178 4453 3197 4484 ε
3340 4425 3472 4481 fumo
3494 4410 3605 4521 pulsi
3624 4404 3711 4521 ξξῖθ

585 4513 1011 4584 Testamentum,
1045 4522 1329 4578 continens
1360 4522 1414 4576 in
1445 4537 1505 4577 se
1537 4522 1825 4594 mysticum
1852 4536 1907 4577 et
1931 4522 2153 4578 histori-

580 4622 704 4663 cum
755 4624 994 4668 sensum.
1036 4611 1211 4679 Liber,
1260 4613 1628 4686 Evangelium,
1677 4624 1736 4670 ut
1784 4615 1839 4670 in
1891 4614 2156 4689 Apocaly-

580 4706 692 4776 psi:
729 4726 747 4759 ‹
788 4707 1027 4766 Habebat
1054 4710 1111 4765 in
1153 4726 1317 4767 manu
1345 4726 1441 4767 sua
1491 4710 1688 4767 librum
1729 4719 1978 4783 apertum
2028 4712 2097 4778 η,
2130 4731 2151 4766 ι

579 4796 721 4866 quod
751 4796 1097 4871 Evangelium
1127 4817 1282 4857 suum
1334 4800 1585 4858 Christus
1630 4818 1793 4873 opere
1841 4803 2152 4874 complevit.

580 4884 683 4941 Per
712 4886 925 4955 librum,
955 4891 1166 4949 occulta
1194 4892 1453 4960 hominis,
1490 4901 1551 4949 ut
1579 4894 1633 4949 in
1663 4893 1915 4949 Daniele:
1954 4912 1973 4944 ‹
2006 4893 2157 4949 Judi-

580 4976 722 5033 cium
752 4980 909 5047 sedit,
939 4990 996 5037 et
1035 4982 1157 5039 libri
1188 4984 1360 5055 aperti
1388 4994 1515 5042 sunt
1545 4985 1609 5052 ¹⁶,
1642 5006 1661 5038 i
1693 4986 1836 5057 quod
1868 4985 1922 5041 in
1947 4984 2155 5056 judicio

580 5068 771 5126 ultimo
797 5072 1082 5131 manifesta
1101 5086 1260 5132 erant
1288 5077 1601 5134 abscondita
1625 5078 1806 5135 cordis
1834 5077 2024 5133 nostri.

649 5160 821 5261 Locus
871 5174 956 5223 est
993 5167 1265 5237 Christus,
1290 5178 1352 5225 ut
1397 5171 1452 5227 in
1495 5170 1849 5243 Apocalypsi:
1907 5188 1925 5222 ι
1962 5168 2155 5226 Mulier

3618 5302 3633 5335 ν

653 5346 670 5376 ί
708 5345 1112 5421 Ειθοὶτεζχιλᾷ.
1148 5349 1217 5421 ’,Ι
1253 5349 1489 5421 Reg._v,
1516 5349 1630 5421 4.)
1654 5349 1758 5405 lsa.
1790 5365 1921 5421 ml,
1955 5346 2153 5421 5.__‘_D

2194 5361 2267 5411 ut.
2297 5360 2436 5421 χιιι,
2472 5343 2580 5421 l_l_._
2608 5342 2630 5373 '
2659 5341 2819 5421 Prov.
2856 5357 3009 5421 xxAxht,
3030 5341 3135 5421 ἦξε
3168 5308 3598 5421 ’.ιοὺέξξνξάξν,,⁵ί

581 5390 1220 5508 βςςξῆξῇξῗῖίἷὲιιιῇ
1245 5390 1489 5508 ἐξῇιέ
1510 5390 2050 5508 satura:
2062 5390 2153 5508 38:

2194 5390 2457 5475 HR";-
2479 5390 2533 5444 ῃ
2546 5390 2888 5476 *[ιθνῖίονιάιῖ
3029 5390 3072 5444 ¹ί
3086 5390 3233 5471 PSal:
3252 5390 3425 5464 Im".
3443 5390 3566 5508 29'1"
3579 5390 3689 5492 3W:

2194 5486 2374 5508 μιν..-
2424 5500 2497 5508 ..--
2568 5482 2600 5508 Ω
2656 5483 2698 5508 ta
2734 5482 2853 5508 0..-]
2903 5498 2971 5508 ..--
3029 5482 3092 5508 In
3147 5483 3193 5508 to
3219 5480 3304 5508 In}.
3343 5478 3496 5508 «τιτιη.
3549 5492 3559 5505 ι
3654 5501 3673 5508 Δ

1500 5529 1514 5543 .
1543 5506 1601 5553 ι,
1627 5490 1662 5546 2
1690 5491 1734 5523 ¹⁶
1753 5478 2115 5577 ungunta;
2146 5557 2153 5577 1

2194 5486 2394 5557 'Apoc.
2424 5500 2518 5544 xu,
2568 5482 2621 5537 6.
2656 5483 2698 5513 ⁸⁸
2733 5482 2873 5537 Psal.
2901 5498 2991 5537 cu.
3028 5482 3113 5538 l6.
3147 5483 3193 5514 ¹⁹
3212 5480 3304 5536 Job
3343 5478 3496 5527 xxvtn,
3523 5478 3559 5508 1-

2206 5572 2275 5577 —-
2341 5557 2371 5577 "
2425 5554 2472 5577 ἰ
2510 5553 2677 5577 η-ηι-
2733 5569 2790 5577 ---
2850 5552 2913 5577 ια
2966 5553 3011 5577 ιι
3043 5554 3059 5577 Ι
3086 5569 3147 5577 -..
3189 5567 3257 5577 -...
3304 5545 3332 5577 κ
3374 5538 3412 5571 at
3436 5525 3544 5577 ρςειι,

895 5533 1079 5615 “'35s
1317 5533 1715 5626 ’i-So’b'xa'vi-u,
2067 5533 2179 5612 vJ'ob
2731 5533 3011 5626 itii—12:"
3035 5533 3164 5609 Dev.
3189 5533 3285 5626 vit,
3304 5533 3544 5626 6.."'n‘_’gl°

581 5612 795 5697 f‘psét.
826 5612 1071 5693 cxcvitt,
1234 5612 1299 5665 ’ίε
1322 5612 1501 5688 Esaia.
1524 5612 1715 5697 211,31
1750 5612 1974 5686 ἱῖῬὲεὶ.
2002 5643 2153 5686 mm

2201 5667 2218 5697 ,
2243 5612 2336 5683 46.
2381 5624 2424 5658 ³⁰
2451 5624 2613 5681 Marc.
2659 5640 2711 5689 ι,
2749 5612 2809 5679 6.’
2834 5622 2877 5655 ³¹
2926 5624 3092 5694 Apoc.
3123 5640 3213 5690 lx,
3256 5612 3304 5672 3.
3343 5612 3381 5645 ⁸¹

582 5500 673 5549 xx,
702 5486 795 5559 i2.
818 5489 860 5520 “
895 5489 1063 5559 Apoc.
1101 5506 1155 5555 ν,
1186 5490 1238 5543 l.
1275 5491 1319 5523 “
1347 5492 1386 5544 A

584 5693 629 5727 ⁸⁸
650 5691 752 5752 Joh
779 5712 978 5767 χχιιι,
1003 5691 1096 5755 23.

2256 4533 2384 4580 runt
2406 4524 2625 4580 locusta:
2651 4523 2705 4579 in
2730 4524 2749 4544 ⁶
2776 4531 2918 4579 terra
2942 4524 3008 4593 ³³,
3043 4543 3063 4576 ι
3094 4524 3235 4594 quod
3254 4522 3317 4577 de
3346 4507 3612 4605 οδεωιξωξε
3628 4508 3705 4605 ig:

2255 4617 2405 4673 fundi
2435 4616 2639 4672 erroris
2668 4583 3049 4688 processerunt
3084 4583 3321 4672 haeretici
3348 4610 3395 4664 in
3420 4594 3625 4661 Βαιθώ-
3646 4583 3708 4688 [ἴε

2258 4707 2487 4763 locustas
2518 4676 2849 4775 adulatores,
2876 4716 2937 4762 ut
2964 4708 3019 4763 in
3040 4706 3260 4765 Exodo:
3293 4722 3311 4755 ι
3344 4699 3515 4786 Veni“?
3531 4676 3703 4786 “fuit.

2257 4799 2403 4855 vavit
2420 4799 2654 4856 locustas
2675 4799 2738 4863 ³¹,
2762 4818 2781 4853 ι
2808 4766 2952 4872 quod
2972 4799 3147 4855 hostis
3169 4806 3397 4855 terrenus
3413 4766 3700 4872 excitavit

2260 4892 2481 4950 latores.
2504 4891 2606 4947 Per
2625 4858 2854 4947 locusta;
2875 4891 3272 4963 praedicatores,
3300 4896 3354 4942 ut
3376 4884 3423 4938 in
3446 4875 3559 4934 Job:

2259 4986 2387 5056 quid
2429 4983 2713 5040 suscitabit
2735 4998 2857 5038 eum
2875 4956 3049 5054 quasi
3091 4976 3356 5041 locustas?
3382 4972 3421 5005 ³³
3446 4988 3463 5023 ι

2266 5049 2530 5133 dicatores
2570 5072 2742 5130 sancti
2785 5049 2944 5129 modo
2971 5072 3172 5131 saliunt
3197 5072 3263 5128 ad
3297 5049 3695 5127 οοηωωνλειίοιωι

2260 5166 2421 5222 modo
2450 5166 2674 5221 redeunt
2702 5162 2770 5218 ad
2795 5163 3084 5219 actionem.

3565 5528 3638 5573 xu.
3653 5501 3686 5573 ξ*

3404 5571 3544 5663 an
3566 5571 3615 5649 ι,
3630 5571 3687 5633 ἐει
